4258 6194
383 365 484 421 ιτδ

1800 359 2170 416 EPIS’IOLE.

3498 360 3602 415 ΓΗ

382 478 756 538 honorabiles:
782 477 851 533 sit
896 476 1058 532 totius
1103 476 1224 532 vita:
1273 475 1607 532 conversatio
1635 473 1934 545 exemplum
1964 481 2010 536 Α
2038 473 2159 545 ἳο);
2188 474 2283 530 sed
2324 472 2554 543 majores
2593 483 2716 530 sunt
2751 475 3139 531 consolationes
3163 473 3382 532 Christi.
3413 478 3468 533 In
3494 493 3602 550 quo

384 575 436 629 in
464 573 606 627 omni
643 572 881 627 bonitate
906 570 1043 634 aliis,
1073 578 1132 624 ut
1170 569 1398 639 dignitas
1420 583 1658 637 persona:
1689 577 1794 622 tua:
1822 568 1934 620 lau-

383 663 540 717 detur
579 661 646 714 ab
678 658 943 721 omnibus,
977 667 1185 711 ametur
1228 673 1259 710 a
1302 651 1542 726 pluribus
1567 698 1581 719 ,
1621 664 1674 711 et
1717 672 1813 726 per
1842 653 1938 726 (te)

385 754 481 808 Dei
523 767 714 806 nomen
761 749 1104 822 gloriaretur,
1139 749 1251 818 ipsa
1293 748 1503 802 dicente
1544 747 1780 804 Veritate
1808 763 1821 796 :
1849 745 1939 800 Sic

383 844 550 897 luceat
591 841 682 896 tua:
713 843 880 895 ces'tra
912 856 1087 893 coram
1111 839 1420 900 hominibus,
1455 846 1510 890 ut
1540 837 1743 890 videant
1785 851 1940 905 opera

382 944 547 988 restra
572 934 723 997 bona,
748 941 795 985 et
817 929 1101 1002 glorificent
1129 928 1334 982 Patrem
1356 937 1576 980 vestrum
1606 928 1694 998 qui
1717 927 1772 980 in
1802 926 1938 980 cretis

383 1032 456 1077 est
490 1011 701 1094 (Matth.
735 1035 789 1084 v,
817 1018 922 1090 16).
950 1017 1196 1088 Magnum
1229 1017 1485 1070 habemus
1513 1014 1744 1079 Patrem,
1772 1015 1939 1068 Deum

383 1113 586 1168 scilicet
624 1111 1060 1179 omnipotentem.
1125 1105 1293 1173 Quam
1339 1100 1530 1160 nobilis
1573 1105 1626 1159 in
1680 1103 1938 1166 moribus,

382 1222 541 1275 quam
596 1203 866 1257 modestus
908 1201 961 1254 in
999 1199 1192 1263 verbis,
1223 1208 1392 1265 quam
1437 1204 1616 1251 castus
1654 1195 1705 1248 in
1744 1195 1937 1257 corde,

381 1313 539 1367 quam
578 1295 880 1350 misericors
904 1291 1151 1346 omnibus
1177 1289 1332 1343 debet
1358 1302 1477 1342 esse
1503 1285 1642 1340 illius
1674 1285 1798 1349 Dei,
1826 1286 1940 1354 ipso
1971 1285 1976 1290 ’

379 1387 719 1460 prmcipiente
741 1403 754 1438 :
781 1383 958 1437 Estote
983 1378 1358 1439 misericordes,
1381 1378 1510 1432 sicut
1533 1384 1579 1427 et
1604 1373 1763 1426 Pater
1784 1382 1941 1425 vester

379 1477 594 1534 calestis
637 1475 927 1528 misericors
954 1480 1025 1524 est
1059 1469 1207 1541 (Luc.
1234 1483 1309 1530 vx,
1342 1465 1452 1536 56).
1477 1464 1749 1520 Imitemur
1772 1477 1940 1530 quan—

380 1579 494 1624 tum
521 1566 815 1639 poterimus
842 1563 979 1617 illius
1005 1560 1315 1622 bonitatem,
1338 1565 1396 1610 ut
1425 1564 1681 1610 aeternam
1711 1554 1938 1608 beatitu-

377 1659 557 1712 dinem
585 1665 706 1709 cum
735 1653 823 1707 illo
849 1652 1044 1706 habere
1073 1663 1374 1704 mereamur
1399 1665 1412 1700 :
1438 1647 1512 1700 ait
1542 1646 1684 1700 enim
1712 1659 1815 1698 non
1857 1660 1940 1698 so»

2035 564 2191 618 debet
2214 564 2373 618 homo
2397 565 2669 619 surcularis
2705 565 2912 619 miserm
2931 574 3122 620 eventu
3152 567 3480 634 contristari,
3507 569 3600 640 qui

2026 651 2236 707 fontem
2261 653 2427 707 totius
2454 653 2851 717 consolationis,
2882 653 2934 707 id
2961 663 3062 718 est,
3088 654 3359 710 Christum
3395 657 3601 712 habita-

2036 754 2208 800 torem
2248 744 2482 815 possidet
2526 744 2578 797 in
2612 745 2861 813 pectore?
2899 745 3010 800 lmo
3053 746 3222 817 magis
3261 747 3598 816 gaudendum

2036 845 2120 892 est
2158 837 2213 890 in
2241 825 2673 890 tribulationibus
2700 843 2915 904 propter
2945 851 3092 906 spem
3136 846 3348 892 arternze
3371 827 3598 895 beatitu-

2037 926 2196 990 dinis,
2211 926 2420 980 dicente
2438 925 2688 994 Apostolo
2705 944 2717 977 :
2737 925 2839 978 Per
2858 925 3047 980 multas
3069 927 3426 981 tribulationes
3448 945 3600 998 opor-

2037 1027 2107 1071 tet
2137 1035 2229 1073 nos
2258 1019 2453 1072 intrare
2487 1019 2542 1070 in
2587 1034 2799 1088 regnum
2844 1017 2938 1072 Dei
2965 1017 3098 1090 (Act.
3129 1035 3239 1082 xlv,
3270 1019 3380 1090 2i).
3419 1020 3552 1076 Item
3581 1039 3594 1075 :

2039 1107 2296 1177 Flagellat
2328 1106 2463 1160 Deus
2489 1123 2688 1160 omnem
2709 1106 2876 1175 [ilium
2904 1124 3054 1177 quem
3078 1109 3252 1178 recipit
3282 1107 3469 1180 (Hebr.
3497 1125 3595 1172 xu,

2039 1196 2113 1267 6).
2148 1196 2278 1250 Item
2307 1198 2370 1250 de
2400 1195 2650 1265 apostolis
2675 1194 2867 1264 legitur
2891 1213 2904 1249 τ
2931 1193 3085 1248 Ibant
3113 1205 3282 1250 autem
3312 1196 3594 1266 gaudentes

2039 1287 2255 1358 apostoli
2303 1305 2334 1340 a
2379 1296 2648 1356 conspectu
2700 1285 2922 1350 concilii,
2959 1288 3204 1356 quoniam
3246 1287 3391 1358 digni
3433 1284 3598 1342 habiti

2037 1385 2155 1430 sunt
2184 1393 2276 1445 pro
2303 1377 2506 1429 nomine
2531 1376 2659 1430 Jesu
2688 1375 3053 1430 contumeliam
3090 1378 3196 1446 pati
3221 1375 3357 1448 (Act.
3388 1393 3446 1444 ν,
3483 1377 3600 1450 41)..

2039 1464 2188 1519 Sciat
2227 1465 2441 1520 dilectio
2482 1473 2571 1519 tua
2595 1460 2718 1534 quia
2750 1464 2890 1520 lilius
2917 1475 3038 1520 tuus
3065 1467 3319 1536 spiritalis
3346 1468 3599 1528 Dominus

2036 1555 2192 1611 Jesus
2236 1572 2341 1611 non
2389 1563 2474 1610 est
2518 1557 2788 1621 mortalis;
2835 1558 2987 1622 vivit,
3011 1560 3162 1622 vivit,
3190 1567 3244 1614 et
3289 1559 3344 1614 in
3379 1559 3598 1613 dextera

2031 1633 2132 1700 Dei
2175 1645 2350 1700 Patris
2383 1645 2513 1700 vivit
2553 1654 2606 1700 et
2641 1654 2845 1716 regnat.
2888 1645 3009 1700 Ideo
3042 1647 3108 1700 de
3143 1647 3342 1701 carnali
3384 1647 3477 1702 lilii
3520 1649 3598 1702 tui

379 1744 490 1798 lum
531 1741 802 1811 apostolis,
836 1741 929 1795 sed
970 1740 1130 1792 etiam
1169 1746 1223 1792 et
1252 1737 1438 1791 nobis:
1470 1734 1772 1805 Exeruplum
1799 1736 1935 1789 enim
2037 1743 2209 1789 morte
2233 1750 2338 1789 non
2361 1735 2725 1799 contristeris;
2759 1735 2865 1789 imo
2894 1737 3064 1806 magis
3095 1751 3193 1790 nec
3218 1737 3282 1792 de
3311 1737 3388 1791 tui
3415 1753 3600 1808 corpo-

376 1833 498 1887 dedi
525 1832 684 1894 vobis,
706 1839 761 1883 ut
788 1828 1220 1900 quemadmodum
1243 1845 1333 1896 ego
1364 1827 1463 1894 feci
1493 1826 1649 1889 vobis,
1675 1827 1748 1878 ita
1775 1835 1820 1878 et
1851 1843 1934 1879 ros
1970 1811 2012 1872 Β
2039 1827 2256 1882 risabso
2271 1825 2386 1898 (sic)
2412 1826 2728 1880 :sedlabora
2745 1826 2988 1881 omnibus
2999 1826 3209 1880 horiset
3223 1829 3523 1890 momentis,
3541 1838 3600 1882 nt

379 1925 584 1978 "aciatis
616 1923 792 1994 (Joan.
826 1937 940 1983 xui,
976 1920 1081 1990 15).
1129 1919 1257 1973 Item
1283 1933 1297 1971 :
1323 1917 1424 1983 Qui
1456 1919 1686 1988 sequitur
1726 1934 1806 1969 nte
1835 1934 1938 1970 non
2037 1919 2216 1972 anima
2261 1917 2488 1973 feliciter
2514 1918 2805 1972 vivaLeum
2831 1917 3075 1984 Christo,
3104 1927 3159 1973 et
3187 1918 3240 1972 in
3269 1934 3415 1989 spem
3443 1920 3599 1974 boni-

375 2012 606 2068 ambulat
650 2014 702 2066 in
748 2011 1000 2073 tenebris,
1031 2009 1122 2062 sed
1159 2008 1360 2061 habebit
1400 2006 1572 2060 lumen
1607 2007 1723 2060 vita:
1754 2006 1932 2075 (Joan.
2038 2010 2162 2064 tatis
2190 2009 2331 2063 illius
2358 2008 2656 2073 consolare,
2685 2009 2806 2078 quia
2842 2008 3031 2062 multa:
3078 2009 3450 2065 miserationes
3479 2011 3593 2066 Dei.

374 2113 503 2168 vui,
541 2103 645 2176 l2).
700 2101 836 2168 Quid
885 2099 1123 2168 superbit
1169 2101 1328 2153 homo
1376 2099 1429 2151 in
1474 2097 1653 2152 smculi
1702 2097 1937 2151 divitiis?
2036 2101 2109 2154 Te
2134 2116 2262 2154 vero
2287 2101 2628 2177 superstitem
2657 2100 2999 2169 reliquitﬁlio
3023 2101 3247 2164 carnali,
3275 2110 3334 2155 ut
3362 2113 3456 2172 per
3482 2110 3599 2155 tuas

374 2197 610 2250 Christus
632 2211 828 2264 pauper
848 2194 1017 2262 factus
1051 2201 1124 2248 est
1150 2208 1242 2263 pro
1268 2192 1410 2245 nobis
1442 2189 1525 2262 (II
1559 2190 1678 2243 Cor.
1708 2207 1823 2253 vm,
1857 2191 1934 2261 9),
2035 2192 2444 2247 intercessiones
2500 2199 2555 2246 et
2610 2193 2976 2260 eieemosynas
3024 2193 3343 2246 misereatur
3392 2202 3446 2247 et
3499 2193 3594 2249 illi.

371 2297 430 2340 ut
454 2302 550 2355 per
584 2286 724 2339 illius
748 2287 1132 2354 paupertatem,
1164 2299 1324 2352 quam
1348 2297 1444 2351 pro
1470 2281 1624 2336 nobis
1651 2281 1854 2350 accepit
1883 2282 1936 2335 in
2033 2283 2193 2337 Forte
2228 2283 2280 2338 in
2308 2285 2544 2352 peccatis
2574 2283 2684 2337 suis
2731 2291 2974 2340 mortuus
3019 2291 3130 2347 est,
3159 2285 3251 2338 sed
3292 2285 3345 2338 in
3391 2284 3598 2338 miseri-

373 2390 541 2445 terra,
570 2395 669 2434 nos
703 2379 896 2433 divites
935 2393 1173 2433 essemus
1218 2379 1270 2431 in
1310 2377 1464 2431 caelo.
1511 2376 1627 2430 Cito
1664 2377 1805 2430 enim
1833 2394 1933 2446 pu-
2033 2361 2211 2428 cordia
2241 2382 2415 2442 potest
2458 2373 2571 2428 lleri
2603 2382 2659 2427 ut
2688 2375 2830 2426 vivat
2857 2374 3055 2428 divina.
3084 2373 3216 2428 Nam
3239 2374 3396 2440 latro,
3425 2375 3513 2443 qui
3543 2375 3596 2428 in

371 2468 558 2522 trescit
593 2483 718 2522 caro
745 2468 798 2521 in
833 2475 997 2532 terra,
1023 2482 1181 2535 quam
1212 2474 1357 2520 tanta
1383 2464 1657 2537 diligentia
1681 2481 1934 2520 omamus
2032 2464 2232 2518 scelere
2269 2479 2366 2519 suo
2394 2480 2682 2533 suspensus
2709 2472 2792 2519 est
2815 2479 2936 2518 cum
2973 2463 3205 2529 Christo,
3239 2464 3331 2519 sed
3359 2465 3410 2518 in
3440 2463 3597 2519 misce

370 2559 422 2612 in
447 2558 671 2612 deliciis.
693 2557 912 2626 Insuper
930 2565 985 2610 et
1003 2558 1067 2610 de
1087 2555 1330 2626 sepulcro
1349 2556 1644 2628 cogitamus
1663 2558 1927 2620 ornando;
2031 2556 2257 2610 ricordia
2285 2555 2517 2610 salvatus
2546 2564 2630 2609 est
2655 2554 2874 2609 Christi.
2909 2554 3025 2609 Noli
3057 2555 3236 2626 lugere
3263 2571 3406 2619 eum,
3437 2541 3602 2624 queui

367 2647 578 2700 vanitas
601 2647 713 2700 hac
738 2646 1030 2698 vanitatum
1061 2653 1160 2698 est.
1191 2645 1373 2698 Melius
1396 2654 1475 2699 est
1499 2645 1582 2700 his
1607 2646 1796 2713 opibus
1819 2645 1933 2697 ani-
2032 2663 2282 2704 revocare
2328 2663 2432 2702 non
2479 2647 2707 2718 poteris;
2751 2655 2807 2701 et
2840 2648 2884 2701 si
2915 2647 3009 2701 Dei
3045 2656 3126 2702 est
3146 2689 3159 2710 ,
3187 2663 3291 2702 non
3326 2647 3469 2700 illum
3499 2648 3594 2701 do-
3651 2647 3654 2650 ⁴

368 2751 513 2788 mam
547 2736 763 2798 vestire,
791 2748 951 2802 quam
986 2734 1295 2800 spurcitiam
1330 2735 1505 2786 carnis
1535 2749 1749 2787 ornare.
1779 2735 1932 2788 Chri-
2029 2740 2139 2794 leas
2185 2741 2458 2802 amissum,
2481 2741 2574 2793 sed
2614 2739 2708 2794 tibi
2748 2739 2802 2792 in
2832 2739 3070 2808 requiem
3099 2739 3327 2809 gaudeas
3351 2739 3594 2807 przemis-

367 2833 485 2879 stus
533 2825 768 2892 sepultus
810 2833 892 2878 est
930 2824 981 2878 in
1027 2823 1297 2894 spelunca,
1335 2839 1438 2878 non
1468 2825 1521 2877 in
1553 2825 1764 2892 templo.
1817 2824 1930 2878 Iloc
2028 2846 2165 2884 sum.
2192 2831 2247 2883 Si
2271 2830 2376 2883 duo
2397 2837 2519 2883 sunt
2539 2830 2715 2892 amici,
2741 2828 2946 2882 felicior
2969 2837 3052 2882 est
3076 2844 3220 2881 mors
3244 2828 3596 2895 praecedentis

367 2917 489 2972 ideo
517 2917 658 2980 dico,
683 2914 804 2985 quia
835 2917 994 2986 aliqui
1022 2917 1260 2972 viventes
1287 2932 1437 2972 suam
1471 2917 1640 2972 solent
1665 2917 1930 2972 fabricare
2027 2936 2184 2991 quam
2217 2919 2617 2988 subsequentis,
2649 2918 2810 2972 habet
2839 2918 3001 2981 enim,
3021 2917 3112 2988 qui
3143 2916 3383 2970 fraterno
3412 2930 3597 2971 amore

365 3010 716 3080 sepulturam.
770 3009 904 3076 Quid
938 3010 1094 3072 mihi,
1127 3011 1216 3064 ubi
1242 3011 1408 3065 vermi
1456 3019 1728 3080 putrescat
1773 3013 1929 3067 esca?
2025 3027 2123 3084 pro
2145 3029 2200 3068 se
2225 3011 2461 3082 quotidie
2488 3010 2802 3075 intercedat,
2826 3017 2880 3064 et
2907 3008 3159 3078 Iacrymis
3183 3007 3328 3061 lavat
3353 3008 3592 3077 pristina:

365 3099 597 3152 Tantum
626 3104 684 3150 ut
721 3099 899 3152 anima
931 3099 1166 3167 requiem
1212 3100 1435 3164 habeat,
1467 3102 1782 3155 studendum
1823 3112 1924 3167 est,
1955 3145 1998 3172 τ.
2032 3120 2244 3161 errores
2267 3104 2404 3158 vitm.
2435 3102 2543 3160 Nec
2573 3102 2780 3157 dubites
2805 3101 3057 3172 prodesse
3085 3099 3186 3169 pia:
3221 3099 3595 3155 sollicitudinis

375 3145 597 3152 -_---__
630 3145 684 3150 _-
722 3145 899 3152 _------_
931 3145 1166 3167 --Ἰ-----
1212 3145 1435 3164 --_--_-,
1467 3145 1782 3155 ---...ν-........
1824 3145 1924 3167 νη,
2032 3145 2244 3161 suum.
2276 3145 2404 3158 ...μμ
2436 3145 2543 3160 ..νυ
2574 3145 2779 3157 suum
2809 3145 3057 3172 ...ναν-νυ
3086 3145 3186 3169 ν...
3222 3145 3594 3155 --παπ-ω.-.-

365 3198 421 3242 ut
450 3187 541 3241 illa
567 3186 709 3241 vivat
738 3187 983 3252 feliciter,
1015 3201 1132 3256 quae
1176 3188 1310 3241 mori
1352 3203 1454 3242 non
1500 3197 1692 3258 potest.
1741 3191 1928 3245 Veniet
1955 3145 2000 3204 Ο
2031 3210 2231 3256 curam,
2271 3209 2431 3262 quam
2456 3208 2551 3263 pro
2580 3191 2756 3245 anima
2787 3190 2925 3244 illius
2949 3190 3108 3260 geris.
3142 3188 3258 3244 Tibi
3288 3187 3513 3259 prolicit,
3540 3195 3595 3243 et

364 3279 508 3332 enim
533 3286 760 3348 tempus,
783 3278 994 3347 quando
1021 3277 1352 3348 corruptibile
1373 3279 1467 3332 hoc
1492 3279 1734 3332 induetur
1760 3280 1930 3333 incor-

367 3372 654 3441 ruptionem
686 3370 736 3442 (Ι
768 3370 887 3423 Cor.
921 3386 1010 3434 xv,
1041 3370 1128 3440 55)
1153 3410 1166 3432 ,
1195 3378 1248 3422 et
1291 3379 1525 3424 resumet
1572 3372 1746 3424 anima
1790 3371 1930 3440 quod

365 3462 584 3530 reliquit
617 3461 671 3514 in
700 3470 860 3515 terra.
903 3461 1052 3515 Tunc
1095 3461 1253 3514 homo
1282 3461 1484 3528 pariter
1511 3463 1686 3515 anima
1727 3472 1780 3516 et
1806 3479 1927 3518 cor-

365 3563 495 3619 pore
512 3551 753 3619 regnabit
766 3565 888 3603 cum
907 3549 1141 3613 Christo,
1157 3549 1245 3618 qui
1265 3551 1362 3603 hoc
1387 3552 1547 3604 totius
1569 3551 1771 3621 [Forte,
1790 3569 1930 3607 nunc

365 3638 532 3712 totus]
562 3642 737 3695 anima
765 3648 816 3695 et
846 3655 1088 3710 corpore,
1117 3641 1382 3695 serviebat
1407 3641 1642 3694 Christo.
1693 3690 1695 3692 .

778 3757 937 3827 212
974 3769 998 3797 ι
1032 3753 1359 3811 EPISTOLA
1410 3755 1512 3812 cc.

893 3844 960 3881 AD
999 3842 1391 3882 EDILTURUDAI.

648 3915 960 3969 Consolatur
992 3927 1208 3970 matrem
1235 3917 1299 3970 de
1338 3925 1499 3971 morte
1527 3903 1627 3984 ﬁlii

438 4005 802 4060 Dilectissimae
824 4006 875 4059 in
901 4005 1115 4061 Christo
1135 4008 1290 4061 matri
1319 4008 1346 4047 δ
1366 4007 1692 4063 ΕιΙίΙιΙιιιιάω
1714 4008 1929 4062 humilis

367 4095 527 4151 levita
558 4095 811 4150 Alcuinus
832 4095 1075 4150 salutem.

437 4185 574 4252 Quia
599 4184 1004 4254 praesentialiter
1038 4192 1270 4239 vestram
1298 4184 1659 4241 dulcissimam
1693 4185 1930 4241 dilectio—

366 4292 512 4338 nem,
537 4275 1013 4345 ob‘longitudinem
1036 4275 1384 4331 habitationis
1405 4285 1618 4340 nostrze,
1642 4277 1929 4330 admonere

369 4378 596 4432 nequeo,
627 4365 746 4417 ideo
787 4365 1084 4420 litterarum
1128 4365 1300 4420 cilicio
1348 4367 1566 4436 implere
1609 4380 1712 4420 non
1754 4381 1924 4429 cesso,

2028 3292 2121 3346 illi.
2155 3290 2272 3344 Tibi
2319 3290 2498 3358 itaque
2522 3329 2535 3351 ,
2575 3303 2694 3357 quae
2723 3287 2776 3340 in
2809 3285 2910 3340 llde
2946 3285 3123 3339 facere
3173 3284 3456 3339 dilectione
3483 3281 3595 3356 [Ita

2028 3381 2156 3436 Cod.
2183 3378 2454 3442 mendose;
2475 3377 2514 3447 f.
2538 3375 2659 3445 leg.,
2683 3375 2808 3444 quia
2835 3375 2886 3428 in
2911 3374 3012 3428 [ide
3040 3374 3173 3428 facis
3193 3383 3247 3430 et
3268 3375 3594 3447 dilectione]:

2029 3474 2123 3538 illi,
2153 3480 2212 3526 ut
2243 3470 2327 3527 vcl
2370 3486 2526 3541 pana
2569 3469 2845 3538 levigetur,
2877 3466 2960 3522 vel
2999 3467 3270 3522 beatitudo
3315 3473 3592 3537 augeatur.

2027 3567 2197 3633 Larga
2229 3573 2390 3619 estet
2431 3561 2811 3617 inaestimabilis
2845 3562 3016 3633 pietas
3040 3562 3247 3616 Domini
3275 3564 3441 3617 nostri
3472 3561 3595 3617 Jesu

2026 3656 2246 3719 Christi,
2276 3655 2364 3725 qui
2393 3654 2497 3707 vult
2545 3671 2720 3708 omnes
2759 3651 2991 3707 homines
3025 3653 3194 3708 salvos
3233 3655 3349 3722 ﬁeri
3379 3653 3432 3725 (1
3461 3653 3592 3708 Tim.

2029 3763 2086 3809 ιι,
2115 3745 2193 3816 ι),
2219 3755 2273 3799 et
2304 3744 2566 3798 neminem
2593 3743 2788 3812 perire.
2824 3739 2961 3806 Noli,
2994 3751 3051 3795 ut
3079 3745 3318 3812 praedixi,
3348 3745 3398 3796 in
3428 3745 3596 3797 tribu-

2028 3837 2312 3892 lationibus
2338 3837 2442 3891 tuis
2462 3835 2785 3898 contristari,
2813 3835 2926 3899 sed,
2957 3835 3001 3889 si
3028 3834 3258 3903 majores
3282 3836 3376 3888 tibi
3408 3850 3594 3905 Stlp"rv

2027 3932 2260 3993 veniant,
2281 3931 2513 4002 gaudeas
2538 3929 2590 3983 in
2619 3928 2742 3994 illis,
2769 3927 2978 3984 dicente
3004 3927 3256 3998 Apostolo
3280 3945 3292 3981 :
3323 3927 3440 3982 Non
3470 3939 3590 3982 sunt

2027 4020 2295 4090 condigna:
2322 4019 2478 4089 hujus
2499 4020 2739 4088 temporis
2765 4020 3048 4090 passiones,
3074 4019 3142 4073 ad
3171 4030 3587 4089 superventuram

2026 4109 2265 4178 gloriam,
2305 4125 2421 4180 qua:
2469 4108 2775 4163 revelabitur
2817 4111 2871 4164 in
2916 4111 3060 4165 nobis
3110 4110 3284 4181 (Rom.
3317 4127 3442 4173 vm,
3483 4110 3588 4173 18).

2029 4203 2176 4256 Sicut
2200 4217 2388 4256 aurum
2407 4201 2458 4255 in
2487 4202 2608 4272 igne
2637 4203 2990 4268 examinatur,
3015 4205 3092 4259 sic
3113 4204 3274 4258 homo
3304 4205 3355 4259 in
3384 4205 3592 4260 camino

2031 4293 2386 4348 tribulationis
2425 4293 2822 4361 comprobatur.
2859 4293 2993 4347 Dum
3041 4301 3358 4363 potestatem
3394 4295 3594 4349 habeas

2031 4400 2208 4437 rerum
2255 4393 2462 4436 tuarum
2483 4423 2498 4448 ,
2530 4381 2614 4436 fac
2641 4398 2704 4436 ex
2735 4383 2813 4436 eis
2839 4383 3249 4452 eleemosynam,
3281 4385 3402 4452 quia
3430 4385 3592 4437 nescis

367 4469 488 4524 qua:
512 4455 703 4525 linguae
722 4455 1112 4510 ministratione
1138 4457 1448 4527 denegatur,
1475 4458 1787 4544 desiderans
1817 4467 1926 4510 toto
1954 4476 2003 4536 ο
2026 4490 2048 4541 η

1907 4473 1926 4510 )
1954 4476 2003 4536 D
2026 4473 2150 4541 quid
2187 4483 2395 4526 ventura
2421 4473 2592 4541 pariat
2619 4471 2727 4524 dies
2758 4470 2935 4541 (Prov.
2967 4488 3132 4536 xxvn,
3173 4473 3243 4544 Ι).
3278 4471 3463 4528 Nullus
3495 4475 3588 4527 tibi

368 4548 548 4604 cordis
589 4547 694 4602 mei
733 4546 943 4610 aii'ectu,
975 4557 1025 4602 te
1056 4547 1266 4616 ubique,
1298 4542 1609 4602 charissima
1641 4550 1837 4602 mater!
1872 4549 1925 4602 in

367 4641 512 4693 omni
561 4642 817 4710 proiicere
867 4640 1026 4704 bono,
1047 4647 1104 4692 ut
1153 4639 1306 4708 digna
1349 4637 1593 4693 eiliciaris
1642 4639 1694 4692 in
1740 4655 1924 4693 eorum

368 4729 575 4783 censeri
623 4745 845 4783 numero
891 4730 956 4783 de
1008 4730 1200 4798 quibus
1240 4729 1292 4782 in
1343 4728 1626 4798 Evangelio
1671 4729 1926 4784 Dominus

368 4818 726 4876 noster1e5ns
773 4819 1015 4874 Christus
1040 4805 1362 4890 "-respondit:
1391 4819 1569 4876 Omnis
1617 4822 1703 4892 qui
1748 4820 1924 4890 fecerit

368 4910 680 4967 voluntatem
708 4909 882 4964 Patris
913 4912 1012 4963 mei
1036 4909 1122 4979 qui
1148 4915 1201 4966 in
1231 4913 1367 4968 ctelis
1394 4923 1488 4979 est,
1513 4915 1618 4983 ipse
1644 4914 1768 4966 mihi
1809 4929 1925 4966 ma-

368 5013 450 5056 ter
488 5011 536 5057 et
575 5003 738 5072 frater
777 5001 986 5072 (Matth.
1020 5016 1114 5063 xu,
1141 5002 1252 5072 50).
1285 5002 1560 5068 Quomodo
1591 5013 1786 5069 mater,
1822 5005 1924 5058 nisi

367 5098 552 5145 sancta
587 5091 848 5146 charitate
881 5090 932 5143 in
975 5089 1266 5143 visceribus
1295 5092 1472 5145 cordis
1496 5094 1718 5161 perfecti
1748 5094 1921 5164 quoti-

369 5179 456 5233 die
482 5183 802 5249 generatur?
831 5181 968 5236 Ecce
995 5177 1202 5248 qualem
1235 5175 1399 5232 [ilium
1422 5184 1619 5248 poterit
1641 5186 1725 5253 pia
1758 5192 1926 5238 mater

369 5266 594 5333 habere,
621 5273 866 5325 eumdem
914 5273 1081 5342 ipsum
1126 5269 1291 5324 Deum
1334 5285 1511 5338 regem
1541 5289 1603 5327 ac
1629 5276 1925 5344 redempto-

367 5368 511 5425 rem;
538 5361 700 5416 etiam
737 5370 790 5414 et
815 5362 867 5414 in
897 5363 1142 5415 omnibus
1172 5361 1597 5419 tribulationibus
1626 5368 1922 5420 consolatoe

367 5454 502 5506 rem.
525 5451 708 5508 Μαιιω
731 5461 848 5506 sunt
875 5453 1231 5508 tribulationes
1246 5452 1508 5523 justorum
1537 5452 1704 5525 (Paul.
1733 5475 1923 5523 χχχιιι,

496 5601 593 5673 13
624 5615 648 5643 ι
676 5601 943 5658 Hactenus
991 5603 1188 5658 inedita
1241 5604 1328 5658 hic
1405 5603 1543 5657 rodit
1573 5622 1638 5660 ex
1670 5610 1786 5662 cod.
1823 5625 1920 5664 ms.

437 5601 561 5724 ﬁsi».
595 5672 766 5724 (Anud
791 5671 1017 5724 Froben.
1050 5674 1203 5724 epist.
1243 5617 1400 5724 ibi?

371 5667 766 5742 SaWsTiHApud
791 5671 1017 5742 Froben.
1050 5674 1203 5740 epist.
1243 5674 1358 5727 iiii.

425 5743 464 5781 οδ
497 5738 677 5796 ιιυιτϊ
701 5740 1041 5794 ΕιίὶΙιΙινιιααν.
1083 5738 1164 5797 λιι
1198 5746 1308 5798 iure
1348 5738 1528 5797 eadem
1558 5745 1623 5799 sit
1668 5763 1726 5801 ac
1760 5747 1925 5802 .Ilidii-

2028 4561 2360 4627 dispensator
2391 4560 2596 4614 fidelior
2635 4569 2809 4629 potest
2837 4576 2954 4616 esse
2984 4578 3143 4631 quam
3181 4569 3234 4615 tu
3278 4563 3415 4632 ipse;
3447 4569 3500 4618 et
3530 4565 3593 4630 li;

2026 4650 2238 4704 bentius
2260 4666 2476 4706 munera
2506 4651 2858 4720 praecedentia
2889 4669 3006 4718 nos,
3029 4669 3188 4722 quam
3213 4655 3589 4725 subsequentia

2027 4742 2166 4796 Deus
2193 4741 2435 4810 accipiet.
2462 4739 2526 4795 In
2553 4740 2727 4795 multis
2749 4743 2881 4796 enim
2912 4743 3218 4812 offendimus
3251 4761 3423 4800 omnes
3449 4746 3584 4818 (Jac.

2028 4852 2110 4899 ι-ιι,
2126 4836 2204 4906 ἓ),
2219 4833 2596 4890 sicutlacobus
2616 4837 2691 4890 ait
2716 4835 3002 4907 apostolus.
3031 4837 3159 4893 Item
3179 4839 3409 4895 Joannes
3429 4855 3590 4894 evan-

2025 4925 2212 4993 gelista
2254 4926 2389 4980 dixit
2414 4944 2424 4977 :
2452 4924 2511 4987 Si
2538 4926 2818 4981 dixerimus
2846 4928 2968 4997 quia
2998 4938 3263 4997 peccatum
3304 4945 3404 4981 non
3433 4927 3590 4982 liabe-

2026 5033 2160 5080 mus,
2191 5018 2521 5087 nosmetipsos
2552 5017 2842 5071 seducimus
2870 5017 2922 5087 (1
2952 5018 3108 5072 Joan.
3143 5035 3178 5080 ι,
3209 5016 3282 5087 8).
3328 5017 3395 5070 Et
3434 5017 3588 5085 juxta

2028 5107 2364 5161 Salomonem
2404 5126 2414 5160 :
2448 5107 2742 5177 Redemptio
2778 5110 2872 5160 tiri
2910 5109 3131 5176 propria:
3172 5107 3365 5160 divitia:
3404 5107 3586 5177 (Prov.

2026 5215 2143 5261 xm,
2170 5198 2242 5269 8).
2275 5199 2339 5252 Et
2372 5198 2460 5265 qui
2487 5197 2601 5264 plus
2627 5197 2807 5258 habet,
2833 5196 2949 5263 plus
2980 5196 3220 5263 exigetur
3258 5195 3325 5248 ab
3350 5212 3432 5250 eo.
3465 5197 3588 5252 Dis-

2025 5299 2336 5357 pensatores
2379 5286 2553 5340 saeculi
2603 5286 2855 5339 debemus
2895 5301 3013 5339 esse
3062 5301 3163 5340 non
3211 5301 3582 5354 possessores:

2025 5379 2234 5432 exsules
2272 5378 2411 5430 enim
2454 5386 2507 5429 ct
2544 5377 2798 5446 peregrini
2844 5394 3021 5430 sumus
3060 5378 3111 5431 in
3158 5378 3256 5432 hac
3302 5377 3424 5438 vita,
3454 5380 3585 5432 sicut

2025 5486 2196 5521 omnes
2237 5476 2406 5535 patres
2455 5467 2614 5519 nostri
2662 5464 2731 5539 (Ι
2778 5466 2959 5521 Paral.
3011 5483 3158 5531 xxix,
3207 5466 3289 5532 i5,
3339 5477 3387 5519 et
3438 5467 3587 5526 Psal.

2009 5619 2218 5688 'thydis,
2249 5633 2406 5686 quam
2433 5608 2666 5689 Ingulfns
2690 5620 2845 5672 etiam
2875 5617 3222 5673 Ethcldritam
3245 5627 3421 5687 vocat,
3442 5627 3497 5674 et
3525 5619 3589 5670 ad

2025 5705 2179 5757 quam
2207 5690 2352 5757 prior
2379 5700 2458 5742 est
2484 5690 2728 5758 cpistola,
2763 5691 2961 5758 ignoro.
