4258 6196
617 438 721 493 473

1436 444 1443 445 ί
1489 430 1546 483 Β.
1588 428 1647 482 F.
1686 424 1908 482 ALBIM
1948 419 2075 477 δίε
2114 416 2385 474 ALCL‘LN’I
2421 410 2701 472 OPERUM
2738 409 2913 466 PARS
2946 408 2985 465 I.

3722 403 3824 460 476

622 567 848 613 xsxvni,
879 550 987 619 13).
1021 548 1234 603 Illorum
1262 558 1408 599 mors
1429 541 1580 602 nobis
1606 547 1845 594 nostram
1873 534 2018 589 omni
2043 532 2173 602 hora
2199 532 2249 589 Δ
2307 616 2317 619 _
2345 525 2488 619 Tuis
2508 538 2721 619 quoque
2748 518 3278 619 diligenter
3304 517 3578 619 subjectis,
3600 525 3678 618 ut.
3693 516 3825 586 justi

620 640 790 698 oculis
816 647 1078 711 opponat;
1110 646 1164 692 et
1192 636 1399 689 illorum
1423 634 1562 688 bona
1584 626 1919 686 conversatio
1949 625 2000 678 in
2028 620 2178 677 Chri-

622 740 724 796 sto,
754 739 948 786 nostra:
970 729 1040 784 sit
1060 726 1285 781 eruditio
1308 725 1459 787 vitae;
1485 730 1749 791 quatenus
1770 717 1978 770 illorum
1999 713 2053 767 in
2076 711 2176 765 fide

619 832 675 877 et
699 822 959 877 charitate
984 828 1142 889 atque
1166 815 1308 871 omni
1337 828 1497 884 opere
1528 814 1667 866 bono
1697 814 1979 877 sequentes
2011 802 2173 856 vesti-

619 913 707 981 gia
731 912 782 965 in
810 908 1014 966 caelesti
1054 903 1381 962 beatitudine
1422 902 1588 955 vitam
1633 897 1833 951 habere
1878 905 2177 946 mereamur

620 1001 1018 1072 sempiternam.

1137 1094 1165 1123 α
1194 1076 1522 1136 EPISTOLA
1556 1073 1683 1132 CCI.

722 1191 788 1229 Αἰ)
816 1187 1188 1228 διλοεςῐυιιιωι
1226 1183 1461 1224 εωιιτει
1490 1179 1754 1220 δεδοκιοιε
1782 1174 2068 1223 ειγιτλτιε,

788 1263 1045 1318 Hortatur
1065 1263 1131 1315 ad
1159 1262 1403 1322 virtutes;
1437 1253 1816 1333 curamquesui
1841 1251 2008 1319 oﬂicii.

691 1355 892 1410 Dilecto
937 1355 990 1409 in
1032 1352 1246 1409 Christo
1270 1352 1297 1390 δ
1336 1345 1677 1416 Magenhario
1729 1342 1937 1404 comiti,
1966 1337 2179 1394 humilis

622 1449 780 1503 levita
804 1447 1026 1502 Albinus
1052 1444 1299 1500 salutem.
2056 1496 2059 1497 ,

688 1535 878 1589 Audivi
924 1550 1036 1597 vos,
1071 1534 1148 1586 vir
1190 1532 1509 1593 venerande,
1543 1540 1736 1584 nostra!
1775 1524 2051 1596 parmatis
2085 1537 2179 1591 op-

622 1632 763 1677 tasse
784 1622 1074 1692 colloquia;
1104 1631 1159 1675 et
1182 1628 1241 1674 ut
1265 1635 1390 1673 vere
1432 1618 1619 1680 fateor,
1649 1624 1883 1669 vestram
1910 1611 2060 1665 valde
2088 1610 2179 1663 de-

620 1712 849 1765 sideravi
888 1710 1252 1780 praesentiam,
1307 1717 1365 1762 ut
1412 1707 1553 1761 dulci
1595 1705 1942 1761 collocutione
1989 1708 2180 1755 vestra:

621 1800 913 1870 prudentia:
957 1800 1279 1855 consolarer.
1325 1798 1430 1853 Sed
1472 1798 1595 1867 quia
1641 1810 1821 1849 rerum
1849 1800 2038 1848 eventu
2079 1792 2179 1844 hoc

2276 616 2384 669 sint
2404 615 2457 668 in
2469 614 2699 683 judieiis,
2720 611 3093 667 misericordes
3114 610 3167 663 in
3190 607 3435 671 miseros,
3454 608 3618 661 Deum
3640 607 3829 662 timen-

2279 718 2387 771 tes,
2435 706 2833 774 Ecclesiamque
2882 701 3080 755 Christi
3128 701 3485 755 honorantes:
3511 707 3569 753 ut
3616 698 3826 753 illorum

2276 797 2487 851 bonitas
2522 795 2618 849 tibi
2647 794 2699 848 in
2724 792 3024 847 mercedem
3053 789 3204 861 [ϐοά.
3231 788 3369 855 ϐαι..
3395 787 3661 859 mercede]
3688 802 3831 844 cout-

2275 893 2506 956 putetur.
2536 883 2686 953 Saepe
2708 881 3065 951 subjectorum
3090 888 3307 949 peccata
3336 878 3632 933 rectoribus
3653 878 3825 948 impu-

2277 981 2457 1026 tantur
2481 968 2702 1042 [Canis.,
2733 966 3122 1039 implicantur],
3148 966 3195 1022 si
3234 968 3410 1022 minus
3436 966 3722 1036 diligenter
3737 982 3830 1022 eos

2275 1062 2562 1116 admonent
2610 1059 2839 1130 praelati,
2893 1057 3157 1128 quomodo
3209 1056 3385 1112 facere
3430 1056 3649 1121 debent;
3694 1056 3830 1109 sicut

2276 1164 2460 1204 eorum
2498 1150 2636 1204 bona
2679 1147 2905 1202 dominis
2947 1155 3170 1215 prosunt
3216 1145 3285 1199 ad
3329 1147 3690 1214 praemia,‘qu|
3738 1159 3832 1200 eos

2277 1241 2508 1301 studiose
2532 1237 2782 1293 erudiunt
2802 1236 2965 1291 Deum
2989 1235 3196 1301 timere,
3221 1233 3440 1305 ejusque
3461 1232 3677 1289 obedire
3696 1249 3835 1305 pne-

2277 1332 2465 1401 ceptis.

2345 1425 2578 1481 Obsecro
2619 1438 2685 1477 ne
2726 1436 2811 1476 me
2842 1390 3331 1491 praesumptuosum
3371 1433 3489 1475 esse
3534 1419 3830 1483 arbitreris,

2278 1515 2391 1569 haec
2416 1514 2508 1567 tibi
2536 1512 2876 1567 scribentem.
2903 1510 3148 1565 Charitas
3170 1509 3369 1565 Christi
3400 1518 3453 1563 et
3478 1518 3666 1565 vestra:
3693 1510 3837 1564 salu-

2278 1604 2347 1657 tis
2370 1617 2541 1666 amor,
2568 1609 2621 1657 et
2651 1609 2840 1656 vestra:
2864 1598 3121 1654 bonitatis
3148 1598 3361 1663 fiducia,
3384 1598 3498 1655 lucc
3520 1613 3605 1654 me
3628 1600 3835 1653 monuit

2278 1696 2543 1760 scribere;
2574 1702 2766 1763 optans
2807 1708 2902 1747 vos
2949 1689 3101 1762 [ϐοά.
3135 1689 3274 1756 Sat,
3304 1688 3378 1761 te]
3425 1699 3479 1744 et
3520 1699 3835 1759 praesentem

2277 1786 2473 1841 habere
2512 1784 2950 1855 prosperitatem,
2978 1790 3033 1836 et
3062 1780 3294 1835 futuram
3338 1782 3630 1850 promereri
3664 1782 3835 1837 beatis

622 1892 737 1945 fieri
781 1907 885 1946 non
916 1892 1098 1955 valuit,
1132 1893 1303 1945 visum
1345 1900 1427 1944 est
1450 1889 1582 1943 mihi
1626 1887 1943 1955 condignum
1986 1882 2179 1937 litteris
2210 1872 2253 1932 Β
2282 1877 2535 1930 tudinem.
2569 1875 2753 1929 Divina
2783 1889 2879 1929 vos
2904 1874 3073 1943 gratia
3103 1872 3158 1927 in
3180 1872 3325 1927 omni
3367 1872 3606 1927 bonitate
3647 1870 3838 1929 ﬂorere

623 1981 841 2049 implere
889 1981 1030 2052 quod
1074 1982 1250 2034 verbis
1303 1995 1406 2033 non
1455 1978 1601 2048 potui
1630 2018 1642 2041 ,
1674 1986 1729 2031 et
1774 1988 1947 2029 meam
1984 1974 2037 2027 in
2085 1986 2178 2025 vos

619 2069 900 2125 ostende
947 2070 1301 2133 dilectionem,
1334 2076 1389 2123 et
1433 2068 1581 2121 vobis
1612 2066 1764 2120 utilia
1806 2079 1901 2133 per
1937 2063 2179 2117 chartam

618 2166 863 2229 suadere,
891 2174 949 2219 ut
978 2173 1153 2219 vester
1198 2162 1468 2232 profectus
1497 2176 1646 2215 meus
1674 2168 1815 2213 esset
1856 2156 2078 2210 fructus.
2114 2153 2181 2208 Ut

619 2251 709 2319 qui
735 2250 786 2304 in
812 2250 1022 2305 sublimi
1046 2250 1300 2318 dignitate
1325 2250 1528 2319 positus
1547 2264 1605 2302 es
1628 2249 1679 2300 in
1708 2246 1886 2308 terris,
1903 2258 1998 2312 per
2018 2256 2179 2310 opera

617 2338 830 2407 iustitia:
855 2350 909 2397 et
948 2341 1324 2396 misericordi-.2
1359 2340 1629 2395 cmlestem
1661 2337 1754 2391 tibi
1801 2334 2055 2389 merearis
2084 2334 2179 2386 hoc

620 2449 823 2488 norem.
875 2433 1060 2503 Cogita
1108 2426 1443 2503 quodlCod.
1490 2430 1630 2493 Sal.,
1658 2428 1840 2499 quam]
1876 2425 2180 2480 transitoria

620 2532 744 2578 sunt
766 2525 877 2576 haec
900 2522 1076 2576 omnia
1105 2536 1222 2590 qua:
1247 2521 1298 2573 in
1323 2520 1423 2574 hoc.
1443 2521 1639 2575 szeculo
1665 2518 1951 2572 habemus:
1977 2524 2031 2569 et
2057 2514 2177 2584 quia

619 2614 978 2667 necessarium
1009 2621 1090 2666 est
1121 2611 1402 2679 unicuique
1432 2610 1703 2665 hominum
1732 2606 1883 2679 [Cod.
1916 2605 2056 2669 δαί..
2086 2606 2180 2659 ho-

572 2702 587 2717 ’
619 2702 771 2774 mini]
793 2712 1046 2758 mternam
1077 2702 1176 2755 sibi
1206 2717 1301 2771 per
1328 2700 1637 2768 temporalia
1667 2697 1941 2753 benefacta
1971 2709 2179 2766 prome-

620 2792 726 2845 reri
755 2790 977 2861 gloriam
1009 2800 1054 2843 ε.
1074 2788 1435 2858 Quapropter,
1469 2798 1527 2841 ut
1554 2787 1617 2841 ad
1649 2794 1956 2857 perpetuam
1996 2797 2182 2853 perve-

620 2880 755 2943 nias,
792 2878 903 2933 Deo
942 2878 1206 2939 donante,
1263 2876 1668 2938 beatitudinem,
1718 2872 1861 2926 nulla
1906 2881 1956 2927 te
1999 2872 2181 2928 saeculi

620 2970 920 3035 delectatio,
964 2967 1103 3023 nulla
1159 2968 1387 3024 carnalis
1432 2966 1858 3037 concupiscentia
1908 2965 2177 3034 impediat.

623 3062 727 3118 Sed
755 3070 871 3117 esto
899 3063 950 3115 in
970 3059 1188 3129 judiciis
1205 3060 1408 3129 justus,
1437 3059 1487 3112 in
1530 3058 1777 3127 operibus
1803 3054 2182 3111 misericordia:

621 3154 762 3223 pius,
790 3152 963 3207 viduis
987 3160 1041 3206 et
1067 3150 1320 3221 orphanis
1361 3150 1509 3219 quasi
1537 3157 1710 3218 pater,
1736 3146 2025 3201 defendens
2052 3142 2178 3215 [Ca—

622 3246 746 3311 nis.,
777 3241 1054 3314 defendas]
1080 3256 1172 3296 eos
1193 3242 1259 3295 ab
1288 3241 1432 3294 omni
1460 3238 1730 3293 violentia.

694 3336 820 3391 Esto
858 3346 1067 3404 quoque
1093 3330 1346 3386 Ecelesiis
1387 3328 1583 3383 Christi
1614 3327 1765 3396 quasi
1798 3325 1981 3390 frater,
2008 3334 2065 3379 ut
2090 3339 2185 3394 per

623 3428 891 3482 orationes
912 3438 1187 3481 servorum
1211 3421 1323 3485 Dei,
1343 3421 1480 3475 inter
1496 3420 1731 3491 pericula
1748 3420 2001 3482 hostium,
2014 3416 2185 3471 ﬁniui-

625 3535 771 3584 num,
790 3519 1014 3579 viarum,
1031 3515 1416 3577 inflrmitatum,
1432 3498 1604 3568 divina
1626 3522 1675 3566 te
1690 3519 1931 3581 protegat
1946 3511 2180 3573 dextera,

626 3619 776 3680 regat
797 3618 956 3677 atque
981 3612 1260 3660 conservet
1286 3618 1497 3670 semper
1515 3602 1728 3670 ubique.
1755 3600 1862 3655 Fac
1878 3608 1935 3653 ut
1951 3600 2186 3669 quotidie

627 3716 887 3771 pzmperes
906 3700 971 3755 de
990 3712 1124 3768 pane
1147 3707 1237 3752 tuo
1257 3696 1557 3757 comedent,
1583 3695 1705 3763 quia
1728 3695 2038 3748 miserorum
2062 3709 2186 3749 con-

627 3794 815 3848 solatio
836 3792 929 3848 tibi
967 3792 1069 3846 erit
1106 3797 1303 3844 aeterna
1327 3789 1704 3842 remuneratio.
1738 3787 1865 3841 Esto
1898 3802 2105 3856 quoque
2134 3786 2185 3839 iu

630 3884 867 3940 consiliis
882 3882 1147 3953 providus,
1169 3880 1377 3948 sapiens
1400 3880 1453 3933 in
1475 3877 1901 3948 cogitationibus,
1921 3876 2188 3930 modestus

638 3978 689 4030 in
718 3990 980 4035 sermone,
1014 3972 1179 4045 Deum
1209 3985 1420 4039 semper
1466 3970 1667 4024 habens
1696 3958 2031 4038 praesentem,
2058 3983 2188 4035 qua—

630 4074 789 4118 tenus
819 4063 959 4117 illius
988 4061 1210 4129 loquens
1242 4058 1565 4111 voluntatem
1590 4054 2189 4127 [Al.,veritatem],ejus

634 4154 822 4223 dignus
838 4151 1084 4208 elIiciaris
1099 4149 1444 4220 protectione.
1472 4147 1675 4217 Corpus
1694 4158 1839 4203 tuum
1860 4149 1911 4201 in
1926 4150 2184 4210 castitate,

633 4252 687 4296 et
717 4242 945 4295 animam
996 4241 1048 4293 in
1082 4240 1372 4294 sobrietate
1417 4254 1671 4292 conserva
1707 4256 1717 4288 :
1748 4237 1915 4291 ﬁdelis
1964 4246 2078 4291 esto
2124 4237 2189 4289 ad

633 4331 876 4385 dominos
895 4343 1029 4397 quos
1053 4327 1197 4381 dedit
1218 4326 1307 4379 tibi
1332 4326 1491 4389 Deus,
1515 4326 1580 4378 ad
1604 4325 1804 4377 amicos
1823 4324 2102 4394 benignus,
2128 4324 2191 4378 ad

634 4433 824 4474 omnes
848 4417 1092 4473 homines
1120 4431 1299 4484 (equus
1324 4425 1377 4468 et
1400 4415 1608 4468 miseris
1630 4414 1823 4482 largus.
1857 4413 2192 4468 Dehitorihus

637 4509 787 4582 [tuis]
832 4508 911 4566 vel
952 4509 1004 4561 in
1045 4516 1095 4561 te
1133 4506 1474 4574 peccantibus
1517 4504 1699 4573 culpas
1741 4505 1971 4572 ignosce,
2009 4513 2064 4556 ut
2098 4502 2190 4556 tibi

638 4604 877 4672 ignoscat
904 4597 1061 4661 Deus,
1077 4598 1120 4649 si
1142 4596 1268 4664 quid
1298 4604 1483 4651 contra
1508 4593 1622 4661 ejus
1644 4592 1812 4645 fecisti
1842 4592 2187 4645 voluntatem.

709 4784 733 4811 ι
763 4772 902 4826 Edit.
932 4770 1179 4838 Quereet.
1212 4769 1298 4831 55,
1339 4770 1514 4823 Canis.
1553 4768 1650 4830 δὶς
1691 4767 1877 4823 collata
1910 4784 2026 4823 cum
2071 4768 2189 4823 cod.

639 4856 739 4896 ms.
775 4842 1066 4908 Salisburg.
1098 4841 1269 4909 (Apud
1300 4839 1525 4909 Froben.
1560 4840 1713 4909 epist.
1750 4838 1891 4909 152)

712 4913 739 4950 δ
763 4906 1116 4975 Magenlmrio.
1150 4906 1388 4975 Scriptor
1416 4908 1547 4961 Vitae
1578 4906 1824 4959 Ludovici
1853 4906 1927 4958 I’ii
1963 4908 2194 4959 incertus

644 4981 815 5047 (Tom.
844 4974 906 5033 Ἥ
940 4978 1058 5032 Rer.
1086 4978 1221 5031 Call.
1254 4980 1467 5046 Script.,
1500 4992 1615 5045 pag.
1650 4976 1739 5037 90,
1769 4991 1821 5027 n.
1859 4976 1933 5045 7),
1963 4974 2195 5043 Megina-

646 5054 778 5101 rium
808 5058 986 5112 vocat;
1017 5048 1188 5100 virum
1230 5048 1520 5114 sapientem
1546 5057 1598 5099 et
1618 5054 1911 5107 strenuum,
1940 5060 2191 5112 gnarum-

644 5135 746 5183 que
773 5120 1014 5172 utilitatis
1038 5127 1088 5169 et
1115 5117 1408 5170 honestatis
1435 5117 1589 5181 regiae
1616 5130 1627 5165 :
1655 5130 1811 5181 quem
1840 5114 2060 5167 Carolus
2090 5114 2195 5166 Ma-

685 5204 781 5240 nus
802 5190 865 5239 ad
888 5189 1229 5249 Luduvicum,
1246 5194 1297 5237 ut
1322 5184 1435 5251 ejus
1456 5184 1675 5237 consilio
1696 5192 1951 5246 uteretur,
1970 5185 2193 5237 miserit.

691 5256 944 5327 ginardus
985 5258 1227 5327 nominat
1267 5254 1625 5323 Megmhcrum
1652 5252 1898 5327 comitem
1930 5256 2067 5327 inter
2107 5269 2197 5306 eos

648 5320 736 5447 alii
768 5324 955 5379 Carolo
984 5323 1168 5392 Magno
1207 5320 1579 5378 testamentum
1620 5321 1865 5375 condenti
1895 5320 2193 5375 adfuerunt.

695 5409 907 5447 λεκλοε.
2056 5404 2057 5407 η

695 5409 907 5448 λδκλοε.
2056 5404 2057 5407 ‘

721 5477 741 5501 ε
775 5464 925 5529 Apud
966 5461 1234 5516 Canisium
1259 5477 1274 5513 :
1302 5482 1318 5511 ‹
1356 5462 1575 5515 Veniam
1618 5462 1716 5516 sibi
1747 5476 1841 5530 per
1890 5457 2197 5527 temporalia

652 5532 927 5587 benefacta
958 5534 1248 5600 promereri
1276 5541 1331 5585 et
1358 5532 1597 5600 gloriam.
1623 5552 1639 5579 ι

657 5601 929 5737 i“QE-lit.
965 5599 1219 5666 Quercet.
1268 5599 1387 5665 lib’,
1424 5600 1602 5655 Canis.
1637 5600 1705 5653 (33
1746 5599 2013 5668 (Froben.
2042 5599 2227 5669 epistu

685 5690 715 5725 ο
780 5711 791 5725 .

685 5690 791 5725 00).

727 5752 749 5779 θ
788 5741 932 5796 llanc
958 5742 1232 5812 epistolam
1271 5757 1332 5794 ex
1361 5741 1501 5812 rod.
1529 5756 1627 5797 ms.
1661 5738 1718 5791 S.
1752 5736 2010 5812 germani
2039 5737 2203 5812 edidit

656 5812 825 5867 Lucas
852 5807 1107 5866 Ache'rius
1144 5821 1267 5866 tom.
1313 5811 1375 5866 ιιι
1415 5810 1555 5878 Spic.
1587 5826 1705 5864 nov.
1752 5807 1887 5859 lidit.
1921 5822 2036 5877 pag.
2078 5807 2198 5861 "52!.

2221 4548 2269 4605 ο

2279 1964 2457 2030 faciat,
2483 1967 2564 2018 vir
2591 1963 2954 2020 dilectissime.

2671 2054 2832 2127 214
2855 2053 2882 2092 ἀ
2926 2049 3252 2107 EPISTOLA
3284 2049 3433 2106 acu.

2890 2157 2956 2195 ΑΒ
2996 2156 3218 2196 μησεν.

2555 2230 2873 2285 Cliaritatem
2908 2247 3057 2283 suam
3087 2231 3252 2284 amico
3278 2230 3561 2301 signiﬁcat.

2348 2323 2551 2379 Dilecto
2577 2323 2751 2377 amico
2779 2322 3027 2376 salutem.

2347 2416 2553 2470 Placuit
2596 2412 2845 2467 canitiem
2882 2418 3112 2464 vestram
3139 2424 3301 2479 parva
3329 2408 3665 2464 salutationis
3687 2408 3841 2465 char-

2278 2508 2384 2561 tula
2431 2501 2836 2576 appellare,'sed
2872 2516 2976 2555 non
3024 2515 3189 2570 parvo
3222 2499 3501 2555 cbaritatis
3540 2499 3749 2565 ofﬁcio;
3782 2507 3845 2555 ut

2279 2598 2480 2661 sciatis,
2512 2596 2636 2649 licet
2660 2595 2813 2662 longe
2843 2591 3095 2661 positum,
3123 2588 3287 2643 vestri
3312 2596 3489 2642 tamen
3511 2589 3706 2643 habere
3732 2604 3843 2643 me-

2280 2690 2523 2748 moriam,
2564 2694 2617 2740 et
2651 2681 3030 2737 familiaritatis
3075 2695 3179 2735 non
3220 2679 3485 2742 oblivisci,
3519 2694 3675 2747 quam
3702 2694 3842 2748 prae-

2280 2787 2457 2835 sentes
2483 2775 2796 2830 suavissima
2821 2771 3104 2826 dilectione
3129 2777 3182 2825 et
3204 2768 3565 2824 consolatione
3586 2784 3684 2824 nos
3707 2769 3846 2825 inter

2280 2869 2589 2929 habuimus,
2619 2864 2825 2918 [trinam
2869 2875 3079 2931 semper
3122 2861 3264 2914 inter
3304 2874 3402 2913 nos
3450 2872 3761 2927 permanere
3788 2859 3844 2912 in

2280 2956 2495 3013 Christo
2544 2952 2855 3007 cliaritatem
2879 2990 2894 3014 ,
2928 2963 3027 3003 nec
3080 2946 3319 3016 quolibet
3359 2954 3517 3001 vento
3557 2946 3843 3017 falsiloquii

2281 3042 2502 3106 destrui,
2530 3041 2621 3096 sed
2648 3039 2810 3094 solida
2842 3038 3095 3091 firmitate
3119 3036 3261 3090 inter
3283 3050 3468 3091 omnes
3488 3036 3646 3104 hujus
3664 3038 3845 3093 saeculi

2282 3135 2633 3191 adversitates
2684 3129 3009 3184 immobilem
3059 3142 3269 3198 semper
3310 3128 3623 3183 consistere.
3664 3130 3842 3185 Nostri

2208 3214 2254 3276 C
2285 3240 2488 3280 memor
2514 3225 2564 3277 in
2592 3221 2923 3277 orationibus
2948 3219 3053 3273 tuis
3078 3230 3287 3288 semper
3311 3217 3502 3299 valeto,
3531 3217 3695 3274 frater
3711 3220 3842 3275 cha-

2282 3316 2515 3371 rissime.

2776 3430 2799 3458 °
2822 3414 3150 3475 EPISTOLA
3183 3414 3353 3472 CCIII.
3391 3420 3395 3425 '

2718 3526 2791 3563 AD
2831 3521 3414 3563 GALLICELLULAI.

2284 3604 2358 3658 De
2393 3602 2773 3673 comparatione
2806 3614 3135 3679 numerarunt
3189 3596 3384 3652 Veteris
3410 3607 3459 3652 et
3497 3598 3631 3653 Novi
3668 3599 3845 3654 Testa-

2977 3678 3155 3721 menti.
3864 3695 3867 3697 ν

2346 3784 2553 3837 'Dilecto
2583 3781 2691 3835 tilio
2718 3796 2833 3834 meo
2864 3778 2883 3817 ί
2912 3776 3251 3834 Gallieellulze
3275 3775 3498 3829 Albinus
3524 3775 3768 3831 salutem.

2354 3873 2487 3938 Quia
2515 3887 2598 3925 me
2625 3871 2822 3939 rogasti
2850 3869 2913 3923 de
2941 3880 3282 3921 numerorum
3310 3864 3536 3928 ratione,
3566 3865 3647 3919 vel
3677 3866 3845 3933 magis

2286 3963 2703 4033 comparatione.
2740 3959 2829 4027 qui
2877 3958 2928 4011 in
2978 3957 3153 4011 Veteri
3200 3956 3340 4025 Lege
3387 3956 3743 4021 inveniuntur,
3778 3959 3843 4011 ad

2288 4055 2658 4109 auctoritatem
2686 4049 2813 4104 Novi
2843 4048 3168 4102 Testamenti
3203 4046 3427 4111 referre;
3459 4047 3583 4115 quia
3623 4063 3729 4101 non
3753 4062 3845 4102 oe-

2288 4146 2455 4201 currit
2490 4142 2640 4197 nobis
2671 4142 2772 4193 iter
2800 4139 3073 4208 agentibus
3098 4138 3247 4206 plura
3274 4137 3542 4201 scribere;
3570 4152 3599 4192 a
3627 4137 3847 4191 denario

2289 4250 2468 4293 tamen
2514 4236 2848 4303 incipiamus,
2874 4233 3039 4286 donec
3068 4245 3237 4298 usque
3273 4229 3339 4283 ad
3370 4231 3625 4283 unitatem
3660 4244 3847 4297 perve-

2290 4332 2516 4391 niamus,
2544 4336 2602 4379 ut
2640 4340 2759 4379 cum
2800 4322 3019 4392 pedibus
3047 4318 3337 4390 gradientis
3378 4317 3615 4372 calamus
3658 4327 3849 4373 currat

2291 4419 2593 4475 scribentis.

2322 4437 2593 4475 ermeuus.

2363 4515 2551 4567 Decem
2574 4517 2832 4579 praecepta
2858 4514 2981 4561 sunt
3005 4504 3181 4574 Legis,
3209 4518 3325 4573 qua:
3354 4505 3473 4559 data
3496 4510 3618 4557 sunt
3641 4502 3692 4555 in
3718 4502 3847 4557 dua-

2292 4604 2391 4657 bus
2418 4600 2608 4655 tabulis
2635 4613 2728 4667 per
2770 4596 2983 4666 Moysen
3008 4602 3063 4648 et
3086 4593 3261 4647 Aaron
3299 4593 3493 4662 populo
3528 4591 3623 4645 Dei
3648 4589 3843 4661 (Exod.

2294 4773 2359 4828 Et
2386 4781 2504 4843 post
2531 4771 2673 4825 illum
2703 4768 2956 4843 Dernard.
2984 4766 3113 4843 Pez.
3141 4771 3270 4816 tam.
3300 4761 3341 4816 Il
3375 4762 3629 4843 Aneedot.
3657 4771 3797 4833 part.
3827 4778 3844 4817 ι

2294 4860 2357 4896 ex
2388 4833 2519 4895 'cod.
2562 4856 2661 4891 ms.
2706 4837 2763 4890 S.
2798 4834 3136 4896 Emmerami,
3180 4848 3339 4901 quam
3380 4833 3697 4887 contulimus
3724 4847 3847 4889 cum

2296 4913 2446 4965 codd.
2477 4924 2607 4962 mss.
2643 4904 3048 4965 Salisburgensi,
3070 4910 3123 4956 et
3143 4902 3279 4957 binis
3305 4902 3845 4956 San-Emmeramen-

2296 4982 2459 5032 sibus.
2491 4998 2507 5027 ‹
2543 4978 2687 5030 Hane
2711 4972 3008 5044 epistolam,
3034 4988 3099 5026 ac
3123 4974 3253 5044 duas
3271 4973 3413 5044 alias
3440 4972 3523 5041 (de
3544 4972 3850 5044 deieraver-

2297 5048 2372 5101 bis
2400 5047 2565 5116 Legis,
2595 5057 2641 5116 et
2671 5037 2924 5116 tie-tribus
2942 5042 3207 5116 generibus
3233 5037 3484 5116 visionum
3505 5040 3572 5116 ad
3602 5037 3850 5116 Fridstgi-

2297 5060 2372 5101 ωε
2400 5060 2565 5116 Legts,
2595 5060 2641 5099 et
2671 5060 2733 5098 ae
2759 5060 2919 5097 trious
2942 5060 3207 5164 penei-was
3233 5060 3484 5095 visionum
3505 5060 3569 5092 aa
3602 5060 3849 5107 triangu-

2296 5119 2430 5185 sunt)
2469 5117 2544 5169 ait
2580 5114 2861 5175 Acherius,
2900 5113 2940 5185 Α
2968 5112 3105 5167 cuiui
3137 5111 3347 5185 nomine
3382 5110 3682 5185 insignitas,
3711 5108 3849 5185 inter

2298 5176 2442 5239 varia
2475 5186 2709 5255 ejusdem
2736 5183 2967 5235 auctoris
2992 5182 3245 5255 Opuscula
3271 5176 3679 5255 nactu_s_si_nn_in
3709 5176 3845 5255 seri-

2298 5266 2387 5325 pto
2412 5246 2593 5325 codice
2623 5259 2944 5325 pervetusto,
2959 5246 3131 5325 gnem
3172 5250 3314 5325 do_no_
3347 5246 3851 5325 mihi_dedit__solers

2298 5315 2351 5395 et
2370 5324 2608 5395 eruditus
2624 5315 2930 5395 bibliogrola
2959 5315 3275 5395 Parisiensis
3294 5316 3587 5395 Ludovicus
3606 5315 3846 5395 Dillaine:

2298 5394 2526 5446 Certone
2561 5392 2659 5444 has
2695 5381 2943 5446 epistolas
2982 5388 3205 5443 Alcuino
3248 5385 3514 5439 ascribere
3553 5381 3851 5439 debueras?

2298 5464 2440 5515 dicet
2472 5460 2681 5528 aliquis.
2721 5452 2796 5511 Ita
2831 5472 2979 5523 sane,
3008 5455 3298 5528 cum‘enim
3334 5469 3427 5528 eas
3460 5452 3653 5523 stylum
3681 5458 3734 5504 et
3759 5463 3853 5522 ge-

2300 5532 2445 5583 nium
2489 5524 2619 5582 tanti
2662 5528 2762 5582 viri
2810 5528 3015 5597 spirare
3049 5524 3571 5597 animadvertissem,
3613 5534 3851 5597 cuinon

2300 5600 2604 5661 tribuerem,
2635 5598 2763 5651 nihil
2790 5587 3138 5664 causzefuita
3168 5592 3417 5664 (Froben.
3447 5587 3781 5664 epist.__l5§_.)

2376 5667 2396 5705 ί
2439 5654 2795 5721 ϐαΙΙὶέειιιιιιτ.
2838 5663 3006 5718 Codd.
3045 5654 3185 5717 mss.‘
3213 5662 3411 5717 habent
3451 5654 3846 5713 ε’(ῖαηὶιευήιο.

2303 5736 2501 5791 Nomen
2531 5736 2810 5793 ascititium
2839 5732 3110 5803 cujusdam
3137 5729 3375 5800 discipuli
3402 5726 3621 5785 Alcuini.
