4272 6204
482 542 485 545 δ
521 470 623 526 m

521 672 956 749 praedicatoribus
981 667 1127 739 (Luc.
1156 681 1265 728 xix,
1298 662 1404 734 15).

590 765 783 819 Decem
813 760 977 831 plagis
1013 772 1261 828 percussa
1307 761 1389 808 est
1433 750 1710 821 Egyptus,
1742 755 1799 800 ιιι
1845 742 2068 816 pepulus

520 851 619 910 Dei
656 852 975 907 liberaretur
1011 846 1204 918 (Exod.
1244 860 1340 908 xu,
1368 842 1443 914 5).
1471 842 1573 896 Per
1601 839 1783 894 decem
1824 849 2073 906 persecu-

521 942 693 999 tiones
720 947 969 995 coronata
993 946 1073 991 est
1108 935 1343 989 Ecclesia
1376 932 1593 987 Christi.
1622 920 1631 931 ”

593 1031 807 1086 Decima
865 1028 950 1083 die
1000 1026 1197 1080 mensis
1245 1020 1401 1093 primi
1454 1020 1710 1077 tenendus
1759 1019 1859 1072 fuit
1906 1031 2071 1087 agnus

523 1119 807 1197 paschalis,
835 1117 924 1187 qui
954 1113 1305 1170 immolandus
1350 1112 1448 1165 fuit
1476 1125 1565 1164 ειν
1595 1110 1680 1165 die
1714 1108 1911 1163 mensis
1934 1105 2073 1173 ejus-

524 1209 663 1265 dem.
709 1207 922 1263 Decima
950 1208 1079 1261 hora
1116 1203 1285 1277 [Nona
1311 1200 1515 1273 utique]
1542 1198 1638 1270 pro
1677 1199 1859 1255 mumli
1904 1198 2074 1253 salute

526 1313 692 1367 agnus
732 1295 1016 1367 paschalis,
1064 1294 1117 1348 id
1160 1302 1241 1349 est
1284 1291 1556 1356 Christus,
1607 1292 1659 1345 in
1706 1304 1863 1345 cruce
1900 1289 2075 1343 emisit

525 1380 784 1456 Spiritum
824 1384 1033 1457 (Matth.
1070 1400 1234 1448 xxvii,
1276 1382 1361 1448 46,
1408 1382 1508 1446 50;
1553 1392 1599 1435 et
1653 1381 1823 1435 Marc.
1871 1381 2073 1444 “,34.

526 1476 594 1531 ετ
616 1476 653 1547 ).
1222 1495 1233 1500 ~

598 1567 809 1621 Decima
847 1563 1201 1636 generatione
1249 1562 1393 1617 venit
1436 1560 1710 1623 diluvium,
1754 1568 1806 1613 et
1850 1558 2078 1629 perdidit

527 1656 716 1727 hnpios
741 1645 889 1729 (Cen.
918 1654 1036 1727 vn).
1064 1648 1191 1709 Post
1220 1653 1399 1707 decem
1429 1666 1580 1721 reges
1626 1649 1900 1704 novissimi
1946 1656 2079 1703 tem-

525 1750 673 1819 poris
696 1748 932 1803 nascitur
953 1745 1367 1810 Anti-Christus,
1387 1759 1506 1799 cum
1528 1759 1632 1812 quo
1656 1749 1876 1811 pereunt
1894 1753 2080 1797 omnes

530 1839 675 1910 impii
703 1837 883 1912 (Apoc.
910 1855 1042 1903 xvii,
1073 1837 1178 1909 12).

1312 514 1319 520 ,
1930 443 2301 508 EPISTOLAS.

520 586 631 659 ιι).
684 585 873 651 Decem
923 594 1073 634 muas
1118 577 1261 633 dedit
1299 574 1542 629 Christus
1572 569 1845 637 utriusque
1890 567 2065 637 populi
2094 568 2136 625 Α
2165 564 2408 633 partibus
2446 559 2615 615 tribus
2647 557 2817 613 modis
2854 556 3046 610 colitur
3081 554 3278 627 [Codd.
3318 571 3441 614 ms.,
3476 556 3732 616 COIc‘IldLS

3636 444 3736 499 ιτε

2168 650 2271 721 εει]
2303 651 2462 713 Deus,
2491 648 2615 711 ﬁde,
2643 662 2736 717 spe
2765 655 2817 701 et
2844 646 3124 699 charitate.

2240 738 2366 792 Tria
2395 737 2644 807 praecepit
2673 735 2810 787 Deus
2838 734 3109 786 Abraham
3135 731 3314 785 dicens
3339 748 3352 782 :
3384 726 3641 798 Egredere
3666 732 3730 783 de

2170 841 2306 884 terra
2342 839 2452 891 tua,
2487 837 2535 881 et
2561 828 2623 880 de
2658 825 2958 894 cognatione
2984 834 3098 887 tua,
3124 833 3171 876 et
3197 823 3257 874 de
3281 820 3431 874 domo
3465 820 3627 889 patris
3655 828 3729 871 tu

2172 916 2322 989 (Gen.
2362 934 2461 983 xu,
2494 918 2565 986 1).
2603 916 2727 969 Tria
2756 915 3135 984 promittuntur
3173 912 3349 965 nobis“
3388 908 3728 969 resurrectio,

2172 983 2282 1063 vita
2311 1018 2365 1061 et
2388 983 2576 1077 gloria.
2758 983 2766 984 ί
3757 983 3763 988 ’

2244 1099 2367 1151 Duae
2394 1096 2608 1149 fuerunt
2634 1095 2823 1147 tabula:
2849 1094 3184 1157 testamenti,
3226 1092 3277 1145 in
3304 1091 3495 1162 quibus
3523 1089 3739 1141 decalo-

2173 1202 2271 1259 gus
2295 1186 2454 1256 digito
2475 1186 2567 1238 Dei
2593 1183 2921 1238 scribebatur
2945 1183 3136 1251 (Exod.
3162 1197 3310 1243 uxr,
3336 1178 3441 1249 18).
3471 1177 3587 1230 Duo
3612 1185 3734 1231 sunt

2173 1284 2436 1346 pneeepta
2467 1274 2765 1337 charitatis,
2797 1287 2914 1341 qua:
2950 1271 3111 1341 digito
3145 1270 3271 1333 Dei,
3309 1269 3360 1323 id
3390 1277 3502 1332 est,
3533 1265 3733 1335 Spiritu

2176 1376 2358 1423 sancto
2387 1368 2439 1421 in
2468 1366 2715 1420 cordibus
2744 1364 3046 1419 scribuntur
3076 1363 3325 1417 ﬁdelium.

2247 1460 2360 1511 Duo
2389 1457 2601 1511 luerunt
2624 1455 2907 1511 Cherubim
2940 1456 2990 1508 in
3020 1454 3213 1524 templo
3243 1472 3253 1506 :
3286 1453 3569 1509 Cherubim
3598 1448 3733 1503 mul-

2175 1546 2338 1602 titudo
2391 1545 2619 1599 scientiae
2673 1545 3056 1613 interpretatur
3105 1542 3307 1613 (Num.
3361 1559 3476 1605 vn,
3528 1542 3631 1606 89;
3684 1547 3736 1593 et

2177 1637 2273 1693 III
2298 1637 2424 1709 Reg.
2457 1654 2533 1701 vi,
2562 1637 2630 1692 23
2656 1638 2805 1706 seq).
2838 1632 2958 1690 Ideo
2985 1635 3099 1688 duas
3121 1641 3301 1702 partes
3323 1638 3449 1684 sunt
3474 1629 3732 1693 scientia;

2178 1742 2283 1785 una
2309 1737 2391 1784 est
2411 1728 2675 1783 diabolum
2705 1728 3024 1796 relinquere,
3046 1724 3211 1777 altera
3240 1722 3407 1776 Deum
3429 1719 3664 1789 diligere.

2253 1820 2366 1875 Una
2398 1819 2496 1872 fuit
2524 1833 2669 1881 arca,
2701 1818 2753 1870 in
2782 1832 2886 1885 qua
2920 1813 3117 1867 mundo
3142 1819 3396 1881 pereunte
3426 1807 3606 1861 ﬁdeles
3634 1806 3737 1860 sal.

595 1898 794 1983 Iziov‘em
845 1898 1108 1997 lapidibus
1134 1898 1348 1995 opertus
1376 1933 1457 1979 est
1482 1922 1852 1992 archangelus,
1881 1920 1968 1991 qui
1993 1940 2082 1977 ce—
2112 1898 2153 1955 B
2182 1911 2287 1965 Vati
2312 1920 2452 1963 ευηῐ-
2480 1907 2593 1963 Una
2620 1915 2703 1960 εει
2730 1904 2934 1977 [sancta
2955 1901 3071 1973 θεῖ]
3100 1899 3357 1963 Εεοιθείαν
3380 1912 3483 1967 ιιιιε
3512 1910 3738 1966 Dareum

529 2019 658 2073 cidit
682 2017 747 2072 de
772 2018 926 2072 caelo.
971 2015 1171 2072 Novem
1215 2014 1430 2070 ordines
1459 2011 1767 2084 angelorum
1812 2026 2080 2067 remanse-

529 2116 654 2163 runt
684 2108 736 2161 iu
762 2107 916 2161 ccelo.

602 2217 728 2273 Octo
765 2219 950 2271 animo:
977 2216 1129 2271 salva:
1156 2217 1306 2287 facta:
1335 2225 1450 2270 sunt
1478 2215 1530 2269 in
1579 2230 1703 2271 arca
1728 2213 1778 2286 (I
1823 2213 1966 2268 Petr.
2000 2230 2080 2278 ιιι,

530 2309 640 2375 20).
688 2307 818 2363 Octo
852 2308 1283 2379 beatitudinibus
1302 2302 1574 2365 salvantur
1604 2306 1796 2361 animae
1823 2305 2003 2361 ﬁdeles
2032 2306 2084 2359 in

533 2399 767 2453 Ecclesia
795 2398 1004 2469 (Matth.
1035 2413 1085 2460 v,
1114 2396 1147 2453 3
1170 2396 1318 2467 αφ).

601 2508 800 2564 Octavo
846 2510 929 2563 die
976 2508 1029 2562 in
1064 2507 1256 2577 populo
1303 2507 1442 2579 [Dei]
1486 2505 1944 2563 circumcidendus
1987 2506 2079 2561 fuit

536 2599 751 2671 [cunnis]
798 2598 1061 2654 masculus
1104 2613 1236 2666 puer
1282 2598 1460 2668 (ιευὶι.
1512 2615 1607 2661 xu,
1656 2598 1729 2669 5).
1776 2598 1972 2653 Octavo
2001 2597 2084 2651 die

534 2688 877 2767 circumcisus
905 2695 985 2741 est
1004 2685 1249 2741 Christus
1282 2684 1428 2755 (Luc.
1457 2701 1514 2749 ιι,
1539 2684 1648 2755 21),
1679 2699 1775 2753 per
1805 2683 1954 2751 cujus
1982 2684 2085 2737 (ιιι-ι

532 2780 911 2836 cumcisionem
937 2785 1059 2831 octo
1092 2776 1404 2845 principalia
1434 2776 1563 2828 vitia
1598 2777 1959 2829 destruuntur.

606 2865 841 2935 Septima
871 2865 957 2919 die
998 2863 1259 2931 requievit
1300 2862 1439 2915 Deus
1460 2863 1527 2915 ab
1565 2860 1810 2916 omnibus
1837 2860 2086 2927 operibus

533 2957 647 3013 suis
674 2956 823 3027 (Gen.
851 2972 913 3020 ιι,
933 2955 1009 3027 2).
1048 2954 1284 3023 Septima
1309 2959 1463 3007 astate
1490 2951 1828 3020 requiescunt
1857 2950 2024 3003 sancti
2054 2964 2083 3002 a

537 3048 809 3103 laboribus
832 3044 988 3114 hujus
1017 3044 1216 3100 surculi.

610 3158 812 3229 Septem
855 3155 1117 3210 columnas
1151 3155 1339 3208 excidit
1382 3155 1641 3230 sapiemiq
1670 3153 1735 3207 ad
1774 3160 2086 3206 construen-

540 3246 660 3301 dam
690 3245 791 3300 sibi
824 3245 1037 3301 domum
1064 3243 1239 3314 (Prov.
1277 3258 1349 3306 ix,
1385 3242 1453 3313 l).
1486 3242 1699 3309 Septem
1738 3241 1890 3296 donis
1919 3241 2085 3295 sancti

540 3334 769 3405 Spiritus
814 3334 1056 3389 Christus
1104 3334 1317 3390 domum
1356 3348 1528 3396 suam,
1559 3331 1612 3386 id
1661 3339 1743 3405 est
1770 3330 2086 3397 Ecclesiain,

541 3424 895 3479 conﬁrmavit.
1526 3422 1528 3425 ’
1652 3412 1653 3417 “
1709 3402 1716 3413 ’

612 3515 715 3569 Sex
740 3514 924 3569 diebus
946 3512 1076 3568 fecit
1103 3513 1241 3568 Deus
1267 3510 1457 3566 ccelum
1488 3521 1541 3566 et
1568 3521 1760 3566 terram
1779 3554 1792 3576 ,
1821 3521 1873 3566 et
1911 3513 2089 3567 omnia

542 3617 659 3671 qua:
688 3604 741 3656 in
766 3603 843 3656 eis
890 3610 1032 3656 sunt.
1070 3600 1173 3656 Sex
1199 3601 1443 3655 mtatibus
1482 3601 1660 3655 omnia
1687 3611 1907 3655 currunt
1934 3585 2091 3671 hujus

542 3693 721 3750 saeculi
754 3704 1010 3761 tempora.

613 3779 773 3836 Sexta
799 3781 882 3835 die
908 3788 1115 3835 creatus
1146 3788 1227 3836 est
1264 3781 1420 3834 homo
1446 3780 1511 3834 de
1556 3770 1890 3833 immaculata
1925 3787 2085 3831 terra.

546 3870 708 3927 Sexta
730 3880 885 3926 (etate
910 3870 1074 3927 Filius
1101 3870 1193 3927 Dei
1226 3870 1289 3925 de
1318 3868 1653 3925 immaculata
1684 3869 1897 3936 Virgine
1920 3866 2091 3921 factus

546 3972 626 4019 est
648 3964 827 4017 homo.
1742 3988 1751 3997 ε
1900 3964 1903 3965 ⁷

528 4104 529 4107 η
612 4051 669 4104 ln
697 4052 929 4119 quinque
963 4050 1111 4105 libris
1150 4049 1438 4104 Israelitico
1478 4048 1669 4118 pepulo
1700 4048 1905 4117 Moyses
1951 4048 2091 4100 dedit

544 4149 804 4210 pnecepta
834 4140 1059 4194 vivendi.
1090 4140 1329 4207 Quinque
1355 4139 1552 4193 talenta
1577 4138 1818 4192 Christus
1841 4139 1907 4191 ad
1931 4137 2092 4191 cmlos

546 4231 756 4285 rediens
785 4230 920 4313 ﬁdeli
952 4230 1165 4313 tradidit
1188 4244 1339 4284 servo
1372 4228 1579 4301 (Matth.
1609 4245 1733 4293 xxv,
1762 4226 1870 4299 15).

617 4341 773 4411 215
810 4339 1045 4406 Quatuor
1071 4340 1135 4397 de
1173 4357 1275 4396 uno
1312 4342 1544 4412 paradisi
1587 4342 1727 4396 fonte
1766 4326 1832 4396 ad
1869 4343 2105 4413 irrigan-

548 4431 668 4486 dam
695 4430 960 4500 proﬂuunt
986 4431 1197 4489 ﬁumina
1227 4442 1423 4488 terram
1453 4433 1602 4505 (Cen.
1632 4450 1691 4496 ιι,
1722 4432 1827 4501 10).
1859 4432 2096 4497 Quatuor

2179 2000 2320 2053 tibus
2349 1996 2713 2067 peccatoribus
2742 1995 3014 2048 salvantur
3040 1990 3240 2045 ﬁdeles.
3316 1992 3327 2001 "

2252 2085 2401 2147 Unus
2424 2081 2523 2138 fuit
2548 2082 2803 2137 transitus
2830 2079 3103 2134 lsraelitici
3132 2076 3305 2146 pepuli
3335 2090 3430 2145 per
3460 2073 3602 2126 Mare
3630 2070 3737 2124 Ru-

2180 2179 2331 2231 brum
2351 2217 2364 2241 ,
2395 2185 2454 2229 ut
2480 2175 2797 2245 promissam
2826 2172 3120 2239 acciperent
3152 2176 3349 2221 terram
3379 2163 3571 2234 (Exod.
3603 2161 3732 2228 xiv).

2182 2265 2353 2320 Unum
2393 2276 2465 2318 est
2501 2256 2777 2333 baptisma,
2816 2275 2913 2330 per
2952 2258 3093 2328 quod
3132 2253 3510 2310 transeundum
3552 2259 3633 2306 est
3672 2248 3736 2303 ad

2182 2360 2345 2412 vitam
2369 2366 2621 2411 :eternam
2654 2353 2863 2425 (Ep/tes.
2892 2364 2968 2415 iv,
2997 2348 3072 2420 5).

2633 2478 2656 2504 ι
2698 2460 3025 2517 EPISTOLA
3062 2460 3090 2499 ιι
3127 2458 3297 2513 CCIV.

2740 2569 2807 2606 AD
2848 2564 3184 2605 ιἰιιῡυειευιι.

2538 2644 2614 2697 De
2639 2644 2801 2696 tribus
2826 2640 3092 2711 generibus
3120 2638 3389 2690 visionum.

2253 2738 2376 2794 Tria
2390 2745 2526 2792 sunt
2546 2749 2739 2806 genera
2761 2732 3023 2786 visionum
3048 2748 3061 2781 :
3086 2742 3251 2782 unum
3277 2722 3571 2794 corporale,
3600 2720 3741 2775 aliud

2182 2827 2487 2899 spirituale,
2521 2825 2735 2879 tertium
2765 2818 3136 2876 intellectuale.
3168 2812 3451 2885 Corporale
3485 2820 3567 2866 est
3604 2810 3742 2881 quod

2183 2898 2452 2984 corporeis
2481 2912 2649 2966 oculis
2678 2911 2885 2964 videtur
2915 2906 3065 2979 [ϐοά.
3094 2906 3231 2969 Sal.,
3260 2905 3441 2966 videre
3467 2898 3739 2970 Solemus).

2185 3001 2468 3074 Spirituale
2492 3008 2575 3056 est
2599 2999 2759 3068 quod,
2790 3006 2994 3052 remota
3018 2993 3277 3065 corporali
3306 2994 3527 3055 visione,
3560 2991 3613 3044 in
3638 2990 3743 3059 spi-

2184 3098 2284 3148 ritu
2334 3093 2446 3146 solo
2488 3106 2584 3160 per
2629 3089 3061 3159 imaginationem
3106 3084 3391 3154 quamdam
3436 3082 3739 3144 cernimus,

2112 3216 2158 3279 ο
2189 3185 2322 3237 sicut
2337 3197 2455 3235 cum
2479 3178 2614 3234 forte
2638 3176 2894 3248 quidlibet
2920 3176 3155 3245 ignotum
3180 3170 3347 3225 oculis
3370 3168 3740 3240 perspicimus,

2188 3273 2366 3331 statim
2392 3271 2507 3342 ejus
2537 3270 2610 3325 rei
2640 3270 2815 3339 imago
2842 3267 3101 3322 formatur
3138 3262 3414 3341 in.spiritu
3433 3302 3446 3325 ,
3478 3259 3570 3315 sed
3597 3258 3745 3328 prius

2188 3385 2292 3424 non
2328 3372 2547 3438 apparet
2583 3364 2671 3417 illa
2701 3360 2991 3433 spiritualis
3021 3356 3325 3427 imaginatio
3364 3368 3523 3424 quam
3561 3364 3746 3419 corpo-

2188 3457 2315 3512 ralis
2360 3437 2519 3508 allata
2563 3453 2633 3505 sit
2678 3450 2904 3514 intuitio.
2944 3443 3299 3501 lntellcctuale
3338 3452 3419 3496 est
3456 3439 3595 3509 quod
3634 3437 3745 3491 sola

2188 3546 2378 3599 mentis
2403 3542 2684 3597 vivacitate
2710 3536 3129 3599 consideramus,
3156 3533 3317 3587 veluti
3346 3546 3464 3585 cum
3492 3529 3744 3597 scripturn

2187 3634 2408 3686 legimus
2462 3650 2475 3685 :

2189 3674 2398 3792 (.d’attli.
2449 3734 2561 3783 xxx,
2610 3674 2716 3785 lli).
2768 3674 2980 3769 {mem
3021 3721 3197 3764 autem
3241 3707 3500 3777 corporali
3547 3706 3746 3758 visione

2186 3812 2451 3882 leguntur,
2482 3817 2536 3863 et
2563 3807 2836 3877 proximus
2866 3801 3123 3873 spirituali
3152 3798 3525 3867 imaginatione
3571 3810 3743 3848 reme—

2189 3908 2446 3962 moratur,
2478 3905 2532 3950 et
2559 3896 2768 3950 dilectio
2798 3893 2909 3947 sola
2938 3890 3131 3945 mentis
3158 3886 3516 3957 intelligentia.

2256 3990 2493 4045 Primum
2541 3995 2717 4041 autem
2765 4000 2929 4055 genus
2959 3970 3196 4036 visionis
3241 3978 3485 4033 omnibus
3532 3975 3745 4031 notissi-

2192 4099 2335 4136 mum
2389 4091 2490 4135 est.
2554 4078 2857 4133 Secundum
2916 4091 3063 4144 mque
3116 4071 3359 4128 omnibus
3416 4076 3745 4124 consuetum.

2192 4170 2429 4223 Tertium
2469 4183 2497 4221 a
2527 4168 2789 4237 plerisque
2818 4166 3135 4234 ignoratum,
3168 4162 3291 4232 quia
3320 4162 3747 4215 discernere-ne-

2192 4266 2410 4331 queunt,
2438 4257 2565 4329 quid
2606 4258 2674 4311 sit
2715 4254 3008 4325 spirituale,
3049 4253 3173 4322 quid
3213 4249 3559 4306 intellectuale
3590 4267 3601 4301 :
3633 4264 3748 4317 qua:

2195 4353 2297 4407 duo
2350 4348 2632 4421 Apostolus
2686 4362 2792 4399 una
2851 4345 3111 4400 sententia
3164 4349 3214 4397 et
3278 4341 3379 4395 hac
3438 4337 3746 4392 brevissima

2197 4442 2392 4511 optime
2431 4437 2684 4493 discrevit
2729 4454 2741 4487 :
2792 4434 2963 4487 Orubo
3002 4434 3203 4502 spiritu,
3255 4430 3409 4483 orabo
3452 4438 3499 4480 et
3536 4436 3698 4479 mente
3728 4442 3746 4478 :

549 4518 829 4607 Evangelia
858 4519 922 4574 de
960 4535 1061 4574 uno
1094 4520 1256 4583 fonte,
1287 4524 1374 4590 qui
1403 4531 1485 4575 est
1513 4522 1771 4583 Christus,
1803 4522 2097 4589 procedunt
2126 4549 2171 4607 ο
2194 4550 2236 4602 ρ]

2055 4530 2097 4573 ιι
2126 4549 2171 4607 ο
2194 4530 2412 4602 psallam
2458 4528 2660 4596 spiritu,
2709 4522 2928 4593 psallunt
2971 4532 3016 4574 et
3061 4530 3222 4573 mente
3252 4518 3315 4589 (I
3346 4517 3462 4570 Cor.
3493 4532 3602 4579 xrv,
3632 4516 3742 4581 15).

551 4607 617 4661 ad
652 4606 916 4677 irriganda
947 4608 1104 4662 corda
1142 4609 1315 4675 arida,
1349 4616 1405 4663 ut
1438 4610 1691 4663 virtutum
1724 4608 1938 4662 ﬁoribus
1973 4623 2093 4662 ver-

551 4707 695 4754 nent.

619 4811 853 4879 Quatuor
904 4820 1039 4866 sunt'
1071 4811 1363 4877 elementa,
1412 4811 1603 4881 quibus
1653 4808 1833 4862 mundi
1881 4816 2098 4862 ornatus

551 4903 781 4955 maxime
817 4910 1040 4955 constat.
1077 4886 1313 4968 Quatuor
1348 4910 1469 4955 sunt
1496 4901 1738 4965 virtutes,
1774 4900 1964 4971 quibus
2002 4901 2098 4954 mi-

553 5005 652 5049 nor
679 4990 925 5053 mundus,
956 4990 1006 5043 id
1035 4999 1139 5063 est,
1167 4992 1323 5044 homo
1348 4992 1527 5045 ornari
1556 4991 1729 5044 debet.

624 5078 813 5135 Tribus
848 5078 1013 5133 modis
1042 5079 1208 5133 Adam
1246 5086 1475 5133 tentatus
1504 5091 1606 5143 est,
1637 5089 1690 5133 et
1717 5090 2027 5149 superatus,
2047 5081 2097 5135 id

555 5175 667 5232 est,
714 5166 853 5237 gula,
892 5166 1146 5236 jactantia
1184 5174 1239 5220 et
1282 5167 1520 5219 avaritia.
1570 5166 1760 5220 Tribus
1807 5169 1889 5221 bis
1932 5170 2100 5223 modis

557 5256 817 5326 (iterum)
862 5257 1102 5312 Christus
1150 5264 1378 5310 tentatus
1422 5266 1535 5321 est,
1583 5265 1639 5310 et
1680 5257 1805 5311 vicit
1850 5258 2099 5311 victorem

554 5343 681 5398 Αιιίε
704 5344 908 5414 (Matth.
939 5347 1033 5416 IV).

628 5434 791 5489 Totus
834 5436 979 5491 orbis
1023 5438 1074 5491 in
1124 5445 1232 5491 tres
1276 5436 1527 5491 dividitur
1567 5446 1767 5508 partes,
1812 5438 2097 5509 Europam,

556 5520 819 5589 Africam,
860 5522 1037 5579 Asiam
1078 5518 1262 5597 [Codd.
1299 5542 1417 5589 mm,
1457 5532 1511 5578 et
1541 5525 1783 5597 lndiam].
1820 5529 1876 5581 in
1914 5527 2101 5597 quibus

632 5685 655 5747 fl
692 5673 923 5747 lianeet
946 5675 1185 5747 priorem
1198 5676 1722 5747 epistolamedimus
1754 5687 1876 5747 post
1906 5680 2100 5732 Lucam

562 5740 803 5798 d’Acheri
830 5740 969 5815 Spie.
998 5753 1124 5799 tom.
1151 5740 1253 5823 ll];
1276 5762 1393 5801 nov.
1424 5746 1558 5801 Edit.
1586 5761 1702 5816 pag.
1729 5740 1852 5814 3‘22,
1881 5764 1945 5803 ex
1975 5748 2101 5801 duo-

2199 4619 2453 4688 Spiritum
2480 4614 2713 4668 occultas
2749 4609 3175 4680 signiﬁcationes,
3206 4622 3321 4675 qua:
3349 4614 3468 4658 sunt
3504 4605 3556 4657 in
3597 4603 3744 4658 Scri-

2196 4709 2365 4779 pturis
2392 4704 2607 4767 sanctis,
2639 4700 2955 4763 nominavit;
2986 4707 3039 4751 et
3062 4706 3289 4751 mentem
3320 4692 3628 4748 manifestas
3652 4693 3747 4746 ha-

2196 4814 2313 4852 rum
2351 4794 2719 4865 intelligentias
2752 4790 3049 4861 appellavit.
3089 4788 3248 4859 216
3276 4782 3458 4840 Voluit
3483 4786 3621 4840 enim
3650 4799 3746 4839 nos

2196 4906 2317 4944 cum
2352 4886 2691 4957 intelligentia
2719 4898 2901 4938 eorum
2939 4895 3053 4949 qua:
3088 4880 3331 4941 dicimus,
3370 4877 3452 4930 vel
3484 4882 3638 4930 orare
3665 4879 3747 4931 vel

2190 4980 2441 5051 psallere.
2469 4978 2615 5033 Unde
2638 4985 2691 5029 et
2712 4977 2763 5029 in
2791 4975 2891 5027 alio
2913 4974 3027 5027 loco
3049 4971 3209 5025 dicit:
3236 4968 3293 5024 Si
3316 4985 3523 5022 orarem
3546 4968 3741 5035 lingua,

2197 5073 2406 5141 spiritus
2427 5084 2566 5122 meus
2589 5054 2721 5129 orat,
2742 5082 2880 5119 mens
2906 5081 3017 5116 mea
3038 5061 3335 5141 sinc‘fructu
3357 5067 3429 5110 est
3452 5056 3609 5125 (Ibid.
3636 5058 3740 5125 14).

2198 5138 2293 5216 llic
2314 5169 2488 5214 autem
2512 5158 2687 5227 lingua
2708 5156 2957 5209 obscuras
2986 5162 3039 5205 et
3062 5138 3311 5220 mySticas
3338 5148 3745 5216 signiﬁcationes

2197 5266 2314 5323 qua:
2361 5251 2533 5306 solent
2578 5246 2939 5300 tantummodo
2985 5245 3169 5311 spiritu
3219 5239 3361 5292 cerni
3412 5238 3741 5308 designavit,

2200 5358 2423 5414 quarum
2468 5342 2512 5394 si
2560 5338 2955 5408 intelligentiam
3000 5337 3322 5409 ignoramus,
3371 5346 3519 5385 mens
3563 5344 3744 5387 nostra

2198 5434 2519 5486 infructuosa
2548 5437 2803 5481 remanet.

2268 5523 2390 5576 H.ec
2414 5534 2621 5587 quoque
2648 5520 2751 5574 duo
2788 5532 2981 5587 genera
3015 5515 3273 5571 visionum
3313 5513 3365 5565 in
3390 5511 3665 5567 Pharaone
3694 5522 3747 5566 et

2198 5669 2296 5725 bus
2337 5684 2463 5723 mss.
2505 5670 2659 5724 codd.
2704 5668 3005 5723 monasterii
3048 5666 3104 5721 S.
3150 5664 3499 5729 Emmerami,
3542 5672 3595 5719 ct
3641 5676 3744 5716 uno

2202 5740 2609 5807 Salisburgensi.

2272 5810 2298 5849 ι)
2336 5804 2484 5875 Apud
2515 5807 2735 5863 Froben.
2769 5806 2919 5874 epist.
2956 5804 3065 5860 153.

2532 3630 2726 3699 Diliges
2773 3628 3062 3697 proximum
3117 3633 3260 3675 tuum
3306 3622 3435 3674 sicut
3482 3628 3531 3671 te
3581 3618 3743 3686 ipsum
3830 3680 3831 3687 γ
