4272 6208
552 407 655 461 479

1396 406 1449 457 Β.
1496 406 1552 459 F.
1594 407 1817 461 ALBINI
1868 408 1996 463 εει]
2038 404 2309 461 ALCL‘INI
2362 403 2641 462 OPERUM
2679 404 2855 461 PARS
2890 408 2928 461 1.

3675 409 3781 469 ‘80

548 516 742 585 Ioseph
786 516 1101 572 mirabiliter
1127 517 1523 587 distinguuntur
1546 517 1695 588 (Cen.
1723 518 1856 589 xu).
1878 518 1954 572 llli
1978 519 2121 574 enim
2152 522 2198 577 Δ
2224 515 2482 569 ambabus
2507 496 3006 571 accusationibusiu
3036 516 3174 573 illius
3198 517 3533 583 sanctissima
3554 529 3797 592 prtesen-i

552 608 603 660 iu
627 607 817 676 spiritu
859 606 1037 676 futura
1063 607 1502 671 ostendebantur,
1536 609 1623 662 isti
1650 609 1698 661 in
1730 618 1906 663 mente
1932 597 2124 663 horum

552 699 805 752 revelatio
836 698 992 753 facta.
1024 698 1169 753 Illius
1197 700 1417 768 spiritus
1443 698 1763 753 informatus
1786 709 1867 753 cst
1895 708 1952 753 ut
1978 700 2127 754 vide-

552 796 654 851 ret,
684 788 837 842 istius
864 804 1014 843 mens
1041 788 1338 843 illuminata
1366 796 1449 843 est
1474 798 1535 843 ut
1557 790 1892 860 intelligeret.
1926 790 2125 845 Simili-

551 889 634 934 ter
656 889 710 934 et
738 879 971 934 Dauielis
998 872 1325 950 excellentia
1341 888 1542 935 tentata
1570 892 1653 934 est
1673 890 1728 934 et
1756 882 2001 949 probata,
2031 881 2125 950 qui

498 980 503 985 ‘
549 980 603 1022 et
650 969 914 1030 somnium
960 968 1281 1031 futurarum,
1325 968 1467 1037 quod
1510 984 1605 1021 rex
1652 968 1867 1021 videbat
1910 969 2121 1038 spiritu,

550 1058 847 1123 intellexit,
902 1056 1123 1126 ejusque
1178 1058 1674 1127 interpretationem
1728 1060 1839 1129 regi
1892 1058 2127 1113 ostendit

549 1148 711 1215 (Dan.
753 1163 791 1201 ιι
832 1156 879 1200 et
920 1146 1015 1218 tv).
1065 1146 1188 1200 Ideo
1232 1148 1402 1217 magis
1446 1147 1531 1201 ille
1582 1146 1683 1200 fuit
1723 1148 1984 1217 propheta
2030 1149 2123 1217 qui

548 1244 726 1292 mente
754 1236 1031 1301 intellexit,
1059 1252 1221 1307 quam
1250 1252 1345 1292 rex
1376 1239 1467 1308 qui
1492 1239 1683 1309 spiritu
1708 1240 1982 1294 cernebat.
2016 1240 2123 1294 Sed

548 1328 661 1381 hmc
702 1327 803 1381 tria
843 1343 1051 1397 quoque
1088 1342 1283 1397 genera
1312 1329 1577 1382 visionum
1608 1329 1662 1382 in
1701 1328 1790 1381 illa
1821 1327 2120 1398 Scriptura,

546 1433 666 1485 qua:
709 1432 892 1471 coram
934 1431 1057 1486 rege
1096 1417 1382 1470 Baltbazar
1423 1417 1477 1471 in
1524 1417 1729 1486 pariete
1766 1425 1852 1472 est
1888 1417 2119 1486 depicta,

462 1542 465 1545 -
544 1506 900 1559 ostenduntur
924 1505 1084 1575 (Dan.
1107 1503 1183 1577 v).
1216 1504 1351 1559 Nam
1371 1506 1634 1576 corporali
1659 1506 1861 1561 visione
1892 1522 1984 1561 rex
2008 1523 2123 1561 cer-

547 1594 711 1649 nebat
738 1594 789 1648 in
820 1595 1025 1665 pariete
1048 1594 1255 1648 litteras
1282 1595 1628 1665 perscriptas,
1657 1596 1808 1665 cujus
1840 1611 1939 1650 nec
1968 1597 2125 1665 spiri-

520 1693 635 1739 .tus
665 1684 982 1741 informatus
1009 1685 1127 1752 fuit,
1156 1694 1215 1739 ut
1241 1701 1357 1750 eas,
1395 1685 1522 1742 licet
1555 1687 1784 1752 videret,
1814 1686 1991 1758 legere
2029 1704 2123 1759 po-

549 1779 768 1841 tuisset;
802 1792 901 1833 nec
927 1791 1078 1831 mens
1105 1776 1397 1831 illuminata
1420 1777 1713 1847 intelligere
1741 1793 1855 1833 eas.
1882 1779 2125 1833 Accessit

2226 604 2297 656 tia
2326 604 2626 675 diiudicari,
2654 604 2698 657 si
2724 620 2829 658 non
2867 604 3313 662 confunderemur
3340 609 3406 665 de
3444 609 3787 668 dissensionis

2223 701 2368 747 nota.
2393 692 2542 759 Quod
2564 709 2693 747 vero
2722 701 2772 749 te
2798 695 3066 751 nesciente
3092 698 3339 769 perrexi,
3370 700 3660 756 necessitas
3683 701 3787 757 hoc

2222 779 2370 845 fecit,
2398 797 2501 836 non
2533 782 2796 836 voluntas.
3782 798 3785 799 '

2291 871 2450 942 217
2490 871 2665 937 Quare
2706 872 2900 927 oblitus
2926 872 3093 941 fuisti,
3135 874 3206 930 ﬁli
3246 870 3340 941 mi,
3374 878 3639 947 quomodo
3666 892 3786 935 cum

2220 961 2473 1033 lacrymis
2512 972 2567 1017 et
2610 963 2861 1018 inclinata
2890 965 3103 1034 cervice
3126 975 3177 1021 te
3212 982 3308 1037 pro
3331 983 3462 1038 pace
3489 976 3545 1022 et
3570 984 3789 1024 concor-

2221 1054 2329 1117 dia,
2358 1068 2455 1123 pro
2480 1053 2679 1128 Christi
2708 1070 2890 1109 amore
2925 1063 3174 1126 precatus
3210 1048 3351 1123 sum,
3389 1058 3542 1128 cujus
3578 1056 3790 1114 debitor

2221 1158 2279 1196 es
2320 1142 2466 1196 omni
2503 1126 2725 1209 homini,
2764 1143 2925 1197 etiam
2968 1159 3073 1198 non
3112 1141 3347 1214 rogatus.
3380 1126 3525 1201 Etsi
3565 1145 3788 1200 fratrem

2224 1243 2370 1289 tuum
2395 1235 2729 1301 occidissem,
2759 1236 2943 1306 utique
2964 1234 3035 1291 ob
3060 1235 3258 1291 Christi
3287 1245 3608 1306 prmceptum
3634 1224 3787 1307 igno-

2221 1336 2373 1376 scere
2403 1322 2677 1378 debuisses
2716 1342 2729 1377 :
2770 1318 2972 1394 quanto
3000 1325 3189 1394 magis,
3218 1325 3344 1379 dum
3374 1324 3502 1379 nihil
3528 1325 3575 1380 ei
3606 1325 3786 1391 nocui,

2222 1410 2316 1463 sed
2341 1411 2557 1465 omnino
2576 1400 2835 1467 benefeci.
2860 1412 2927 1465 Et
2949 1412 3019 1467 ob
3046 1414 3147 1467 hoc
3174 1412 3508 1467 benefactum
3534 1414 3588 1467 in
3616 1412 3786 1478 illum,

2223 1500 2469 1554 inimicus
2510 1499 2681 1554 factus
2708 1500 2767 1556 es
2806 1500 2978 1555 amico
3009 1508 3118 1555 tuo.
3159 1499 3269 1555 Nec
3305 1501 3399 1556 tibi
3435 1501 3553 1570 plus
3586 1509 3690 1568 est,
3732 1503 3792 1581 in

2223 1589 2623 1660 regeneratione
2646 1590 2817 1645 sancti
2855 1590 3105 1661 Spiritus,
3148 1591 3331 1646 fratris
3369 1589 3571 1662 [Forte,
3597 1578 3793 1662 frater)

2222 1690 2383 1747 quam
2411 1677 2560 1732 mihi.
2587 1673 2653 1731 Et
2680 1678 2725 1732 si
2755 1678 2805 1732 in
2827 1676 2999 1749 prima
3028 1675 3313 1734 mansisset
3336 1677 3695 1749 generatione,
3718 1695 3787 1741 ex

2222 1782 2327 1835 qua
2350 1774 2468 1820 orta
2490 1775 2573 1820 est
2597 1766 2861 1821 discordia
2892 1769 3029 1822 inter
3057 1768 3401 1823 charissimas
3424 1782 3710 1838 personas;
3732 1773 3789 1824 et

550 1879 805 1929 autemet
826 1871 1106 1939 propheta,
1131 1869 1220 1938 qui
1244 1878 1529 1938 utrumque
1554 1879 1608 1923 et
1634 1871 1685 1922 in
1717 1871 1902 1939 spiritu
1928 1870 2118 1923 obscu-
2146 1854 2193 1914 Β
2219 1858 2271 1911 in
2296 1873 2398 1926 qua
2421 1857 2537 1926 Plus
2566 1857 2711 1911 ίυυω
2739 1872 2889 1912 amas
2922 1874 3083 1928 quam
3109 1874 3215 1924 me:
3246 1874 3345 1915 nec
3381 1858 3475 1913 tibi
3515 1874 3616 1914 nec
3652 1857 3785 1917 mihi
3866 1898 3867 1901 η

548 1960 1073 2028 ritatem‘scripturae
1110 1948 1436 2028 pcrlegebat,
1480 1966 1535 2012 et
1568 1960 1979 2014 obscurissimas
2007 1961 2121 2029 ejus

547 2052 960 2122 significationes
988 2052 1181 2105 mentis
1211 2052 1495 2104 vivacitate
1523 2050 1801 2105 intellexit.
1839 2051 1961 2105 Hazc
2001 2052 2118 2113 tibi,

548 2144 862 2197 eharissime
893 2141 963 2196 fili
996 2154 1020 2181 ι
1053 2141 1371 2212 Fridugilse,
1413 2143 1576 2195 citato
1615 2155 1863 2196 sermone
1901 2142 2118 2206 dictavi,

547 2250 613 2288 ne
655 2237 871 2304 ignarus
910 2234 1065 2303 hujus
1093 2233 1375 2303 tripartita:
1412 2235 1639 2289 rationis
1668 2251 1835 2299 esses,
1862 2251 1980 2305 qua:
2007 2251 2121 2291 om-

547 2327 703 2380 nibus
732 2327 925 2381 usitata
954 2335 1056 2390 est,
1084 2326 1178 2380 sed
1206 2341 1236 2379 a
1267 2328 1450 2395 paucis
1478 2327 1744 2381 intellecta
1771 2328 1819 2379 ιι.

1005 2450 1027 2478 ε
1067 2438 1395 2494 EPISTOLA
1434 2439 1459 2478 ά
1501 2439 1651 2495 CCV.

968 2544 1033 2581 AD
1071 2544 1319 2591 QUEUDAI
1362 2545 1693 2585 οιεειιιυιυιί.

548 2617 772 2672 Causam
812 2618 1142 2672 dissensionis
1183 2636 1213 2670 a
1253 2636 1306 2672 se
1347 2620 1611 2683 amolitur,
1652 2629 1699 2674 et
1739 2622 1792 2674 in
1836 2623 2119 2676 amicitiam

1123 2688 1229 2741 redi
1237 2706 1288 2741 rc
1316 2690 1560 2759 postulat.

615 2776 945 2830 Charissimo
975 2777 1027 2829 in
1055 2776 1254 2830 Christi
1286 2777 1545 2832 eharitate
1576 2778 1681 2833 lilio
1709 2780 1953 2834 salutem.

619 2866 852 2923 Obsecro
888 2875 946 2919 ut
988 2865 1155 2920 solita:
1191 2868 1405 2935 pietatis
1438 2867 1718 2922 dilectione
1759 2869 1857 2923 has
1886 2879 2121 2940 paterna:

547 2957 843 3010 devotionis
881 2955 1139 3011 litterulas
1168 2956 1340 3027 legere
1366 2958 1618 3025 digneris.
1640 2942 1790 3021 Cur,
1817 2960 2121 3014 dulcissime

551 3048 655 3115 fili,
685 3042 1060 3101 contumeliam
1099 3046 1448 3101 dissensionis
1476 3055 1673 3101 nostra:
1705 3048 1755 3100 in
1785 3063 1944 3101 aures
1971 3049 2120 3117 pala-

549 3143 689 3213 tinas
718 3141 926 3197 mittere
943 3138 1344 3199 voluisti?Ecce
1374 3139 1442 3193 ibi
1462 3148 1618 3194 sonat
1642 3157 1655 3194 :
1682 3158 1699 3190 ι
1724 3140 1857 3206 Quid
1885 3155 1979 3193 nos
1998 3157 2119 3211 spe-

552 3249 675 3287 rare
718 3232 975 3287 debemus
1018 3232 1083 3285 de
1134 3230 1342 3284 illorum
1389 3232 1646 3294 amicitia,
1693 3232 1781 3300 qui
1836 3246 1935 3285 nec
1986 3233 2123 3285 inter

550 3323 754 3389 seipsos
785 3321 943 3376 fidem
976 3321 1054 3374 vel
1101 3320 1444 3374 concordiam
1494 3336 1711 3374 servare
1742 3323 2068 3389 potuerunt?
2100 3341 2117 3373 ι

551 3412 719 3481 Magis
758 3411 872 3466 hare
898 3419 1074 3481 potest
1097 3424 1215 3464 esse
1246 3408 1488 3464 confusio
1528 3420 1687 3479 quam
1734 3410 1989 3475 laudatio,
2034 3411 2127 3465 dc-

549 3506 785 3574 speratio
825 3504 944 3558 fidei
986 3511 1181 3558 nostra
1221 3518 1382 3571 quam
1422 3499 1966 3562 confirmatiocausre
2001 3510 2121 3557 tute.

555 3596 620 3648 lit
646 3609 749 3663 qua
782 3594 953 3646 fronte
983 3592 1375 3661 reprehendere
1405 3594 1605 3661 poteris
1630 3608 1753 3647 eum
1778 3608 1936 3661 quem
1970 3594 2126 3647 toties

552 3684 772 3737 laudare
800 3681 1042 3737 solebas?
1064 3680 1185 3734 Scio
1206 3680 1347 3750 quod
1380 3674 1470 3735 tibi
1498 3680 1575 3734 ira
1602 3689 1691 3736 tua
1711 3680 1856 3750 justa
1884 3683 2121 3744 videtur;

553 3775 675 3843 quia
702 3773 814 3828 btec
852 3782 937 3829 est
976 3780 1167 3827 natura
1212 3774 1430 3826 humani
1473 3772 1687 3837 furoris,
1719 3783 1778 3827 ut
1804 3774 1937 3838 haec,
1968 3776 2120 3843 quid-
2200 3816 2203 3833 .

552 3866 678 3934 ηἰί]
709 3865 817 3934 agit
842 3864 925 3918 vel
954 3864 1101 3927 dicit,
1130 3862 1332 3931 justum
1361 3862 1460 3917 sibi
1490 3878 1607 3918 esse
1637 3863 1897 3919 videatur.
1931 3865 2126 3921 Irasci-

555 3955 682 4008 mini
704 3964 751 4007 et
776 3952 931 4007 nolite
956 3969 1168 4024 peccare
1193 3953 1362 4023 (Psal.
1396 3969 1469 4018 tv,
1500 3953 1579 4018 5),
1608 3955 1657 4008 id
1684 3964 1786 4020 est,
1815 3957 1977 4012 nolite
2004 3974 2128 4027 per-

555 4060 773 4101 manere
803 4045 854 4098 in
884 4044 985 4097 ira.
1009 4044 1285 4099 Concessit
1308 4044 1450 4113 quod
1476 4054 1679 4098 naturte
1706 4054 1817 4110 est;
1846 4047 1965 4101 tulit
1983 4048 2125 4117 quod

554 4136 721 4206 culpa:
748 4144 846 4191 est.
891 4135 1093 4190 lfcirco
1125 4144 1179 4189 et
1209 4134 1493 4205 Apostolus
1521 4135 1597 4189 ait
1624 4154 1636 4189 :
1670 4134 1764 4190 Sol
1792 4154 1894 4192 non
1924 4138 2125 4194 occidat

552 4242 709 4295 super
746 4225 1073 4279 iracundiam
1109 4235 1326 4279 vestram
1354 4223 1567 4294 (Ephes.
1593 4242 1668 4289 tv,
1690 4225 1801 4295 9.6).
1836 4227 1986 4296 Smpe
2011 4243 2123 4282 me-

554 4317 655 4371 lior
680 4325 761 4371 est
786 4315 1033 4370 defensor
1057 4332 1217 4385 quam
1240 4324 1547 4374 accusator;
1574 4318 1699 4385 quia
1728 4318 1815 4372 ille
1842 4318 1908 4371 ad
1936 4334 2123 4388 pacem

555 4405 808 4469 defendit,
856 4406 956 4460 iste
1002 4406 1070 4458 ad
1115 4406 1434 4461 discordiam
1474 4415 1710 4463 accusat.
1756 4408 1865 4463 Nec
1906 4410 1958 4464 in
2006 4426 2125 4465 mea

555 4496 737 4551 diflido
778 4511 970 4560 causa,
1030 4498 1152 4551 licet
1204 4498 1254 4551 in
1308 4499 1587 4568 praesentia
1637 4500 1777 4569 regis
1822 4501 2120 4555 ventiletur.

556 4584 731 4640 Testis
769 4593 853 4639 est
892 4586 1021 4639 mihi
1070 4587 1267 4638 renium
1308 4596 1567 4639 scrutator
1609 4587 1799 4656 (Psal.
1852 4606 1948 4655 vn,
1994 4592 2123 4662 10),

556 4689 715 4743 quam
744 4671 967 4727 fideliter
991 4683 1041 4727 te
1070 4688 1283 4743 semper
1302 4675 1500 4738 amavi,
1529 4684 1583 4728 et
1602 4690 1762 4743 quam
1789 4677 1922 4732 bene
1950 4682 2123 4750 cupivi

555 4764 620 4817 de
648 4761 811 4817 fratre
837 4772 949 4827 tuo,
975 4778 1133 4832 quem
1161 4764 1315 4818 video
1354 4772 1405 4818 te
1443 4764 1561 4835 plus
1587 4768 1875 4822 carnaliter
1913 4785 2126 4827 amasse

554 4868 716 4923 quam
754 4860 959 4921 patrem
1001 4853 1327 4922 spiritaliter,
1370 4854 1494 4909 licet
1534 4856 1620 4909 ille
1662 4856 1729 4911 de
1769 4873 1855 4911 me
1895 4861 2125 4929 superbe

555 4944 751 5013 egisset
796 4940 985 5013 [Locus
1024 4943 1337 5014 corruptus].
1386 4944 1559 4999 Testis
1603 4954 1687 5001 est
1726 4947 1856 5001 mihi
1899 4948 2126 5005 domnus

559 5051 672 5097 rex,
706 5033 797 5087 Dei
836 5047 953 5087 esse
993 5048 1175 5094 causa,
1218 5049 1286 5085 an
1328 5034 1465 5087 illius
1504 5036 1673 5104 pietas
1715 5038 1863 5107 prius
1900 5038 2124 5092 alterum

560 5125 879 5188 nominaret,
910 5140 975 5177 an
1014 5139 1109 5195 ego
1133 5139 1403 5194 precarer.
1437 5126 1502 5178 Et
1525 5142 1627 5179 non
1657 5128 2030 5195 erubescerem
2063 5130 2127 5183 de

631 5270 654 5297 ε
692 5256 1007 5325 Fridugifsc.
1034 5258 1109 5310 lta
1135 5258 1332 5313 habent
1357 5258 1509 5311 codd.
1537 5273 1689 5324 mss;
1714 5261 1806 5313 sed
1830 5262 2004 5314 nullus
2032 5262 2129 5315 du-

558 5329 690 5400 bito,
735 5326 1316 5400 quinlegendumgsit,
1362 5326 1641 5400 Fritlugise
1686 5344 1778 5381 seu
1827 5329 2122 5400 Fredegise,

561 5398 712 5470 eujus
754 5396 928 5467 gratia
982 5396 1351 5465 responsiones
1395 5396 1549 5451 dedit
1585 5400 1650 5453 ad
1699 5396 2019 5470 quaestiones
2062 5403 2127 5455 de

564 5468 845 5529 Trinitate,
876 5478 980 5520 etc.

636 5538 659 5573 ι)
699 5537 753 5589 In
789 5538 972 5589 codice
1011 5553 1109 5590 ms.
1150 5536 1707 5593 San—Emmcramensi
1748 5541 1797 5594 in
1837 5539 1937 5592 line.
1974 5538 2128 5605 hujus

562 5606 828 5677 epistolm,
861 5605 973 5677 huic
1001 5607 1157 5659 verba
1186 5608 1453 5660 adduntur
1484 5628 1495 5659 ;
1529 5606 1751 5677 Erplicit
1781 5609 1930 5661 Liber
1956 5610 2125 5663 Αίὺὶηἱ

565 5674 825 5743 Magistri,
858 5676 1015 5744 jussit
1048 5694 1196 5746 quem
1239 5677 1429 5745 pra'snl
1474 5674 1751 5731 Batu'ricus
1792 5680 2010 5731 scribere
2046 5682 2127 5731 tli-

562 5761 738 5816 gnum.
793 5746 1068 5801 Baturieus
1122 5762 1308 5814 nempe
1358 5750 1639 5816 episcopus
1696 5750 2122 5811 li;itisluniiciisi~.

564 5814 650 5881 qui
680 5816 954 5869 Adulwino
982 5818 1232 5872 sutccssil
1264 5814 1403 5873 amo
1431 5814 1551 5873 8l7.

2220 1954 2362 2001 esset
2388 1944 2573 2001 frater.
2768 2002 2771 2003 ν
3496 1990 3497 1993 η

2292 2023 2602 2103 Revertere,
2640 2046 2930 2105 revertere,
2971 2039 3093 2095 licet
3132 2056 3235 2105 non
3273 2056 3371 2112 pro
3400 2056 3539 2107 meo,
3568 2041 3661 2098 sed
3684 2055 3786 2113 pro

2220 2126 2358 2179 illius
2384 2142 2588 2191 amore,
2619 2128 2707 2196 qui
2737 2143 2857 2182 cum
2897 2130 3095 2183 inimici
3134 2145 3395 2193 essemus,
3439 2130 3786 2189 reconciliavit

2219 2232 2311 2268 nos
2340 2214 2445 2267 Deo
2468 2217 2521 2267 in
2550 2218 2799 2284 sanguine
2826 2233 2919 2269 suo
2949 2216 3166 2287 (Coloss.
3196 2235 3235 2281 ι,
3263 2218 3375 2287 20).
3411 2218 3491 2273 Sit
3521 2218 3606 2273 ille
3636 2219 3789 2273 nobis

2219 2322 2360 2361 nunc
2398 2307 2660 2362 mediator
2686 2308 2752 2362 ad
2787 2323 2991 2378 pacem,
3016 2309 3107 2380 qui
3149 2308 3249 2365 fuit
3275 2319 3396 2365 ante
3420 2310 3680 2367 mediator
3718 2311 3785 2366 ad

2219 2398 2401 2450 vitam.
2448 2398 2503 2452 Si
2548 2399 2646 2453 has
2684 2374 2996 2454 humilitatis
3034 2374 3164 2479 mea:
3203 2415 3391 2470 preces
3432 2402 3565 2454 dura
3612 2410 3788 2456 mente
3881 2405 3886 2411 '
3946 2374 3951 2379 Ξ

2219 2490 2537 2555 contemnis,
2565 2499 2619 2545 et
2642 2506 2834 2545 nocere
2854 2490 3003 2561 cupis
3028 2492 3135 2563 (cui
3164 2493 3415 2561 prolesse
3440 2492 3524 2546 fas
3547 2507 3667 2546 esse
3694 2508 3789 2546 ne-

2219 2594 2348 2648 gare
2371 2594 2473 2632 non
2503 2580 2723 2648 poteris,
2750 2581 2849 2634 nisi
2875 2588 3151 2649 paternum
3182 2596 3373 2634 romen
3399 2590 3455 2635 et
3483 2580 3792 2651 magistr-ale

2220 2667 2285 2721 de
2313 2667 2547 2735 pectoris
2576 2668 2647 2719 tui
2678 2681 2896 2731 arcano,
2926 2666 3009 2720 vel
3034 2667 3153 2721 oris
3180 2666 3388 2736 eloquio
3415 2667 3592 2722 delere
3622 2667 3786 2732 velis;

2220 2756 2359 2824 qqu
2392 2756 2610 2825 impium
2641 2770 2760 2810 esse
2789 2771 2943 2810 nemo
2980 2764 3062 2810 est
3088 2757 3177 2824 qui
3219 2757 3460 2822 nesciat,
3494 2758 3586 2827 qui
3624 2756 3787 2812 bene-

2222 2846 2343 2900 licia
2372 2845 2651 2899 cbaritatis
2690 2846 2829 2898 inter
2862 2860 2958 2900 nos
2994 2862 3227 2917 unquam
3258 2847 3493 2917 agnovit)
3521 2855 3697 2901 tamen
3718 2861 3791 2903 eo

2221 2918 2550 3003 pr'Otegente,
2580 2950 2676 3003 pro
2703 2934 2853 3004 cujus
2878 2950 3059 2989 antore
3086 2937 3199 2990 haec
3223 2944 3332 2989 tam
3361 2936 3665 3005 suppliciter
3691 2936 3791 2991 de—

2222 3038 2403 3092 posco,
2444 3024 2604 3076 credo
2652 3020 2843 3077 nocere
2887 3036 2987 3077 non
3040 3026 3257 3095 poteris.
3301 3025 3531 3079 Absalou
3578 3034 3789 3095 patrem

2223 3124 2376 3163 suum
2404 3124 2563 3179 regno
2580 3109 2797 3178 expulit,
2817 3111 2909 3165 sed
2929 3112 3164 3181 seipsum
3185 3112 3293 3166 vita
3309 3112 3636 3183 privavit“!
3654 3112 3786 3185 Reg.

2147 3191 2193 3253 Ο
2223 3215 2292 3253 xv
2313 3210 2357 3251 et
2382 3197 2568 3269 xvm);
2594 3208 2648 3253 et
2669 3201 2807 3268 quol
2837 3200 2923 3254 illa
2946 3202 3203 3256 dissensio
3228 3198 3516 3257 carnaliter
3538 3219 3788 3273 perpessa

2226 3300 2327 3353 est,
2359 3291 2639 3345 timeamus
2662 3306 2726 3345 ne
2750 3307 2847 3352 nos
2870 3292 3179 3362 Spiritaliter
3198 3286 3485 3362 patiamur,
3502 3296 3548 3348 si
3566 3298 3632 3349 ad
3661 3298 3791 3351 cha-

2226 3378 2435 3430 ritatem
2460 3377 2655 3432 Christi
2689 3392 2791 3431 non
2822 3387 3174 3434 revertamur.
3209 3380 3449 3435 Charitas
3483 3384 3682 3451 patiens
3710 3392 3793 3438 est

2226 3470 2291 3523 ad
2331 3466 2713 3534 sufferendum,
2753 3469 2968 3540 benigna
3010 3471 3077 3525 ad
3117 3472 3505 3543 praestandum;
3548 3490 3649 3529 non
3685 3475 3790 3544 agit

2221 3576 2509 3628 perperam,
2555 3560 2605 3613 id
2645 3568 2747 3623 est,
2776 3576 2881 3614 non
2920 3564 3271 3632 superquzcrit
3308 3562 3527 3618 fratrem
3553 3580 3705 3619 suum
3739 3566 3790 3620 in

2224 3652 2463 3721 negotio;
2503 3653 2676 3704 omnia
2717 3662 2905 3721 sperat,
2952 3656 3125 3708 omnia
3164 3657 3323 3709 credit
3367 3656 3418 3727 (1
3457 3656 3578 3711 Cor.
3612 3675 3733 3723 xm,
3758 3661 3791 3714 4

2224 3740 2373 3810 scq.).
2401 3741 2528 3807 Quae
2554 3740 2773 3796 meliora
2807 3750 2949 3809 sunt,
2986 3759 3204 3814 sperare
3238 3746 3492 3802 debemus
3517 3756 3569 3801 et
3590 3750 3789 3819 optima

2225 3831 2463 3885 credere.

2297 3924 2509 3978 Utinam
2537 3925 2648 3978 haec
2668 3925 2908 3979 chartula
2934 3925 2986 3980 in
3009 3928 3183 3981 locum
3203 3942 3287 3982 me
3312 3929 3449 3998 apud
3479 3937 3530 3983 te
3553 3929 3792 3983 remittat

2222 4015 2535 4083 pristinum;
2564 4022 2617 4069 et
2642 4017 2685 4069 si
2710 4016 2810 4071 hoc
2835 4017 3091 4086 perlicere
3116 4035 3219 4074 non
3238 4019 3433 4079 valeat.
3459 4020 3540 4076 vel
3565 4035 3793 4075 excusa-

2226 4115 2337 4160 tum
2367 4107 2563 4162 habeat
2582 4110 2720 4178 apud
2752 4107 2983 4177 judicem
3012 4127 3217 4178 meum;
3248 4114 3371 4183 quia
3402 4112 3501 4168 feci
3530 4113 3670 4184 quod
3696 4128 3793 4184 po—
3850 4183 3853 4187 g

2224 4196 2334 4259 tui,
2364 4196 2405 4249 si
2432 4196 2671 4251 obtinere
2706 4212 2810 4252 non
2844 4198 3128 4255 valuissem
3156 4202 3297 4270 quod
3326 4201 3629 4255 voluissem.
3662 4201 3792 4256 Pos-

2225 4302 2364 4349 sum,
2396 4301 2634 4355 possum,
2660 4288 2839 4351 credo,
2871 4304 2965 4357 per
2989 4304 3131 4353 eum,
3160 4291 3249 4359 qui
3280 4288 3557 4361 inspiravit
3580 4299 3791 4360 pectus-

2226 4376 2403 4430 culum
2440 4392 2637 4442 meum,
2676 4387 2732 4431 ut
2758 4388 2994 4449 peterem
3014 4381 3152 4450 quod
3176 4382 3319 4449 pium
3344 4382 3541 4450 putavi.
3568 4380 3796 4452 lnspiret

2226 4468 2387 4522 etiam
2438 4476 2622 4537 pectus
2665 4477 2833 4534 tuum,
2875 4478 2935 4522 ut
2975 4470 3237 4524 concedas
3279 4470 3419 4540 quod
3467 4470 3789 4540 deposceris.

2157 4549 2201 4610 D
2227 4556 2471 4612 Conditio
2498 4572 2624 4611 vero
2664 4558 2810 4627 pacis
2848 4574 2951 4613 non
2982 4573 3113 4629 puer
3148 4559 3217 4613 sit
3243 4568 3396 4629 pater
3422 4558 3792 4626 dissensionis,

2226 4646 2318 4698 sci
2361 4661 2493 4715 puer
2533 4645 2689 4699 Pater
2728 4647 2892 4716 futuri
2930 4648 3107 4701 sa'culi
3149 4647 3303 4718 (Isai.
3344 4664 3421 4712 Ix,
3462 4648 3539 4718 6),
3581 4648 3647 4703 de
3684 4662 3794 4719 quo

2224 4737 2424 4791 dictum
2452 4746 2533 4792 est
2560 4756 2574 4791 :
2608 4737 2740 4791 Ecce
2762 4755 2889 4808 puer
2907 4756 3047 4791 meus
3066 4754 3224 4807 quem
3247 4738 3393 4806 elegi,
3418 4738 3605 4792 electus
3624 4754 3789 4804 meus,

2226 4826 2279 4879 in
2308 4842 2406 4895 quo
2432 4827 2554 4879 bene
2580 4826 2885 4895 complacuit
2915 4828 3102 4879 anima:
3126 4842 3253 4880 mea:
3275 4825 3488 4897 (Matth.
3527 4842 3629 4891 xu,
3659 4827 3745 4898 l8)
3773 4844 3787 4880 :

2224 4925 2285 4969 ut
2303 4916 2443 4985 digni
2466 4916 2761 4969 habeamur
2786 4915 2925 4968 inter
2944 4930 3035 4969 eos
3060 4915 3345 4981 nominari,
3366 4925 3419 4970 et
3438 4931 3555 4972 esse
3574 4932 3790 4986 pueros,

2226 5010 2291 5061 de
2322 5006 2514 5076 quibus
2556 5014 2712 5057 antea
2754 5004 2837 5060 ille
2867 5021 2961 5076 per
2988 5008 3303 5076 prophetam
3338 5007 3583 5078 prmdixit
3614 5026 3625 5059 :
3660 5006 3792 5059 Ecce

2226 5113 2316 5165 ego
2338 5104 2383 5148 et
2406 5095 2553 5163 pueri
2578 5095 2697 5158 mei,
2729 5112 2852 5164 quos
2877 5095 3015 5149 dedit
3041 5095 3165 5147 mihi
3190 5094 3328 5149 Deus
3356 5094 3509 5166 (Isai.
3534 5110 3653 5156 vtu,
3680 5093 3787 5161 18).

2300 5284 2317 5311 ε
2364 5270 2511 5323 lianc
2555 5267 2833 5339 epistolam
2881 5271 3259 5341 descripsimus
3306 5287 3369 5326 ex
3418 5270 3537 5325 cod.
3594 5270 3787 5327 Salisb.

2226 5342 2505 5411 Alcuinum
2545 5350 2815 5393 auctorem
2844 5355 2905 5393 ex
2938 5342 3073 5411 stylo
3105 5343 3369 5405 novimus,
3396 5348 3450 5395 et
3485 5356 3546 5395 ex
3580 5344 3788 5405 ordine,

2226 5428 2386 5480 quem
2419 5410 2506 5462 illa
2549 5410 2600 5462 in
2648 5411 2901 5480 praedicto
2940 5414 3120 5466 codice
3169 5420 3330 5471 tenet,
3380 5412 3612 5465 medium
3653 5413 3791 5465 inter

2226 5491 2401 5535 certas
2430 5488 2499 5551 et,
2519 5480 2841 5534 indubitatus
2869 5480 2985 5549 ejus
3014 5480 3281 5551 epistolas.
3309 5481 3633 5551 Discipulum
3664 5497 3791 5535 vero

2228 5553 2377 5603 illum
2416 5550 2502 5617 qui
2531 5550 2775 5617 querelas
2798 5562 2982 5605 contra
3009 5550 3285 5603 Alcuinum
3316 5552 3382 5605 ad
3419 5550 3674 5619 palatium
3699 5552 3793 5604 de-

2228 5621 2366 5681 lulit,
2393 5630 2448 5692 _et
2470 5635 2698 5692 quorum
2729 5622 2778 5674 in
2811 5635 2992 5690 pacem
3026 5621 3198 5673 redire
3218 5622 3377 5691 cupit,
3407 5620 3547 5675 nullo
3568 5622 3790 5692 vestigio

2226 5689 2621 5756 deprehendere
2650 5689 2931 5757 potuimus.

2297 5760 2319 5795 ι¹
2361 5760 2509 5827 Αριιά
2540 5761 2763 5815 Froben.
2799 5760 2949 5828 epist.
2992 5759 3101 5812 l56.
