4272 6250
461 311 550 366 681

933 431 958 460 ι
995 417 1322 473 EPISTOLA
1358 416 1529 471 CCVI.

1019 523 1084 561 AD
1123 521 1447 560 υιεειρυιωι.

466 595 801 669 Reprcliendit
829 595 1068 669 illum‘oo
1093 584 1610 669 ritw’perversitatcni
1627 601 1714 656 ,‘ct
1743 590 1810 643 ad
1843 606 2013 642 maen-

960 665 1218 716 dationem
1244 665 1498 716 hortatur.

530 776 554 816 ιδ
595 774 948 830 Dilectissimo
980 772 1102 826 filio.

530 867 840 921 Dulcissime
866 864 972 928 fili,
1004 863 1170 916 frater
1194 870 1249 915 et
1277 861 1466 923 amice,
1497 859 1646 926 cujus
1676 873 1864 912 nomen
1893 868 2016 926 opto

460 967 520 1012 ut
543 958 773 1012 caelestis
812 955 1129 1009 bibliotheca
1159 960 1336 1006 teneat
1378 952 1430 1004 in
1467 959 1746 1002 :eternum.
1790 948 1926 1002 Olim
1965 956 2017 1000 te

461 1046 639 1116 genui,
685 1045 904 1107 nutrivi,
946 1043 1071 1106 alui,
1109 1051 1163 1096 et
1189 1041 1255 1095 ad
1293 1039 1584 1111 perfectum
1622 1040 1794 1092 virum
1825 1052 2015 1106 usque,

463 1135 571 1188 Deo
595 1136 843 1197 donante,
867 1133 1108 1201 perduxi,
1135 1131 1336 1184 artibus
1361 1129 1594 1183 studiose
1620 1127 1912 1188 eruditum,
1933 1141 2020 1178 sa-

461 1225 670 1294 pientia:
694 1223 802 1277 sole
829 1222 1194 1283 iLluminatuin,
1222 1219 1455 1272 monibus
1474 1217 1711 1286 apprime
1735 1222 2014 1274 ornatum;

463 1315 535 1368 ita
578 1323 636 1367 ut
675 1321 818 1367 tuam
846 1312 1052 1365 laudem
1083 1319 1193 1364 tota
1224 1324 1356 1379 pene
1383 1309 1627 1362 decantet
1655 1305 1796 1374 regio
1827 1303 2014 1375 [Codd.

461 1423 559 1458 ms.
592 1405 805 1469 Salisb.,
845 1401 1163 1472 Britannia],
1207 1409 1263 1454 et
1297 1400 1453 1452 latior
1487 1406 1570 1451 est
1608 1395 1747 1449 fama
1791 1395 2019 1448 nominis

463 1495 537 1547 tui
565 1507 725 1562 quam
767 1492 951 1545 notitia
997 1489 1150 1543 faciei
1195 1497 1316 1542 tum.
1363 1487 1526 1554 Hujus
1551 1501 1648 1554 ego
1690 1484 1782 1538 tibi
1811 1485 2019 1536 decoris

463 1583 704 1644 devotus,
741 1580 1008 1635 Christum
1045 1579 1301 1642 obtestor,
1342 1578 1550 1646 adjutor
1589 1576 1790 1638 exstiti,
1829 1583 1883 1627 et
1922 1590 2019 1642 pro

463 1670 654 1723 virium
682 1683 919 1722 mearum
961 1669 1198 1738 portione
1228 1676 1299 1729 te,
1329 1668 1373 1720 si
1415 1681 1517 1719 non
1561 1666 1801 1727 idoneus,
1835 1673 2012 1716 tamen

1887 308 2257 363 EPlS'fOL.~F..

1812 396 1821 404 ‘
2037 421 2082 476 Λ
2114 415 2231 477 tibi,
2261 414 2326 467 de
2367 414 2650 482 longinqua
2695 414 2905 482 regione
2946 412 3252 476 revertenti,
3296 427 3596 476 occurrere,
3631 409 3675 467 Isi

3572 307 3674 360 482

2116 512 2172 557 tu
2203 500 2306 558 non
2339 506 2631 557 tardaveris
2666 519 2881 572 surgere
2923 513 2976 556 et
3017 504 3193 557 dicere
3225 523 3235 553 :
3274 503 3446 564 Pater,
3477 507 3677 572 peccari

2115 595 2167 644 in
2212 593 2388 643 caelum
2431 603 2477 645 et
2508 609 2681 644 coram
2723 603 2788 651 te,
2833 593 2944 642 idco
2987 609 3085 643 non
3127 609 3240 643 sum
3285 593 3469 660 dignus
3508 596 3678 645 vocari

2012 704 2015 708 -
2114 680 2255 746 ﬁlius
2285 690 2401 731 tuus
2430 679 2575 747 (Luc.
2612 695 2698 738 xv,
2731 680 2838 733 ΞΗ.
2874 680 2938 730 Et
2965 695 3067 731 non
3098 680 3264 731 solum
3294 681 3544 744 obviare,
3585 681 3677 736 sed

2114 779 2276 820 etiam
2318 770 2650 836 amplectari,
2689 769 2940 831 osculari,
2967 771 3268 836 optimaque
3300 770 3518 821 induere
3545 770 3676 821 stola

2116 867 2170 908 et
2197 857 2390 908 annulo
2417 871 2610 908 ornare
2649 865 2702 907 et
2728 855 3100 907 calceamentis
3128 856 3356 917 munire,
3384 855 3600 923 insuper
3627 865 3682 908 et

2116 945 2379 998 deducere
2409 947 2711 1013 dignabitur
2749 947 2798 997 in
2830 947 3042 998 domum
3085 946 3396 998 deliciarum
3437 961 3674 1006 suarum,

2116 1049 2221 1101 qua
2261 1034 2510 1101 angelicis
2550 1035 2858 1102 conj-unctus
2899 1036 3142 1097 cwtibus,
3186 1035 3338 1087 beata
3385 1037 3680 1089 :eternitate

2117 1135 2171 1178 et
2194 1136 2389 1177 :rterna
2417 1125 2737 1178 beatitudine
2764 1126 3070 1179 deCantalris
3100 1145 3110 1177 :
3143 1126 3306 1190 Beati,
3335 1129 3421 1196 qui
3445 1123 3679 1183 habitant

2116 1213 2170 1263 in
2198 1213 2348 1263 domo
2380 1213 2734 1275 tua’.Dontine,
2763 1215 2815 1265 in
2843 1215 3088 1267 sa'culum
3122 1217 3296 1268 srrcufi
3323 1217 3607 1272 laudabunt
3633 1232 3680 1272 te

2121 1299 2289 1368 (ἔδεαι.
2320 1316 2545 1364 uuln,
2574 1300 2648 1368 5).

2588 1419 2608 1446 ε
2653 1408 2982 1466 EPISTOLA
3021 1411 3102 1465 CC
3112 1413 3211 1465 \'ll.

2515 1515 2592 1552 Αἰ)
2644 1517 2876 1554 FILIUS!
2931 1517 3284 1556 ιιιιουιῡωι.

2123 1587 2460 1655 Reprehenth
2488 1590 2726 1657 discipuli
2761 1607 3021 1658 perversos
3059 1609 3243 1655 mores,
3272 1603 3316 1644 et
3349 1595 3416 1645 ad
3441 1596 3682 1647 emenda~

2193 1659 2380 1735 tionem
2413 1661 2525 1738 uiue
2566 1669 2806 1738 provocat
2844 1661 3070 1738 extmplo
3100 1664 3370 1729 cujusdam
3409 1681 3543 1716 nunc
3578 1666 3686 1733 cpia-

465 1759 818 1822 voluntarius,
858 1726 994 1812 sicut
1033 1759 1201 1827 potui,
1226 1766 1280 1810 et
1318 1756 1491 1810 adhuc
1518 1755 1789 1809 absentem
1833 1752 2024 1805 obnixe
2060 1749 2069 1805 Ι

2061 1749 2099 1806 Β
2192 1727 2347 1794 scopi,
2377 1726 2498 1778 olim
2525 1726 2605 1780 sui
2635 1730 2988 1798 condiscipuii.

462 1846 790 1900 orationibus
831 1859 1145 1913 prosequar,
1194 1859 1348 1912 quem
1392 1844 1660 1912 quondam
1706 1848 2020 1910 praesentem

464 1936 634 1991 sacris
653 1934 941 2004 disciplinis
967 1935 1200 2004 provexi.
1233 1932 1336 1988 Sed
1371 1949 1468 2004 per
1493 1932 1607 2000 ejus
1635 1942 1683 1986 te
1723 1932 2023 1986 misericor-

465 2028 606 2082 diam
633 2028 886 2080 intentius
910 2026 1167 2096 deprecor
1186 2026 1274 2094 qui
1303 2040 1397 2078 nos
1420 2024 1674 2085 redemit,
1709 2020 2024 2074 illuminavit

463 2127 520 2173 et
554 2117 828 2181 exaltavit,
864 2124 919 2170 et
958 2131 1065 2170 sua:
1107 2115 1388 2185 agnitionis
1423 2114 1709 2183 participes
1745 2110 1918 2164 effecit
1957 2125 2021 2162 ne

466 2209 712 2266 cliaritati
755 2223 917 2272 mete,
956 2222 1072 2276 qua:
1115 2219 1198 2258 me
1226 2219 1330 2258 non
1367 2204 1494 2258 sinit
1517 2210 1716 2264 tacere,
1747 2200 2019 2261 irascaris,

466 2301 510 2354 si
537 2299 737 2374 aliquid
757 2297 941 2351 durius
959 2303 1131 2350 tecum
1155 2294 1359 2362 loquar.
1392 2292 1554 2363 Urget
1572 2292 1710 2344 enim
1736 2306 1820 2343 me
1847 2297 2023 2358 pater-

466 2393 648 2447 nitatis
669 2390 889 2445 affectus
913 2387 1035 2453 fari,
1061 2387 1199 2457 quod
1224 2386 1508 2456 pennigero
1530 2399 1742 2438 rumore
1769 2390 2023 2435 narrante

467 2483 650 2547 didici,
690 2481 814 2552 quia
856 2478 1097 2549 quaedam
1136 2477 1250 2547 agis
1277 2490 1396 2545 qua:
1431 2488 1530 2527 nec
1567 2481 1668 2527 tua:
1705 2472 2024 2526 conveniunt

467 2573 630 2642 218
653 2571 917 2642 dignitati,
945 2583 1041 2624 nec
1064 2582 1194 2623 mea:
1218 2567 1426 2637 placent
1449 2563 1712 2618 dilectioni
1740 2581 1752 2614 :
1779 2563 1903 2631 quia
1930 2577 2025 2614 no-
2065 2553 2069 2558 ’

467 2661 560 2716 lim
600 2661 797 2715 famam
837 2658 1095 2714 claritatis
1126 2665 1228 2711 tute
1255 2653 1475 2709 maculis
1506 2652 1702 2706 fuscari
1743 2653 1925 2721 nigris,
1956 2665 2022 2704 ne

471 2749 605 2803 alius
628 2749 721 2804 tibi
747 2749 980 2803 debitum
1006 2745 1263 2815 subripiat
1302 2743 1496 2806 locum,
1524 2749 1583 2794 ut
1625 2741 1692 2794 sit
1720 2739 2021 2792 novissimus

469 2838 664 2906 primus
689 2846 737 2892 et
775 2838 971 2908 primus
1014 2835 1315 2892 novissimus
1355 2831 1562 2903 (Matth.
1592 2829 1841 2899 x1x,50).
1886 2828 2022 2893 Quid

471 2934 573 2991 est,
613 2925 708 2991 fili,
744 2926 884 2996 quod
921 2925 988 2980 de
1025 2933 1076 2978 te
1117 2924 1298 2988 audio,
1325 2937 1428 2978 non
1462 2936 1565 2978 uno
1591 2919 1824 2989 quolibet
1851 2920 1902 2972 in
1930 2934 2024 2972 an—

471 3016 592 3088 gulo
617 3023 946 3078 susurrante,
984 3013 1074 3068 sed
1099 3012 1338 3087 plurimis
1373 3012 1578 3080 publice
1605 3025 1724 3064 cum
1754 3010 1861 3062 risu
1900 3024 2023 3062 nar-

474 3105 713 3159 rantibus
743 3121 755 3155 :
787 3103 924 3171 quod
965 3100 1254 3171 puerilibus
1293 3099 1464 3153 adhuc
1489 3097 1761 3151 deservias
1797 3097 2023 3149 immun-

474 3195 636 3258 ditiis,
663 3203 715 3249 et
753 3209 868 3263 qua:
894 3206 1160 3261 nunquam
1203 3189 1378 3250 facere
1415 3188 1707 3251 debuisses,
1752 3202 2022 3256 nunquam

475 3285 739 3340 dimittere
764 3284 1020 3338 voluisses
1049 3279 1244 3354 [velis].
1281 3269 1388 3335 llJbi
1428 3288 1510 3334 est
1547 3279 1871 3334 nobilissima
1902 3293 2025 3331 eru-

475 3375 604 3432 ditio
633 3375 760 3429 tua?
790 3373 886 3430 Ubi
911 3381 993 3428 est
1027 3372 1320 3428 clarissima
1348 3371 1399 3424 in
1442 3370 1729 3440 Scripturis
1755 3371 1921 3426 sacris
1948 3371 2026 3423 in-

475 3463 677 3517 dustria
703 3462 828 3516 tua?
866 3461 966 3517 Ubi
995 3476 1200 3515 morum
1215 3455 1570 3518 [excellentiai’
1599 3460 1696 3515 Ubi
1730 3461 1887 3514 animi
1919 3459 2026 3513 for-

475 3552 678 3606 titudo?
710 3551 806 3607 Ubi
835 3551 989 3604 timor
1014 3548 1302 3619 gehennae?
1344 3548 1443 3603 Ubi
1481 3564 1603 3618 spes
1638 3550 1853 3618 gloziae?
1881 3549 2024 3615 Quo-

478 3640 632 3695 modo
656 3639 743 3695 illa
784 3629 1090 3709 perpetrare
1114 3651 1218 3690 non
1247 3637 1535 3700 horrescis,
1564 3651 1680 3704 qua:
1706 3635 1823 3689 aliis
1851 3636 2027 3705 prohi—

475 3727 602 3785 bere
639 3708 941 3783 debuisses?
980 3708 1318 3788 Convertere,
1348 3724 1586 3786 obsecro,
1617 3725 1754 3779 intra
1794 3726 2026 3780 animum

479 3825 625 3872 tuum
652 3816 805 3890 [Cod.
835 3813 975 3880 θαι..
1001 3815 1054 3874 in
1081 3813 1177 3887 te],
1222 3822 1277 3868 et
1302 3814 1385 3870 dic
1413 3829 1533 3868 cum
1560 3816 1815 3884 propheta
1851 3833 1862 3866 :
1899 3815 2027 3880 Quis

477 3905 620 3960 dubi!
649 3905 806 3974 capiti
846 3919 958 3958 meo
999 3919 1185 3971 aquam
1209 3913 1256 3957 et
1281 3903 1469 3968 [autem
1495 3903 1840 3973 lacrymarum
1869 3905 2028 3957 oculis

478 3997 626 4060 meis,
673 4003 728 4047 ut
772 3993 1015 4064 plangam
1052 3995 1136 4048 die
1178 4011 1240 4049 ac
1281 4006 1427 4050 nocte
1474 3995 1650 4067 (Joon.
1694 4012 1769 4060 Ix,
1803 3996 1875 4067 l),
1923 4012 2026 4054 non

479 4081 772 4139 Jerusalem
821 4081 1106 4151 Babylonio
1156 4082 1275 4153 igne
1326 4093 1605 4146 usturam,
1655 4085 1748 4138 sed
1797 4086 2028 4138 animam

481 4173 840 4228 Sodomitanis
865 4170 1092 4226 flammis
1117 4187 1378 4228 arsuram.
1406 4173 1508 4228 Per
1537 4175 1739 4244 singula
1767 4183 2030 4232 momenta

479 4273 732 4335 properat
771 4265 921 4319 dirus
955 4271 1192 4330 exactor,
1230 4281 1386 4334 quem
1429 4266 1601 4320 nullus
1631 4268 1801 4320 vitare
1838 4276 2028 4337 potest.

481 4355 616 4422 Quid
642 4355 983 4425 respondebis
1013 4364 1136 4410 tunc
1173 4358 1472 4426 mquissimo
1488 4356 1652 4424 judiet
1681 4367 1791 4422 tuo,
1821 4360 1866 4412 si
1893 4373 2032 4412 nunc

482 4459 587 4500 non
614 4442 836 4515 corrigis
858 4441 1148 4500 foedissima
1182 4441 1320 4500 facta
1356 4445 1475 4499 tua?
1516 4444 1750 4501 Obsecro
1788 4455 1862 4509 te,
1901 4447 2030 4499 dile-

484 4536 717 4590 ctissime
747 4531 838 4598 fili,
864 4546 960 4601 per
991 4539 1246 4588 terrorem
1275 4532 1411 4588 illius
1431 4530 1614 4600 iudicii
1635 4573 1649 4597 ,
1675 4535 1818 4600 quod
1845 4549 2028 4591 omnes

484 4625 663 4684 subire
702 4625 956 4696 cogimur,
1001 4633 1059 4680 ut
1093 4625 1162 4683 ab
1199 4625 1299 4679 hac
1336 4625 1442 4688 die,
1481 4641 1584 4697 qua
1626 4626 1763 4679 hanc
1791 4626 2032 4696 perlegas

485 4715 812 4787 paginulam,
851 4715 1036 4771 intimo
1062 4716 1241 4772 dolore
1281 4717 1553 4782 dictatam,
1599 4733 1728 4786 pura
1773 4718 2033 4771 charitate

487 4803 860 4874 conscriptam,
889 4810 1070 4857 sancta
1098 4803 1201 4859 fide
1227 4805 1526 4874 sigillatam,
1555 4808 1816 4860 constanti
1858 4806 2033 4859 animo

490 4891 710 4962 incipias
735 4899 978 4947 catenam
1005 4890 1157 4959 hujus
1183 4893 1452 4949 diabolica
1480 4897 1823 4964 suggestionis
1849 4904 1903 4948 et
1937 4896 2035 4948 im—

489 4980 588 5051 piae
610 4981 970 5036 consensionis
993 4981 1338 5052 disrumpere,
1363 4991 1417 5034 et
1443 4984 1622 5051 procul
1649 5000 1676 5035 a
1705 4993 1754 5037 te
1785 4985 2032 5052 abjioere,

491 5079 751 5138 quatenus
777 5085 940 5140 puras
967 5080 1016 5124 et
1042 5070 1236 5126 liberas
1264 5087 1449 5126 manus
1477 5073 1540 5125 ad
1567 5073 1842 5129 Dominum
1870 5073 2034 5126 Deum

494 5167 641 5212 tuum
683 5160 860 5220 levare
898 5159 1078 5214 valeas
1116 5161 1168 5230 (I
1200 5162 1329 5218 Tim.
1376 5179 1435 5226 ιι,
1478 5165 1553 5231 8),
1596 5165 1681 5233 qui
1725 5173 1917 5233 ριωδιο
1959 5174 2040 5219 cst

565 5282 599 5340 ξ
629 5269 777 5340 Apud
821 5271 1015 5340 Habill.
1059 5272 1210 5340 epist.
1243 5273 1295 5325 9.
1326 5274 1512 5330 collata
1550 5291 1671 5331 cum
1710 5277 1844 5332 binis
1881 5278 2034 5331 codd.

497 5336 926 5446 Sa_£ubi1rg.et$.
947 5336 1284 5421 Emmerami.
1302 5340 1470 5461 φρικὶ
1486 5345 1707 5424 Froben.
1725 5348 1878 5414 epist.
1901 5349 1989 5400 157
2003 5350 2038 5428 ἷ)

633 5404 976 5461 Dilectissimo
1012 5409 1139 5461 ﬁlio.
1172 5407 1296 5461 Osul
1322 5425 1352 5461 0
1393 5411 1649 5461 fortassis.
1684 5430 1837 5461 nnem
1873 5418 2038 5461 Αιρηι-

552 5408 594 5446 ἰ
633 5404 976 5481 Dilectissimo
1011 5409 1139 5481 ﬁlio.
1172 5404 1649 5475 Osulfo‘fortassis,
1684 5404 1838 5481 quem
1869 5404 2044 5469 Alcuii

499 5493 599 5531 nus
619 5475 687 5530 ob
709 5491 915 5529 morum
952 5480 1264 5548 pravitatem
1305 5482 1492 5548 sacpius
1518 5475 1789 5548 corripuit,
1822 5495 1875 5537 et
1906 5497 1969 5538 ut
1989 5503 2043 5542 se.

499 5499 599 5531 nus
619 5499 687 5530 ou
710 5499 915 5529 unitum
952 5499 1264 5544 pmvtutem
1305 5499 1492 5548 sumtus
1518 5499 1654 5534 corn
1698 5499 1789 5547 ult,
1822 5499 1875 5537 et
1906 5499 1969 5538 ιιι
1989 5503 2038 5542 se

499 5548 806 5618 corrigeret,
834 5546 1070 5618 monuit;
1099 5557 1256 5617 prout
1297 5557 1545 5604 narratur
1571 5547 1623 5605 in
1816 5554 2038 5608 Aleuint.

502 5614 982 5690 llltun'BI-ftannum
998 5614 1160 5690 fuls'se
1181 5627 1390 5690 constat
1409 5634 1469 5690 ex
1493 5620 1607 5671 cod.
1630 5614 1817 5673 Shllsh.
1832 5663 1844 5686 ,
1871 5625 1920 5675 tn
1943 5643 2045 5690 quo

503 5687 667 5755 regio.
701 5687 845 5756 cujus
875 5685 1076 5738 initium
1107 5683 1259 5754 hujus
1284 5688 1517 5755 epistola”
1551 5690 1803 5755 meminit,
1832 5683 2042 5748 Britan-

2189 1835 2212 1874 ἀ
2254 1835 2386 1890 Filio
2406 1838 2625 1908 prodigo
2656 1839 2812 1892 l’ater
2841 1839 3023 1908 lugens
3053 1841 3298 1895 salutem.

2193 1927 2319 1991 Quis
2344 1929 2484 1980 dabit
2508 1930 2661 1997 capiti
2689 1945 2800 1982 meo
2825 1947 3011 1999 aquam
3039 1942 3085 1983 et
3113 1932 3302 1998 [autem
3335 1931 3684 2001 Iacrymarum

2120 2020 2283 2072 oculis
2311 2021 2435 2072 meis
2460 2019 2590 2088 (Jer.
2617 2036 2693 2083 Ix,
2725 2022 2794 2088 l),
2819 2031 2876 2089 ut
2900 2022 3167 2091 plangam,
3193 2038 3294 2076 non
3319 2025 3682 2094 imaginatiam

2119 2109 2388 2162 civitatem
2417 2107 2664 2162 Chaldaia
2706 2112 2998 2178 perituram
3043 2111 3277 2176 flanuna,
3309 2116 3400 2167 sed
3431 2117 3683 2177 animam,

2120 2199 2407 2268 imaginem
2434 2198 2628 2253 Christi
2658 2201 2907 2269 inclytam
2927 2241 2940 2263 ,
2970 2211 3023 2254 et
3047 2202 3250 2257 infinita
3281 2220 3684 2272 permansurum

2120 2292 2450 2346 aeternitate?
2479 2294 2616 2346 llcu!
2652 2295 2784 2347 heu!
2817 2294 2994 2349 infelix
3025 2298 3233 2349 anima!
3267 2313 3329 2351 ex
3364 2300 3533 2368 pretio
3560 2316 3685 2354 san-

2121 2383 2294 2451 guinis
2340 2383 2537 2436 Christi
2586 2385 2817 2448 nobilis,
2868 2386 2960 2439 sed
3013 2401 3077 2439 ex
3125 2389 3326 2455 peccati
3375 2391 3688 2458 contagione

2122 2472 2366 2541 ignobilis
2405 2491 2417 2524 :
2462 2489 2630 2542 quare
2678 2475 2995 2543 dereliquisti
3042 2476 3230 2544 [ouem
3272 2479 3386 2529 vita:
3425 2488 3472 2530 ct
3510 2479 3561 2545 [ο
3602 2479 3688 2529 isti

2121 2561 2211 2612 tibi
2239 2562 2484 2614 cisternas
2510 2563 2787 2632 dissipatas
2811 2565 3022 2628 (λέγειν.
3057 2581 3127 2630 ιι,
3160 2566 3601 2634 l5)?(1isternas,
3635 2568 3685 2620 in
3733 2631 3742 2640 ο

2122 2650 2312 2718 quibus
2336 2665 2438 2704 non
2469 2660 2551 2705 est
2577 2667 2715 2719 aqua
2757 2653 2965 2716 salutis,
2996 2653 3088 2706 sed
3128 2653 3462 2707 volutabrum
3501 2669 3688 2722 porco-

2124 2754 2240 2792 rum
2265 2739 2456 2809 ]Edit.,
2480 2743 2777 2812 pecorum].
2803 2743 2979 2807 Quare
3004 2744 3248 2797 dimisisti
3274 2753 3501 2812 patrem,
3524 2745 3612 2813 qui
3637 2753 3690 2798 to

2122 2827 2191 2880 ab
2217 2827 2439 2882 infantia
2468 2830 2718 2892 erudivit,
2743 2832 2832 2899 qui
2862 2839 2910 2885 te
2938 2831 3228 2900 disciplinis
3255 2832 3562 2886 liberalibus
3589 2834 3690 2886 im-

2123 2918 2275 2982 buit,
2320 2921 2555 2973 moribus
2601 2923 2888 2986 instruxit,
2935 2932 3202 2991 perpetua:
3249 2924 3369 2975 vita:
3413 2923 3692 2992 prmceptis

2125 3008 2366 3070 munivit,
2396 3017 2450 3060 et
2480 3007 2702 3073 junxisli
2744 3017 2795 3062 te
2827 3018 3122 3062 scortorum
3168 3011 3434 3079 gregibus,
3479 3019 3688 3078 potato-

2050 3082 2094 3142 ο
2125 3113 2240 3150 rum
2281 3099 2556 3161 conviviis,
2587 3098 3003 3167 superbientium
3029 3099 3388 3152 vanitatibus?
3419 3098 3603 3152 Nonne
3635 3107 3691 3151 tu

2122 3204 2181 3242 es
2222 3189 2643 3242 adolescentulus
2683 3190 2790 3254 ille,
2831 3191 3067 3244 omnium
3106 3205 3197 3244 ore
3237 3189 3535 3253 laudabilis,
3572 3205 3689 3244 om-

2123 3281 2266 3333 nium
2295 3278 2462 3332 oculis
2490 3279 2754 3342 amabilis,
2782 3280 3020 3331 omnium
3048 3280 3264 3332 auribus
3293 3279 3694 3332 desiderabilis?

2125 3371 2263 3425 lleul
2313 3371 2444 3423 heu!
2497 3384 2638 3423 nunc
2663 3369 2898 3421 omnium
2942 3382 3036 3424 ore
3079 3368 3528 3436 reprehensibilis,
3572 3383 3691 3421 om-

2123 3464 2269 3516 nium
2291 3462 2457 3516 oculis
2471 3462 2837 3523 exsecrabilis,
2856 3462 3089 3514 omnium
3115 3460 3331 3514 auribus
3343 3461 3688 3514 detestabilis.

2125 3551 2253 3617 Quis
2279 3562 2330 3606 te
2353 3554 2429 3606 sic
2455 3552 2730 3614 subvertit,
2756 3552 2854 3605 nisi
2879 3551 3110 3604 ebrietas
3129 3559 3182 3604 et
3207 3549 3446 3603 luxuria?
3468 3548 3598 3616 Quis
3619 3558 3692 3612 te,

2124 3641 2354 3694 formose
2380 3655 2532 3710 puer,
2556 3638 2695 3692 filius
2723 3639 2993 3700 Ecclesia,
3020 3638 3322 3692 venerabile
3349 3638 3550 3701 lumen,
3572 3652 3695 3706 pcr-

2126 3738 2294 3787 suasit
2314 3747 2504 3802 porcos
2524 3745 2765 3799 pascere,
2780 3731 2845 3783 de
2867 3730 3073 3799 siliquis
3092 3744 3275 3783 eorum
3293 3728 3484 3782 edere?
3503 3728 3694 3799 Surge,

2129 3825 2234 3888 fili,
2265 3838 2423 3893 surge
2451 3830 2504 3875 et
2541 3829 2810 3875 revertere
2841 3820 2908 3874 ad
2944 3828 3152 3889 patrem
3179 3826 3359 3881 tuum,
3398 3826 3454 3871 et
3479 3818 3568 3872 dic
3591 3833 3693 3872 sa:-

2126 3915 2267 3981 pius,
2292 3927 2396 3965 non
2423 3909 2586 3964 semel
2613 3927 2625 3962 :
2654 3909 2811 3962 Pater
2833 3909 3035 3978 peccari
3063 3909 3118 3960 in
3144 3906 3325 3961 mlum
3354 3916 3400 3960 et
3425 3922 3599 3959 coram
3621 3916 3692 3968 te,

2127 4013 2172 4055 et
2193 4002 2308 4054 ideo
2331 4017 2431 4053 non
2452 4015 2565 4052 sum
2589 3999 2777 4068 dignus
2799 3999 2972 4052 vocari
2991 3998 3134 4064 [ilius
3155 4007 3274 4049 tuus
3297 3996 3447 4064 (Luc.
3467 4010 3560 4060 xv,
3579 3995 3690 4064 Si).

2128 4093 2308 4146 Adhuc
2335 4092 2592 4143 mod.'cum
2637 4089 2800 4159 219
2842 4088 3015 4151 lumen
3051 4097 3125 4140 est
3165 4088 3219 4140 in
3261 4097 3330 4150 te,
3359 4103 3526 4148 curre,
3570 4086 3692 4142 dum

2128 4181 2292 4235 lucem
2328 4181 2502 4241 habes,
2548 4196 2609 4233 ne
2633 4179 2784 4231 modo
2826 4187 3032 4235 (eterna
3070 4177 3373 4246 perditionis
3402 4177 3621 4230 latebra:
3643 4187 3693 4228 tc

2131 4270 2510 4341 apprchendunt
2554 4269 2732 4339 (Joon.
2773 4283 2870 4330 xu,
2906 4267 3017 4336 '55).
3065 4266 3236 4322 Crede
3279 4266 3334 4318 in
3370 4273 3692 4333 perpetuam

2131 4360 2489 4415 miserationis
2521 4360 2715 4422 lucem,
2745 4367 2804 4412 ut
2832 4358 2970 4412 filius
2997 4354 3130 4411 lucis
3159 4357 3274 4410 fias.
3305 4355 3429 4410 Pius
3465 4365 3550 4411 est
3589 4355 3695 4411 Pa-

2133 4459 2235 4512 ter,
2259 4450 2437 4503 statim
2465 4458 2714 4503 occurret
2740 4449 3021 4503 revertenti
3068 4448 3183 4511 tibi,
3230 4456 3286 4502 et
3329 4448 3380 4500 in
3422 4447 3697 4516 amplexus

2132 4549 2250 4593 tuos
2275 4548 2412 4594 ruet.
2446 4538 2647 4593 Stolam
2676 4541 2904 4610 primam
2944 4539 3036 4593 tibi
3057 4537 3251 4595 aﬂerre
3265 4537 3492 4605 jubebit,
3520 4547 3576 4592 et
3596 4555 3694 4592 an-

2132 4630 2256 4684 nulo
2301 4630 2546 4700 imaginis
2587 4644 2695 4683 sua:
2734 4629 3007 4682 dexteram
3049 4628 3321 4682 decumbit
3367 4636 3529 4681 tuam.
3580 4627 3694 4683 Noli

2134 4725 2329 4777 diutius
2356 4739 2451 4792 per
2479 4739 2665 4792 vepres
2704 4724 2950 4777 vitiorum
2991 4723 3135 4777 velut
3159 4725 3275 4777 ovis
3302 4725 3510 4792 perdita
3535 4726 3689 4780 ober-

2137 4828 2276 4877 rare,
2304 4815 2394 4866 sed
2420 4824 2690 4867 revertere
2709 4814 2776 4867 ad
2797 4829 2916 4867 eum
2940 4816 3029 4882 qui
3054 4799 3337 4883 nonaginta
3359 4830 3546 4868 novem
3571 4831 3698 4870 oves

2137 4902 2186 4953 in
2217 4902 2419 4955 caelesti
2451 4903 2729 4955 altitudine
2756 4903 2986 4964 dimisit,
3016 4911 3076 4955 ut
3103 4918 3283 4964 unam,
3313 4919 3430 4971 qua:
3457 4905 3508 4957 in
3538 4907 3696 4958 terris

2136 4991 2354 5050 erravit,
2399 4991 2679 5053 inveniret,
2714 5000 3029 5060 reportaret,
3060 5002 3114 5046 et
3140 4994 3421 5046 collocaret
3449 5008 3566 5046 cum
3596 5010 3697 5048 cm—

2138 5080 2266 5132 teris
2290 5078 2352 5130 ad
2378 5081 2624 5146 gaudium
2658 5082 2963 5150 angelorum
2988 5084 3040 5137 in
3061 5083 3260 5135 omlesti
3287 5083 3460 5149 patria
3482 5081 3690 5150 (Matth.

2138 5185 2292 5231 xvui,
2324 5168 2419 5231 12;
2448 5169 2572 5223 Luc.
2605 5185 2693 5231 xv,
2713 5170 2770 5233 4,
2792 5171 2864 5240 7).
2897 5169 3147 5240 Cogitans
3176 5172 3372 5238 cogita,
3401 5179 3601 5239 quanta
3629 5173 3696 5224 sit

2139 5282 2226 5333 nia
2257 5288 2494 5332 vocatur.
2528 5279 2604 5330 Ad
2648 5281 2892 5333 eumdem
2930 5289 3077 5349 puto,
3110 5283 3376 5350 pertinent
3418 5254 3695 5347 sequentes

2140 5351 2256 5403 date
2282 5349 2535 5416 epistolae,
2568 5358 2622 5401 et
2649 5365 2861 5405 carmen
2892 5350 2966 5403 De
2994 5349 3208 5404 Cuculo.

2214 5430 2233 5455 ε
2277 5418 2519 5482 Quereet.
2566 5419 2689 5478 105;
2745 5419 2929 5472 collata
2975 5436 3093 5472 cum
3143 5421 3290 5474 codd.
3345 5435 3468 5472 mss.
3531 5418 3696 5477 Salis—

2143 5488 2390 5612 l‘igggyemi
2437 5499 2487 5538 et
2546 5489 2600 5543 ὃ.
2668 5489 3011 5542 Enunerami.
3075 5492 3246 5558 (Apud
3287 5491 3512 5544 Froben.
3539 5494 3695 5558 epist.

2215 5627 2238 5663 ά
2257 5627 2261 5636 ⁷
2281 5622 2417 5677 Filio
2448 5627 2679 5693 prodigo.
2706 5627 2815 5681 Hoc
2839 5629 3051 5681 nomine
3073 5624 3309 5680 Osnltum
3339 5629 3509 5684 notari
3537 5629 3692 5686 etiam

2147 5695 2449 5748 hlebillonio
2481 5696 2704 5748 videtur.
2747 5697 2860 5751 \‘id.
2891 5698 3043 5764 epist.
3082 5698 3330 5765 priorem.
