4272 6204
580 247 683 302 483

1416 239 1475 291 Β.
1516 238 1575 293 F.
1617 235 1833 290 ALBiNl
1863 235 1989 289 SEU
2018 230 2290 286 ALCUINI
2329 229 2605 284 OPERUM
2647 226 2819 283 PARS
2857 226 2897 280 1.

3664 223 3765 277 484

579 362 760 422 [milia
800 356 1101 427 angelorum
1126 370 1284 425 super
1312 368 1476 407 unum
1501 358 1833 422 pcccatorem
1871 348 2130 417 pmniten-
2157 348 2203 405 Α
2230 350 2281 395 et
2309 349 2458 409 pater
2486 355 2501 393 :
2530 340 2621 393 ﬁat
2648 338 2797 393 vobis
2839 352 2979 427 nunc
3018 352 3226 407 quoque
3255 353 3355 392 una
3382 340 3685 408 concordia,
3712 352 3767 396 et

580 452 708 505 tiam
736 457 998 518 agentem,
1035 455 1089 500 et
1126 460 1284 514 quam
1325 443 1441 512 pius
1483 450 1539 495 et
1576 440 1877 494 misericors
1913 437 1981 491 sit
2021 434 2122 495 ille,

580 540 668 610 qui
695 539 804 593 ait:
834 535 969 590 Nolo
996 543 1205 587 mortem
1224 531 1523 603 peccatoris,
1550 529 1637 601 sed
1658 537 1710 580 ut
1733 534 2055 579 convertatur
2080 528 2126 574 ct

581 630 732 682 vivat.
751 626 820 697 Et
845 626 1035 679 iterum
1060 637 1152 692 per
1172 621 1483 690 prophetam
1509 618 1677 685 inquit
1701 634 1713 667 ε
1747 614 1811 667 In
1832 627 2129 683 quacunque

581 716 664 770 die
693 729 961 769 conuersus
990 712 1143 781 fuerit
1168 718 1423 780 peccator,
1452 707 1554 761 vita
1581 708 1704 761 vivet
1736 713 1783 759 et
1820 719 1920 755 non
1944 701 2131 755 morie-

578 814 666 860 tur
692 802 902 875 (Ezech.
928 817 1119 864 xxxut,
1149 799 1236 863 ll,
1263 798 1372 868 η).

649 895 767 950 Noli
796 894 889 963 ﬁli,
919 893 1029 946 noli
1055 898 1332 945 vocantem
1356 900 1628 958 spernere,
1653 900 1752 940 nec
1780 884 2123 938 miserantem

583 984 737 1058 [ϐοά.
763 982 875 1039 Sal.
923 990 970 1035 et
1022 979 1080 1035 S.
1120 978 1453 1040 Emmerami,
1484 973 1808 1045 miserantis]
1863 974 2128 1041 negligere

582 1075 853 1145 pietatem.
892 1068 1193 1125 Recordare
1216 1076 1534 1122 teternorum
1557 1064 1793 1119 ﬂammas
1836 1070 2125 1116 tormento-

586 1180 726 1229 rum,
776 1163 1035 1227 vermium
1084 1168 1375 1213 venenatos
1401 1158 1601 1219 dentes,
1644 1156 1852 1225 frigoris
1901 1155 2126 1207 immen-

585 1252 819 1313 sitatcm,
866 1248 1228 1317 plangentium
1276 1246 1467 1305 luctus,
1520 1243 1905 1298 immitissimas
1958 1249 2124 1294 torto-

586 1356 703 1394 rum
732 1338 893 1392 facies
920 1335 1068 1408 [ϐοά.
1099 1334 1213 1390 Sal.
1238 1333 1358 1390 etS.
1389 1332 1720 1396 Emmerami,
1744 1340 2124 1385 tormentorum

585 1427 772 1500 faces],
828 1427 1032 1483 inﬁnita
1062 1426 1289 1481 miseria:
1314 1425 1504 1493 spatia.
1528 1422 1815 1477 Considera
1851 1424 1975 1477 item
2002 1423 2126 1477 bea-

586 1518 824 1572 tissimos
853 1515 1161 1585 angelorum
1202 1514 1467 1575 cohortes,
1506 1512 1761 1580 gloriosus
1819 1520 2122 1565 sanctorum

586 1616 807 1668 turmas,
836 1615 890 1660 et
918 1606 1081 1673 ipsius
1110 1604 1485 1672 omnipotentis
1529 1602 1620 1655 Dei
1644 1599 1957 1663 ineffabilem
1994 1599 2120 1653 bea-

2227 445 2389 495 unum
2406 429 2590 482 salutis
2622 437 2722 482 tua?
2744 426 3042 490 consilium,
3072 436 3120 480 et
3140 442 3241 481 una
3265 429 3634 485 ecclesiastico
3660 432 3769 501 pic-

2227 519 2350 573 tatis
2364 516 2927 571 habitatio.-Scioillum
2940 516 3043 570 tuis
3055 516 3273 570 multum
3286 517 3769 588 gaudereprofecti-

2227 606 2341 660 bus.
2376 605 2487 658 Noli
2512 620 2695 674 preces
2720 612 2966 674 paternas
2990 613 3346 669 contemnere,
3377 606 3481 660 noli
3507 608 3769 678 lacrymss

2226 693 2514 763 magisterii
2539 694 2641 746 mei
2662 693 2944 763 negligere.
2974 692 3258 748 Consolare
3277 710 3363 748 me
3383 696 3448 750 de
3467 705 3554 750 tua
3577 699 3766 761 salute,

2226 798 2292 837 ne
2330 784 2567 838 diabolus
2607 783 2862 853 glorietur
2896 790 3077 836 contra
3109 798 3192 837 me
3246 784 3299 837 in
3342 785 3637 853 perditione
3659 794 3767 839 tua.

2226 871 2336 941 Ego
2372 881 2419 926 te
2460 872 2621 926 ﬁlium
2673 871 3041 926 cbarissimum
3092 872 3307 936 nutriri,
3360 873 3487 937 alui,
3545 874 3768 927 erudiri.

2226 960 2339 1015 Non
2365 961 2439 1014 sis
2470 961 2596 1015 mihi
2623 960 2676 1013 in
2695 959 3060 1014 confusionem
3086 970 3141 1013 ct
3169 962 3474 1033 tibimetipsi
3497 965 3549 1017 in
3579 974 3768 1019 contu-

2226 1051 2455 1115 meliam,
2480 1059 2534 1104 et
2579 1050 2861 1105 comtaneis
2884 1052 2984 1103 tuis
3011 1051 3063 1104 iu
3097 1053 3434 1121 opprobrium
3462 1069 3475 1107 :
3501 1054 3583 1108 fac
3609 1054 3774 1109 virili-

2226 1150 2305 1193 ter
2325 1149 2377 1193 ct
2403 1137 2703 1193 confortare
2738 1139 2791 1193 in
2823 1140 3063 1203 Domino,
3091 1148 3144 1192 et
3179 1141 3328 1196 vince
3368 1157 3550 1197 omnes
3578 1144 3772 1198 adver-

2224 1229 2394 1282 sarios
2442 1238 2559 1283 tuos
2613 1242 2709 1297 per
2743 1241 2863 1282 eum
2909 1229 3001 1296 qui
3044 1222 3123 1282 ait
3163 1243 3178 1281 :
3227 1228 3503 1299 Couﬁdt'te,
3559 1248 3649 1301 ego
3676 1232 3773 1286 cici

2222 1318 2469 1371 mundum
2497 1318 2675 1387 (locu.
2718 1333 2829 1381 ινι,
2861 1318 2979 1389 33);
3009 1326 3067 1371 ut
3095 1304 3341 1388 gaudium
3365 1336 3540 1374 meum
3562 1322 3773 1390 plenum

2223 1409 2293 1462 sit
2340 1409 2391 1462 in
2424 1416 2495 1471 te,
2542 1418 2596 1462 et
2621 1410 2867 1476 gaudium
2906 1418 3051 1463 tuum
3088 1424 3244 1464 nemo
3275 1412 3422 1465 tollat
3450 1428 3479 1465 a
3509 1422 3581 1467 te.
3609 1413 3772 1469 Filius

2223 1500 2431 1567 sapiens
2467 1499 2635 1568 gloria
2660 1509 2741 1554 est
2788 1500 2974 1569 patris.
3028 1500 3140 1555 Non
3172 1510 3374 1558 tantum
3412 1504 3563 1567 mihi,
3608 1506 3696 1572 qui
3725 1513 3775 1557 te

2223 1590 2398 1658 genui,
2454 1590 2701 1657 gaudium
2746 1578 2926 1646 facies
2974 1590 3256 1655 ineffabile,
3306 1594 3397 1647 sed
3439 1595 3597 1648 etiam
3619 1596 3771 1664 juxta

586 1706 692 1751 tam
732 1697 1011 1758 visionem,
1041 1709 1143 1760 qua
1172 1694 1341 1746 sancti
1381 1690 1591 1744 fruituri
1623 1699 1744 1745 sunt
1777 1691 1828 1744 in
1850 1698 2123 1744 mternum.
2161 1681 2202 1739 Β
2232 1677 2390 1747 220
2419 1677 2773 1757 "angelicam
2801 1679 3127 1746 Ρ-ιτυῦοιτιιη»
3165 1696 3322 1749 quam
3372 1683 3528 1751 Ρθυιο
3571 1698 3693 1737 θυῖε
3721 1684 3774 1736 in

587 1785 773 1839 Adhuc
801 1783 998 1853 poteris
1043 1782 1131 1835 illa
1168 1780 1405 1839 devitarc
1431 1781 1548 1843 tibi,
1587 1788 1641 1833 et
1669 1780 1767 1833 ista
1797 1780 2010 1849 eligere.
2053 1780 2131 1833 Ad

588 1876 737 1929 illum
773 1874 927 1927 ﬁnem
959 1872 1237 1939 impiorum
1258 1870 1467 1923 luxuria
1496 1880 1549 1921 et
1585 1869 1835 1936 iniquitas
1862 1868 2133 1936 perveniet

590 1970 679 2014 tua
712 1976 724 2011 :
776 1959 841 2013 ad
892 1960 1048 2012 istam
1080 1959 1257 2025 itaque
1278 1964 1584 2010 sanctorum
1618 1957 1840 2025 gloriam
1874 1963 1927 2009 et
1954 1955 2133 2009 lauda—

586 2050 755 2107 bilem
780 2048 1157 2101 bcatitudinem
1183 2045 1458 2099 conversio
1498 2043 1647 2115 [Cod.
1696 2043 1808 2099 Sal.
1836 2054 1881 2097 et
1921 2043 1979 2099 S.
2009 2042 2133 2096 Em-

591 2138 825 2200 merami,
851 2125 1205 2205 conversatio]
1254 2142 1341 2186 tua
1361 2140 1412 2186 et
1432 2133 1739 2201 ptenitcntia
1766 2133 1979 2200 poterit,
2027 2132 2133 2186 Deo

592 2228 897 2290 miserante,
952 2224 1246 2295 pervenire.
1298 2223 1504 2277 Sufficit
1533 2224 1625 2278 tibi
1651 2222 1975 2291 przetcritum
2004 2232 2136 2277 temo

593 2332 690 2386 pus
716 2317 768 2369 in
797 2315 1017 2369 lusoriis
1043 2322 1096 2369 et
1120 2313 1322 2368 deliciis
1345 2320 1687 2367 transactum.
1744 2312 2015 2382 Resipisce
2034 2314 2131 2382 ali-

593 2404 803 2473 quando
848 2404 914 2458 ab
942 2403 1042 2457 bac
1066 2403 1359 2473 perditione
1388 2410 1507 2467 tua,
1538 2410 1591 2454 et
1616 2400 1891 2456 diabolica:
1943 2416 2132 2471 sugge-

595 2494 751 2547 stioni
784 2492 891 2547 noli
926 2491 1123 2547 diutius
1160 2491 1539 2559 obtemperare.
1572 2488 1676 2544 Sed
1705 2489 1958 2544 conﬁtere
2012 2505 2136 2557 pec-

600 2590 717 2636 cata
742 2591 851 2645 tua,
880 2588 933 2635 et
960 2580 1013 2634 in
1037 2594 1129 2649 spe
1150 2580 1313 2635 venis
1338 2578 1698 2648 paenitentiam
1728 2594 1839 2647 age.
1870 2578 1996 2643 Quis
2021 2581 2134 2641 scit,

597 2669 643 2722 si
669 2678 991 2722 convertatur
1010 2676 1057 2722 et
1089 2669 1316 2737 ignoscat
1362 2666 1499 2721 Deus
1522 2667 1676 2736 (Joef.
1722 2684 1783 2732 ll,
1815 2668 1935 2740 int)?
1963 2668 2137 2725 Multa:

599 2765 723 2811 sunt
771 2756 913 2811 enim
976 2756 1343 2820 miserationes
1396 2755 1570 2820 illius,
1620 2764 1676 2809 et
1722 2757 1925 2810 inﬁnita
1966 2758 2137 2824 pietas

570 2880 573 2885 η
599 2858 759 2913 super
784 2859 876 2898 eos
916 2844 1005 2913 qui
1048 2851 1260 2913 peccata
1285 2858 1379 2896 sua
1404 2843 1650 2912 plangere
1678 2854 1885 2907 curant,
1915 2861 2019 2900 non
2044 2845 2139 2899 atl-

596 2931 753 2995 dere;
779 2928 1006 2997 obiicere
1036 2930 1230 2985 fascem
1255 2930 1566 3000 iniquitatis,
1597 2947 1700 2985 non
1730 2946 1923 3000 augere
1952 2932 2133 2987 crimi-

599 3032 788 3073 D050!!!
805 3032 958 3073 onus.

669 3105 928 3165 hlemento
973 3105 1228 3161 latronem
1257 3107 1308 3163 in
1342 3122 1498 3163 cruce
1524 3110 1857 3177 pendentem,
1906 3118 1959 3165 et
1986 3110 2133 3165 Nini-

598 3196 733 3250 vitas
762 3195 838 3257 in
866 3195 1044 3249 cinere
1093 3196 1357 3260 sedentes,
1408 3206 1459 3253 et
1489 3198 1705 3267 impium
1744 3199 2016 3253 Manassen
2047 3216 2130 3254 rc-

602 3300 721 3353 gem
773 3285 857 3341 de‘
885 3286 1173 3355 Babylonia
1221 3294 1569 3342 revertentem
1615 3290 1941 3359 captivitate.
1983 3290 2133 3346 Sicut

602 3375 706 3429 illis
726 3375 893 3443 pietas
919 3374 1094 3429 divina
1130 3384 1250 3444 post
1295 3378 1657 3445 paenitentiam
1713 3380 1959 3432 miserata
2014 3380 2131 3443 iuit,

602 3463 675 3517 ita
698 3471 751 3516 et
783 3463 874 3517 tibi
900 3463 1004 3516 erit
1026 3463 1338 3527 certissime,
1388 3464 1432 3519 si
1456 3465 1505 3518 in
1537 3465 1681 3520 illum
1711 3474 1819 3521 tota
1848 3468 2136 3522 intentione

602 3551 800 3617 cordis,
821 3559 875 3607 et
902 3553 1244 3607 conversione
1273 3554 1410 3617 vitm,
1439 3563 1495 3608 et
1518 3557 1845 3624 pauitantia:
1887 3558 2135 3629 lacrymis

602 3640 865 3697 revertere
888 3642 987 3697 vis.
1039 3643 1172 3697 Vide
1209 3644 1625 3714 condiscipulum
1651 3659 1819 3711 tuum,
1872 3630 1961 3716 qui
1991 3650 2135 3703 omni

601 3728 875 3785 devotione
898 3730 1081 3787 cordia
1100 3731 1207 3785 Deo
1242 3745 1451 3801 semper
1478 3732 1717 3797 adhaesit,
1752 3742 1807 3788 et
1849 3735 2004 3789 modo
2024 3737 2135 3806 epi-

604 3830 820 3891 scopotu
849 3821 1092 3890 praesidet
1118 3821 1446 3877 nobilissimo
1475 3834 1524 3887 ⁸,
1574 3825 1821 3879 omnibus
1870 3827 2134 3891 amabilis,

609 3911 887 3968 laudabilis
911 3920 964 3967 et
997 3912 1379 3967 desiderabilis.
1402 3912 1479 3966 Tu
1504 3926 1656 3978 vero,
1712 3916 2024 3979 miserrime,
2055 3932 2138 3971 er-

603 4002 870 4056 rabundus
894 4016 989 4071 per
1015 4003 1262 4056 vitiorum
1286 4000 1503 4068 fruteta,
1548 4005 1746 4058 nemini
1791 4007 2133 4068 honorabilis,

606 4088 700 4144 sed
726 4089 970 4143 omnibus
998 4090 1444 4156 reprehensibilis.
1478 4091 1735 4146 Memento
1776 4104 1973 4161 quanto
1995 4094 2138 4150 fuisti

606 4175 863 4231 clariorin
877 4174 1048 4239 donis,
1068 4176 1315 4231 meliorin
1329 4177 1639 4242 eruditione,
1664 4182 1867 4235 acutior
1886 4183 1935 4235 in
1960 4198 2136 4247 sensu,

2159 2990 2207 3052 C

2229 1767 2329 1822 hac
2350 1768 2534 1822 eadem
2558 1768 2776 1836 epistola
2801 1771 3073 1837 proposui,
3112 1774 3356 1826 omnibus
3376 1774 3623 1843 angelicis
3652 1790 3776 1843 gau-

2230 1855 2374 1908 dium
2425 1855 2590 1912 fucies
2632 1857 2991 1927 dignitatibus.
3039 1859 3162 1917 ,Νοιί
3208 1862 3516 1917 subtrahere
3568 1862 3774 1916 illotum

2232 1944 2424 1999 lmtitize
2448 1954 2509 1999 et
2525 1954 2628 2000 tum
2675 1946 3005 2001 beatitudini.
3037 1947 3093 2000 Si
3124 1949 3277 2002 modo
3322 1949 3371 2000 in
3402 1952 3649 2017 prmsenti
3695 1950 3774 2003 fa-

2232 2038 2343 2092 cias
2370 2038 2488 2092 illos
2506 2038 2670 2092 lietari
2698 2039 2749 2092 in
2789 2046 2877 2093 tua
2907 2042 3233 2107 pmnitentia,
3261 2056 3378 2095 cum
3406 2042 3507 2096 illis
3538 2042 3587 2095 in
3614 2043 3776 2111 gloria

2234 2129 2429 2184 tribuet
2451 2138 2501 2183 te
2532 2129 2670 2183 Deus
2708 2130 2873 2183 lzetari
2906 2132 2957 2183 in
2986 2139 3260 2184 aeternum.

2302 2217 2421 2273 Hec
2462 2228 2637 2272 tecum
2686 2228 2897 2273 maneat
2939 2219 3195 2285 chartula,
3222 2229 3285 2294 ct_
3316 2223 3506 2289 sacpius
3551 2223 3773 2292 legatur,

2234 2309 2402 2363 donec
2423 2308 2729 2378 peniciatur
2777 2307 2925 2380 [ϐοά.
2985 2309 3123 2374 Sal.,
3177 2312 3436 2383 perﬁciat]
3465 2314 3603 2381 quod
3631 2322 3777 2381 optat

2232 2399 2322 2469 qui
2351 2399 2565 2453 dictavit
2609 2399 2771 2453 illam.
2813 2399 2982 2454 Credo
3021 2399 3217 2454 faciens
3264 2400 3419 2465 faciet
3476 2404 3613 2455 Deus
3636 2404 3775 2474 quod

2232 2500 2450 2561 paterna
2476 2491 2708 2547 Charitas
2746 2493 2933 2559 qu:crit
2963 2494 3013 2544 in
3054 2492 3179 2545 ﬁlio.
3206 2493 3308 2546 Sed
3346 2502 3399 2546 tu
3432 2493 3539 2547 noli
3562 2496 3775 2547 tardare

2235 2580 2469 2633 converti
2521 2579 2586 2632 ad
2624 2579 2810 2643 Deum,
2837 2580 2958 2647 quia
3006 2581 3269 2635 nescimus
3302 2582 3427 2651 quid
3454 2591 3659 2636 ventura
3683 2598 3778 2651 pa-

2236 2670 2335 2723 riat
2359 2670 2466 2723 dies
2494 2670 2668 2738 (Prov.
2708 2686 2877 2735 xxv",
2936 2668 3006 2741 i).
3062 2672 3200 2724 Deus
3231 2672 3536 2726 hodiernam
3588 2669 3778 2742 recipit

2235 2760 2528 2817 certissime
2549 2762 2933 2829 paenitentiam,
2963 2761 3052 2814 sed
3077 2760 3460 2831 longevitatem
3500 2762 3777 2829 prasentis

2239 2851 2359 2904 vitae
2400 2865 2503 2904 non
2524 2852 2785 2920 promisit.
2828 2851 2884 2904 ln
2907 2851 3066 2905 dubio
3112 2852 3281 2905 ultimi
3308 2852 3411 2906 diei
3449 2867 3545 2905 nos
3581 2852 3774 2905 dereli—

2240 2942 2353 3008 quit
2383 2949 2439 2994 ut
2465 2955 2670 3008 semper
2705 2949 2919 3008 paratos
2949 2941 3203 2995 inveniret
3221 2957 3339 2995 cuzn
3363 2943 3617 2995 bonorum
3646 2942 3779 3000 lam-

2237 3031 2457 3103 padibus
2478 3030 2787 3083 meritorum
2812 3031 3025 3085 obviare
3042 3030 3159 3085 sibi.

2694 3140 2723 3180 δ
2747 3138 3074 3195 EPISTOLA
3110 3137 3324 3193 CCVIII.

2843 3244 2907 3283 AD
2943 3244 3175 3282 EUMDEII.

2234 3320 2478 3392 Deplorat
2503 3320 2740 3391 discipuli
2763 3335 3019 3389 perversos
3040 3334 3225 3392 mores,
3248 3327 3293 3371 et
3312 3317 3455 3392 illum
3480 3327 3547 3370 ad
3568 3316 3777 3372 meliora

2527 3389 2761 3442 revocare
2788 3394 3003 3440 conatur
3029 3389 3207 3442 timore
3240 3389 3499 3457 gehenua.

2308 3490 2329 3519 ε
2371 3477 2692 3534 Cbarissimo
2721 3466 2846 3533 tilio.

2303 3569 2469 3637 Quem
2516 3585 2635 3625 sero
2663 3570 2837 3640 genui,
2884 3578 2937 3624 ct
2966 3570 3071 3624 cito
3107 3562 3302 3623 dimisi.
3352 3566 3459 3621 Nec
3502 3568 3635 3621 bene
3679 3568 3777 3621 ab-

2235 3660 2461 3715 lactatus
2488 3668 2668 3729 raptus
2696 3668 2776 3713 est
2802 3661 2868 3713 ab
2890 3661 3140 3713 uberibus
3157 3659 3309 3713 meis.
3333 3658 3597 3713 Inimicior
3619 3674 3775 3727 quam

2240 3764 2492 3814 noverca,
2542 3759 2723 3805 tenera
2763 3751 2827 3805 de
2867 3760 3086 3820 paterno
3138 3752 3337 3820 gremio
3387 3766 3481 3820 per
3504 3750 3776 3805 libidinum

2238 3842 2467 3897 vortices
2495 3857 2619 3897 caro
2648 3843 2842 3912 rapuit.
2872 3843 3006 3905 ileu,
3040 3843 3171 3913 proh
3195 3843 3371 3897 dolor!
3419 3844 3543 3911 quid
3568 3842 3773 3906 faciam,

2236 3934 2337 3989 nisi
2377 3935 2622 4004 plangam
2667 3944 2995 4005 pereuntem,
3060 3935 3103 3987 si
3141 3933 3275 3989 forte
3312 3934 3493 3988 calidis
3520 3934 3778 4003 lacryma—

2242 4038 2357 4077 rum
2378 4023 2624 4079 fomentis
2653 4023 2954 4079 resuscitari
2993 4024 3178 4091 possit.
3217 4023 3309 4077 Va:
3333 4023 3501 4085 carni,
3530 4036 3647 4090 quae
3672 4036 3775 4076 non

2243 4112 2390 4164 timet
2418 4105 2728 4178 sulphureos
2781 4114 3012 4182 quinque
3043 4112 3249 4165 urbium
3279 4112 3441 4179 ignes,
3499 4112 3581 4165 vel
3607 4127 3775 4181 parum

2243 4200 2574 4256 infcrnalium
2600 4210 2979 4257 tormentorum
3015 4202 3273 4255 ﬂammas.
3303 4202 3510 4272 Stringe
3532 4202 3773 4270 tcipsum,
3858 4218 3869 4227 κ

606 4265 826 4319 θίλοηωί
878 4265 1234 4372 θέεξθδίδδξίεθ
1282 4266 1522 4368 ξίθοξτίηδ
1561 4270 1981 4372 ,Ρηξςθηθηίῖοτς
2022 4270 2139 4372 ξω
2169 4290 2482 4372 Dobsecm,
2542 4288 2699 4357 hujus
2728 4292 2933 4345 timoris
2977 4290 3195 4353 catenis,
3226 4299 3278 4343 et
3328 4265 3476 4345 tenta
3514 4265 3775 4361 quomodo

606 4371 744 4411 nunc
770 4356 919 4424 quasi
974 4357 1237 4425 tugurium
1279 4356 1331 4409 in
1362 4358 1512 4410 vinea
1543 4358 1871 4422 derelictum,
1896 4360 2137 4429 vulpibus

606 4456 659 4499 et
686 4435 809 4499 feris
835 4445 1108 4508 habitatio,
1144 4445 1231 4513 qui
1256 4445 1537 4514 depascere
1564 4448 1732 4503 solent
1757 4449 1961 4503 vincam
1981 4449 2135 4502 Chri-

611 4533 701 4587 sti.
744 4533 839 4586 llle
859 4547 983 4587 vero
1006 4542 1126 4587 tuus
1172 4536 1436 4602 quondam
1487 4551 1704 4605 compar
1739 4546 1792 4590 ct
1828 4539 2139 4592 eruditionis

609 4621 889 4690 particeps,
928 4621 1175 4690 templum
1206 4622 1295 4675 Dei
1322 4624 1447 4684 vivi,
1493 4634 1549 4677 et
1570 4625 1742 4676 sancti
1783 4624 2012 4691 Spiritus
2050 4627 2139 4677 lia—

608 4709 813 4773 bitatio,
841 4708 948 4763 Deo
972 4709 1195 4762 dilectus
1214 4717 1269 4761 et
1312 4710 1634 4775 hominibus,
1690 4722 1914 4767 mternas
1959 4716 2057 4769 sibi
2088 4718 2137 4768 in

609 4800 745 4856 calo
774 4800 1004 4868 quotidie
1022 4809 1281 4868 praeparat
1314 4802 1633 4865 mansiones,
1678 4803 1797 4857 dum
1826 4814 1878 4858 tu
1904 4813 2138 4859 terrenas

609 4893 841 4958 sequeris
869 4890 1133 4946 foeditates
1158 4901 1211 4944 et
1234 4892 1449 4961 lugubre
1472 4896 1779 4963 perditionis
1816 4899 1916 4952 iter
1943 4914 2037 4967 per
2064 4904 2139 4954 vi-

613 4979 801 5032 tiorum
822 4981 1104 5048 praecipitia
1128 4982 1359 5035 ruiturus
1378 4987 1623 5039 recurris.

678 5066 863 5136 Surge,
888 5071 1123 5136 obsecro,
1154 5072 1224 5125 tili
1257 5072 1329 5128 mi
1381 5075 1706 5140 charissime,
1758 5092 1913 5148 surge
1934 5088 1987 5133 et
2011 5082 2140 5133 vade

613 5155 678 5208 ad
705 5154 921 5209 fratrem
952 5156 1121 5229 [tuum
1151 5160 1190 5229 1,
1216 5162 1281 5215 de
1322 5177 1426 5230 quo
1454 5174 1574 5218 ante
1602 5168 1729 5231 dixi,
1762 5171 1883 5237 quia
1910 5186 2004 5225 vos
2040 5188 2141 5226 una

614 5246 789 5312 genuit
808 5247 1065 5312 Ecclesia,
1082 5264 1185 5303 una
1206 5252 1432 5309 erudivit
1454 5254 1749 5323 disciplina,
1774 5275 1908 5314 unus
1928 5262 2141 5317 instruit

850 5403 936 5456 hic
966 5401 1133 5485 .ﬁlius
1178 5404 1519 5485 prodigus__in
1575 5411 1757 5485 Anglia
1811 5418 2139 5483 quzerendus,

615 5477 771 5589 Erout
807 5485 870 5523 ex
899 5473 1113 5538 epistola
1142 5474 1298 5541 priori
1330 5473 1585 5545 conjicere
1619 5473 1757 5543 licet,
1790 5473 1912 5537 tunc
1950 5487 2047 5539 ista
2081 5473 2140 5537 «to

662 5536 881 5591 anbaide
900 5540 1143 5597 episeooo
1166 5542 1498 5597 Eboracensi.
1520 5552 1607 5597 aui
1634 5552 1915 5597 άίςιιτοιιιιις
1937 5570 2140 5597 ηιιηηιω

900 5553 1143 5609 episeopo
1166 5553 1498 5610 Eboracensi,
1520 5553 1607 5617 qui
1634 5553 1915 5619 discipulus
1937 5570 2137 5622 quoque

2241 4378 2320 4433 vel
2361 4395 2516 4433 unam
2544 4378 2749 4433 ardoris
2778 4380 3059 4434 scintillam
3106 4378 3327 4433 sufferre
3364 4380 3535 4447 possis
3565 4395 3578 4433 :
3610 4388 3662 4434 et
3687 4395 3777 4434 εο-

2241 4468 2347 4535 gita
2372 4467 2497 4535 quid
2549 4469 2637 4529 sit,
2670 4469 2712 4521 si
2741 4475 2907 4521 totum
2943 4482 3133 4536 corpus
3169 4474 3367 4521 mterno
3409 4468 3774 4523 crucieturin-

2240 4561 2442 4612 condio.
2497 4560 2717 4627 Respice
2744 4561 2973 4622 tandem,
3006 4567 3059 4611 et
3099 4557 3205 4611 noli
3265 4560 3560 4613 consentire
3597 4560 3644 4613 ei
3684 4559 3771 4627 qui

2240 4649 2331 4701 tibi
2370 4649 2491 4700 talia
2522 4658 2673 4717 parat
2696 4648 2935 4702 incendia
2962 4664 2975 4700 :
3001 4650 3089 4702 scd
3116 4650 3283 4718 magis
3306 4649 3503 4719 castiga
3528 4650 3769 4718 teipsum,

2240 4746 2293 4791 et
2335 4738 2567 4805 paternis
2599 4738 2869 4805 acquiesce
2916 4738 3364 4792 obsecrationibus
3397 4754 3411 4791 :
3441 4747 3493 4791 et
3528 4739 3617 4791 Dei
3649 4753 3770 4792 ocu-

2240 4826 2305 4880 lis
2353 4836 2401 4879 te
2459 4841 2663 4895 semper
2707 4834 3016 4894 praesentem
3058 4842 3174 4881 esse
3224 4838 3497 4895 cognosce,
3542 4836 3593 4879 et
3649 4836 3771 4880 aute

2238 4924 2538 4970 sanctorum
2569 4916 2869 4984 angelorum
2892 4924 3151 4985 aspectus.
3178 4915 3441 4969 Erubesce
3470 4916 3519 4969 in
3553 4930 3649 4967 con
3683 4930 3769 4984 pe-

2238 5013 2325 5058 ctu
2366 5003 2569 5058 illorum
2600 5004 2770 5058 facere
2807 5019 2925 5072 qua:
2961 5006 3225 5059 horrescis
3274 5007 3326 5059 in
3372 5015 3654 5075 conspectu
3680 5021 3770 5057 cu.

2233 5090 2449 5157 juslibet
2488 5091 2716 5143 hominis
2768 5101 3092 5159 perpetrare.
3161 5094 3283 5148 Scio
3325 5095 3463 5163 quod
3515 5094 3766 5162 judicium

2240 5180 2410 5233 credis
2434 5180 2678 5233 omnibus
2704 5193 2817 5233 csse
2856 5180 3109 5245 futurum,
3142 5191 3194 5238 et
3224 5192 3273 5236 te
3298 5185 3467 5239 credis
3488 5186 3623 5239 inter
3651 5185 3767 5249 illos

2240 5284 2355 5323 esse
2394 5270 2484 5339 qui
2507 5268 2630 5323 talia
2662 5279 2885 5338 egerunt
2932 5274 3103 5341 qualia
3135 5272 3226 5328 tibi
3256 5278 3486 5345 quotidie
3527 5276 3766 5332 diabolus

2240 5420 2445 5494 Al_cui_ni
2478 5421 2592 5491 fuit,
2634 5430 2754 5494 apte
2774 5423 2988 5494 intelligi
3018 5438 3250 5494 possunt.

2312 5490 2337 5594 ξ
2375 5489 3363 5621 rhesi-urcea-

2313 5569 2331 5594 ε
2377 5560 2685 5615 Charissimo
2710 5561 2838 5629 ﬁlio.
2871 5560 3064 5619 Osulfo.
3100 5560 3315 5630 Manut.
