  <div class='ocr_page' id='page_1' title='image "/cluster/home/n/w/nwhite01/storage/ocr_20150623/100/uva.x000827058/250.png"; bbox 0 0 4272 6196; ppageno 0'>
   <div class='ocr_carea' id='block_1_1' title="bbox 436 253 537 311">
    <p class='ocr_par' dir='ltr' id='par_1_1' title="bbox 436 253 537 311">
     <span class='ocr_line' id='line_1_1' title="bbox 436 253 537 311; baseline -0.05 0"><span class='ocrx_word' id='word_1_1' title='bbox 436 253 537 311; x_wconf 64' lang='grc'><strong>485</strong></span> 
     </span>
    </p>
   </div>
   <div class='ocr_carea' id='block_1_2' title="bbox 1835 238 2206 296">
    <p class='ocr_par' dir='ltr' id='par_1_2' title="bbox 1835 238 2206 296">
     <span class='ocr_line' id='line_1_2' title="bbox 1835 238 2206 296; baseline -0.011 0"><span class='ocrx_word' id='word_1_2' title='bbox 1835 238 2206 296; x_wconf 69' lang='grc' dir='ltr'><strong>ΕΡίδΪΟΙΑζ.</strong></span> 
     </span>
    </p>
   </div>
   <div class='ocr_carea' id='block_1_3' title="bbox 3531 238 3633 292">
    <p class='ocr_par' dir='ltr' id='par_1_3' title="bbox 3531 238 3633 292">
     <span class='ocr_line' id='line_1_3' title="bbox 3531 238 3633 292; baseline 0.01 -1"><span class='ocrx_word' id='word_1_3' title='bbox 3531 238 3633 292; x_wconf 63' lang='grc'><strong>886</strong></span> 
     </span>
    </p>
   </div>
   <div class='ocr_carea' id='block_1_4' title="bbox 433 328 3628 430">
    <p class='ocr_par' dir='ltr' id='par_1_4' title="bbox 433 328 3628 430">
     <span class='ocr_line' id='line_1_4' title="bbox 433 328 3628 430; baseline -0.006 -11"><span class='ocrx_word' id='word_1_4' title='bbox 433 363 640 421; x_wconf 78' lang='lat' dir='ltr'><strong>suadet.</strong></span> <span class='ocrx_word' id='word_1_5' title='bbox 696 361 830 418; x_wconf 85' lang='lat' dir='ltr'><strong>Ecce</strong></span> <span class='ocrx_word' id='word_1_6' title='bbox 864 360 978 416; x_wconf 89' lang='lat' dir='ltr'><strong>heri</strong></span> <span class='ocrx_word' id='word_1_7' title='bbox 1013 359 1186 416; x_wconf 88' lang='lat' dir='ltr'><strong>fecisti</strong></span> <span class='ocrx_word' id='word_1_8' title='bbox 1230 357 1553 413; x_wconf 69' lang='lat' dir='ltr'><strong>voluntatem</strong></span> <span class='ocrx_word' id='word_1_9' title='bbox 1600 354 1780 409; x_wconf 88' lang='lat' dir='ltr'><strong>carnis</strong></span> <span class='ocrx_word' id='word_1_10' title='bbox 1835 362 1967 415; x_wconf 69' lang='lat' dir='ltr'><strong>tuae;</strong></span> <span class='ocrx_word' id='word_1_11' title='bbox 2002 354 2045 409; x_wconf 81' lang='grc' dir='ltr'><strong>Α</strong></span> <span class='ocrx_word' id='word_1_12' title='bbox 2077 351 2212 403; x_wconf 79' lang='lat' dir='ltr'><strong>ravit</strong></span> <span class='ocrx_word' id='word_1_13' title='bbox 2244 350 2381 430; x_wconf 85' lang='lat' dir='ltr'><strong>Deus</strong></span> <span class='ocrx_word' id='word_1_14' title='bbox 2409 328 2675 419; x_wconf 84' lang='lat' dir='ltr'><strong>periculis.</strong></span> <span class='ocrx_word' id='word_1_15' title='bbox 2716 348 2865 403; x_wconf 81' lang='lat' dir='ltr'><strong>illum</strong></span> <span class='ocrx_word' id='word_1_16' title='bbox 2914 364 3054 412; x_wconf 86' lang='lat' dir='ltr'><strong>ama.</strong></span> <span class='ocrx_word' id='word_1_17' title='bbox 3098 356 3151 402; x_wconf 89' lang='lat' dir='ltr'><strong>et</strong></span> <span class='ocrx_word' id='word_1_18' title='bbox 3180 348 3246 403; x_wconf 86' lang='lat' dir='ltr'><strong>ad</strong></span> <span class='ocrx_word' id='word_1_19' title='bbox 3274 346 3390 416; x_wconf 80' lang='lat' dir='ltr'><strong>ejus</strong></span> <span class='ocrx_word' id='word_1_20' title='bbox 3420 345 3628 401; x_wconf 85' lang='lat' dir='ltr'><strong>miseri-</strong></span> 
     </span>
    </p>
   </div>
   <div class='ocr_carea' id='block_1_5' title="bbox 435 446 1559 519">
    <p class='ocr_par' dir='ltr' id='par_1_5' title="bbox 435 446 1559 519">
     <span class='ocr_line' id='line_1_5' title="bbox 435 446 1559 519; baseline -0.011 -9"><span class='ocrx_word' id='word_1_21' title='bbox 435 452 590 509; x_wconf 80' lang='lat' dir='ltr'><strong>hodie</strong></span> <span class='ocrx_word' id='word_1_22' title='bbox 617 451 766 507; x_wconf 79' lang='lat' dir='ltr'><strong>vadis</strong></span> <span class='ocrx_word' id='word_1_23' title='bbox 789 453 842 507; x_wconf 92' lang='lat' dir='ltr'><strong>in</strong></span> <span class='ocrx_word' id='word_1_24' title='bbox 872 450 1170 506; x_wconf 90' lang='lat' dir='ltr'><strong>incendium</strong></span> <span class='ocrx_word' id='word_1_25' title='bbox 1202 449 1338 519; x_wconf 86' lang='lat' dir='ltr'><strong>ignis</strong></span> <span class='ocrx_word' id='word_1_26' title='bbox 1358 446 1559 501; x_wconf 68' lang='lat' dir='ltr'><strong>aeterni.</strong></span> 
     </span>
    </p>
   </div>
   <div class='ocr_carea' id='block_1_6' title="bbox 877 546 1491 612">
    <p class='ocr_par' dir='ltr' id='par_1_6' title="bbox 877 546 1491 612">
     <span class='ocr_line' id='line_1_6' title="bbox 877 546 1491 612; baseline -0.01 1"><span class='ocrx_word' id='word_1_27' title='bbox 877 570 903 599; x_wconf 82' lang='grc' dir='ltr'>ι</span> <span class='ocrx_word' id='word_1_28' title='bbox 942 546 1268 612; x_wconf 79' lang='lat' dir='ltr'><strong>EPISTOLA</strong></span> <span class='ocrx_word' id='word_1_29' title='bbox 1318 554 1491 609; x_wconf 78' lang='lat' dir='ltr'><strong>CCIX.</strong></span> 
     </span>
    </p>
   </div>
   <div class='ocr_carea' id='block_1_7' title="bbox 1037 640 1361 681">
    <p class='ocr_par' dir='ltr' id='par_1_7' title="bbox 1037 640 1361 681">
     <span class='ocr_line' id='line_1_7' title="bbox 1037 640 1361 681; baseline -0.012 -1"><span class='ocrx_word' id='word_1_30' title='bbox 1037 643 1104 681; x_wconf 70' lang='lat' dir='ltr'><strong>AD</strong></span> <span class='ocrx_word' id='word_1_31' title='bbox 1144 640 1361 679; x_wconf 68' lang='lat' dir='ltr'><strong>AIICUI.</strong></span> 
     </span>
    </p>
   </div>
   <div class='ocr_carea' id='block_1_8' title="bbox 504 708 1906 777">
    <p class='ocr_par' dir='ltr' id='par_1_8' title="bbox 504 708 1906 777">
     <span class='ocr_line' id='line_1_8' title="bbox 504 708 1906 777; baseline -0.009 -5"><span class='ocrx_word' id='word_1_32' title='bbox 504 716 811 773; x_wconf 69' lang='lat' dir='ltr'><strong>Conuersata</strong></span> <span class='ocrx_word' id='word_1_33' title='bbox 837 714 905 769; x_wconf 82' lang='lat' dir='ltr'><strong>ad</strong></span> <span class='ocrx_word' id='word_1_34' title='bbox 929 713 1163 777; x_wconf 76' lang='lat' dir='ltr'><strong>meliora,</strong></span> <span class='ocrx_word' id='word_1_35' title='bbox 1194 714 1431 765; x_wconf 73' lang='lat' dir='ltr'><strong>hortatur</strong></span> <span class='ocrx_word' id='word_1_36' title='bbox 1453 712 1520 764; x_wconf 85' lang='lat' dir='ltr'><strong>ad</strong></span> <span class='ocrx_word' id='word_1_37' title='bbox 1546 708 1906 763; x_wconf 71' lang='lat' dir='ltr'><strong>constantiam.</strong></span> 
     </span>
    </p>
   </div>
   <div class='ocr_carea' id='block_1_9' title="bbox 502 798 1981 872">
    <p class='ocr_par' dir='ltr' id='par_1_9' title="bbox 502 798 1981 872">
     <span class='ocr_line' id='line_1_9' title="bbox 502 798 1981 872; baseline -0.007 -9"><span class='ocrx_word' id='word_1_38' title='bbox 502 807 853 863; x_wconf 82' lang='lat' dir='ltr'><strong>Dilectissimo</strong></span> <span class='ocrx_word' id='word_1_39' title='bbox 898 806 1070 860; x_wconf 81' lang='lat' dir='ltr'><strong>amico</strong></span> <span class='ocrx_word' id='word_1_40' title='bbox 1113 805 1275 858; x_wconf 86' lang='lat' dir='ltr'><strong>totius</strong></span> <span class='ocrx_word' id='word_1_41' title='bbox 1303 802 1664 872; x_wconf 78' lang='lat' dir='ltr'><strong>prosperitatis</strong></span> <span class='ocrx_word' id='word_1_42' title='bbox 1705 798 1981 868; x_wconf 71' lang='lat' dir='ltr'><strong>pneserttis</strong></span> 
     </span>
    </p>
   </div>
   <div class='ocr_carea' id='block_1_10' title="bbox 432 891 1701 974">
    <p class='ocr_par' dir='ltr' id='par_1_10' title="bbox 432 891 1701 974">
     <span class='ocr_line' id='line_1_10' title="bbox 432 891 1701 974; baseline -0.009 -20"><span class='ocrx_word' id='word_1_43' title='bbox 432 907 488 955; x_wconf 88' lang='lat' dir='ltr'><strong>et</strong></span> <span class='ocrx_word' id='word_1_44' title='bbox 514 906 725 954; x_wconf 66' lang='lat' dir='ltr'><strong>aeternae</strong></span> <span class='ocrx_word' id='word_1_45' title='bbox 756 896 1095 952; x_wconf 87' lang='lat' dir='ltr'><strong>beatitudinis</strong></span> <span class='ocrx_word' id='word_1_46' title='bbox 1121 903 1425 963; x_wconf 87' lang='lat' dir='ltr'><strong>perpetuam</strong></span> <span class='ocrx_word' id='word_1_47' title='bbox 1457 891 1701 974; x_wconf 76' lang='lat' dir='ltr'><strong>salutem.</strong></span> 
     </span>
    </p>
   </div>
   <div class='ocr_carea' id='block_1_11' title="bbox 499 980 1980 1055">
    <p class='ocr_par' dir='ltr' id='par_1_11' title="bbox 499 980 1980 1055">
     <span class='ocr_line' id='line_1_11' title="bbox 499 980 1980 1055; baseline -0.007 -15"><span class='ocrx_word' id='word_1_48' title='bbox 499 986 683 1055; x_wconf 74' lang='lat' dir='ltr'><strong>Magna</strong></span> <span class='ocrx_word' id='word_1_49' title='bbox 721 985 849 1039; x_wconf 86' lang='lat' dir='ltr'><strong>mihi</strong></span> <span class='ocrx_word' id='word_1_50' title='bbox 880 984 1059 1040; x_wconf 76' lang='lat' dir='ltr'><strong>laetitia</strong></span> <span class='ocrx_word' id='word_1_51' title='bbox 1096 990 1179 1037; x_wconf 89' lang='lat' dir='ltr'><strong>est</strong></span> <span class='ocrx_word' id='word_1_52' title='bbox 1204 984 1265 1037; x_wconf 90' lang='lat' dir='ltr'><strong>de</strong></span> <span class='ocrx_word' id='word_1_53' title='bbox 1309 982 1445 1035; x_wconf 90' lang='lat' dir='ltr'><strong>bona</strong></span> <span class='ocrx_word' id='word_1_54' title='bbox 1490 980 1759 1034; x_wconf 78' lang='lat' dir='ltr'><strong>voluntate</strong></span> <span class='ocrx_word' id='word_1_55' title='bbox 1806 984 1980 1031; x_wconf 86' lang='lat' dir='ltr'><strong>vestra</strong></span> 
     </span>
    </p>
   </div>
   <div class='ocr_carea' id='block_1_12' title="bbox 433 1071 1977 1150">
    <p class='ocr_par' dir='ltr' id='par_1_12' title="bbox 433 1071 1977 1150">
     <span class='ocr_line' id='line_1_12' title="bbox 433 1071 1977 1150; baseline -0.009 -15"><span class='ocrx_word' id='word_1_56' title='bbox 433 1095 592 1150; x_wconf 89' lang='lat' dir='ltr'><strong>quam</strong></span> <span class='ocrx_word' id='word_1_57' title='bbox 614 1078 789 1134; x_wconf 90' lang='lat' dir='ltr'><strong>audivi</strong></span> <span class='ocrx_word' id='word_1_58' title='bbox 816 1094 844 1131; x_wconf 89' lang='lat' dir='ltr'><strong>a</strong></span> <span class='ocrx_word' id='word_1_59' title='bbox 874 1077 1035 1131; x_wconf 80' lang='lat' dir='ltr'><strong>fratre</strong></span> <span class='ocrx_word' id='word_1_60' title='bbox 1063 1084 1244 1130; x_wconf 91' lang='lat' dir='ltr'><strong>nostro</strong></span> <span class='ocrx_word' id='word_1_61' title='bbox 1274 1072 1561 1129; x_wconf 87' lang='lat' dir='ltr'><strong>Benedicto</strong></span> <span class='ocrx_word' id='word_1_62' title='bbox 1588 1072 1640 1126; x_wconf 92' lang='lat' dir='ltr'><strong>in</strong></span> <span class='ocrx_word' id='word_1_63' title='bbox 1668 1071 1819 1125; x_wconf 69' lang='lat' dir='ltr'><strong>vobis</strong></span> <span class='ocrx_word' id='word_1_64' title='bbox 1840 1085 1977 1124; x_wconf 85' lang='lat' dir='ltr'><strong>esse.</strong></span> 
     </span>
    </p>
   </div>
   <div class='ocr_carea' id='block_1_13' title="bbox 432 1160 1981 1237">
    <p class='ocr_par' dir='ltr' id='par_1_13' title="bbox 432 1160 1981 1237">
     <span class='ocr_line' id='line_1_13' title="bbox 432 1160 1981 1237; baseline -0.008 -13"><span class='ocrx_word' id='word_1_65' title='bbox 432 1169 591 1233; x_wconf 85' lang='lat' dir='ltr'><strong>Opto,</strong></span> <span class='ocrx_word' id='word_1_66' title='bbox 643 1177 803 1237; x_wconf 87' lang='lat' dir='ltr'><strong>atque</strong></span> <span class='ocrx_word' id='word_1_67' title='bbox 847 1169 1011 1222; x_wconf 91' lang='lat' dir='ltr'><strong>Deum</strong></span> <span class='ocrx_word' id='word_1_68' title='bbox 1051 1166 1325 1236; x_wconf 84' lang='lat' dir='ltr'><strong>deprecor,</strong></span> <span class='ocrx_word' id='word_1_69' title='bbox 1373 1174 1429 1218; x_wconf 93' lang='lat' dir='ltr'><strong>ut</strong></span> <span class='ocrx_word' id='word_1_70' title='bbox 1474 1163 1630 1217; x_wconf 84' lang='lat' dir='ltr'><strong>citius</strong></span> <span class='ocrx_word' id='word_1_71' title='bbox 1672 1177 1793 1217; x_wconf 90' lang='lat' dir='ltr'><strong>cum</strong></span> <span class='ocrx_word' id='word_1_72' title='bbox 1838 1160 1981 1215; x_wconf 91' lang='lat' dir='ltr'><strong>omni</strong></span> 
     </span>
    </p>
   </div>
   <div class='ocr_carea' id='block_1_14' title="bbox 434 1248 1984 1326">
    <p class='ocr_par' dir='ltr' id='par_1_14' title="bbox 434 1248 1984 1326">
     <span class='ocr_line' id='line_1_14' title="bbox 434 1248 1984 1326; baseline -0.008 -12"><span class='ocrx_word' id='word_1_73' title='bbox 434 1258 798 1314; x_wconf 78' lang='lat' dir='ltr'><strong>convenientia</strong></span> <span class='ocrx_word' id='word_1_74' title='bbox 844 1256 1169 1326; x_wconf 89' lang='lat' dir='ltr'><strong>perﬁciatur.</strong></span> <span class='ocrx_word' id='word_1_75' title='bbox 1212 1254 1476 1323; x_wconf 81' lang='lat' dir='ltr'><strong>Scriptum</strong></span> <span class='ocrx_word' id='word_1_76' title='bbox 1537 1261 1618 1307; x_wconf 89' lang='lat' dir='ltr'><strong>est</strong></span> <span class='ocrx_word' id='word_1_77' title='bbox 1664 1252 1848 1306; x_wconf 90' lang='lat' dir='ltr'><strong>enim:</strong></span> <span class='ocrx_word' id='word_1_78' title='bbox 1904 1248 1984 1302; x_wconf 84' lang='lat' dir='ltr'><strong>Ne</strong></span> 
     </span>
    </p>
   </div>
   <div class='ocr_carea' id='block_1_15' title="bbox 432 1340 1983 1412">
    <p class='ocr_par' dir='ltr' id='par_1_15' title="bbox 432 1340 1983 1412">
     <span class='ocr_line' id='line_1_15' title="bbox 432 1340 1983 1412; baseline -0.006 -12"><span class='ocrx_word' id='word_1_79' title='bbox 432 1348 604 1402; x_wconf 86' lang='lat' dir='ltr'><strong>tardes</strong></span> <span class='ocrx_word' id='word_1_80' title='bbox 632 1347 854 1401; x_wconf 83' lang='lat' dir='ltr'><strong>converti</strong></span> <span class='ocrx_word' id='word_1_81' title='bbox 896 1345 963 1398; x_wconf 85' lang='lat' dir='ltr'><strong>ad</strong></span> <span class='ocrx_word' id='word_1_82' title='bbox 994 1344 1267 1397; x_wconf 81' lang='lat' dir='ltr'><strong>Dominum</strong></span> <span class='ocrx_word' id='word_1_83' title='bbox 1317 1342 1501 1405; x_wconf 84' lang='lat' dir='ltr'><strong>Deum,</strong></span> <span class='ocrx_word' id='word_1_84' title='bbox 1528 1344 1648 1412; x_wconf 86' lang='lat' dir='ltr'><strong>quia</strong></span> <span class='ocrx_word' id='word_1_85' title='bbox 1676 1341 1834 1395; x_wconf 82' lang='lat' dir='ltr'><strong>nescis</strong></span> <span class='ocrx_word' id='word_1_86' title='bbox 1859 1340 1983 1410; x_wconf 82' lang='lat' dir='ltr'><strong>quid</strong></span> 
     </span>
    </p>
   </div>
   <div class='ocr_carea' id='block_1_16' title="bbox 433 1430 1983 1502">
    <p class='ocr_par' dir='ltr' id='par_1_16' title="bbox 433 1430 1983 1502">
     <span class='ocr_line' id='line_1_16' title="bbox 433 1430 1983 1502; baseline -0.005 -12"><span class='ocrx_word' id='word_1_87' title='bbox 433 1444 643 1490; x_wconf 67' lang='lat' dir='ltr'><strong>uentura</strong></span> <span class='ocrx_word' id='word_1_88' title='bbox 667 1435 837 1500; x_wconf 85' lang='lat' dir='ltr'><strong>pariat</strong></span> <span class='ocrx_word' id='word_1_89' title='bbox 877 1433 987 1486; x_wconf 86' lang='lat' dir='ltr'><strong>dies</strong></span> <span class='ocrx_word' id='word_1_90' title='bbox 1014 1431 1200 1502; x_wconf 83' lang='lat' dir='ltr'><strong>(Eccli.</strong></span> <span class='ocrx_word' id='word_1_91' title='bbox 1233 1447 1286 1495; x_wconf 93' lang='lat' dir='ltr'><strong>v,</strong></span> <span class='ocrx_word' id='word_1_92' title='bbox 1324 1430 1399 1499; x_wconf 86' lang='lat'><strong>8).</strong></span> <span class='ocrx_word' id='word_1_93' title='bbox 1448 1431 1587 1485; x_wconf 86' lang='lat' dir='ltr'><strong>Erue</strong></span> <span class='ocrx_word' id='word_1_94' title='bbox 1613 1438 1662 1485; x_wconf 91' lang='lat' dir='ltr'><strong>te</strong></span> <span class='ocrx_word' id='word_1_95' title='bbox 1696 1431 1761 1484; x_wconf 91' lang='lat' dir='ltr'><strong>de</strong></span> <span class='ocrx_word' id='word_1_96' title='bbox 1793 1430 1983 1483; x_wconf 88' lang='lat' dir='ltr'><strong>harum</strong></span> 
     </span>
    </p>
   </div>
   <div class='ocr_carea' id='block_1_17' title="bbox 433 1518 1983 1589">
    <p class='ocr_par' dir='ltr' id='par_1_17' title="bbox 433 1518 1983 1589">
     <span class='ocr_line' id='line_1_17' title="bbox 433 1518 1983 1589; baseline -0.006 -9"><span class='ocrx_word' id='word_1_97' title='bbox 433 1539 645 1579; x_wconf 81' lang='lat' dir='ltr'><strong>carcere</strong></span> <span class='ocrx_word' id='word_1_98' title='bbox 675 1522 1088 1580; x_wconf 81' lang='lat' dir='ltr'><strong>tribulationum,</strong></span> <span class='ocrx_word' id='word_1_99' title='bbox 1136 1535 1254 1589; x_wconf 67' lang='lat' dir='ltr'><strong>qua:</strong></span> <span class='ocrx_word' id='word_1_100' title='bbox 1282 1520 1334 1573; x_wconf 90' lang='lat' dir='ltr'><strong>in</strong></span> <span class='ocrx_word' id='word_1_101' title='bbox 1376 1520 1477 1574; x_wconf 90' lang='lat' dir='ltr'><strong>hoc</strong></span> <span class='ocrx_word' id='word_1_102' title='bbox 1520 1520 1718 1574; x_wconf 91' lang='lat' dir='ltr'><strong>mundo</strong></span> <span class='ocrx_word' id='word_1_103' title='bbox 1754 1518 1983 1572; x_wconf 88' lang='lat' dir='ltr'><strong>ﬁdelium</strong></span> 
     </span>
    </p>
   </div>
   <div class='ocr_carea' id='block_1_18' title="bbox 434 1606 1986 1680">
    <p class='ocr_par' dir='ltr' id='par_1_18' title="bbox 434 1606 1986 1680">
     <span class='ocr_line' id='line_1_18' title="bbox 434 1606 1986 1680; baseline -0.003 -14"><span class='ocrx_word' id='word_1_104' title='bbox 434 1613 641 1666; x_wconf 86' lang='lat' dir='ltr'><strong>animos</strong></span> <span class='ocrx_word' id='word_1_105' title='bbox 688 1618 936 1680; x_wconf 85' lang='lat' dir='ltr'><strong>torquere</strong></span> <span class='ocrx_word' id='word_1_106' title='bbox 982 1610 1138 1673; x_wconf 84' lang='lat' dir='ltr'><strong>solet,</strong></span> <span class='ocrx_word' id='word_1_107' title='bbox 1184 1610 1320 1663; x_wconf 83' lang='lat' dir='ltr'><strong>sicut</strong></span> <span class='ocrx_word' id='word_1_108' title='bbox 1348 1610 1603 1678; x_wconf 88' lang='lat' dir='ltr'><strong>scriptum</strong></span> <span class='ocrx_word' id='word_1_109' title='bbox 1644 1616 1765 1664; x_wconf 90' lang='lat' dir='ltr'><strong>est:</strong></span> <span class='ocrx_word' id='word_1_110' title='bbox 1803 1606 1986 1661; x_wconf 71' lang='lat' dir='ltr'><strong>Multa-</strong></span> 
     </span>
    </p>
   </div>
   <div class='ocr_carea' id='block_1_19' title="bbox 433 1691 2056 1767">
    <p class='ocr_par' dir='ltr' id='par_1_19' title="bbox 433 1691 2056 1767">
     <span class='ocr_line' id='line_1_19' title="bbox 433 1691 2056 1767; baseline -0.002 -14"><span class='ocrx_word' id='word_1_111' title='bbox 433 1696 789 1753; x_wconf 79' lang='lat' dir='ltr'><strong>tribula&#39;tiones</strong></span> <span class='ocrx_word' id='word_1_112' title='bbox 806 1700 1101 1767; x_wconf 82' lang='lat' dir='ltr'><strong>justorum;</strong></span> <span class='ocrx_word' id='word_1_113' title='bbox 1132 1706 1189 1751; x_wconf 91' lang='lat' dir='ltr'><strong>ut</strong></span> <span class='ocrx_word' id='word_1_114' title='bbox 1215 1698 1353 1765; x_wconf 90' lang='lat' dir='ltr'><strong>quod</strong></span> <span class='ocrx_word' id='word_1_115' title='bbox 1384 1699 1625 1766; x_wconf 83' lang='lat' dir='ltr'><strong>sequitur</strong></span> <span class='ocrx_word' id='word_1_116' title='bbox 1648 1698 1740 1751; x_wconf 86' lang='lat' dir='ltr'><strong>tibi</strong></span> <span class='ocrx_word' id='word_1_117' title='bbox 1766 1698 1981 1751; x_wconf 76' lang='lat' dir='ltr'><strong>evenire</strong></span> <span class='ocrx_word' id='word_1_118' title='bbox 2014 1691 2056 1750; x_wconf 80' lang='grc' dir='ltr'><strong>Β</strong></span> 
     </span>
    </p>
   </div>
   <div class='ocr_carea' id='block_1_20' title="bbox 434 1784 1982 1843">
    <p class='ocr_par' dir='ltr' id='par_1_20' title="bbox 434 1784 1982 1843">
     <span class='ocr_line' id='line_1_20' title="bbox 434 1784 1982 1843; baseline -0.002 -1"><span class='ocrx_word' id='word_1_119' title='bbox 434 1789 727 1843; x_wconf 82' lang='lat' dir='ltr'><strong>merearis:</strong></span> <span class='ocrx_word' id='word_1_120' title='bbox 764 1787 869 1842; x_wconf 90' lang='lat' dir='ltr'><strong>Sed</strong></span> <span class='ocrx_word' id='word_1_121' title='bbox 904 1787 967 1841; x_wconf 82' lang='lat' dir='ltr'><strong>de</strong></span> <span class='ocrx_word' id='word_1_122' title='bbox 988 1787 1067 1839; x_wconf 82' lang='lat' dir='ltr'><strong>Itis</strong></span> <span class='ocrx_word' id='word_1_123' title='bbox 1098 1787 1331 1839; x_wconf 81' lang='lat' dir='ltr'><strong>omnibus</strong></span> <span class='ocrx_word' id='word_1_124' title='bbox 1359 1785 1593 1839; x_wconf 84' lang='lat' dir='ltr'><strong>liberabit</strong></span> <span class='ocrx_word' id='word_1_125' title='bbox 1618 1802 1702 1839; x_wconf 89' lang='lat' dir='ltr'><strong>eos</strong></span> <span class='ocrx_word' id='word_1_126' title='bbox 1731 1784 1982 1839; x_wconf 75' lang='lat' dir='ltr'><strong>Dominus</strong></span> 
     </span>
    </p>
   </div>
   <div class='ocr_carea' id='block_1_21' title="bbox 436 1876 1983 1948">
    <p class='ocr_par' dir='ltr' id='par_1_21' title="bbox 436 1876 1983 1948">
     <span class='ocr_line' id='line_1_21' title="bbox 436 1876 1983 1948; baseline 0 -18"><span class='ocrx_word' id='word_1_127' title='bbox 436 1877 603 1948; x_wconf 86' lang='lat' dir='ltr'><strong>(Psal.</strong></span> <span class='ocrx_word' id='word_1_128' title='bbox 634 1892 828 1942; x_wconf 72' lang='grc' dir='ltr'><strong>ιιιιιι,</strong></span> <span class='ocrx_word' id='word_1_129' title='bbox 853 1876 965 1943; x_wconf 70' lang='grc'><strong>90).</strong></span> <span class='ocrx_word' id='word_1_130' title='bbox 1007 1876 1074 1929; x_wconf 80' lang='lat' dir='ltr'><strong>Et</strong></span> <span class='ocrx_word' id='word_1_131' title='bbox 1107 1891 1236 1931; x_wconf 89' lang='lat' dir='ltr'><strong>cave</strong></span> <span class='ocrx_word' id='word_1_132' title='bbox 1260 1877 1680 1945; x_wconf 78' lang='lat' dir='ltr'><strong>diligentissime,</strong></span> <span class='ocrx_word' id='word_1_133' title='bbox 1713 1891 1778 1931; x_wconf 89' lang='lat' dir='ltr'><strong>ne</strong></span> <span class='ocrx_word' id='word_1_134' title='bbox 1802 1891 1905 1945; x_wconf 88' lang='lat' dir='ltr'><strong>qua</strong></span> <span class='ocrx_word' id='word_1_135' title='bbox 1933 1884 1983 1930; x_wconf 89' lang='lat' dir='ltr'><strong>te</strong></span> 
     </span>
    </p>
   </div>
   <div class='ocr_carea' id='block_1_22' title="bbox 434 1966 1978 2035">
    <p class='ocr_par' dir='ltr' id='par_1_22' title="bbox 434 1966 1978 2035">
     <span class='ocr_line' id='line_1_22' title="bbox 434 1966 1978 2035; baseline -0.004 -12"><span class='ocrx_word' id='word_1_136' title='bbox 434 1979 667 2023; x_wconf 80' lang='lat' dir='ltr'><strong>aratrum</strong></span> <span class='ocrx_word' id='word_1_137' title='bbox 707 1967 915 2022; x_wconf 86' lang='lat' dir='ltr'><strong>Domini</strong></span> <span class='ocrx_word' id='word_1_138' title='bbox 961 1976 1229 2021; x_wconf 86' lang='lat' dir='ltr'><strong>tenentem</strong></span> <span class='ocrx_word' id='word_1_139' title='bbox 1272 1966 1530 2035; x_wconf 78' lang='lat' dir='ltr'><strong>iniustitia</strong></span> <span class='ocrx_word' id='word_1_140' title='bbox 1560 1977 1703 2021; x_wconf 90' lang='lat' dir='ltr'><strong>retro</strong></span> <span class='ocrx_word' id='word_1_141' title='bbox 1750 1974 1978 2021; x_wconf 82' lang='lat' dir='ltr'><strong>revocet.</strong></span> 
     </span>
    </p>
   </div>
   <div class='ocr_carea' id='block_1_23' title="bbox 433 2055 1985 2127">
    <p class='ocr_par' dir='ltr' id='par_1_23' title="bbox 433 2055 1985 2127">
     <span class='ocr_line' id='line_1_23' title="bbox 433 2055 1985 2127; baseline -0.001 -15"><span class='ocrx_word' id='word_1_142' title='bbox 433 2057 600 2113; x_wconf 76' lang='lat' dir='ltr'><strong>Nemo</strong></span> <span class='ocrx_word' id='word_1_143' title='bbox 646 2057 799 2127; x_wconf 87' lang='lat' dir='ltr'><strong>miles</strong></span> <span class='ocrx_word' id='word_1_144' title='bbox 827 2057 1052 2111; x_wconf 86' lang='lat' dir='ltr'><strong>sarcinis</strong></span> <span class='ocrx_word' id='word_1_145' title='bbox 1095 2057 1285 2111; x_wconf 86' lang='lat' dir='ltr'><strong>alienis</strong></span> <span class='ocrx_word' id='word_1_146' title='bbox 1308 2064 1533 2110; x_wconf 89' lang='lat' dir='ltr'><strong>onustus</strong></span> <span class='ocrx_word' id='word_1_147' title='bbox 1573 2057 1640 2110; x_wconf 88' lang='lat' dir='ltr'><strong>ad</strong></span> <span class='ocrx_word' id='word_1_148' title='bbox 1680 2057 1817 2111; x_wconf 87' lang='lat' dir='ltr'><strong>bella</strong></span> <span class='ocrx_word' id='word_1_149' title='bbox 1849 2055 1985 2111; x_wconf 88' lang='lat' dir='ltr'><strong>bene</strong></span> 
     </span>
    </p>
   </div>
   <div class='ocr_carea' id='block_1_24' title="bbox 434 2133 1984 2217">
    <p class='ocr_par' dir='ltr' id='par_1_24' title="bbox 434 2133 1984 2217">
     <span class='ocr_line' id='line_1_24' title="bbox 434 2133 1984 2217; baseline -0.003 -14"><span class='ocrx_word' id='word_1_150' title='bbox 434 2149 687 2217; x_wconf 79' lang='lat' dir='ltr'><strong>procedit,</strong></span> <span class='ocrx_word' id='word_1_151' title='bbox 714 2147 818 2203; x_wconf 86' lang='lat' dir='ltr'><strong>nisi</strong></span> <span class='ocrx_word' id='word_1_152' title='bbox 863 2147 1029 2201; x_wconf 88' lang='lat' dir='ltr'><strong>armis</strong></span> <span class='ocrx_word' id='word_1_153' title='bbox 1054 2133 1419 2200; x_wconf 80' lang='lat' dir='ltr'><strong>tantummodo</strong></span> <span class='ocrx_word' id='word_1_154' title='bbox 1448 2144 1774 2209; x_wconf 77' lang='lat' dir='ltr'><strong>victricibus,</strong></span> <span class='ocrx_word' id='word_1_155' title='bbox 1806 2146 1887 2199; x_wconf 89' lang='lat' dir='ltr'><strong>vel</strong></span> <span class='ocrx_word' id='word_1_156' title='bbox 1918 2146 1984 2199; x_wconf 89' lang='lat' dir='ltr'><strong>ad</strong></span> 
     </span>
    </p>
   </div>
   <div class='ocr_carea' id='block_1_25' title="bbox 433 2235 1739 2315">
    <p class='ocr_par' dir='ltr' id='par_1_25' title="bbox 433 2235 1739 2315">
     <span class='ocr_line' id='line_1_25' title="bbox 433 2235 1739 2315; baseline -0.003 -24"><span class='ocrx_word' id='word_1_157' title='bbox 433 2236 789 2315; x_wconf 68' lang='lat' dir='ltr'><strong>defensionem</strong></span> <span class='ocrx_word' id='word_1_158' title='bbox 810 2236 914 2300; x_wconf 85' lang='lat' dir='ltr'><strong>sui,</strong></span> <span class='ocrx_word' id='word_1_159' title='bbox 936 2235 1017 2289; x_wconf 90' lang='lat' dir='ltr'><strong>vel</strong></span> <span class='ocrx_word' id='word_1_160' title='bbox 1042 2236 1108 2289; x_wconf 90' lang='lat' dir='ltr'><strong>ad</strong></span> <span class='ocrx_word' id='word_1_161' title='bbox 1130 2235 1397 2289; x_wconf 66' lang='lat' dir='ltr'><strong>lesiouem</strong></span> <span class='ocrx_word' id='word_1_162' title='bbox 1426 2235 1739 2289; x_wconf 86' lang='lat' dir='ltr'><strong>adversarii.</strong></span> 
     </span>
    </p>
   </div>
   <div class='ocr_carea' id='block_1_26' title="bbox 502 2324 1987 2394">
    <p class='ocr_par' dir='ltr' id='par_1_26' title="bbox 502 2324 1987 2394">
     <span class='ocr_line' id='line_1_26' title="bbox 502 2324 1987 2394; baseline -0.001 -14"><span class='ocrx_word' id='word_1_163' title='bbox 502 2326 687 2380; x_wconf 81' lang='lat' dir='ltr'><strong>Omnia</strong></span> <span class='ocrx_word' id='word_1_164' title='bbox 714 2341 830 2394; x_wconf 75' lang='lat' dir='ltr'><strong>quze</strong></span> <span class='ocrx_word' id='word_1_165' title='bbox 855 2325 1005 2379; x_wconf 86' lang='lat' dir='ltr'><strong>vobis</strong></span> <span class='ocrx_word' id='word_1_166' title='bbox 1028 2324 1330 2379; x_wconf 86' lang='lat' dir='ltr'><strong>necessaria</strong></span> <span class='ocrx_word' id='word_1_167' title='bbox 1362 2324 1679 2379; x_wconf 85' lang='lat' dir='ltr'><strong>videbantur</strong></span> <span class='ocrx_word' id='word_1_168' title='bbox 1704 2326 1832 2379; x_wconf 90' lang='lat' dir='ltr'><strong>mihi</strong></span> <span class='ocrx_word' id='word_1_169' title='bbox 1860 2324 1987 2380; x_wconf 84' lang='lat' dir='ltr'><strong>ﬁde-</strong></span> 
     </span>
    </p>
   </div>
   <div class='ocr_carea' id='block_1_27' title="bbox 434 2407 1987 2481">
    <p class='ocr_par' dir='ltr' id='par_1_27' title="bbox 434 2407 1987 2481">
     <span class='ocr_line' id='line_1_27' title="bbox 434 2407 1987 2481; baseline 0 -14"><span class='ocrx_word' id='word_1_170' title='bbox 434 2413 636 2469; x_wconf 85' lang='lat' dir='ltr'><strong>lissimo</strong></span> <span class='ocrx_word' id='word_1_171' title='bbox 686 2413 834 2467; x_wconf 83' lang='lat' dir='ltr'><strong>fratri</strong></span> <span class='ocrx_word' id='word_1_172' title='bbox 882 2407 1168 2469; x_wconf 88' lang='lat' dir='ltr'><strong>Benedicto</strong></span> <span class='ocrx_word' id='word_1_173' title='bbox 1215 2414 1343 2468; x_wconf 77' lang='lat' dir='ltr'><strong>dixi.</strong></span> <span class='ocrx_word' id='word_1_174' title='bbox 1391 2414 1532 2468; x_wconf 88' lang='lat' dir='ltr'><strong>Loca</strong></span> <span class='ocrx_word' id='word_1_175' title='bbox 1585 2412 1905 2481; x_wconf 76' lang='lat' dir='ltr'><strong>adiutorium</strong></span> <span class='ocrx_word' id='word_1_176' title='bbox 1933 2423 1987 2469; x_wconf 91' lang='lat' dir='ltr'><strong>et</strong></span> 
     </span>
    </p>
   </div>
   <div class='ocr_carea' id='block_1_28' title="bbox 434 2503 1987 2577">
    <p class='ocr_par' dir='ltr' id='par_1_28' title="bbox 434 2503 1987 2577">
     <span class='ocr_line' id='line_1_28' title="bbox 434 2503 1987 2577; baseline 0.001 -18"><span class='ocrx_word' id='word_1_177' title='bbox 434 2503 598 2559; x_wconf 81' lang='lat' dir='ltr'><strong>animi</strong></span> <span class='ocrx_word' id='word_1_178' title='bbox 626 2505 977 2558; x_wconf 87' lang='lat' dir='ltr'><strong>constantiam</strong></span> <span class='ocrx_word' id='word_1_179' title='bbox 1009 2503 1173 2577; x_wconf 88' lang='lat' dir='ltr'><strong>[locus</strong></span> <span class='ocrx_word' id='word_1_180' title='bbox 1200 2504 1513 2576; x_wconf 86' lang='lat' dir='ltr'><strong>corruptus].</strong></span> <span class='ocrx_word' id='word_1_181' title='bbox 1540 2503 1643 2559; x_wconf 90' lang='lat' dir='ltr'><strong>Sed</strong></span> <span class='ocrx_word' id='word_1_182' title='bbox 1669 2506 1808 2560; x_wconf 90' lang='lat' dir='ltr'><strong>scire</strong></span> <span class='ocrx_word' id='word_1_183' title='bbox 1826 2504 1987 2561; x_wconf 84' lang='lat' dir='ltr'><strong>debes</strong></span> 
     </span>
    </p>
   </div>
   <div class='ocr_carea' id='block_1_29' title="bbox 433 2592 1987 2665">
    <p class='ocr_par' dir='ltr' id='par_1_29' title="bbox 433 2592 1987 2665">
     <span class='ocr_line' id='line_1_29' title="bbox 433 2592 1987 2665; baseline -0.001 -17"><span class='ocrx_word' id='word_1_184' title='bbox 433 2594 574 2665; x_wconf 86' lang='lat' dir='ltr'><strong>quod</strong></span> <span class='ocrx_word' id='word_1_185' title='bbox 625 2594 677 2646; x_wconf 91' lang='lat' dir='ltr'><strong>in</strong></span> <span class='ocrx_word' id='word_1_186' title='bbox 721 2594 864 2647; x_wconf 80' lang='lat' dir='ltr'><strong>omni</strong></span> <span class='ocrx_word' id='word_1_187' title='bbox 920 2592 1037 2647; x_wconf 91' lang='lat' dir='ltr'><strong>loco</strong></span> <span class='ocrx_word' id='word_1_188' title='bbox 1083 2594 1172 2647; x_wconf 90' lang='lat' dir='ltr'><strong>ubi</strong></span> <span class='ocrx_word' id='word_1_189' title='bbox 1215 2594 1492 2649; x_wconf 85' lang='lat' dir='ltr'><strong>hominum</strong></span> <span class='ocrx_word' id='word_1_190' title='bbox 1533 2594 1869 2649; x_wconf 82' lang='lat' dir='ltr'><strong>conversatio</strong></span> <span class='ocrx_word' id='word_1_191' title='bbox 1903 2602 1987 2649; x_wconf 78' lang='lat' dir='ltr'><strong>est</strong></span> 
     </span>
    </p>
   </div>
   <div class='ocr_carea' id='block_1_30' title="bbox 433 2680 1983 2749">
    <p class='ocr_par' dir='ltr' id='par_1_30' title="bbox 433 2680 1983 2749">
     <span class='ocr_line' id='line_1_30' title="bbox 433 2680 1983 2749; baseline 0.001 -16"><span class='ocrx_word' id='word_1_192' title='bbox 433 2680 803 2749; x_wconf 75' lang='lat' dir='ltr'><strong>plurimorum,</strong></span> <span class='ocrx_word' id='word_1_193' title='bbox 833 2689 1117 2749; x_wconf 89' lang='lat' dir='ltr'><strong>utrumque</strong></span> <span class='ocrx_word' id='word_1_194' title='bbox 1146 2690 1198 2733; x_wconf 89' lang='lat' dir='ltr'><strong>et</strong></span> <span class='ocrx_word' id='word_1_195' title='bbox 1222 2681 1344 2735; x_wconf 91' lang='lat' dir='ltr'><strong>boni</strong></span> <span class='ocrx_word' id='word_1_196' title='bbox 1369 2689 1423 2736; x_wconf 91' lang='lat' dir='ltr'><strong>et</strong></span> <span class='ocrx_word' id='word_1_197' title='bbox 1450 2681 1573 2735; x_wconf 90' lang='lat' dir='ltr'><strong>mali</strong></span> <span class='ocrx_word' id='word_1_198' title='bbox 1601 2682 1941 2735; x_wconf 85' lang='lat' dir='ltr'><strong>inveniuntur</strong></span> <span class='ocrx_word' id='word_1_199' title='bbox 1969 2695 1983 2735; x_wconf 91' lang='lat'><strong>:</strong></span> 
     </span>
    </p>
   </div>
   <div class='ocr_carea' id='block_1_31' title="bbox 434 2766 1983 2839">
    <p class='ocr_par' dir='ltr' id='par_1_31' title="bbox 434 2766 1983 2839">
     <span class='ocr_line' id='line_1_31' title="bbox 434 2766 1983 2839; baseline 0.001 -17"><span class='ocrx_word' id='word_1_200' title='bbox 434 2766 540 2822; x_wconf 85' lang='lat' dir='ltr'><strong>Sed</strong></span> <span class='ocrx_word' id='word_1_201' title='bbox 569 2768 778 2837; x_wconf 81' lang='lat' dir='ltr'><strong>sapiens</strong></span> <span class='ocrx_word' id='word_1_202' title='bbox 813 2770 1025 2823; x_wconf 89' lang='lat' dir='ltr'><strong>animus</strong></span> <span class='ocrx_word' id='word_1_203' title='bbox 1048 2774 1397 2838; x_wconf 82' lang='lat' dir='ltr'><strong>utrorumque</strong></span> <span class='ocrx_word' id='word_1_204' title='bbox 1441 2777 1623 2823; x_wconf 88' lang='lat' dir='ltr'><strong>utatur</strong></span> <span class='ocrx_word' id='word_1_205' title='bbox 1650 2769 1983 2839; x_wconf 84' lang='lat' dir='ltr'><strong>magisterio,</strong></span> 
     </span>
    </p>
   </div>
   <div class='ocr_carea' id='block_1_32' title="bbox 437 2856 1985 2923">
    <p class='ocr_par' dir='ltr' id='par_1_32' title="bbox 437 2856 1985 2923">
     <span class='ocr_line' id='line_1_32' title="bbox 437 2856 1985 2923; baseline 0.003 -13"><span class='ocrx_word' id='word_1_206' title='bbox 437 2856 489 2911; x_wconf 89' lang='lat' dir='ltr'><strong>id</strong></span> <span class='ocrx_word' id='word_1_207' title='bbox 514 2863 613 2919; x_wconf 86' lang='lat' dir='ltr'><strong>est,</strong></span> <span class='ocrx_word' id='word_1_208' title='bbox 640 2864 697 2910; x_wconf 92' lang='lat' dir='ltr'><strong>ut</strong></span> <span class='ocrx_word' id='word_1_209' title='bbox 727 2856 987 2911; x_wconf 89' lang='lat' dir='ltr'><strong>maiorum</strong></span> <span class='ocrx_word' id='word_1_210' title='bbox 1009 2866 1196 2912; x_wconf 85' lang='lat' dir='ltr'><strong>caveat</strong></span> <span class='ocrx_word' id='word_1_211' title='bbox 1222 2860 1501 2923; x_wconf 87' lang='lat' dir='ltr'><strong>malitiam,</strong></span> <span class='ocrx_word' id='word_1_212' title='bbox 1526 2867 1578 2914; x_wconf 88' lang='lat' dir='ltr'><strong>et</strong></span> <span class='ocrx_word' id='word_1_213' title='bbox 1602 2860 1862 2914; x_wconf 88' lang='lat' dir='ltr'><strong>bonorum</strong></span> <span class='ocrx_word' id='word_1_214' title='bbox 1900 2869 1985 2913; x_wconf 82' lang='lat' dir='ltr'><strong>se-</strong></span> 
     </span>
    </p>
   </div>
   <div class='ocr_carea' id='block_1_33' title="bbox 437 2943 1985 3025">
    <p class='ocr_par' dir='ltr' id='par_1_33' title="bbox 437 2943 1985 3025">
     <span class='ocr_line' id='line_1_33' title="bbox 437 2943 1985 3025; baseline 0.005 -30"><span class='ocrx_word' id='word_1_215' title='bbox 437 2955 631 3025; x_wconf 74' lang='lat' dir='ltr'><strong>quatur</strong></span> <span class='ocrx_word' id='word_1_216' title='bbox 655 2943 939 3013; x_wconf 80' lang='lat' dir='ltr'><strong>justitiam.</strong></span> <span class='ocrx_word' id='word_1_217' title='bbox 970 2945 1115 3000; x_wconf 80' lang='lat' dir='ltr'><strong>Mens</strong></span> <span class='ocrx_word' id='word_1_218' title='bbox 1145 2946 1421 3001; x_wconf 85' lang='lat' dir='ltr'><strong>rationalis</strong></span> <span class='ocrx_word' id='word_1_219' title='bbox 1464 2963 1584 3017; x_wconf 64' lang='lat' dir='ltr'><strong>qua</strong></span> <span class='ocrx_word' id='word_1_220' title='bbox 1624 2949 1824 3003; x_wconf 83' lang='lat' dir='ltr'><strong>homini</strong></span> <span class='ocrx_word' id='word_1_221' title='bbox 1864 2949 1985 3002; x_wconf 88' lang='lat' dir='ltr'><strong>data</strong></span> 
     </span>
    </p>
   </div>
   <div class='ocr_carea' id='block_1_34' title="bbox 437 3011 2061 3105">
    <p class='ocr_par' dir='ltr' id='par_1_34' title="bbox 437 3011 2061 3105">
     <span class='ocr_line' id='line_1_34' title="bbox 437 3011 2061 3105; baseline 0.003 -18"><span class='ocrx_word' id='word_1_222' title='bbox 437 3011 537 3096; x_wconf 82' lang='lat' dir='ltr'><strong>est,</strong></span> <span class='ocrx_word' id='word_1_223' title='bbox 569 3011 870 3089; x_wconf 80' lang='lat' dir='ltr'><strong>discernere</strong></span> <span class='ocrx_word' id='word_1_224' title='bbox 898 3035 1053 3089; x_wconf 83' lang='lat' dir='ltr'><strong>debet</strong></span> <span class='ocrx_word' id='word_1_225' title='bbox 1081 3050 1197 3103; x_wconf 67' lang='lat' dir='ltr'><strong>qua:</strong></span> <span class='ocrx_word' id='word_1_226' title='bbox 1224 3035 1331 3089; x_wconf 90' lang='lat' dir='ltr'><strong>sint</strong></span> <span class='ocrx_word' id='word_1_227' title='bbox 1357 3011 1619 3101; x_wconf 78' lang='lat' dir='ltr'><strong>cavenda,</strong></span> <span class='ocrx_word' id='word_1_228' title='bbox 1662 3046 1716 3091; x_wconf 86' lang='lat' dir='ltr'><strong>et</strong></span> <span class='ocrx_word' id='word_1_229' title='bbox 1738 3052 1856 3105; x_wconf 73' lang='lat' dir='ltr'><strong>quae</strong></span> <span class='ocrx_word' id='word_1_230' title='bbox 1881 3038 1987 3092; x_wconf 91' lang='lat' dir='ltr'><strong>sint</strong></span> <span class='ocrx_word' id='word_1_231' title='bbox 2012 3011 2061 3074; x_wconf 63' lang='grc' dir='ltr'><strong>θ</strong></span> 
     </span>
    </p>
   </div>
   <div class='ocr_carea' id='block_1_35' title="bbox 437 3124 1985 3205">
    <p class='ocr_par' dir='ltr' id='par_1_35' title="bbox 437 3124 1985 3205">
     <span class='ocr_line' id='line_1_35' title="bbox 437 3124 1985 3205; baseline 0.004 -28"><span class='ocrx_word' id='word_1_232' title='bbox 437 3124 741 3193; x_wconf 88' lang='lat' dir='ltr'><strong>sequenda;</strong></span> <span class='ocrx_word' id='word_1_233' title='bbox 775 3140 873 3179; x_wconf 88' lang='lat' dir='ltr'><strong>nec</strong></span> <span class='ocrx_word' id='word_1_234' title='bbox 915 3124 1139 3178; x_wconf 88' lang='lat' dir='ltr'><strong>multum</strong></span> <span class='ocrx_word' id='word_1_235' title='bbox 1186 3126 1263 3205; x_wconf 40' lang='lat' dir='ltr'><strong>de],</strong></span> <span class='ocrx_word' id='word_1_236' title='bbox 1281 3126 1397 3181; x_wconf 92' lang='lat' dir='ltr'><strong>loco</strong></span> <span class='ocrx_word' id='word_1_237' title='bbox 1422 3125 1676 3191; x_wconf 79' lang='lat' dir='ltr'><strong>diﬁldere,</strong></span> <span class='ocrx_word' id='word_1_238' title='bbox 1699 3128 1789 3205; x_wconf 75' lang='lat' dir='ltr'><strong>vel</strong></span> <span class='ocrx_word' id='word_1_239' title='bbox 1826 3128 1985 3183; x_wconf 89' lang='lat' dir='ltr'><strong>etiam</strong></span> 
     </span>
    </p>
   </div>
   <div class='ocr_carea' id='block_1_36' title="bbox 437 3202 1987 3297">
    <p class='ocr_par' dir='ltr' id='par_1_36' title="bbox 437 3202 1987 3297">
     <span class='ocr_line' id='line_1_36' title="bbox 437 3202 1987 3297; baseline 0.003 -29"><span class='ocrx_word' id='word_1_240' title='bbox 437 3212 721 3277; x_wconf 88' lang='lat' dir='ltr'><strong>conﬁdere,</strong></span> <span class='ocrx_word' id='word_1_241' title='bbox 751 3215 873 3283; x_wconf 85' lang='lat' dir='ltr'><strong>quia</strong></span> <span class='ocrx_word' id='word_1_242' title='bbox 900 3214 945 3267; x_wconf 89' lang='lat' dir='ltr'><strong>si</strong></span> <span class='ocrx_word' id='word_1_243' title='bbox 974 3214 1118 3269; x_wconf 81' lang='lat' dir='ltr'><strong>locus</strong></span> <span class='ocrx_word' id='word_1_244' title='bbox 1140 3202 1388 3297; x_wconf 62' lang='lat' dir='ltr'><strong>adjuvare</strong></span> <span class='ocrx_word' id='word_1_245' title='bbox 1414 3202 1987 3288; x_wconf 49' lang='lat' dir='ltr'><strong>potuisset,&#39;nunquam</strong></span> 
     </span>
    </p>
   </div>
   <div class='ocr_carea' id='block_1_37' title="bbox 435 3302 1989 3379">
    <p class='ocr_par' dir='ltr' id='par_1_37' title="bbox 435 3302 1989 3379">
     <span class='ocr_line' id='line_1_37' title="bbox 435 3302 1989 3379; baseline 0.005 -23"><span class='ocrx_word' id='word_1_246' title='bbox 435 3302 655 3373; x_wconf 89' lang='lat' dir='ltr'><strong>angelus</strong></span> <span class='ocrx_word' id='word_1_247' title='bbox 680 3304 744 3358; x_wconf 92' lang='lat' dir='ltr'><strong>de</strong></span> <span class='ocrx_word' id='word_1_248' title='bbox 768 3303 901 3357; x_wconf 66' lang='lat' dir='ltr'><strong>coelo</strong></span> <span class='ocrx_word' id='word_1_249' title='bbox 931 3302 1226 3366; x_wconf 89' lang='lat' dir='ltr'><strong>cecidisset,</strong></span> <span class='ocrx_word' id='word_1_250' title='bbox 1254 3305 1336 3357; x_wconf 89' lang='lat' dir='ltr'><strong>vel</strong></span> <span class='ocrx_word' id='word_1_251' title='bbox 1364 3306 1521 3361; x_wconf 89' lang='lat' dir='ltr'><strong>homo</strong></span> <span class='ocrx_word' id='word_1_252' title='bbox 1550 3308 1602 3361; x_wconf 91' lang='lat' dir='ltr'><strong>in</strong></span> <span class='ocrx_word' id='word_1_253' title='bbox 1630 3309 1873 3375; x_wconf 84' lang='lat' dir='ltr'><strong>paradiso</strong></span> <span class='ocrx_word' id='word_1_254' title='bbox 1902 3325 1989 3379; x_wconf 89' lang='lat' dir='ltr'><strong>po-</strong></span> 
     </span>
    </p>
   </div>
   <div class='ocr_carea' id='block_1_38' title="bbox 438 3382 1983 3465">
    <p class='ocr_par' dir='ltr' id='par_1_38' title="bbox 438 3382 1983 3465">
     <span class='ocr_line' id='line_1_38' title="bbox 438 3382 1983 3465; baseline 0.003 -17"><span class='ocrx_word' id='word_1_255' title='bbox 438 3392 572 3448; x_wconf 87' lang='lat' dir='ltr'><strong>situs</strong></span> <span class='ocrx_word' id='word_1_256' title='bbox 600 3401 897 3461; x_wconf 83' lang='lat' dir='ltr'><strong>peccasset;</strong></span> <span class='ocrx_word' id='word_1_257' title='bbox 932 3392 1023 3447; x_wconf 88' lang='lat' dir='ltr'><strong>sed</strong></span> <span class='ocrx_word' id='word_1_258' title='bbox 1057 3382 1280 3463; x_wconf 75' lang='lat' dir='ltr'><strong>regnum</strong></span> <span class='ocrx_word' id='word_1_259' title='bbox 1309 3395 1420 3457; x_wconf 85' lang='lat' dir='ltr'><strong>Dei,</strong></span> <span class='ocrx_word' id='word_1_260' title='bbox 1447 3404 1505 3449; x_wconf 93' lang='lat' dir='ltr'><strong>ut</strong></span> <span class='ocrx_word' id='word_1_261' title='bbox 1530 3396 1638 3465; x_wconf 82' lang='lat' dir='ltr'><strong>ipsa</strong></span> <span class='ocrx_word' id='word_1_262' title='bbox 1662 3397 1871 3453; x_wconf 82' lang='lat' dir='ltr'><strong>Veritas</strong></span> <span class='ocrx_word' id='word_1_263' title='bbox 1892 3401 1983 3463; x_wconf 89' lang='lat' dir='ltr'><strong>ait,</strong></span> 
     </span>
    </p>
   </div>
   <div class='ocr_carea' id='block_1_39' title="bbox 440 3482 1989 3557">
    <p class='ocr_par' dir='ltr' id='par_1_39' title="bbox 440 3482 1989 3557">
     <span class='ocr_line' id='line_1_39' title="bbox 440 3482 1989 3557; baseline 0.003 -20"><span class='ocrx_word' id='word_1_264' title='bbox 440 3482 578 3537; x_wconf 81' lang='lat' dir='ltr'><strong>intra</strong></span> <span class='ocrx_word' id='word_1_265' title='bbox 607 3482 961 3551; x_wconf 82' lang='lat' dir='ltr'><strong>nosmetipsos</strong></span> <span class='ocrx_word' id='word_1_266' title='bbox 980 3484 1318 3550; x_wconf 67' lang='lat' dir='ltr'><strong>quaerendum</strong></span> <span class='ocrx_word' id='word_1_267' title='bbox 1342 3493 1423 3539; x_wconf 92' lang='lat' dir='ltr'><strong>est</strong></span> <span class='ocrx_word' id='word_1_268' title='bbox 1454 3484 1602 3554; x_wconf 81' lang='lat' dir='ltr'><strong>(Luc.</strong></span> <span class='ocrx_word' id='word_1_269' title='bbox 1625 3502 1753 3549; x_wconf 73' lang='lat' dir='ltr'><strong>xvu,</strong></span> <span class='ocrx_word' id='word_1_270' title='bbox 1785 3487 1895 3557; x_wconf 71' lang='lat' dir='ltr'><strong>2i).</strong></span> <span class='ocrx_word' id='word_1_271' title='bbox 1926 3488 1989 3542; x_wconf 80' lang='lat' dir='ltr'><strong>Et</strong></span> 
     </span>
    </p>
   </div>
   <div class='ocr_carea' id='block_1_40' title="bbox 438 3570 1988 3646">
    <p class='ocr_par' dir='ltr' id='par_1_40' title="bbox 438 3570 1988 3646">
     <span class='ocr_line' id='line_1_40' title="bbox 438 3570 1988 3646; baseline 0 -17"><span class='ocrx_word' id='word_1_272' title='bbox 438 3574 718 3629; x_wconf 79' lang='lat' dir='ltr'><strong>Psalmista</strong></span> <span class='ocrx_word' id='word_1_273' title='bbox 743 3590 756 3627; x_wconf 90' lang='lat'><strong>:</strong></span> <span class='ocrx_word' id='word_1_274' title='bbox 790 3570 981 3628; x_wconf 79' lang='lat' dir='ltr'><strong>Timete</strong></span> <span class='ocrx_word' id='word_1_275' title='bbox 1004 3572 1279 3626; x_wconf 77' lang='lat' dir='ltr'><strong>Dominum</strong></span> <span class='ocrx_word' id='word_1_276' title='bbox 1311 3589 1484 3628; x_wconf 83' lang='lat' dir='ltr'><strong>omnes</strong></span> <span class='ocrx_word' id='word_1_277' title='bbox 1513 3576 1679 3628; x_wconf 86' lang='lat' dir='ltr'><strong>sancti</strong></span> <span class='ocrx_word' id='word_1_278' title='bbox 1704 3576 1835 3644; x_wconf 87' lang='lat' dir='ltr'><strong>ejus,</strong></span> <span class='ocrx_word' id='word_1_279' title='bbox 1865 3578 1988 3646; x_wconf 81' lang='lat' dir='ltr'><strong>quia</strong></span> 
     </span>
    </p>
   </div>
   <div class='ocr_carea' id='block_1_41' title="bbox 439 3659 1989 3733">
    <p class='ocr_par' dir='ltr' id='par_1_41' title="bbox 439 3659 1989 3733">
     <span class='ocr_line' id='line_1_41' title="bbox 439 3659 1989 3733; baseline 0 -17"><span class='ocrx_word' id='word_1_280' title='bbox 439 3663 566 3717; x_wconf 77' lang='lat' dir='ltr'><strong>nihil</strong></span> <span class='ocrx_word' id='word_1_281' title='bbox 595 3662 733 3717; x_wconf 80' lang='lat' dir='ltr'><strong>deest</strong></span> <span class='ocrx_word' id='word_1_282' title='bbox 762 3661 1055 3715; x_wconf 79' lang='lat' dir='ltr'><strong>timentibus</strong></span> <span class='ocrx_word' id='word_1_283' title='bbox 1082 3678 1196 3715; x_wconf 81' lang='lat' dir='ltr'><strong>eum</strong></span> <span class='ocrx_word' id='word_1_284' title='bbox 1244 3659 1413 3733; x_wconf 81' lang='lat' dir='ltr'><strong>(Psal.</strong></span> <span class='ocrx_word' id='word_1_285' title='bbox 1450 3678 1641 3727; x_wconf 81' lang='lat' dir='ltr'><strong>xxxm,</strong></span> <span class='ocrx_word' id='word_1_286' title='bbox 1667 3663 1773 3733; x_wconf 80' lang='grc'><strong>10).</strong></span> <span class='ocrx_word' id='word_1_287' title='bbox 1808 3663 1989 3719; x_wconf 85' lang='lat' dir='ltr'><strong>Timor</strong></span> 
     </span>
    </p>
   </div>
   <div class='ocr_carea' id='block_1_42' title="bbox 440 3750 1988 3822">
    <p class='ocr_par' dir='ltr' id='par_1_42' title="bbox 440 3750 1988 3822">
     <span class='ocr_line' id='line_1_42' title="bbox 440 3750 1988 3822; baseline 0.004 -17"><span class='ocrx_word' id='word_1_288' title='bbox 440 3750 649 3806; x_wconf 81' lang='lat' dir='ltr'><strong>Dor’nini</strong></span> <span class='ocrx_word' id='word_1_289' title='bbox 696 3764 918 3820; x_wconf 89' lang='lat' dir='ltr'><strong>peccare</strong></span> <span class='ocrx_word' id='word_1_290' title='bbox 948 3759 1114 3815; x_wconf 86' lang='lat' dir='ltr'><strong>vetat,</strong></span> <span class='ocrx_word' id='word_1_291' title='bbox 1152 3750 1275 3806; x_wconf 89' lang='lat' dir='ltr'><strong>dum</strong></span> <span class='ocrx_word' id='word_1_292' title='bbox 1322 3754 1481 3807; x_wconf 90' lang='lat' dir='ltr'><strong>homo</strong></span> <span class='ocrx_word' id='word_1_293' title='bbox 1515 3753 1709 3822; x_wconf 90' lang='lat' dir='ltr'><strong>ubique</strong></span> <span class='ocrx_word' id='word_1_294' title='bbox 1748 3754 1839 3809; x_wconf 89' lang='lat' dir='ltr'><strong>Dei</strong></span> <span class='ocrx_word' id='word_1_295' title='bbox 1888 3756 1988 3811; x_wconf 85' lang='lat' dir='ltr'><strong>sibi</strong></span> 
     </span>
    </p>
   </div>
   <div class='ocr_carea' id='block_1_43' title="bbox 439 3840 1991 3911">
    <p class='ocr_par' dir='ltr' id='par_1_43' title="bbox 439 3840 1991 3911">
     <span class='ocr_line' id='line_1_43' title="bbox 439 3840 1991 3911; baseline 0.003 -17"><span class='ocrx_word' id='word_1_296' title='bbox 439 3840 772 3911; x_wconf 74' lang='lat' dir='ltr'><strong>przesentiam</strong></span> <span class='ocrx_word' id='word_1_297' title='bbox 794 3840 1033 3909; x_wconf 87' lang='lat' dir='ltr'><strong>agnoscit</strong></span> <span class='ocrx_word' id='word_1_298' title='bbox 1049 3849 1103 3894; x_wconf 90' lang='lat' dir='ltr'><strong>et</strong></span> <span class='ocrx_word' id='word_1_299' title='bbox 1130 3841 1304 3904; x_wconf 89' lang='lat' dir='ltr'><strong>timet,</strong></span> <span class='ocrx_word' id='word_1_300' title='bbox 1336 3844 1459 3911; x_wconf 91' lang='lat' dir='ltr'><strong>quia</strong></span> <span class='ocrx_word' id='word_1_301' title='bbox 1486 3844 1576 3911; x_wconf 87' lang='lat' dir='ltr'><strong>qui</strong></span> <span class='ocrx_word' id='word_1_302' title='bbox 1593 3845 1867 3899; x_wconf 85' lang='lat' dir='ltr'><strong>conscium</strong></span> <span class='ocrx_word' id='word_1_303' title='bbox 1897 3845 1991 3899; x_wconf 87' lang='lat' dir='ltr'><strong>ba-</strong></span> 
     </span>
    </p>
   </div>
   <div class='ocr_carea' id='block_1_44' title="bbox 440 3924 1986 4004">
    <p class='ocr_par' dir='ltr' id='par_1_44' title="bbox 440 3924 1986 4004">
     <span class='ocr_line' id='line_1_44' title="bbox 440 3924 1986 4004; baseline 0.005 -19"><span class='ocrx_word' id='word_1_304' title='bbox 440 3932 529 3985; x_wconf 90' lang='lat' dir='ltr'><strong>bet</strong></span> <span class='ocrx_word' id='word_1_305' title='bbox 576 3924 976 3999; x_wconf 81' lang='lat' dir='ltr'><strong>cogitationum,</strong></span> <span class='ocrx_word' id='word_1_306' title='bbox 1007 3934 1310 3997; x_wconf 85' lang='lat' dir='ltr'><strong>verborum,</strong></span> <span class='ocrx_word' id='word_1_307' title='bbox 1356 3933 1438 3987; x_wconf 84' lang='lat' dir='ltr'><strong>vel</strong></span> <span class='ocrx_word' id='word_1_308' title='bbox 1482 3950 1700 4004; x_wconf 89' lang='lat' dir='ltr'><strong>operum</strong></span> <span class='ocrx_word' id='word_1_309' title='bbox 1749 3952 1986 4001; x_wconf 88' lang='lat' dir='ltr'><strong>suorum,</strong></span> 
     </span>
    </p>
   </div>
   <div class='ocr_carea' id='block_1_45' title="bbox 439 4020 1989 4096">
    <p class='ocr_par' dir='ltr' id='par_1_45' title="bbox 439 4020 1989 4096">
     <span class='ocr_line' id='line_1_45' title="bbox 439 4020 1989 4096; baseline 0.004 -21"><span class='ocrx_word' id='word_1_310' title='bbox 439 4021 582 4076; x_wconf 86' lang='lat' dir='ltr'><strong>hunc</strong></span> <span class='ocrx_word' id='word_1_311' title='bbox 612 4022 885 4075; x_wconf 86' lang='lat' dir='ltr'><strong>habiturus</strong></span> <span class='ocrx_word' id='word_1_312' title='bbox 910 4030 990 4075; x_wconf 89' lang='lat' dir='ltr'><strong>est</strong></span> <span class='ocrx_word' id='word_1_313' title='bbox 1018 4028 1070 4074; x_wconf 90' lang='lat' dir='ltr'><strong>et</strong></span> <span class='ocrx_word' id='word_1_314' title='bbox 1108 4020 1368 4087; x_wconf 87' lang='lat' dir='ltr'><strong>judicem;</strong></span> <span class='ocrx_word' id='word_1_315' title='bbox 1408 4036 1509 4078; x_wconf 87' lang='lat' dir='ltr'><strong>nec</strong></span> <span class='ocrx_word' id='word_1_316' title='bbox 1544 4040 1662 4085; x_wconf 89' lang='lat' dir='ltr'><strong>eum</strong></span> <span class='ocrx_word' id='word_1_317' title='bbox 1702 4026 1989 4096; x_wconf 82' lang='lat' dir='ltr'><strong>quidquam</strong></span> 
     </span>
    </p>
   </div>
   <div class='ocr_carea' id='block_1_46' title="bbox 441 4108 1988 4183">
    <p class='ocr_par' dir='ltr' id='par_1_46' title="bbox 441 4108 1988 4183">
     <span class='ocr_line' id='line_1_46' title="bbox 441 4108 1988 4183; baseline 0.003 -18"><span class='ocrx_word' id='word_1_318' title='bbox 441 4108 626 4179; x_wconf 78' lang='lat' dir='ltr'><strong>eh‘ugit</strong></span> <span class='ocrx_word' id='word_1_319' title='bbox 673 4110 858 4174; x_wconf 89' lang='lat' dir='ltr'><strong>nostri,</strong></span> <span class='ocrx_word' id='word_1_320' title='bbox 908 4124 1006 4165; x_wconf 88' lang='lat' dir='ltr'><strong>nec</strong></span> <span class='ocrx_word' id='word_1_321' title='bbox 1055 4110 1254 4179; x_wconf 89' lang='lat' dir='ltr'><strong>aliquid</strong></span> <span class='ocrx_word' id='word_1_322' title='bbox 1301 4112 1645 4183; x_wconf 84' lang='lat' dir='ltr'><strong>injudieatum</strong></span> <span class='ocrx_word' id='word_1_323' title='bbox 1697 4114 1988 4181; x_wconf 79' lang='lat' dir='ltr'><strong>dimiserit,</strong></span> 
     </span>
    </p>
   </div>
   <div class='ocr_carea' id='block_1_47' title="bbox 444 4189 1989 4275">
    <p class='ocr_par' dir='ltr' id='par_1_47' title="bbox 444 4189 1989 4275">
     <span class='ocr_line' id='line_1_47' title="bbox 444 4189 1989 4275; baseline 0.006 -22"><span class='ocrx_word' id='word_1_324' title='bbox 444 4201 587 4269; x_wconf 90' lang='lat' dir='ltr'><strong>quia,</strong></span> <span class='ocrx_word' id='word_1_325' title='bbox 624 4200 758 4255; x_wconf 86' lang='lat' dir='ltr'><strong>sicut</strong></span> <span class='ocrx_word' id='word_1_326' title='bbox 783 4199 980 4255; x_wconf 91' lang='lat' dir='ltr'><strong>dictum</strong></span> <span class='ocrx_word' id='word_1_327' title='bbox 1011 4210 1111 4267; x_wconf 88' lang='lat' dir='ltr'><strong>est,</strong></span> <span class='ocrx_word' id='word_1_328' title='bbox 1158 4189 1441 4275; x_wconf 88' lang='lat' dir='ltr'><strong>unicuique</strong></span> <span class='ocrx_word' id='word_1_329' title='bbox 1474 4204 1655 4261; x_wconf 90' lang='lat' dir='ltr'><strong>reddet</strong></span> <span class='ocrx_word' id='word_1_330' title='bbox 1700 4210 1989 4263; x_wconf 87' lang='lat' dir='ltr'><strong>secundum</strong></span> 
     </span>
    </p>
   </div>
   <div class='ocr_carea' id='block_1_48' title="bbox 442 4302 745 4357">
    <p class='ocr_par' dir='ltr' id='par_1_48' title="bbox 442 4302 745 4357">
     <span class='ocr_line' id='line_1_48' title="bbox 442 4302 745 4357; baseline -0.01 -15"><span class='ocrx_word' id='word_1_331' title='bbox 442 4302 603 4357; x_wconf 86' lang='lat' dir='ltr'><strong>opera</strong></span> <span class='ocrx_word' id='word_1_332' title='bbox 630 4302 745 4341; x_wconf 89' lang='lat' dir='ltr'><strong>sua.</strong></span> 
     </span>
    </p>
   </div>
   <div class='ocr_carea' id='block_1_49' title="bbox 516 4382 1986 4479">
    <p class='ocr_par' dir='ltr' id='par_1_49' title="bbox 516 4382 1986 4479">
     <span class='ocr_line' id='line_1_49' title="bbox 516 4382 1986 4479; baseline 0.008 -27"><span class='ocrx_word' id='word_1_333' title='bbox 516 4398 646 4452; x_wconf 86' lang='lat' dir='ltr'><strong>Dum</strong></span> <span class='ocrx_word' id='word_1_334' title='bbox 704 4406 909 4468; x_wconf 80' lang='lat' dir='ltr'><strong>tempus</strong></span> <span class='ocrx_word' id='word_1_335' title='bbox 956 4400 1233 4465; x_wconf 85' lang='lat' dir='ltr'><strong>habemus,</strong></span> <span class='ocrx_word' id='word_1_336' title='bbox 1276 4418 1558 4474; x_wconf 88' lang='lat' dir='ltr'><strong>operemur</strong></span> <span class='ocrx_word' id='word_1_337' title='bbox 1597 4407 1828 4471; x_wconf 88' lang='lat' dir='ltr'><strong>bonum,</strong></span> <span class='ocrx_word' id='word_1_338' title='bbox 1863 4382 1986 4479; x_wconf 85' lang='lat' dir='ltr'><strong>quia</strong></span> 
     </span>
    </p>
   </div>
   <div class='ocr_carea' id='block_1_50' title="bbox 338 4484 1991 4567">
    <p class='ocr_par' dir='ltr' id='par_1_50' title="bbox 338 4484 1991 4567">
     <span class='ocr_line' id='line_1_50' title="bbox 338 4484 1991 4567; baseline 0.007 -25"><span class='ocrx_word' id='word_1_339' title='bbox 338 4484 351 4493; x_wconf 81' lang='grc'><em>’</em></span> <span class='ocrx_word' id='word_1_340' title='bbox 446 4500 565 4559; x_wconf 88' lang='lat' dir='ltr'><strong>post</strong></span> <span class='ocrx_word' id='word_1_341' title='bbox 594 4498 811 4543; x_wconf 89' lang='lat' dir='ltr'><strong>mortem</strong></span> <span class='ocrx_word' id='word_1_342' title='bbox 842 4506 945 4544; x_wconf 90' lang='lat' dir='ltr'><strong>nou</strong></span> <span class='ocrx_word' id='word_1_343' title='bbox 988 4499 1068 4544; x_wconf 89' lang='lat' dir='ltr'><strong>est</strong></span> <span class='ocrx_word' id='word_1_344' title='bbox 1099 4500 1301 4561; x_wconf 84' lang='lat' dir='ltr'><strong>tempus</strong></span> <span class='ocrx_word' id='word_1_345' title='bbox 1331 4496 1603 4562; x_wconf 89' lang='lat' dir='ltr'><strong>operaudi,</strong></span> <span class='ocrx_word' id='word_1_346' title='bbox 1647 4498 1739 4550; x_wconf 89' lang='lat' dir='ltr'><strong>scd</strong></span> <span class='ocrx_word' id='word_1_347' title='bbox 1784 4506 1991 4567; x_wconf 82' lang='lat' dir='ltr'><strong>tempus</strong></span> 
     </span>
    </p>
   </div>
   <div class='ocr_carea' id='block_1_51' title="bbox 448 4578 1989 4651">
    <p class='ocr_par' dir='ltr' id='par_1_51' title="bbox 448 4578 1989 4651">
     <span class='ocr_line' id='line_1_51' title="bbox 448 4578 1989 4651; baseline 0.005 -19"><span class='ocrx_word' id='word_1_348' title='bbox 448 4579 745 4632; x_wconf 86' lang='lat' dir='ltr'><strong>mercedem</strong></span> <span class='ocrx_word' id='word_1_349' title='bbox 782 4580 1084 4648; x_wconf 87' lang='lat' dir='ltr'><strong>reeipiendi.</strong></span> <span class='ocrx_word' id='word_1_350' title='bbox 1116 4578 1237 4635; x_wconf 62' lang='lat' dir='ltr'><strong>Ilaec</strong></span> <span class='ocrx_word' id='word_1_351' title='bbox 1266 4585 1521 4651; x_wconf 84' lang='lat' dir='ltr'><strong>cogitans,</strong></span> <span class='ocrx_word' id='word_1_352' title='bbox 1552 4585 1860 4640; x_wconf 81' lang='lat' dir='ltr'><strong>eharissime</strong></span> <span class='ocrx_word' id='word_1_353' title='bbox 1898 4588 1989 4651; x_wconf 88' lang='lat' dir='ltr'><strong>ﬁli,</strong></span> 
     </span>
    </p>
   </div>
   <div class='ocr_carea' id='block_1_52' title="bbox 450 4667 1996 4743">
    <p class='ocr_par' dir='ltr' id='par_1_52' title="bbox 450 4667 1996 4743">
     <span class='ocr_line' id='line_1_52' title="bbox 450 4667 1996 4743; baseline 0.005 -22"><span class='ocrx_word' id='word_1_354' title='bbox 450 4669 525 4721; x_wconf 89' lang='lat' dir='ltr'><strong>tui</strong></span> <span class='ocrx_word' id='word_1_355' title='bbox 556 4667 719 4735; x_wconf 82' lang='lat' dir='ltr'><strong>ipsius</strong></span> <span class='ocrx_word' id='word_1_356' title='bbox 738 4683 920 4722; x_wconf 85' lang='lat' dir='ltr'><strong>curam</strong></span> <span class='ocrx_word' id='word_1_357' title='bbox 964 4672 1175 4735; x_wconf 75' lang='lat' dir='ltr'><strong>habeto.</strong></span> <span class='ocrx_word' id='word_1_358' title='bbox 1206 4687 1408 4727; x_wconf 85' lang='lat' dir='ltr'><strong>memor</strong></span> <span class='ocrx_word' id='word_1_359' title='bbox 1437 4675 1501 4727; x_wconf 90' lang='lat' dir='ltr'><strong>de</strong></span> <span class='ocrx_word' id='word_1_360' title='bbox 1544 4676 1757 4743; x_wconf 79' lang='lat' dir='ltr'><strong>quantis</strong></span> <span class='ocrx_word' id='word_1_361' title='bbox 1784 4684 1831 4728; x_wconf 85' lang='lat' dir='ltr'><strong>te</strong></span> <span class='ocrx_word' id='word_1_362' title='bbox 1868 4675 1996 4729; x_wconf 86' lang='lat' dir='ltr'><strong>libe-</strong></span> 
     </span>
    </p>
   </div>
   <div class='ocr_carea' id='block_1_53' title="bbox 508 4775 1125 4843">
    <p class='ocr_par' dir='ltr' id='par_1_53' title="bbox 508 4775 1125 4843">
     <span class='ocr_line' id='line_1_53' title="bbox 508 4775 1125 4843; baseline -0.005 -12"><span class='ocrx_word' id='word_1_363' title='bbox 508 4790 546 4818; x_wconf 61' lang='lat'>1</span> <span class='ocrx_word' id='word_1_364' title='bbox 572 4777 796 4831; x_wconf 82' lang='lat' dir='ltr'><strong>Froben.</strong></span> <span class='ocrx_word' id='word_1_365' title='bbox 826 4776 979 4843; x_wconf 88' lang='lat' dir='ltr'><strong>epist.</strong></span> <span class='ocrx_word' id='word_1_366' title='bbox 1004 4775 1061 4828; x_wconf 76' lang='grc'><strong>21</strong></span> <span class='ocrx_word' id='word_1_367' title='bbox 1080 4776 1125 4828; x_wconf 86' lang='lat' dir='ltr'><strong>l.</strong></span> 
     </span>
    </p>
   </div>
   <div class='ocr_carea' id='block_1_54' title="bbox 521 4842 1992 4913">
    <p class='ocr_par' dir='ltr' id='par_1_54' title="bbox 521 4842 1992 4913">
     <span class='ocr_line' id='line_1_54' title="bbox 521 4842 1992 4913; baseline 0.001 -14"><span class='ocrx_word' id='word_1_368' title='bbox 521 4847 548 4885; x_wconf 64' lang='grc' dir='ltr'>δ</span> <span class='ocrx_word' id='word_1_369' title='bbox 575 4846 711 4899; x_wconf 85' lang='lat' dir='ltr'><strong>Edit.</strong></span> <span class='ocrx_word' id='word_1_370' title='bbox 740 4842 982 4911; x_wconf 78' lang='lat' dir='ltr'><strong>Quercet.</strong></span> <span class='ocrx_word' id='word_1_371' title='bbox 1017 4846 1104 4907; x_wconf 69' lang='grc'><strong>45,</strong></span> <span class='ocrx_word' id='word_1_372' title='bbox 1134 4842 1307 4899; x_wconf 85' lang='lat' dir='ltr'><strong>Canis.</strong></span> <span class='ocrx_word' id='word_1_373' title='bbox 1350 4846 1449 4913; x_wconf 81' lang='lat'><strong>67;</strong></span> <span class='ocrx_word' id='word_1_374' title='bbox 1480 4847 1667 4902; x_wconf 79' lang='lat' dir='ltr'><strong>collata</strong></span> <span class='ocrx_word' id='word_1_375' title='bbox 1694 4864 1809 4903; x_wconf 87' lang='lat' dir='ltr'><strong>cum</strong></span> <span class='ocrx_word' id='word_1_376' title='bbox 1842 4850 1992 4903; x_wconf 83' lang='lat' dir='ltr'><strong>codd.</strong></span> 
     </span>
    </p>
   </div>
   <div class='ocr_carea' id='block_1_55' title="bbox 453 4914 1521 4989">
    <p class='ocr_par' dir='ltr' id='par_1_55' title="bbox 453 4914 1521 4989">
     <span class='ocr_line' id='line_1_55' title="bbox 453 4914 1521 4989; baseline -0.005 -19"><span class='ocrx_word' id='word_1_377' title='bbox 453 4932 526 4970; x_wconf 48' lang='lat' dir='ltr'><strong>me</strong></span> <span class='ocrx_word' id='word_1_378' title='bbox 550 4915 667 4989; x_wconf 66' lang='lat' dir='ltr'><strong>:._(A</strong></span> <span class='ocrx_word' id='word_1_379' title='bbox 682 4918 780 4981; x_wconf 76' lang='lat' dir='ltr'><strong>pud</strong></span> <span class='ocrx_word' id='word_1_380' title='bbox 805 4914 1031 4989; x_wconf 55' lang='lat' dir='ltr'><strong>Froben.</strong></span> <span class='ocrx_word' id='word_1_381' title='bbox 1056 4916 1209 4989; x_wconf 76' lang='lat' dir='ltr'><strong>epist;</strong></span> <span class='ocrx_word' id='word_1_382' title='bbox 1246 4914 1384 4989; x_wconf 27' lang='lat' dir='ltr'><strong>i‘69.)</strong></span> <span class='ocrx_word' id='word_1_383' title='bbox 1508 4975 1521 4989; x_wconf 44' lang='grc'><strong><em>,</em></strong></span> 
     </span>
    </p>
   </div>
   <div class='ocr_carea' id='block_1_56' title="bbox 523 4982 2000 5054">
    <p class='ocr_par' dir='ltr' id='par_1_56' title="bbox 523 4982 2000 5054">
     <span class='ocr_line' id='line_1_56' title="bbox 523 4982 2000 5054; baseline 0.003 -20"><span class='ocrx_word' id='word_1_384' title='bbox 523 4995 546 5021; x_wconf 75' lang='grc' dir='ltr'><strong>ι</strong></span> <span class='ocrx_word' id='word_1_385' title='bbox 570 4982 663 5054; x_wconf 75' lang='lat' dir='ltr'><strong>_Fn</strong></span> <span class='ocrx_word' id='word_1_386' title='bbox 692 4994 841 5054; x_wconf 62' lang='grc' dir='ltr'><strong>ἀπαξ</strong></span> <span class='ocrx_word' id='word_1_387' title='bbox 860 4982 1142 5054; x_wconf 70' lang='lat' dir='ltr'><strong>dilectionis</strong></span> <span class='ocrx_word' id='word_1_388' title='bbox 1170 4982 1375 5054; x_wconf 68' lang='lat' dir='ltr'><strong>amicis,</strong></span> <span class='ocrx_word' id='word_1_389' title='bbox 1400 4982 1519 5037; x_wconf 52' lang='lat' dir='ltr'><strong>etcf</strong></span> <span class='ocrx_word' id='word_1_390' title='bbox 1550 4986 1673 5040; x_wconf 69' lang='lat' dir='ltr'><strong>&quot;rec</strong></span> <span class='ocrx_word' id='word_1_391' title='bbox 1698 4995 1751 5039; x_wconf 84' lang='lat' dir='ltr'><strong>et</strong></span> <span class='ocrx_word' id='word_1_392' title='bbox 1778 5002 2000 5054; x_wconf 84' lang='lat' dir='ltr'><strong>sequen—</strong></span> 
     </span>
    </p>
   </div>
   <div class='ocr_carea' id='block_1_57' title="bbox 454 5049 2003 5125">
    <p class='ocr_par' dir='ltr' id='par_1_57' title="bbox 454 5049 2003 5125">
     <span class='ocr_line' id='line_1_57' title="bbox 454 5049 2003 5125; baseline 0.003 -20"><span class='ocrx_word' id='word_1_393' title='bbox 454 5061 536 5125; x_wconf 72' lang='lat' dir='ltr'><strong>tes</strong></span> <span class='ocrx_word' id='word_1_394' title='bbox 555 5049 690 5125; x_wconf 26' lang='lat' dir='ltr'><strong>dure;</strong></span> <span class='ocrx_word' id='word_1_395' title='bbox 724 5052 924 5117; x_wconf 69' lang='lat' dir='ltr'><strong>pistolte</strong></span> <span class='ocrx_word' id='word_1_396' title='bbox 947 5052 1383 5125; x_wconf 58' lang='lat' dir='ltr'><strong>commendantis:</strong></span> <span class='ocrx_word' id='word_1_397' title='bbox 1408 5063 1524 5125; x_wconf 85' lang='lat' dir='ltr'><strong>sunt</strong></span> <span class='ocrx_word' id='word_1_398' title='bbox 1548 5057 1835 5125; x_wconf 83' lang='lat' dir='ltr'><strong>amicorum</strong></span> <span class='ocrx_word' id='word_1_399' title='bbox 1856 5049 2003 5125; x_wconf 75' lang='lat' dir='ltr'><strong>pere-</strong></span> 
     </span>
    </p>
   </div>
   <div class='ocr_carea' id='block_1_58' title="bbox 454 5119 1685 5191">
    <p class='ocr_par' dir='ltr' id='par_1_58' title="bbox 454 5119 1685 5191">
     <span class='ocr_line' id='line_1_58' title="bbox 454 5119 1685 5191; baseline 0.003 -18"><span class='ocrx_word' id='word_1_400' title='bbox 454 5119 879 5191; x_wconf 26' lang='lat' dir='ltr'><strong>grinaptiumhet</strong></span> <span class='ocrx_word' id='word_1_401' title='bbox 906 5121 1109 5191; x_wconf 75' lang='lat' dir='ltr'><strong>adloca</strong></span> <span class='ocrx_word' id='word_1_402' title='bbox 1134 5130 1311 5175; x_wconf 85' lang='lat' dir='ltr'><strong>sancta</strong></span> <span class='ocrx_word' id='word_1_403' title='bbox 1340 5124 1685 5177; x_wconf 84' lang='lat' dir='ltr'><strong>tendentium.</strong></span> 
     </span>
    </p>
   </div>
   <div class='ocr_carea' id='block_1_59' title="bbox 522 5185 1997 5255">
    <p class='ocr_par' dir='ltr' id='par_1_59' title="bbox 522 5185 1997 5255">
     <span class='ocr_line' id='line_1_59' title="bbox 522 5185 1997 5255; baseline 0.003 -16"><span class='ocrx_word' id='word_1_404' title='bbox 522 5188 549 5255; x_wconf 62' lang='lat' dir='ltr'><strong>gl</strong></span> <span class='ocrx_word' id='word_1_405' title='bbox 579 5185 928 5255; x_wconf 61' lang='lat' dir='ltr'><strong>Parrhasium.</strong></span> <span class='ocrx_word' id='word_1_406' title='bbox 967 5188 1077 5253; x_wconf 81' lang='lat' dir='ltr'><strong>Hoc</strong></span> <span class='ocrx_word' id='word_1_407' title='bbox 1106 5205 1295 5246; x_wconf 86' lang='lat' dir='ltr'><strong>nomen</strong></span> <span class='ocrx_word' id='word_1_408' title='bbox 1324 5192 1584 5245; x_wconf 87' lang='lat' dir='ltr'><strong>omittitur</strong></span> <span class='ocrx_word' id='word_1_409' title='bbox 1628 5194 1678 5249; x_wconf 87' lang='lat' dir='ltr'><strong>in</strong></span> <span class='ocrx_word' id='word_1_410' title='bbox 1702 5195 1820 5248; x_wconf 82' lang='lat' dir='ltr'><strong>aliis</strong></span> <span class='ocrx_word' id='word_1_411' title='bbox 1846 5193 1997 5249; x_wconf 84' lang='lat' dir='ltr'><strong>codd.</strong></span> 
     </span>
    </p>
   </div>
   <div class='ocr_carea' id='block_1_60' title="bbox 453 5254 2003 5333">
    <p class='ocr_par' dir='ltr' id='par_1_60' title="bbox 453 5254 2003 5333">
     <span class='ocr_line' id='line_1_60' title="bbox 453 5254 2003 5333; baseline 0 -22"><span class='ocrx_word' id='word_1_412' title='bbox 453 5254 581 5333; x_wconf 54' lang='lat' dir='ltr'><strong>snas.</strong></span> <span class='ocrx_word' id='word_1_413' title='bbox 614 5276 631 5305; x_wconf 64' lang='grc' dir='ltr'><em>ς</em></span> <span class='ocrx_word' id='word_1_414' title='bbox 682 5254 934 5333; x_wconf 69' lang='lat' dir='ltr'><strong>Fordredi</strong></span> <span class='ocrx_word' id='word_1_415' title='bbox 976 5257 1198 5333; x_wconf 59' lang='lat' dir='ltr'><strong>abbatis,</strong></span> <span class='ocrx_word' id='word_1_416' title='bbox 1231 5261 1317 5328; x_wconf 88' lang='lat' dir='ltr'><strong>qui</strong></span> <span class='ocrx_word' id='word_1_417' title='bbox 1348 5260 1411 5313; x_wconf 86' lang='lat' dir='ltr'><strong>ad</strong></span> <span class='ocrx_word' id='word_1_418' title='bbox 1455 5260 1635 5333; x_wconf 72' lang='lat' dir='ltr'><strong>limina</strong></span> <span class='ocrx_word' id='word_1_419' title='bbox 1664 5260 1765 5315; x_wconf 83' lang='lat' dir='ltr'><strong>BB.</strong></span> <span class='ocrx_word' id='word_1_420' title='bbox 1796 5272 2003 5333; x_wconf 80' lang='lat' dir='ltr'><strong>aposto-</strong></span> 
     </span>
    </p>
   </div>
   <div class='ocr_carea' id='block_1_61' title="bbox 455 5326 2000 5393">
    <p class='ocr_par' dir='ltr' id='par_1_61' title="bbox 455 5326 2000 5393">
     <span class='ocr_line' id='line_1_61' title="bbox 455 5326 2000 5393; baseline 0.001 -12"><span class='ocrx_word' id='word_1_421' title='bbox 455 5327 625 5381; x_wconf 86' lang='lat' dir='ltr'><strong>lorum</strong></span> <span class='ocrx_word' id='word_1_422' title='bbox 670 5334 722 5379; x_wconf 88' lang='lat' dir='ltr'><strong>et</strong></span> <span class='ocrx_word' id='word_1_423' title='bbox 752 5326 820 5380; x_wconf 88' lang='lat' dir='ltr'><strong>ob</strong></span> <span class='ocrx_word' id='word_1_424' title='bbox 867 5338 1078 5379; x_wconf 86' lang='lat' dir='ltr'><strong>causam</strong></span> <span class='ocrx_word' id='word_1_425' title='bbox 1109 5330 1190 5383; x_wconf 87' lang='lat' dir='ltr'><strong>sui</strong></span> <span class='ocrx_word' id='word_1_426' title='bbox 1236 5326 1537 5384; x_wconf 82' lang='lat' dir='ltr'><strong>monasterii</strong></span> <span class='ocrx_word' id='word_1_427' title='bbox 1580 5330 1798 5385; x_wconf 80' lang='lat' dir='ltr'><strong>Romam</strong></span> <span class='ocrx_word' id='word_1_428' title='bbox 1832 5326 2000 5393; x_wconf 73' lang='lat' dir='ltr'><strong>&#39;venit.</strong></span> 
     </span>
    </p>
   </div>
   <div class='ocr_carea' id='block_1_62' title="bbox 458 5394 2003 5466">
    <p class='ocr_par' dir='ltr' id='par_1_62' title="bbox 458 5394 2003 5466">
     <span class='ocr_line' id='line_1_62' title="bbox 458 5394 2003 5466; baseline 0.002 -17"><span class='ocrx_word' id='word_1_429' title='bbox 458 5398 653 5449; x_wconf 77' lang='lat' dir='ltr'><strong>mentio</strong></span> <span class='ocrx_word' id='word_1_430' title='bbox 702 5395 861 5466; x_wconf 75' lang='lat' dir='ltr'><strong>tlt_ln</strong></span> <span class='ocrx_word' id='word_1_431' title='bbox 904 5394 1093 5447; x_wconf 81' lang='lat' dir='ltr'><strong>litteris</strong></span> <span class='ocrx_word' id='word_1_432' title='bbox 1121 5394 1414 5466; x_wconf 76' lang='lat' dir='ltr'><strong>Paulli_ad</strong></span> <span class='ocrx_word' id='word_1_433' title='bbox 1459 5398 2003 5466; x_wconf 75' lang='lat' dir='ltr'><strong>Ecgbertumarchie-</strong></span> 
     </span>
    </p>
   </div>
   <div class='ocr_carea' id='block_1_63' title="bbox 455 5462 2003 5533">
    <p class='ocr_par' dir='ltr' id='par_1_63' title="bbox 455 5462 2003 5533">
     <span class='ocr_line' id='line_1_63' title="bbox 455 5462 2003 5533; baseline 0.004 -18"><span class='ocrx_word' id='word_1_434' title='bbox 455 5465 727 5533; x_wconf 68' lang='lat' dir='ltr'><strong>pisi-opum</strong></span> <span class='ocrx_word' id='word_1_435' title='bbox 770 5462 1177 5533; x_wconf 69' lang='lat' dir='ltr'><strong>Eboracensem,</strong></span> <span class='ocrx_word' id='word_1_436' title='bbox 1218 5476 1275 5527; x_wconf 81' lang='lat' dir='ltr'><strong>et</strong></span> <span class='ocrx_word' id='word_1_437' title='bbox 1310 5462 1626 5522; x_wconf 79' lang='lat' dir='ltr'><strong>Eadbertum</strong></span> <span class='ocrx_word' id='word_1_438' title='bbox 1672 5476 1842 5533; x_wconf 74' lang='lat' dir='ltr'><strong>regem</strong></span> <span class='ocrx_word' id='word_1_439' title='bbox 1871 5469 2003 5524; x_wconf 80' lang='lat' dir='ltr'><strong>Nor-</strong></span> 
     </span>
    </p>
   </div>
   <div class='ocr_carea' id='block_1_64' title="bbox 457 5532 2002 5595">
    <p class='ocr_par' dir='ltr' id='par_1_64' title="bbox 457 5532 2002 5595">
     <span class='ocr_line' id='line_1_64' title="bbox 457 5532 2002 5595; baseline 0.004 -10"><span class='ocrx_word' id='word_1_440' title='bbox 457 5532 738 5588; x_wconf 63' lang='lat' dir='ltr'><strong>thumbrire</strong></span> <span class='ocrx_word' id='word_1_441' title='bbox 776 5548 913 5585; x_wconf 86' lang='lat' dir='ltr'><strong>anno</strong></span> <span class='ocrx_word' id='word_1_442' title='bbox 943 5532 1064 5594; x_wconf 81' lang='lat'><strong>757,</strong></span> <span class='ocrx_word' id='word_1_443' title='bbox 1093 5541 1149 5585; x_wconf 87' lang='lat' dir='ltr'><strong>ut</strong></span> <span class='ocrx_word' id='word_1_444' title='bbox 1178 5535 1401 5595; x_wconf 82' lang='lat' dir='ltr'><strong>videtur,</strong></span> <span class='ocrx_word' id='word_1_445' title='bbox 1447 5539 1598 5591; x_wconf 80' lang='lat' dir='ltr'><strong>datis.</strong></span> <span class='ocrx_word' id='word_1_446' title='bbox 1646 5532 1753 5590; x_wconf 70' lang='lat' dir='ltr'><strong>Sed</strong></span> <span class='ocrx_word' id='word_1_447' title='bbox 1773 5552 1836 5589; x_wconf 84' lang='lat' dir='ltr'><strong>eo</strong></span> <span class='ocrx_word' id='word_1_448' title='bbox 1864 5553 2002 5592; x_wconf 88' lang='lat' dir='ltr'><strong>anno</strong></span> 
     </span>
    </p>
   </div>
   <div class='ocr_carea' id='block_1_65' title="bbox 458 5601 2002 5671">
    <p class='ocr_par' dir='ltr' id='par_1_65' title="bbox 458 5601 2002 5671">
     <span class='ocr_line' id='line_1_65' title="bbox 458 5601 2002 5671; baseline 0.003 -16"><span class='ocrx_word' id='word_1_449' title='bbox 458 5603 708 5657; x_wconf 76' lang='lat' dir='ltr'><strong>Alcuinus</strong></span> <span class='ocrx_word' id='word_1_450' title='bbox 751 5601 862 5671; x_wconf 83' lang='lat' dir='ltr'><strong>ejus</strong></span> <span class='ocrx_word' id='word_1_451' title='bbox 895 5603 1063 5658; x_wconf 72' lang='lat' dir='ltr'><strong>tctatis</strong></span> <span class='ocrx_word' id='word_1_452' title='bbox 1093 5601 1174 5655; x_wconf 77' lang='lat' dir='ltr'><strong>vel</strong></span> <span class='ocrx_word' id='word_1_453' title='bbox 1207 5606 1534 5660; x_wconf 81' lang='lat' dir='ltr'><strong>auctoritatis</strong></span> <span class='ocrx_word' id='word_1_454' title='bbox 1564 5608 1699 5659; x_wconf 86' lang='lat' dir='ltr'><strong>haud</strong></span> <span class='ocrx_word' id='word_1_455' title='bbox 1744 5607 1919 5671; x_wconf 67' lang='lat' dir='ltr'><strong>fuerit,</strong></span> <span class='ocrx_word' id='word_1_456' title='bbox 1946 5617 2002 5659; x_wconf 91' lang='lat' dir='ltr'><strong>ut</strong></span> 
     </span>
    </p>
   </div>
   <div class='ocr_carea' id='block_1_66' title="bbox 2019 4356 2067 4413">
    <p class='ocr_par' dir='ltr' id='par_1_66' title="bbox 2019 4356 2067 4413">
     <span class='ocr_line' id='line_1_66' title="bbox 2019 4356 2067 4413; baseline 0 0"><span class='ocrx_word' id='word_1_457' title='bbox 2019 4356 2067 4413; x_wconf 90' lang='lat' dir='ltr'><strong>D</strong></span> 
     </span>
    </p>
   </div>
   <div class='ocr_carea' id='block_1_67' title="bbox 2078 438 3632 505">
    <p class='ocr_par' dir='ltr' id='par_1_67' title="bbox 2078 438 3632 505">
     <span class='ocr_line' id='line_1_67' title="bbox 2078 438 3632 505; baseline -0.005 -9"><span class='ocrx_word' id='word_1_458' title='bbox 2078 444 2311 497; x_wconf 85' lang='lat' dir='ltr'><strong>cordiam</strong></span> <span class='ocrx_word' id='word_1_459' title='bbox 2342 452 2677 505; x_wconf 87' lang='lat' dir='ltr'><strong>convertere,</strong></span> <span class='ocrx_word' id='word_1_460' title='bbox 2709 449 2766 493; x_wconf 90' lang='lat' dir='ltr'><strong>ut</strong></span> <span class='ocrx_word' id='word_1_461' title='bbox 2794 442 3071 495; x_wconf 78' lang='lat' dir='ltr'><strong>deleantur</strong></span> <span class='ocrx_word' id='word_1_462' title='bbox 3093 438 3283 493; x_wconf 85' lang='lat' dir='ltr'><strong>delicta</strong></span> <span class='ocrx_word' id='word_1_463' title='bbox 3313 448 3427 501; x_wconf 83' lang='lat' dir='ltr'><strong>tua,</strong></span> <span class='ocrx_word' id='word_1_464' title='bbox 3452 444 3505 490; x_wconf 92' lang='lat' dir='ltr'><strong>et</strong></span> <span class='ocrx_word' id='word_1_465' title='bbox 3526 450 3632 489; x_wconf 82' lang='lat' dir='ltr'><strong>mo-</strong></span> 
     </span>
    </p>
   </div>
   <div class='ocr_carea' id='block_1_68' title="bbox 2078 526 3627 598">
    <p class='ocr_par' dir='ltr' id='par_1_68' title="bbox 2078 526 3627 598">
     <span class='ocr_line' id='line_1_68' title="bbox 2078 526 3627 598; baseline -0.006 -13"><span class='ocrx_word' id='word_1_466' title='bbox 2078 531 2247 585; x_wconf 77' lang='lat' dir='ltr'><strong>rearis</strong></span> <span class='ocrx_word' id='word_1_467' title='bbox 2272 531 2448 584; x_wconf 87' lang='lat' dir='ltr'><strong>locum</strong></span> <span class='ocrx_word' id='word_1_468' title='bbox 2476 529 2769 598; x_wconf 74' lang='lat' dir='ltr'><strong>refrigerii,</strong></span> <span class='ocrx_word' id='word_1_469' title='bbox 2810 528 2944 581; x_wconf 89' lang='lat' dir='ltr'><strong>lueis</strong></span> <span class='ocrx_word' id='word_1_470' title='bbox 2980 536 3034 579; x_wconf 91' lang='lat' dir='ltr'><strong>et</strong></span> <span class='ocrx_word' id='word_1_471' title='bbox 3065 528 3212 595; x_wconf 86' lang='lat' dir='ltr'><strong>pacis</strong></span> <span class='ocrx_word' id='word_1_472' title='bbox 3236 526 3473 595; x_wconf 85' lang='lat' dir='ltr'><strong>recipere</strong></span> <span class='ocrx_word' id='word_1_473' title='bbox 3508 539 3627 578; x_wconf 90' lang='lat' dir='ltr'><strong>cum</strong></span> 
     </span>
    </p>
   </div>
   <div class='ocr_carea' id='block_1_69' title="bbox 2078 616 3628 685">
    <p class='ocr_par' dir='ltr' id='par_1_69' title="bbox 2078 616 3628 685">
     <span class='ocr_line' id='line_1_69' title="bbox 2078 616 3628 685; baseline -0.004 -14"><span class='ocrx_word' id='word_1_474' title='bbox 2078 620 2276 673; x_wconf 82' lang='lat' dir='ltr'><strong>sanctis</strong></span> <span class='ocrx_word' id='word_1_475' title='bbox 2324 620 2435 672; x_wconf 90' lang='lat' dir='ltr'><strong>Dei.</strong></span> <span class='ocrx_word' id='word_1_476' title='bbox 2485 618 2690 685; x_wconf 80' lang='lat' dir='ltr'><strong>Meique</strong></span> <span class='ocrx_word' id='word_1_477' title='bbox 2737 631 2941 670; x_wconf 90' lang='lat' dir='ltr'><strong>memor</strong></span> <span class='ocrx_word' id='word_1_478' title='bbox 2970 632 3090 671; x_wconf 89' lang='lat' dir='ltr'><strong>cum</strong></span> <span class='ocrx_word' id='word_1_479' title='bbox 3122 617 3230 669; x_wconf 84' lang='lat' dir='ltr'><strong>Deo</strong></span> <span class='ocrx_word' id='word_1_480' title='bbox 3258 616 3628 675; x_wconf 86' lang='lat' dir='ltr'><strong>servientibus,</strong></span> 
     </span>
    </p>
   </div>
   <div class='ocr_carea' id='block_1_70' title="bbox 2076 706 3631 777">
    <p class='ocr_par' dir='ltr' id='par_1_70' title="bbox 2076 706 3631 777">
     <span class='ocr_line' id='line_1_70' title="bbox 2076 706 3631 777; baseline -0.001 -17"><span class='ocrx_word' id='word_1_481' title='bbox 2076 722 2174 775; x_wconf 86' lang='lat' dir='ltr'><strong>pro</strong></span> <span class='ocrx_word' id='word_1_482' title='bbox 2198 716 2352 776; x_wconf 90' lang='lat' dir='ltr'><strong>teque</strong></span> <span class='ocrx_word' id='word_1_483' title='bbox 2383 708 2848 771; x_wconf 82' lang='lat' dir='ltr'><strong>intercedentibus,</strong></span> <span class='ocrx_word' id='word_1_484' title='bbox 2886 708 3064 762; x_wconf 87' lang='lat' dir='ltr'><strong>valeas</strong></span> <span class='ocrx_word' id='word_1_485' title='bbox 3088 716 3337 776; x_wconf 89' lang='lat' dir='ltr'><strong>perpetua</strong></span> <span class='ocrx_word' id='word_1_486' title='bbox 3359 706 3631 777; x_wconf 69' lang='lat' dir='ltr'><strong>prosperi~</strong></span> 
     </span>
    </p>
   </div>
   <div class='ocr_carea' id='block_1_71' title="bbox 2081 794 2765 859">
    <p class='ocr_par' dir='ltr' id='par_1_71' title="bbox 2081 794 2765 859">
     <span class='ocr_line' id='line_1_71' title="bbox 2081 794 2765 859; baseline 0 -12"><span class='ocrx_word' id='word_1_487' title='bbox 2081 802 2211 859; x_wconf 88' lang='lat' dir='ltr'><strong>tate,</strong></span> <span class='ocrx_word' id='word_1_488' title='bbox 2242 794 2547 849; x_wconf 84' lang='lat' dir='ltr'><strong>dulcissime</strong></span> <span class='ocrx_word' id='word_1_489' title='bbox 2573 796 2765 849; x_wconf 85' lang='lat' dir='ltr'><strong>amice.</strong></span> 
     </span>
    </p>
   </div>
   <div class='ocr_carea' id='block_1_72' title="bbox 2569 883 3134 939">
    <p class='ocr_par' dir='ltr' id='par_1_72' title="bbox 2569 883 3134 939">
     <span class='ocr_line' id='line_1_72' title="bbox 2569 883 3134 939; baseline 0.002 -3"><span class='ocrx_word' id='word_1_490' title='bbox 2569 883 2597 922; x_wconf 69' lang='grc' dir='ltr'>δ</span> <span class='ocrx_word' id='word_1_491' title='bbox 2625 883 2951 939; x_wconf 78' lang='lat' dir='ltr'><strong>EPISTOLA</strong></span> <span class='ocrx_word' id='word_1_492' title='bbox 2981 884 3134 939; x_wconf 75' lang='lat' dir='ltr'><strong>CCX.</strong></span> 
     </span>
    </p>
   </div>
   <div class='ocr_carea' id='block_1_73' title="bbox 2378 967 3247 1008">
    <p class='ocr_par' dir='ltr' id='par_1_73' title="bbox 2378 967 3247 1008">
     <span class='ocr_line' id='line_1_73' title="bbox 2378 967 3247 1008; baseline 0.002 -3"><span class='ocrx_word' id='word_1_493' title='bbox 2378 986 2381 987; x_wconf 54' lang='grc' dir='ltr'><em>ν</em></span> <span class='ocrx_word' id='word_1_494' title='bbox 2465 967 2898 1008; x_wconf 66' lang='lat' dir='ltr'><strong>COIIENDATITIA</strong></span> <span class='ocrx_word' id='word_1_495' title='bbox 2936 971 3002 1007; x_wconf 73' lang='lat' dir='ltr'><strong>AD</strong></span> <span class='ocrx_word' id='word_1_496' title='bbox 3040 968 3247 1008; x_wconf 73' lang='lat' dir='ltr'><strong>AIICOS.</strong></span> 
     </span>
    </p>
   </div>
   <div class='ocr_carea' id='block_1_74' title="bbox 2081 1039 3630 1123">
    <p class='ocr_par' dir='ltr' id='par_1_74' title="bbox 2081 1039 3630 1123">
     <span class='ocr_line' id='line_1_74' title="bbox 2081 1039 3630 1123; baseline 0.001 -30"><span class='ocrx_word' id='word_1_497' title='bbox 2081 1039 2511 1095; x_wconf 82' lang='lat' dir='ltr'><strong>Commendatitia</strong></span> <span class='ocrx_word' id='word_1_498' title='bbox 2574 1043 2860 1123; x_wconf 41' lang='lat' dir='ltr'><strong>cujusdam.</strong></span> <span class='ocrx_word' id='word_1_499' title='bbox 2907 1044 3184 1112; x_wconf 80' lang='lat' dir='ltr'><strong>presbyteri</strong></span> <span class='ocrx_word' id='word_1_500' title='bbox 3249 1040 3511 1096; x_wconf 79' lang='lat' dir='ltr'><strong>Fordradi</strong></span> <span class='ocrx_word' id='word_1_501' title='bbox 3561 1044 3630 1095; x_wconf 77' lang='lat' dir='ltr'><strong>ad</strong></span> 
     </span>
    </p>
   </div>
   <div class='ocr_carea' id='block_1_75' title="bbox 2756 1128 2967 1164">
    <p class='ocr_par' dir='ltr' id='par_1_75' title="bbox 2756 1128 2967 1164">
     <span class='ocr_line' id='line_1_75' title="bbox 2756 1128 2967 1164; baseline 0.005 -1"><span class='ocrx_word' id='word_1_502' title='bbox 2756 1128 2967 1164; x_wconf 76' lang='lat' dir='ltr'><strong>amicos.</strong></span> 
     </span>
    </p>
   </div>
   <div class='ocr_carea' id='block_1_76' title="bbox 2151 1198 3630 1269">
    <p class='ocr_par' dir='ltr' id='par_1_76' title="bbox 2151 1198 3630 1269">
     <span class='ocr_line' id='line_1_76' title="bbox 2151 1198 3630 1269; baseline -0.001 -16"><span class='ocrx_word' id='word_1_503' title='bbox 2151 1199 2419 1253; x_wconf 66' lang='lat' dir='ltr'><strong>Fraterna:</strong></span> <span class='ocrx_word' id='word_1_504' title='bbox 2454 1200 2751 1255; x_wconf 88' lang='lat' dir='ltr'><strong>dilectionis</strong></span> <span class='ocrx_word' id='word_1_505' title='bbox 2779 1200 2797 1238; x_wconf 72' lang='grc' dir='ltr'><em>τ</em></span> <span class='ocrx_word' id='word_1_506' title='bbox 2818 1200 3002 1254; x_wconf 88' lang='lat' dir='ltr'><strong>amicis</strong></span> <span class='ocrx_word' id='word_1_507' title='bbox 3026 1215 3121 1269; x_wconf 89' lang='lat' dir='ltr'><strong>per</strong></span> <span class='ocrx_word' id='word_1_508' title='bbox 3165 1200 3403 1254; x_wconf 85' lang='lat' dir='ltr'><strong>diversas</strong></span> <span class='ocrx_word' id='word_1_509' title='bbox 3457 1198 3630 1253; x_wconf 88' lang='lat' dir='ltr'><strong>nomi-</strong></span> 
     </span>
    </p>
   </div>
   <div class='ocr_carea' id='block_1_77' title="bbox 2082 1288 3636 1364">
    <p class='ocr_par' dir='ltr' id='par_1_77' title="bbox 2082 1288 3636 1364">
     <span class='ocr_line' id='line_1_77' title="bbox 2082 1288 3636 1364; baseline -0.002 -20"><span class='ocrx_word' id='word_1_510' title='bbox 2082 1306 2206 1344; x_wconf 92' lang='lat' dir='ltr'><strong>num</strong></span> <span class='ocrx_word' id='word_1_511' title='bbox 2256 1290 2556 1364; x_wconf 76' lang='lat' dir='ltr'><strong>dignitates,</strong></span> <span class='ocrx_word' id='word_1_512' title='bbox 2590 1288 2813 1345; x_wconf 75' lang='lat' dir='ltr'><strong>Albiuus</strong></span> <span class='ocrx_word' id='word_1_513' title='bbox 2831 1304 3120 1345; x_wconf 84' lang='lat' dir='ltr'><strong>conservus</strong></span> <span class='ocrx_word' id='word_1_514' title='bbox 3147 1290 3199 1343; x_wconf 91' lang='lat' dir='ltr'><strong>in</strong></span> <span class='ocrx_word' id='word_1_515' title='bbox 3222 1289 3433 1344; x_wconf 86' lang='lat' dir='ltr'><strong>Christo</strong></span> <span class='ocrx_word' id='word_1_516' title='bbox 3462 1296 3636 1343; x_wconf 89' lang='lat' dir='ltr'><strong>vester</strong></span> 
     </span>
    </p>
   </div>
   <div class='ocr_carea' id='block_1_78' title="bbox 2083 1378 2329 1447">
    <p class='ocr_par' dir='ltr' id='par_1_78' title="bbox 2083 1378 2329 1447">
     <span class='ocr_line' id='line_1_78' title="bbox 2083 1378 2329 1447; baseline -0.008 -14"><span class='ocrx_word' id='word_1_517' title='bbox 2083 1378 2329 1447; x_wconf 75' lang='lat' dir='ltr'><strong>salutem.</strong></span> 
     </span>
    </p>
   </div>
   <div class='ocr_carea' id='block_1_79' title="bbox 2151 1462 3639 1539">
    <p class='ocr_par' dir='ltr' id='par_1_79' title="bbox 2151 1462 3639 1539">
     <span class='ocr_line' id='line_1_79' title="bbox 2151 1462 3639 1539; baseline -0.001 -18"><span class='ocrx_word' id='word_1_518' title='bbox 2151 1462 2299 1522; x_wconf 84' lang='lat' dir='ltr'><strong>Licet</strong></span> <span class='ocrx_word' id='word_1_519' title='bbox 2337 1478 2599 1524; x_wconf 89' lang='lat' dir='ltr'><strong>terrarum</strong></span> <span class='ocrx_word' id='word_1_520' title='bbox 2647 1469 3005 1539; x_wconf 76' lang='lat' dir='ltr'><strong>longinquitas</strong></span> <span class='ocrx_word' id='word_1_521' title='bbox 3046 1468 3283 1522; x_wconf 86' lang='lat' dir='ltr'><strong>diversas</strong></span> <span class='ocrx_word' id='word_1_522' title='bbox 3311 1466 3639 1522; x_wconf 83' lang='lat' dir='ltr'><strong>Christiano—</strong></span> 
     </span>
    </p>
   </div>
   <div class='ocr_carea' id='block_1_80' title="bbox 2084 1557 3637 1623">
    <p class='ocr_par' dir='ltr' id='par_1_80' title="bbox 2084 1557 3637 1623">
     <span class='ocr_line' id='line_1_80' title="bbox 2084 1557 3637 1623; baseline -0.001 -11"><span class='ocrx_word' id='word_1_523' title='bbox 2084 1574 2201 1613; x_wconf 88' lang='lat' dir='ltr'><strong>rum</strong></span> <span class='ocrx_word' id='word_1_524' title='bbox 2248 1557 2408 1614; x_wconf 84' lang='lat' dir='ltr'><strong>faciat</strong></span> <span class='ocrx_word' id='word_1_525' title='bbox 2463 1561 2832 1623; x_wconf 85' lang='lat' dir='ltr'><strong>habitationes,</strong></span> <span class='ocrx_word' id='word_1_526' title='bbox 2893 1568 3067 1613; x_wconf 90' lang='lat' dir='ltr'><strong>tamen</strong></span> <span class='ocrx_word' id='word_1_527' title='bbox 3123 1567 3319 1613; x_wconf 78' lang='lat' dir='ltr'><strong>sancta:</strong></span> <span class='ocrx_word' id='word_1_528' title='bbox 3362 1558 3637 1613; x_wconf 77' lang='lat' dir='ltr'><strong>charitatis</strong></span> 
     </span>
    </p>
   </div>
   <div class='ocr_carea' id='block_1_81' title="bbox 2085 1646 3639 1718">
    <p class='ocr_par' dir='ltr' id='par_1_81' title="bbox 2085 1646 3639 1718">
     <span class='ocr_line' id='line_1_81' title="bbox 2085 1646 3639 1718; baseline -0.004 -13"><span class='ocrx_word' id='word_1_529' title='bbox 2085 1652 2329 1709; x_wconf 88' lang='lat' dir='ltr'><strong>societas.</strong></span> <span class='ocrx_word' id='word_1_530' title='bbox 2383 1652 2482 1704; x_wconf 86' lang='lat' dir='ltr'><strong>sub</strong></span> <span class='ocrx_word' id='word_1_531' title='bbox 2530 1666 2635 1704; x_wconf 92' lang='lat' dir='ltr'><strong>uno</strong></span> <span class='ocrx_word' id='word_1_532' title='bbox 2678 1659 2889 1718; x_wconf 84' lang='lat' dir='ltr'><strong>pastore</strong></span> <span class='ocrx_word' id='word_1_533' title='bbox 2911 1647 3145 1713; x_wconf 89' lang='lat' dir='ltr'><strong>Christo,</strong></span> <span class='ocrx_word' id='word_1_534' title='bbox 3196 1664 3359 1701; x_wconf 89' lang='lat' dir='ltr'><strong>unum</strong></span> <span class='ocrx_word' id='word_1_535' title='bbox 3403 1663 3495 1702; x_wconf 90' lang='lat' dir='ltr'><strong>eos</strong></span> <span class='ocrx_word' id='word_1_536' title='bbox 3514 1646 3639 1701; x_wconf 83' lang='lat' dir='ltr'><strong>facit</strong></span> 
     </span>
    </p>
   </div>
   <div class='ocr_carea' id='block_1_82' title="bbox 2082 1738 3634 1809">
    <p class='ocr_par' dir='ltr' id='par_1_82' title="bbox 2082 1738 3634 1809">
     <span class='ocr_line' id='line_1_82' title="bbox 2082 1738 3634 1809; baseline -0.003 -16"><span class='ocrx_word' id='word_1_537' title='bbox 2082 1755 2197 1794; x_wconf 86' lang='lat' dir='ltr'><strong>esse</strong></span> <span class='ocrx_word' id='word_1_538' title='bbox 2220 1754 2449 1809; x_wconf 83' lang='lat' dir='ltr'><strong>gregem.</strong></span> <span class='ocrx_word' id='word_1_539' title='bbox 2470 1739 2525 1793; x_wconf 89' lang='lat' dir='ltr'><strong>In</strong></span> <span class='ocrx_word' id='word_1_540' title='bbox 2555 1738 2707 1806; x_wconf 84' lang='lat' dir='ltr'><strong>cujus</strong></span> <span class='ocrx_word' id='word_1_541' title='bbox 2735 1739 2921 1793; x_wconf 90' lang='lat' dir='ltr'><strong>ﬁducia</strong></span> <span class='ocrx_word' id='word_1_542' title='bbox 2954 1747 3142 1795; x_wconf 64' lang='lat' dir='ltr'><strong>vestra:</strong></span> <span class='ocrx_word' id='word_1_543' title='bbox 3188 1738 3368 1807; x_wconf 86' lang='lat' dir='ltr'><strong>pietati</strong></span> <span class='ocrx_word' id='word_1_544' title='bbox 3399 1753 3493 1806; x_wconf 89' lang='lat' dir='ltr'><strong>per</strong></span> <span class='ocrx_word' id='word_1_545' title='bbox 3516 1752 3634 1807; x_wconf 85' lang='lat' dir='ltr'><strong>pre-</strong></span> 
     </span>
    </p>
   </div>
   <div class='ocr_carea' id='block_1_83' title="bbox 2082 1824 3641 1895">
    <p class='ocr_par' dir='ltr' id='par_1_83' title="bbox 2082 1824 3641 1895">
     <span class='ocr_line' id='line_1_83' title="bbox 2082 1824 3641 1895; baseline -0.002 -15"><span class='ocrx_word' id='word_1_546' title='bbox 2082 1827 2309 1881; x_wconf 87' lang='lat' dir='ltr'><strong>catorias</strong></span> <span class='ocrx_word' id='word_1_547' title='bbox 2357 1835 2551 1880; x_wconf 62' lang='lat' dir='ltr'><strong>nostra:</strong></span> <span class='ocrx_word' id='word_1_548' title='bbox 2599 1827 2879 1895; x_wconf 85' lang='lat' dir='ltr'><strong>parvitatis</strong></span> <span class='ocrx_word' id='word_1_549' title='bbox 2920 1825 3129 1879; x_wconf 85' lang='lat' dir='ltr'><strong>litteras</strong></span> <span class='ocrx_word' id='word_1_550' title='bbox 3181 1826 3323 1879; x_wconf 81' lang='lat' dir='ltr'><strong>hunc</strong></span> <span class='ocrx_word' id='word_1_551' title='bbox 3372 1824 3641 1894; x_wconf 63' lang='lat' dir='ltr'><strong>presbytco</strong></span> 
     </span>
    </p>
   </div>
   <div class='ocr_carea' id='block_1_84' title="bbox 2084 1913 3641 1985">
    <p class='ocr_par' dir='ltr' id='par_1_84' title="bbox 2084 1913 3641 1985">
     <span class='ocr_line' id='line_1_84' title="bbox 2084 1913 3641 1985; baseline 0.001 -19"><span class='ocrx_word' id='word_1_552' title='bbox 2084 1929 2221 1977; x_wconf 91' lang='lat' dir='ltr'><strong>rum,</strong></span> <span class='ocrx_word' id='word_1_553' title='bbox 2273 1913 2299 1953; x_wconf 74' lang='grc' dir='ltr'><em>ά</em></span> <span class='ocrx_word' id='word_1_554' title='bbox 2362 1914 2689 1969; x_wconf 83' lang='lat' dir='ltr'><strong>Fordradum</strong></span> <span class='ocrx_word' id='word_1_555' title='bbox 2721 1914 2952 1975; x_wconf 90' lang='lat' dir='ltr'><strong>nomine,</strong></span> <span class='ocrx_word' id='word_1_556' title='bbox 3024 1914 3427 1985; x_wconf 83' lang='lat' dir='ltr'><strong>diligentissime</strong></span> <span class='ocrx_word' id='word_1_557' title='bbox 3499 1928 3641 1967; x_wconf 72' lang='lat' dir='ltr'><strong>com~</strong></span> 
     </span>
    </p>
   </div>
   <div class='ocr_carea' id='block_1_85' title="bbox 2083 2001 3644 2071">
    <p class='ocr_par' dir='ltr' id='par_1_85' title="bbox 2083 2001 3644 2071">
     <span class='ocr_line' id='line_1_85' title="bbox 2083 2001 3644 2071; baseline 0 -16"><span class='ocrx_word' id='word_1_558' title='bbox 2083 2003 2294 2065; x_wconf 85' lang='lat' dir='ltr'><strong>mendo,</strong></span> <span class='ocrx_word' id='word_1_559' title='bbox 2324 2012 2382 2055; x_wconf 89' lang='lat' dir='ltr'><strong>ut</strong></span> <span class='ocrx_word' id='word_1_560' title='bbox 2407 2004 2708 2058; x_wconf 87' lang='lat' dir='ltr'><strong>dilectionis</strong></span> <span class='ocrx_word' id='word_1_561' title='bbox 2756 2015 2947 2058; x_wconf 67' lang='lat' dir='ltr'><strong>vestrae</strong></span> <span class='ocrx_word' id='word_1_562' title='bbox 2989 2002 3262 2071; x_wconf 85' lang='lat' dir='ltr'><strong>juvamine</strong></span> <span class='ocrx_word' id='word_1_563' title='bbox 3307 2001 3644 2056; x_wconf 88' lang='lat' dir='ltr'><strong>suﬁ&#39;ultusfa-</strong></span> 
     </span>
    </p>
   </div>
   <div class='ocr_carea' id='block_1_86' title="bbox 2084 2091 3643 2161">
    <p class='ocr_par' dir='ltr' id='par_1_86' title="bbox 2084 2091 3643 2161">
     <span class='ocr_line' id='line_1_86' title="bbox 2084 2091 3643 2161; baseline -0.001 -15"><span class='ocrx_word' id='word_1_564' title='bbox 2084 2092 2238 2146; x_wconf 90' lang='lat' dir='ltr'><strong>cilius</strong></span> <span class='ocrx_word' id='word_1_565' title='bbox 2264 2101 2459 2146; x_wconf 76' lang='lat' dir='ltr'><strong>sancta:</strong></span> <span class='ocrx_word' id='word_1_566' title='bbox 2480 2092 2924 2161; x_wconf 83' lang='lat' dir='ltr'><strong>peregrinationis</strong></span> <span class='ocrx_word' id='word_1_567' title='bbox 2953 2091 3092 2145; x_wconf 87' lang='lat' dir='ltr'><strong>viam</strong></span> <span class='ocrx_word' id='word_1_568' title='bbox 3111 2099 3345 2161; x_wconf 89' lang='lat' dir='ltr'><strong>peragat,</strong></span> <span class='ocrx_word' id='word_1_569' title='bbox 3375 2102 3429 2144; x_wconf 91' lang='lat' dir='ltr'><strong>et</strong></span> <span class='ocrx_word' id='word_1_570' title='bbox 3454 2100 3643 2145; x_wconf 62' lang='lat' dir='ltr'><strong>vestras</strong></span> 
     </span>
    </p>
   </div>
   <div class='ocr_carea' id='block_1_87' title="bbox 2082 2180 3636 2249">
    <p class='ocr_par' dir='ltr' id='par_1_87' title="bbox 2082 2180 3636 2249">
     <span class='ocr_line' id='line_1_87' title="bbox 2082 2180 3636 2249; baseline -0.003 -12"><span class='ocrx_word' id='word_1_571' title='bbox 2082 2183 2339 2237; x_wconf 88' lang='lat' dir='ltr'><strong>bonitatis</strong></span> <span class='ocrx_word' id='word_1_572' title='bbox 2367 2197 2571 2237; x_wconf 86' lang='lat' dir='ltr'><strong>merces</strong></span> <span class='ocrx_word' id='word_1_573' title='bbox 2598 2191 2719 2236; x_wconf 82' lang='lat' dir='ltr'><strong>ante</strong></span> <span class='ocrx_word' id='word_1_574' title='bbox 2736 2182 2915 2237; x_wconf 91' lang='lat' dir='ltr'><strong>oculos</strong></span> <span class='ocrx_word' id='word_1_575' title='bbox 2937 2182 3316 2249; x_wconf 88' lang='lat' dir='ltr'><strong>omnipotentis</strong></span> <span class='ocrx_word' id='word_1_576' title='bbox 3331 2180 3420 2233; x_wconf 88' lang='lat' dir='ltr'><strong>Dei</strong></span> <span class='ocrx_word' id='word_1_577' title='bbox 3450 2180 3636 2248; x_wconf 76' lang='lat'><strong>221-</strong></span> 
     </span>
    </p>
   </div>
   <div class='ocr_carea' id='block_1_88' title="bbox 2084 2264 3639 2344">
    <p class='ocr_par' dir='ltr' id='par_1_88' title="bbox 2084 2264 3639 2344">
     <span class='ocr_line' id='line_1_88' title="bbox 2084 2264 3639 2344; baseline -0.006 -18"><span class='ocrx_word' id='word_1_578' title='bbox 2084 2272 2303 2344; x_wconf 68' lang='lat'><strong>267“</strong></span> <span class='ocrx_word' id='word_1_579' title='bbox 2321 2280 2595 2343; x_wconf 84' lang='lat' dir='ltr'><strong>augeatur.</strong></span> <span class='ocrx_word' id='word_1_580' title='bbox 2614 2272 2711 2338; x_wconf 86' lang='lat' dir='ltr'><strong>Qui</strong></span> <span class='ocrx_word' id='word_1_581' title='bbox 2736 2280 2817 2326; x_wconf 90' lang='lat' dir='ltr'><strong>est</strong></span> <span class='ocrx_word' id='word_1_582' title='bbox 2836 2272 2936 2335; x_wconf 79' lang='lat' dir='ltr'><strong>via,</strong></span> <span class='ocrx_word' id='word_1_583' title='bbox 2954 2272 3053 2324; x_wconf 79' lang='lat' dir='ltr'><strong>vita</strong></span> <span class='ocrx_word' id='word_1_584' title='bbox 3068 2280 3113 2321; x_wconf 80' lang='lat' dir='ltr'><strong>et</strong></span> <span class='ocrx_word' id='word_1_585' title='bbox 3132 2264 3314 2323; x_wconf 77' lang='lat' dir='ltr'><strong>veritas</strong></span> <span class='ocrx_word' id='word_1_586' title='bbox 3335 2267 3512 2337; x_wconf 82' lang='lat' dir='ltr'><strong>(Joan.</strong></span> <span class='ocrx_word' id='word_1_587' title='bbox 3532 2284 3639 2331; x_wconf 77' lang='lat' dir='ltr'><strong>xw,</strong></span> 
     </span>
    </p>
   </div>
   <div class='ocr_carea' id='block_1_89' title="bbox 2084 2360 3643 2435">
    <p class='ocr_par' dir='ltr' id='par_1_89' title="bbox 2084 2360 3643 2435">
     <span class='ocr_line' id='line_1_89' title="bbox 2084 2360 3643 2435; baseline -0.003 -18"><span class='ocrx_word' id='word_1_588' title='bbox 2084 2364 2162 2435; x_wconf 86' lang='grc'><strong>6),</strong></span> <span class='ocrx_word' id='word_1_589' title='bbox 2184 2364 2335 2419; x_wconf 88' lang='lat' dir='ltr'><strong>vobis</strong></span> <span class='ocrx_word' id='word_1_590' title='bbox 2357 2364 2497 2418; x_wconf 87' lang='lat' dir='ltr'><strong>viam</strong></span> <span class='ocrx_word' id='word_1_591' title='bbox 2530 2374 2721 2418; x_wconf 68' lang='lat' dir='ltr'><strong>vestra:</strong></span> <span class='ocrx_word' id='word_1_592' title='bbox 2757 2362 2942 2417; x_wconf 88' lang='lat' dir='ltr'><strong>salutis</strong></span> <span class='ocrx_word' id='word_1_593' title='bbox 2967 2361 3269 2425; x_wconf 90' lang='lat' dir='ltr'><strong>ostendere,</strong></span> <span class='ocrx_word' id='word_1_594' title='bbox 3292 2368 3346 2415; x_wconf 88' lang='lat' dir='ltr'><strong>et</strong></span> <span class='ocrx_word' id='word_1_595' title='bbox 3366 2360 3643 2414; x_wconf 81' lang='lat' dir='ltr'><strong>veritatem</strong></span> 
     </span>
    </p>
   </div>
   <div class='ocr_carea' id='block_1_90' title="bbox 2085 2450 3645 2524">
    <p class='ocr_par' dir='ltr' id='par_1_90' title="bbox 2085 2450 3645 2524">
     <span class='ocr_line' id='line_1_90' title="bbox 2085 2450 3645 2524; baseline -0.004 -18"><span class='ocrx_word' id='word_1_596' title='bbox 2085 2452 2276 2524; x_wconf 78' lang='lat' dir='ltr'><strong>[Edit.,</strong></span> <span class='ocrx_word' id='word_1_597' title='bbox 2303 2452 2561 2524; x_wconf 79' lang='lat' dir='ltr'><strong>requiem]</strong></span> <span class='ocrx_word' id='word_1_598' title='bbox 2589 2461 2801 2507; x_wconf 68' lang='lat' dir='ltr'><strong>:eterna:</strong></span> <span class='ocrx_word' id='word_1_599' title='bbox 2837 2452 3018 2521; x_wconf 79' lang='lat' dir='ltr'><strong>glori:e</strong></span> <span class='ocrx_word' id='word_1_600' title='bbox 3044 2453 3297 2513; x_wconf 86' lang='lat' dir='ltr'><strong>tribuere,</strong></span> <span class='ocrx_word' id='word_1_601' title='bbox 3324 2458 3378 2504; x_wconf 90' lang='lat' dir='ltr'><strong>et</strong></span> <span class='ocrx_word' id='word_1_602' title='bbox 3400 2450 3645 2505; x_wconf 88' lang='lat' dir='ltr'><strong>beatissi-</strong></span> 
     </span>
    </p>
   </div>
   <div class='ocr_carea' id='block_1_91' title="bbox 2085 2539 3643 2612">
    <p class='ocr_par' dir='ltr' id='par_1_91' title="bbox 2085 2539 3643 2612">
     <span class='ocr_line' id='line_1_91' title="bbox 2085 2539 3643 2612; baseline -0.003 -16"><span class='ocrx_word' id='word_1_603' title='bbox 2085 2557 2223 2596; x_wconf 90' lang='lat' dir='ltr'><strong>mam</strong></span> <span class='ocrx_word' id='word_1_604' title='bbox 2244 2543 2406 2595; x_wconf 87' lang='lat' dir='ltr'><strong>vitam</strong></span> <span class='ocrx_word' id='word_1_605' title='bbox 2428 2543 2718 2596; x_wconf 88' lang='lat' dir='ltr'><strong>concedere</strong></span> <span class='ocrx_word' id='word_1_606' title='bbox 2732 2543 2993 2610; x_wconf 86' lang='lat' dir='ltr'><strong>dignetur.</strong></span> <span class='ocrx_word' id='word_1_607' title='bbox 3013 2540 3403 2612; x_wconf 82' lang='lat' dir='ltr'><strong>[Proﬁcientem</strong></span> <span class='ocrx_word' id='word_1_608' title='bbox 3427 2548 3496 2603; x_wconf 87' lang='lat' dir='ltr'><strong>te,</strong></span> <span class='ocrx_word' id='word_1_609' title='bbox 3518 2539 3643 2594; x_wconf 86' lang='lat' dir='ltr'><strong>eba-</strong></span> 
     </span>
    </p>
   </div>
   <div class='ocr_carea' id='block_1_92' title="bbox 2087 2628 3751 2700">
    <p class='ocr_par' dir='ltr' id='par_1_92' title="bbox 2087 2628 3751 2700">
     <span class='ocr_line' id='line_1_92' title="bbox 2087 2628 3751 2700; baseline -0.004 -15"><span class='ocrx_word' id='word_1_610' title='bbox 2087 2632 2297 2686; x_wconf 88' lang='lat' dir='ltr'><strong>risslme</strong></span> <span class='ocrx_word' id='word_1_611' title='bbox 2317 2631 2502 2697; x_wconf 84' lang='lat' dir='ltr'><strong>frater,</strong></span> <span class='ocrx_word' id='word_1_612' title='bbox 2536 2633 2712 2686; x_wconf 85' lang='lat' dir='ltr'><strong>divina</strong></span> <span class='ocrx_word' id='word_1_613' title='bbox 2759 2632 3044 2686; x_wconf 81' lang='lat' dir='ltr'><strong>auxilietur</strong></span> <span class='ocrx_word' id='word_1_614' title='bbox 3066 2632 3233 2700; x_wconf 90' lang='lat' dir='ltr'><strong>gratia</strong></span> <span class='ocrx_word' id='word_1_615' title='bbox 3260 2632 3312 2685; x_wconf 89' lang='lat' dir='ltr'><strong>in</strong></span> <span class='ocrx_word' id='word_1_616' title='bbox 3339 2628 3643 2700; x_wconf 70' lang='lat' dir='ltr'><strong>internum.)</strong></span> <span class='ocrx_word' id='word_1_617' title='bbox 3744 2649 3751 2656; x_wconf 85' lang='lat'><strong><em>-</em></strong></span> 
     </span>
    </p>
   </div>
   <div class='ocr_carea' id='block_1_93' title="bbox 2583 2739 3168 2795">
    <p class='ocr_par' dir='ltr' id='par_1_93' title="bbox 2583 2739 3168 2795">
     <span class='ocr_line' id='line_1_93' title="bbox 2583 2739 3168 2795; baseline -0.005 -1"><span class='ocrx_word' id='word_1_618' title='bbox 2583 2753 2606 2780; x_wconf 76' lang='grc' dir='ltr'><strong><em>ο</em></strong></span> <span class='ocrx_word' id='word_1_619' title='bbox 2638 2739 2967 2795; x_wconf 80' lang='lat' dir='ltr'><strong>EPISTOLA</strong></span> <span class='ocrx_word' id='word_1_620' title='bbox 2993 2740 3168 2795; x_wconf 75' lang='lat' dir='ltr'><strong>CCXI.</strong></span> 
     </span>
    </p>
   </div>
   <div class='ocr_carea' id='block_1_94' title="bbox 2604 2825 3124 2866">
    <p class='ocr_par' dir='ltr' id='par_1_94' title="bbox 2604 2825 3124 2866">
     <span class='ocr_line' id='line_1_94' title="bbox 2604 2825 3124 2866; baseline -0.008 -1"><span class='ocrx_word' id='word_1_621' title='bbox 2604 2828 2671 2865; x_wconf 74' lang='lat' dir='ltr'><strong>AD</strong></span> <span class='ocrx_word' id='word_1_622' title='bbox 2714 2825 2884 2866; x_wconf 70' lang='lat' dir='ltr'><strong>OINES</strong></span> <span class='ocrx_word' id='word_1_623' title='bbox 2919 2826 3124 2865; x_wconf 73' lang='lat' dir='ltr'><strong>AIICOS.</strong></span> 
     </span>
    </p>
   </div>
   <div class='ocr_carea' id='block_1_95' title="bbox 2086 2898 3645 2980">
    <p class='ocr_par' dir='ltr' id='par_1_95' title="bbox 2086 2898 3645 2980">
     <span class='ocr_line' id='line_1_95' title="bbox 2086 2898 3645 2980; baseline -0.003 -24"><span class='ocrx_word' id='word_1_624' title='bbox 2086 2900 2515 2957; x_wconf 70' lang='lat' dir='ltr'><strong>Commendatitia</strong></span> <span class='ocrx_word' id='word_1_625' title='bbox 2562 2900 3153 2980; x_wconf 67' lang='lat' dir='ltr'><strong>Noroberetpresbyterf</strong></span> <span class='ocrx_word' id='word_1_626' title='bbox 3179 2899 3551 2969; x_wconf 78' lang='lat' dir='ltr'><strong>peregrinantis</strong></span> <span class='ocrx_word' id='word_1_627' title='bbox 3578 2898 3645 2951; x_wconf 83' lang='lat' dir='ltr'><strong>ad</strong></span> 
     </span>
    </p>
   </div>
   <div class='ocr_carea' id='block_1_96' title="bbox 2765 2985 3263 3022">
    <p class='ocr_par' dir='ltr' id='par_1_96' title="bbox 2765 2985 3263 3022">
     <span class='ocr_line' id='line_1_96' title="bbox 2765 2985 3263 3022; baseline -0.006 0"><span class='ocrx_word' id='word_1_628' title='bbox 2765 2985 2978 3022; x_wconf 73' lang='grc' dir='ltr'><strong>αηικοι.</strong></span> <span class='ocrx_word' id='word_1_629' title='bbox 3260 3002 3263 3003; x_wconf 55' lang='grc' dir='ltr'><em>ν</em></span> 
     </span>
    </p>
   </div>
   <div class='ocr_carea' id='block_1_97' title="bbox 2156 3056 3648 3124">
    <p class='ocr_par' dir='ltr' id='par_1_97' title="bbox 2156 3056 3648 3124">
     <span class='ocr_line' id='line_1_97' title="bbox 2156 3056 3648 3124; baseline -0.002 -10"><span class='ocrx_word' id='word_1_630' title='bbox 2156 3058 2415 3115; x_wconf 84' lang='lat' dir='ltr'><strong>Omnibus</strong></span> <span class='ocrx_word' id='word_1_631' title='bbox 2444 3060 2498 3114; x_wconf 89' lang='lat' dir='ltr'><strong>in</strong></span> <span class='ocrx_word' id='word_1_632' title='bbox 2520 3059 2719 3115; x_wconf 86' lang='lat' dir='ltr'><strong>Christi</strong></span> <span class='ocrx_word' id='word_1_633' title='bbox 2740 3057 3229 3124; x_wconf 80' lang='lat' dir='ltr'><strong>charitateamicis,</strong></span> <span class='ocrx_word' id='word_1_634' title='bbox 3252 3058 3467 3113; x_wconf 88' lang='lat' dir='ltr'><strong>humilis</strong></span> <span class='ocrx_word' id='word_1_635' title='bbox 3493 3056 3648 3113; x_wconf 78' lang='lat' dir='ltr'><strong>levita</strong></span> 
     </span>
    </p>
   </div>
   <div class='ocr_carea' id='block_1_98' title="bbox 2087 3146 2609 3203">
    <p class='ocr_par' dir='ltr' id='par_1_98' title="bbox 2087 3146 2609 3203">
     <span class='ocr_line' id='line_1_98' title="bbox 2087 3146 2609 3203; baseline -0.002 -1"><span class='ocrx_word' id='word_1_636' title='bbox 2087 3146 2340 3203; x_wconf 75' lang='lat' dir='ltr'><strong>Alcuinus</strong></span> <span class='ocrx_word' id='word_1_637' title='bbox 2366 3147 2609 3202; x_wconf 89' lang='lat' dir='ltr'><strong>salutem.</strong></span> 
     </span>
    </p>
   </div>
   <div class='ocr_carea' id='block_1_99' title="bbox 2159 3234 3645 3310">
    <p class='ocr_par' dir='ltr' id='par_1_99' title="bbox 2159 3234 3645 3310">
     <span class='ocr_line' id='line_1_99' title="bbox 2159 3234 3645 3310; baseline -0.001 -17"><span class='ocrx_word' id='word_1_638' title='bbox 2159 3238 2466 3307; x_wconf 87' lang='lat' dir='ltr'><strong>Ubicunque</strong></span> <span class='ocrx_word' id='word_1_639' title='bbox 2493 3238 2592 3291; x_wconf 86' lang='lat' dir='ltr'><strong>iste</strong></span> <span class='ocrx_word' id='word_1_640' title='bbox 2620 3238 2913 3307; x_wconf 83' lang='lat' dir='ltr'><strong>presbyter,</strong></span> <span class='ocrx_word' id='word_1_641' title='bbox 2956 3236 3246 3292; x_wconf 83' lang='lat' dir='ltr'><strong>Noroberet</strong></span> <span class='ocrx_word' id='word_1_642' title='bbox 3270 3234 3402 3309; x_wconf 70' lang='grc' dir='ltr'><strong>[ΑΙ.9</strong></span> <span class='ocrx_word' id='word_1_643' title='bbox 3428 3238 3645 3310; x_wconf 77' lang='lat' dir='ltr'><strong>Norbct]</strong></span> 
     </span>
    </p>
   </div>
   <div class='ocr_carea' id='block_1_100' title="bbox 2088 3328 3650 3399">
    <p class='ocr_par' dir='ltr' id='par_1_100' title="bbox 2088 3328 3650 3399">
     <span class='ocr_line' id='line_1_100' title="bbox 2088 3328 3650 3399; baseline -0.002 -16"><span class='ocrx_word' id='word_1_644' title='bbox 2088 3329 2323 3391; x_wconf 90' lang='lat' dir='ltr'><strong>nomine,</strong></span> <span class='ocrx_word' id='word_1_645' title='bbox 2357 3329 2409 3382; x_wconf 91' lang='lat' dir='ltr'><strong>in</strong></span> <span class='ocrx_word' id='word_1_646' title='bbox 2441 3337 2668 3382; x_wconf 85' lang='lat' dir='ltr'><strong>vestram</strong></span> <span class='ocrx_word' id='word_1_647' title='bbox 2698 3328 2997 3396; x_wconf 86' lang='lat' dir='ltr'><strong>pervenerit</strong></span> <span class='ocrx_word' id='word_1_648' title='bbox 3034 3328 3395 3396; x_wconf 64' lang='lat' dir='ltr'><strong>praesentiam,</strong></span> <span class='ocrx_word' id='word_1_649' title='bbox 3428 3330 3650 3399; x_wconf 82' lang='lat' dir='ltr'><strong>obsecro</strong></span> 
     </span>
    </p>
   </div>
   <div class='ocr_carea' id='block_1_101' title="bbox 2087 3408 3650 3487">
    <p class='ocr_par' dir='ltr' id='par_1_101' title="bbox 2087 3408 3650 3487">
     <span class='ocr_line' id='line_1_101' title="bbox 2087 3408 3650 3487; baseline -0.001 -14"><span class='ocrx_word' id='word_1_650' title='bbox 2087 3427 2145 3473; x_wconf 91' lang='lat' dir='ltr'><strong>ut</strong></span> <span class='ocrx_word' id='word_1_651' title='bbox 2173 3416 2404 3486; x_wconf 87' lang='lat' dir='ltr'><strong>benigne</strong></span> <span class='ocrx_word' id='word_1_652' title='bbox 2445 3432 2566 3471; x_wconf 85' lang='lat' dir='ltr'><strong>eum</strong></span> <span class='ocrx_word' id='word_1_653' title='bbox 2595 3417 2862 3485; x_wconf 82' lang='lat' dir='ltr'><strong>Suscipere</strong></span> <span class='ocrx_word' id='word_1_654' title='bbox 2910 3416 3222 3485; x_wconf 82' lang='lat' dir='ltr'><strong>dignemini,</strong></span> <span class='ocrx_word' id='word_1_655' title='bbox 3254 3417 3305 3471; x_wconf 92' lang='lat' dir='ltr'><strong>in</strong></span> <span class='ocrx_word' id='word_1_656' title='bbox 3337 3408 3650 3487; x_wconf 86' lang='lat' dir='ltr'><strong>quocunque</strong></span> 
     </span>
    </p>
   </div>
   <div class='ocr_carea' id='block_1_102' title="bbox 2087 3504 3647 3574">
    <p class='ocr_par' dir='ltr' id='par_1_102' title="bbox 2087 3504 3647 3574">
     <span class='ocr_line' id='line_1_102' title="bbox 2087 3504 3647 3574; baseline 0.001 -15"><span class='ocrx_word' id='word_1_657' title='bbox 2087 3505 2298 3574; x_wconf 85' lang='lat' dir='ltr'><strong>negotio</strong></span> <span class='ocrx_word' id='word_1_658' title='bbox 2318 3504 2400 3557; x_wconf 87' lang='lat' dir='ltr'><strong>vel</strong></span> <span class='ocrx_word' id='word_1_659' title='bbox 2422 3504 2739 3557; x_wconf 86' lang='lat' dir='ltr'><strong>necessitate</strong></span> <span class='ocrx_word' id='word_1_660' title='bbox 2766 3519 2897 3571; x_wconf 89' lang='lat' dir='ltr'><strong>opus</strong></span> <span class='ocrx_word' id='word_1_661' title='bbox 2922 3504 3131 3558; x_wconf 86' lang='lat' dir='ltr'><strong>habeat.</strong></span> <span class='ocrx_word' id='word_1_662' title='bbox 3158 3504 3465 3560; x_wconf 86' lang='lat' dir='ltr'><strong>Certissime</strong></span> <span class='ocrx_word' id='word_1_663' title='bbox 3485 3506 3647 3560; x_wconf 85' lang='lat' dir='ltr'><strong>Deum</strong></span> 
     </span>
    </p>
   </div>
   <div class='ocr_carea' id='block_1_103' title="bbox 2088 3594 3651 3665">
    <p class='ocr_par' dir='ltr' id='par_1_103' title="bbox 2088 3594 3651 3665">
     <span class='ocr_line' id='line_1_103' title="bbox 2088 3594 3651 3665; baseline 0 -16"><span class='ocrx_word' id='word_1_664' title='bbox 2088 3595 2351 3650; x_wconf 73' lang='lat' dir='ltr'><strong>habebitis</strong></span> <span class='ocrx_word' id='word_1_665' title='bbox 2392 3594 2642 3647; x_wconf 85' lang='lat' dir='ltr'><strong>bonitatis</strong></span> <span class='ocrx_word' id='word_1_666' title='bbox 2678 3602 2879 3647; x_wconf 72' lang='lat' dir='ltr'><strong>vestrae</strong></span> <span class='ocrx_word' id='word_1_667' title='bbox 2923 3602 3395 3659; x_wconf 86' lang='lat' dir='ltr'><strong>remuneratorcm,</strong></span> <span class='ocrx_word' id='word_1_668' title='bbox 3438 3596 3525 3665; x_wconf 89' lang='lat' dir='ltr'><strong>qui</strong></span> <span class='ocrx_word' id='word_1_669' title='bbox 3570 3596 3651 3649; x_wconf 62' lang='lat' dir='ltr'><strong>di»</strong></span> 
     </span>
    </p>
   </div>
   <div class='ocr_carea' id='block_1_104' title="bbox 2086 3676 3647 3752">
    <p class='ocr_par' dir='ltr' id='par_1_104' title="bbox 2086 3676 3647 3752">
     <span class='ocr_line' id='line_1_104' title="bbox 2086 3676 3647 3752; baseline 0 -17"><span class='ocrx_word' id='word_1_670' title='bbox 2086 3689 2267 3735; x_wconf 87' lang='lat' dir='ltr'><strong>cturus</strong></span> <span class='ocrx_word' id='word_1_671' title='bbox 2292 3676 2394 3733; x_wconf 71' lang='lat' dir='ltr'><strong>erit</strong></span> <span class='ocrx_word' id='word_1_672' title='bbox 2422 3680 2475 3733; x_wconf 90' lang='lat' dir='ltr'><strong>in</strong></span> <span class='ocrx_word' id='word_1_673' title='bbox 2501 3680 2584 3734; x_wconf 85' lang='lat' dir='ltr'><strong>die</strong></span> <span class='ocrx_word' id='word_1_674' title='bbox 2605 3679 2790 3749; x_wconf 77' lang='lat' dir='ltr'><strong>judieii</strong></span> <span class='ocrx_word' id='word_1_675' title='bbox 2819 3698 2830 3730; x_wconf 91' lang='lat'>:</span> <span class='ocrx_word' id='word_1_676' title='bbox 2870 3678 3068 3750; x_wconf 83' lang='lat' dir='ltr'><strong>Hospes</strong></span> <span class='ocrx_word' id='word_1_677' title='bbox 3096 3696 3260 3745; x_wconf 82' lang='lat' dir='ltr'><strong>eram,</strong></span> <span class='ocrx_word' id='word_1_678' title='bbox 3286 3692 3330 3735; x_wconf 90' lang='lat' dir='ltr'><strong>et</strong></span> <span class='ocrx_word' id='word_1_679' title='bbox 3372 3681 3647 3752; x_wconf 83' lang='lat' dir='ltr'><strong>coltegistis</strong></span> 
     </span>
    </p>
   </div>
   <div class='ocr_carea' id='block_1_105' title="bbox 2089 3768 3638 3840">
    <p class='ocr_par' dir='ltr' id='par_1_105' title="bbox 2089 3768 3638 3840">
     <span class='ocr_line' id='line_1_105' title="bbox 2089 3768 3638 3840; baseline 0.001 -17"><span class='ocrx_word' id='word_1_680' title='bbox 2089 3787 2167 3823; x_wconf 80' lang='lat' dir='ltr'><strong>me</strong></span> <span class='ocrx_word' id='word_1_681' title='bbox 2190 3769 2398 3837; x_wconf 79' lang='lat' dir='ltr'><strong>(Matth.</strong></span> <span class='ocrx_word' id='word_1_682' title='bbox 2427 3784 2550 3832; x_wconf 76' lang='lat' dir='ltr'><strong>xxv,</strong></span> <span class='ocrx_word' id='word_1_683' title='bbox 2575 3768 2684 3836; x_wconf 82' lang='lat'><strong>55).</strong></span> <span class='ocrx_word' id='word_1_684' title='bbox 2715 3768 2780 3821; x_wconf 84' lang='lat' dir='ltr'><strong>Et</strong></span> <span class='ocrx_word' id='word_1_685' title='bbox 2802 3769 2845 3822; x_wconf 93' lang='lat' dir='ltr'><strong>si</strong></span> <span class='ocrx_word' id='word_1_686' title='bbox 2871 3783 2984 3821; x_wconf 88' lang='lat' dir='ltr'><strong>mea</strong></span> <span class='ocrx_word' id='word_1_687' title='bbox 3010 3768 3135 3837; x_wconf 89' lang='lat' dir='ltr'><strong>quid</strong></span> <span class='ocrx_word' id='word_1_688' title='bbox 3158 3772 3394 3839; x_wconf 86' lang='lat' dir='ltr'><strong>parvitas</strong></span> <span class='ocrx_word' id='word_1_689' title='bbox 3421 3772 3638 3840; x_wconf 89' lang='lat' dir='ltr'><strong>poterit,</strong></span> 
     </span>
    </p>
   </div>
   <div class='ocr_carea' id='block_1_106' title="bbox 2089 3858 3648 3932">
    <p class='ocr_par' dir='ltr' id='par_1_106' title="bbox 2089 3858 3648 3932">
     <span class='ocr_line' id='line_1_106' title="bbox 2089 3858 3648 3932; baseline 0.002 -19"><span class='ocrx_word' id='word_1_690' title='bbox 2089 3859 2239 3916; x_wconf 87' lang='lat' dir='ltr'><strong>vobis</strong></span> <span class='ocrx_word' id='word_1_691' title='bbox 2266 3860 2557 3931; x_wconf 87' lang='lat' dir='ltr'><strong>gratiarum</strong></span> <span class='ocrx_word' id='word_1_692' title='bbox 2580 3858 2815 3913; x_wconf 80' lang='lat' dir='ltr'><strong>actiones</strong></span> <span class='ocrx_word' id='word_1_693' title='bbox 2843 3859 2894 3912; x_wconf 90' lang='lat' dir='ltr'><strong>in</strong></span> <span class='ocrx_word' id='word_1_694' title='bbox 2919 3858 3245 3926; x_wconf 87' lang='lat' dir='ltr'><strong>quantalibet</strong></span> <span class='ocrx_word' id='word_1_695' title='bbox 3273 3875 3432 3915; x_wconf 89' lang='lat' dir='ltr'><strong>causa</strong></span> <span class='ocrx_word' id='word_1_696' title='bbox 3462 3875 3648 3932; x_wconf 82' lang='lat' dir='ltr'><strong>repen-</strong></span> 
     </span>
    </p>
   </div>
   <div class='ocr_carea' id='block_1_107' title="bbox 2088 3947 3647 4014">
    <p class='ocr_par' dir='ltr' id='par_1_107' title="bbox 2088 3947 3647 4014">
     <span class='ocr_line' id='line_1_107' title="bbox 2088 3947 3647 4014; baseline -0.001 -10"><span class='ocrx_word' id='word_1_697' title='bbox 2088 3950 2233 4011; x_wconf 85' lang='lat' dir='ltr'><strong>dere,</strong></span> <span class='ocrx_word' id='word_1_698' title='bbox 2260 3949 2492 4004; x_wconf 88' lang='lat' dir='ltr'><strong>studiose</strong></span> <span class='ocrx_word' id='word_1_699' title='bbox 2524 3958 2578 4001; x_wconf 87' lang='lat' dir='ltr'><strong>et</strong></span> <span class='ocrx_word' id='word_1_700' title='bbox 2608 3948 2833 4003; x_wconf 86' lang='lat' dir='ltr'><strong>ﬁdeliter</strong></span> <span class='ocrx_word' id='word_1_701' title='bbox 2858 3947 3032 4003; x_wconf 89' lang='lat' dir='ltr'><strong>facere</strong></span> <span class='ocrx_word' id='word_1_702' title='bbox 3069 3950 3285 4005; x_wconf 89' lang='lat' dir='ltr'><strong>curabo.</strong></span> <span class='ocrx_word' id='word_1_703' title='bbox 3322 3950 3472 4004; x_wconf 81' lang='lat' dir='ltr'><strong>lianc</strong></span> <span class='ocrx_word' id='word_1_704' title='bbox 3501 3965 3647 4014; x_wconf 82' lang='lat' dir='ltr'><strong>vero,</strong></span> 
     </span>
    </p>
   </div>
   <div class='ocr_carea' id='block_1_108' title="bbox 2088 4035 3648 4104">
    <p class='ocr_par' dir='ltr' id='par_1_108' title="bbox 2088 4035 3648 4104">
     <span class='ocr_line' id='line_1_108' title="bbox 2088 4035 3648 4104; baseline -0.001 -13"><span class='ocrx_word' id='word_1_705' title='bbox 2088 4036 2169 4091; x_wconf 85' lang='lat' dir='ltr'><strong>vel</strong></span> <span class='ocrx_word' id='word_1_706' title='bbox 2195 4036 2327 4089; x_wconf 84' lang='lat' dir='ltr'><strong>alios</strong></span> <span class='ocrx_word' id='word_1_707' title='bbox 2374 4050 2469 4104; x_wconf 87' lang='lat' dir='ltr'><strong>pro</strong></span> <span class='ocrx_word' id='word_1_708' title='bbox 2515 4035 2712 4089; x_wconf 87' lang='lat' dir='ltr'><strong>Christi</strong></span> <span class='ocrx_word' id='word_1_709' title='bbox 2759 4036 2968 4089; x_wconf 86' lang='lat' dir='ltr'><strong>nomine</strong></span> <span class='ocrx_word' id='word_1_710' title='bbox 3011 4036 3429 4104; x_wconf 74' lang='lat' dir='ltr'><strong>peregtinantcs,</strong></span> <span class='ocrx_word' id='word_1_711' title='bbox 3463 4036 3513 4089; x_wconf 85' lang='lat' dir='ltr'><strong>in</strong></span> <span class='ocrx_word' id='word_1_712' title='bbox 3554 4054 3648 4094; x_wconf 82' lang='lat' dir='ltr'><strong>sua</strong></span> 
     </span>
    </p>
   </div>
   <div class='ocr_carea' id='block_1_109' title="bbox 2089 4124 3648 4193">
    <p class='ocr_par' dir='ltr' id='par_1_109' title="bbox 2089 4124 3648 4193">
     <span class='ocr_line' id='line_1_109' title="bbox 2089 4124 3648 4193; baseline -0.001 -13"><span class='ocrx_word' id='word_1_713' title='bbox 2089 4126 2365 4181; x_wconf 89' lang='lat' dir='ltr'><strong>mansione</strong></span> <span class='ocrx_word' id='word_1_714' title='bbox 2389 4124 2781 4193; x_wconf 84' lang='lat' dir='ltr'><strong>suscipientem,</strong></span> <span class='ocrx_word' id='word_1_715' title='bbox 2810 4124 2953 4178; x_wconf 91' lang='lat' dir='ltr'><strong>illum</strong></span> <span class='ocrx_word' id='word_1_716' title='bbox 2981 4124 3157 4178; x_wconf 81' lang='lat' dir='ltr'><strong>divina</strong></span> <span class='ocrx_word' id='word_1_717' title='bbox 3184 4125 3235 4178; x_wconf 93' lang='lat' dir='ltr'><strong>in</strong></span> <span class='ocrx_word' id='word_1_718' title='bbox 3268 4125 3468 4180; x_wconf 66' lang='lat' dir='ltr'><strong>caelesti</strong></span> <span class='ocrx_word' id='word_1_719' title='bbox 3496 4126 3648 4180; x_wconf 80' lang='lat' dir='ltr'><strong>habi-</strong></span> 
     </span>
    </p>
   </div>
   <div class='ocr_carea' id='block_1_110' title="bbox 2090 4216 3652 4286">
    <p class='ocr_par' dir='ltr' id='par_1_110' title="bbox 2090 4216 3652 4286">
     <span class='ocr_line' id='line_1_110' title="bbox 2090 4216 3652 4286; baseline 0.001 -13"><span class='ocrx_word' id='word_1_720' title='bbox 2090 4221 2291 4275; x_wconf 87' lang='lat' dir='ltr'><strong>tatione</strong></span> <span class='ocrx_word' id='word_1_721' title='bbox 2334 4217 2587 4286; x_wconf 83' lang='lat' dir='ltr'><strong>suscipiat</strong></span> <span class='ocrx_word' id='word_1_722' title='bbox 2633 4216 2932 4270; x_wconf 83' lang='lat' dir='ltr'><strong>clementia.</strong></span> <span class='ocrx_word' id='word_1_723' title='bbox 2982 4217 3187 4281; x_wconf 69' lang='lat' dir='ltr'><strong>Valete,</strong></span> <span class='ocrx_word' id='word_1_724' title='bbox 3234 4218 3331 4275; x_wconf 86' lang='lat' dir='ltr'><strong>viri</strong></span> <span class='ocrx_word' id='word_1_725' title='bbox 3377 4216 3570 4273; x_wconf 87' lang='lat' dir='ltr'><strong>fratres</strong></span> <span class='ocrx_word' id='word_1_726' title='bbox 3598 4218 3652 4275; x_wconf 84' lang='lat' dir='ltr'><strong>iu</strong></span> 
     </span>
    </p>
   </div>
   <div class='ocr_carea' id='block_1_111' title="bbox 2090 4292 3299 4365">
    <p class='ocr_par' dir='ltr' id='par_1_111' title="bbox 2090 4292 3299 4365">
     <span class='ocr_line' id='line_1_111' title="bbox 2090 4292 3299 4365; baseline -0.004 -1"><span class='ocrx_word' id='word_1_727' title='bbox 2090 4310 2322 4365; x_wconf 83' lang='lat' dir='ltr'><strong>Christo.</strong></span> <span class='ocrx_word' id='word_1_728' title='bbox 3294 4292 3299 4308; x_wconf 75' lang='grc'><strong><em>’</em></strong></span> 
     </span>
    </p>
   </div>
   <div class='ocr_carea' id='block_1_112' title="bbox 2566 4374 3170 4429">
    <p class='ocr_par' dir='ltr' id='par_1_112' title="bbox 2566 4374 3170 4429">
     <span class='ocr_line' id='line_1_112' title="bbox 2566 4374 3170 4429; baseline -0.003 -1"><span class='ocrx_word' id='word_1_729' title='bbox 2566 4375 2585 4413; x_wconf 68' lang='grc' dir='ltr'>ί</span> <span class='ocrx_word' id='word_1_730' title='bbox 2624 4374 2949 4429; x_wconf 73' lang='lat' dir='ltr'><strong>EPISTOLA</strong></span> <span class='ocrx_word' id='word_1_731' title='bbox 2976 4374 3170 4429; x_wconf 79' lang='lat' dir='ltr'><strong>CCXII.</strong></span> 
     </span>
    </p>
   </div>
   <div class='ocr_carea' id='block_1_113' title="bbox 2502 4460 3257 4499">
    <p class='ocr_par' dir='ltr' id='par_1_113' title="bbox 2502 4460 3257 4499">
     <span class='ocr_line' id='line_1_113' title="bbox 2502 4460 3257 4499; baseline 0.001 -1"><span class='ocrx_word' id='word_1_732' title='bbox 2502 4460 2931 4498; x_wconf 63' lang='lat' dir='ltr'><strong>COHIIENDATITIA</strong></span> <span class='ocrx_word' id='word_1_733' title='bbox 2960 4461 3025 4497; x_wconf 70' lang='lat' dir='ltr'><strong>AD</strong></span> <span class='ocrx_word' id='word_1_734' title='bbox 3053 4460 3257 4499; x_wconf 72' lang='grc' dir='ltr'><strong>Ακιεοε.</strong></span> 
     </span>
    </p>
   </div>
   <div class='ocr_carea' id='block_1_114' title="bbox 2091 4530 3650 4651">
    <p class='ocr_par' dir='ltr' id='par_1_114' title="bbox 2091 4530 3650 4651">
     <span class='ocr_line' id='line_1_114' title="bbox 2091 4530 3650 4651; baseline 0.004 -64"><span class='ocrx_word' id='word_1_735' title='bbox 2091 4530 2473 4587; x_wconf 83' lang='lat' dir='ltr'><strong>Commendatia</strong></span> <span class='ocrx_word' id='word_1_736' title='bbox 2495 4532 2562 4584; x_wconf 86' lang='lat' dir='ltr'><strong>ad</strong></span> <span class='ocrx_word' id='word_1_737' title='bbox 2582 4534 2774 4585; x_wconf 80' lang='lat' dir='ltr'><strong>amicos</strong></span> <span class='ocrx_word' id='word_1_738' title='bbox 2801 4549 2892 4651; x_wconf 52' lang='lat' dir='ltr'><strong>prio</strong></span> <span class='ocrx_word' id='word_1_739' title='bbox 2914 4533 3354 4600; x_wconf 79' lang='lat' dir='ltr'><strong>peregrinantibus</strong></span> <span class='ocrx_word' id='word_1_740' title='bbox 3376 4535 3444 4589; x_wconf 85' lang='lat' dir='ltr'><strong>ad</strong></span> <span class='ocrx_word' id='word_1_741' title='bbox 3468 4536 3650 4593; x_wconf 79' lang='lat' dir='ltr'><strong>limina</strong></span> 
     </span>
     <span class='ocr_line' id='line_1_115' title="bbox 2681 4613 3044 4651; baseline 0 0"><span class='ocrx_word' id='word_1_742' title='bbox 2681 4613 2855 4651; x_wconf 71' lang='lat' dir='ltr'><strong>(lDOSlO</strong></span> <span class='ocrx_word' id='word_1_743' title='bbox 2880 4618 3044 4651; x_wconf 73' lang='grc' dir='ltr'><strong>ονιιηι.</strong></span> 
     </span>
    </p>
   </div>
   <div class='ocr_carea' id='block_1_115' title="bbox 2681 4613 3044 4669">
    <p class='ocr_par' dir='ltr' id='par_1_115' title="bbox 2681 4613 3044 4669">
     <span class='ocr_line' id='line_1_116' title="bbox 2681 4613 3044 4669; baseline 0 -17"><span class='ocrx_word' id='word_1_744' title='bbox 2681 4613 3044 4669; x_wconf 82' lang='lat' dir='ltr'><strong>apostolorum.</strong></span> 
     </span>
    </p>
   </div>
   <div class='ocr_carea' id='block_1_116' title="bbox 2162 4694 3648 4765">
    <p class='ocr_par' dir='ltr' id='par_1_116' title="bbox 2162 4694 3648 4765">
     <span class='ocr_line' id='line_1_117' title="bbox 2162 4694 3648 4765; baseline -0.001 -14"><span class='ocrx_word' id='word_1_745' title='bbox 2162 4695 2420 4751; x_wconf 75' lang='lat' dir='ltr'><strong>Omnibus</strong></span> <span class='ocrx_word' id='word_1_746' title='bbox 2460 4695 2846 4749; x_wconf 78' lang='lat' dir='ltr'><strong>venerabilibus</strong></span> <span class='ocrx_word' id='word_1_747' title='bbox 2890 4694 3035 4757; x_wconf 87' lang='lat' dir='ltr'><strong>viris,</strong></span> <span class='ocrx_word' id='word_1_748' title='bbox 3066 4704 3117 4747; x_wconf 89' lang='lat' dir='ltr'><strong>et</strong></span> <span class='ocrx_word' id='word_1_749' title='bbox 3146 4694 3474 4749; x_wconf 84' lang='lat' dir='ltr'><strong>diversarum</strong></span> <span class='ocrx_word' id='word_1_750' title='bbox 3499 4706 3648 4765; x_wconf 84' lang='lat' dir='ltr'><strong>pote-</strong></span> 
     </span>
    </p>
   </div>
   <div class='ocr_carea' id='block_1_117' title="bbox 2091 4801 3645 4873">
    <p class='ocr_par' dir='ltr' id='par_1_117' title="bbox 2091 4801 3645 4873">
     <span class='ocr_line' id='line_1_118' title="bbox 2091 4801 3645 4873; baseline 0 -14"><span class='ocrx_word' id='word_1_751' title='bbox 2091 4804 2293 4860; x_wconf 75' lang='lat' dir='ltr'><strong>dictare</strong></span> <span class='ocrx_word' id='word_1_752' title='bbox 2318 4806 2547 4873; x_wconf 89' lang='lat' dir='ltr'><strong>potuerit</strong></span> <span class='ocrx_word' id='word_1_753' title='bbox 2574 4802 2870 4869; x_wconf 87' lang='lat' dir='ltr'><strong>hujusmodi</strong></span> <span class='ocrx_word' id='word_1_754' title='bbox 2906 4802 3127 4873; x_wconf 86' lang='lat' dir='ltr'><strong>litteras.</strong></span> <span class='ocrx_word' id='word_1_755' title='bbox 3152 4822 3169 4853; x_wconf 75' lang='grc' dir='ltr'><strong>ι</strong></span> <span class='ocrx_word' id='word_1_756' title='bbox 3204 4801 3427 4865; x_wconf 81' lang='lat' dir='ltr'><strong>(Allord,</strong></span> <span class='ocrx_word' id='word_1_757' title='bbox 3457 4804 3645 4859; x_wconf 78' lang='lat' dir='ltr'><strong>Annal.</strong></span> 
     </span>
    </p>
   </div>
   <div class='ocr_carea' id='block_1_118' title="bbox 2095 4872 3649 4944">
    <p class='ocr_par' dir='ltr' id='par_1_118' title="bbox 2095 4872 3649 4944">
     <span class='ocr_line' id='line_1_119' title="bbox 2095 4872 3649 4944; baseline 0.001 -19"><span class='ocrx_word' id='word_1_758' title='bbox 2095 4872 2417 4944; x_wconf 66' lang='lat' dir='ltr'><strong>Anyto-sax.</strong></span> <span class='ocrx_word' id='word_1_759' title='bbox 2467 4874 2531 4925; x_wconf 88' lang='lat' dir='ltr'><strong>ad</strong></span> <span class='ocrx_word' id='word_1_760' title='bbox 2577 4888 2694 4925; x_wconf 87' lang='lat' dir='ltr'><strong>eum</strong></span> <span class='ocrx_word' id='word_1_761' title='bbox 2742 4886 2958 4944; x_wconf 70' lang='lat' dir='ltr'><strong>annum,</strong></span> <span class='ocrx_word' id='word_1_762' title='bbox 2991 4889 3041 4944; x_wconf 84' lang='lat' dir='ltr'><strong>n.</strong></span> <span class='ocrx_word' id='word_1_763' title='bbox 3069 4872 3147 4941; x_wconf 74' lang='lat'><strong>‘2.)</strong></span> <span class='ocrx_word' id='word_1_764' title='bbox 3204 4874 3307 4926; x_wconf 79' lang='lat' dir='ltr'><strong>Sed</strong></span> <span class='ocrx_word' id='word_1_765' title='bbox 3348 4888 3422 4944; x_wconf 65' lang='lat' dir='ltr'><strong>em</strong></span> <span class='ocrx_word' id='word_1_766' title='bbox 3462 4875 3649 4927; x_wconf 65' lang='lat' dir='ltr'><strong>littera</strong></span> 
     </span>
    </p>
   </div>
   <div class='ocr_carea' id='block_1_119' title="bbox 2096 4941 3648 5010">
    <p class='ocr_par' dir='ltr' id='par_1_119' title="bbox 2096 4941 3648 5010">
     <span class='ocr_line' id='line_1_120' title="bbox 2096 4941 3648 5010; baseline 0 -15"><span class='ocrx_word' id='word_1_767' title='bbox 2096 4941 2267 4997; x_wconf 76' lang='lat' dir='ltr'><strong>serius</strong></span> <span class='ocrx_word' id='word_1_768' title='bbox 2294 4946 2405 4998; x_wconf 85' lang='lat' dir='ltr'><strong>dari</strong></span> <span class='ocrx_word' id='word_1_769' title='bbox 2436 4951 2739 5010; x_wconf 87' lang='lat' dir='ltr'><strong>potuerunt,</strong></span> <span class='ocrx_word' id='word_1_770' title='bbox 2767 4950 2857 4993; x_wconf 88' lang='lat' dir='ltr'><strong>aut</strong></span> <span class='ocrx_word' id='word_1_771' title='bbox 2885 4941 3182 4995; x_wconf 78' lang='lat' dir='ltr'><strong>i‘ordredus</strong></span> <span class='ocrx_word' id='word_1_772' title='bbox 3207 4944 3307 4994; x_wconf 86' lang='lat' dir='ltr'><strong>alia</strong></span> <span class='ocrx_word' id='word_1_773' title='bbox 3334 4943 3492 4995; x_wconf 87' lang='lat' dir='ltr'><strong>etiam</strong></span> <span class='ocrx_word' id='word_1_774' title='bbox 3535 4944 3648 4995; x_wconf 81' lang='lat' dir='ltr'><strong>vice</strong></span> 
     </span>
    </p>
   </div>
   <div class='ocr_carea' id='block_1_120' title="bbox 2098 5010 3647 5081">
    <p class='ocr_par' dir='ltr' id='par_1_120' title="bbox 2098 5010 3647 5081">
     <span class='ocr_line' id='line_1_121' title="bbox 2098 5010 3647 5081; baseline -0.001 -16"><span class='ocrx_word' id='word_1_775' title='bbox 2098 5014 2321 5066; x_wconf 73' lang='lat' dir='ltr'><strong>Romam</strong></span> <span class='ocrx_word' id='word_1_776' title='bbox 2348 5014 2512 5065; x_wconf 86' lang='lat' dir='ltr'><strong>adire.</strong></span> <span class='ocrx_word' id='word_1_777' title='bbox 2546 5012 2659 5063; x_wconf 73' lang='lat' dir='ltr'><strong>\‘id.</strong></span> <span class='ocrx_word' id='word_1_778' title='bbox 2697 5012 2856 5063; x_wconf 79' lang='lat' dir='ltr'><strong>etiam</strong></span> <span class='ocrx_word' id='word_1_779' title='bbox 2892 5021 3043 5065; x_wconf 83' lang='lat' dir='ltr'><strong>notas</strong></span> <span class='ocrx_word' id='word_1_780' title='bbox 3071 5013 3225 5078; x_wconf 86' lang='lat' dir='ltr'><strong>epist.</strong></span> <span class='ocrx_word' id='word_1_781' title='bbox 3256 5011 3327 5063; x_wconf 69' lang='grc'><strong>92</strong></span> <span class='ocrx_word' id='word_1_782' title='bbox 3348 5012 3509 5080; x_wconf 90' lang='lat' dir='ltr'><strong>(nunc</strong></span> <span class='ocrx_word' id='word_1_783' title='bbox 3535 5010 3647 5081; x_wconf 70' lang='lat'><strong>27.)</strong></span> 
     </span>
    </p>
   </div>
   <div class='ocr_carea' id='block_1_121' title="bbox 2165 5100 3647 5174">
    <p class='ocr_par' dir='ltr' id='par_1_121' title="bbox 2165 5100 3647 5174">
     <span class='ocr_line' id='line_1_122' title="bbox 2165 5100 3647 5174; baseline -0.001 -20"><span class='ocrx_word' id='word_1_784' title='bbox 2165 5102 2221 5141; x_wconf 67' lang='grc' dir='ltr'><strong>δά</strong></span> <span class='ocrx_word' id='word_1_785' title='bbox 2245 5100 2555 5174; x_wconf 77' lang='lat' dir='ltr'><strong>intermedii</strong></span> <span class='ocrx_word' id='word_1_786' title='bbox 2584 5100 2789 5174; x_wconf 71' lang='lat' dir='ltr'><strong>numeri</strong></span> <span class='ocrx_word' id='word_1_787' title='bbox 2816 5101 3131 5174; x_wconf 63' lang='lat' dir='ltr'><strong>omittuntur</strong></span> <span class='ocrx_word' id='word_1_788' title='bbox 3150 5107 3368 5169; x_wconf 86' lang='lat' dir='ltr'><strong>propter</strong></span> <span class='ocrx_word' id='word_1_789' title='bbox 3394 5100 3647 5174; x_wconf 85' lang='lat' dir='ltr'><strong>epistola-</strong></span> 
     </span>
    </p>
   </div>
   <div class='ocr_carea' id='block_1_122' title="bbox 2097 5168 3079 5224">
    <p class='ocr_par' dir='ltr' id='par_1_122' title="bbox 2097 5168 3079 5224">
     <span class='ocr_line' id='line_1_123' title="bbox 2097 5168 3079 5224; baseline -0.007 0"><span class='ocrx_word' id='word_1_790' title='bbox 2097 5182 2214 5224; x_wconf 85' lang='lat' dir='ltr'><strong>rum</strong></span> <span class='ocrx_word' id='word_1_791' title='bbox 2242 5168 2695 5223; x_wconf 81' lang='lat' dir='ltr'><strong>interversioncm.</strong></span> <span class='ocrx_word' id='word_1_792' title='bbox 2734 5169 2883 5222; x_wconf 75' lang='lat' dir='ltr'><strong>Enn.</strong></span> <span class='ocrx_word' id='word_1_793' title='bbox 2918 5168 3079 5220; x_wconf 68' lang='lat' dir='ltr'><strong>Pun.</strong></span> 
     </span>
    </p>
   </div>
   <div class='ocr_carea' id='block_1_123' title="bbox 2172 5235 3518 5313">
    <p class='ocr_par' dir='ltr' id='par_1_123' title="bbox 2172 5235 3518 5313">
     <span class='ocr_line' id='line_1_124' title="bbox 2172 5235 3518 5313; baseline -0.001 -22"><span class='ocrx_word' id='word_1_794' title='bbox 2172 5249 2197 5276; x_wconf 78' lang='grc' dir='ltr'><strong><em>ο</em></strong></span> <span class='ocrx_word' id='word_1_795' title='bbox 2235 5238 2372 5291; x_wconf 76' lang='lat' dir='ltr'><strong>Edit.</strong></span> <span class='ocrx_word' id='word_1_796' title='bbox 2397 5236 2639 5301; x_wconf 80' lang='lat' dir='ltr'><strong>Quercet.</strong></span> <span class='ocrx_word' id='word_1_797' title='bbox 2678 5236 2763 5302; x_wconf 84' lang='lat' dir='ltr'><strong>5i,</strong></span> <span class='ocrx_word' id='word_1_798' title='bbox 2800 5237 2972 5290; x_wconf 84' lang='lat' dir='ltr'><strong>Canis.</strong></span> <span class='ocrx_word' id='word_1_799' title='bbox 3009 5236 3076 5288; x_wconf 79' lang='lat'><strong>5‘2</strong></span> <span class='ocrx_word' id='word_1_800' title='bbox 3098 5235 3347 5305; x_wconf 75' lang='lat' dir='ltr'><strong>(Froben.</strong></span> <span class='ocrx_word' id='word_1_801' title='bbox 3379 5236 3518 5313; x_wconf 69' lang='lat' dir='ltr'><strong>iiii).</strong></span> 
     </span>
    </p>
   </div>
   <div class='ocr_carea' id='block_1_124' title="bbox 2176 5324 3647 5400">
    <p class='ocr_par' dir='ltr' id='par_1_124' title="bbox 2176 5324 3647 5400">
     <span class='ocr_line' id='line_1_125' title="bbox 2176 5324 3647 5400; baseline 0 -18"><span class='ocrx_word' id='word_1_802' title='bbox 2176 5329 2193 5367; x_wconf 73' lang='grc' dir='ltr'><em>τ</em></span> <span class='ocrx_word' id='word_1_803' title='bbox 2223 5328 2471 5400; x_wconf 77' lang='lat' dir='ltr'><strong>(Froben.</strong></span> <span class='ocrx_word' id='word_1_804' title='bbox 2496 5328 2658 5400; x_wconf 64' lang='lat' dir='ltr'><strong>epist.</strong></span> <span class='ocrx_word' id='word_1_805' title='bbox 2692 5328 2831 5400; x_wconf 65' lang='lat' dir='ltr'><strong>H32.)</strong></span> <span class='ocrx_word' id='word_1_806' title='bbox 2866 5324 2985 5384; x_wconf 65' lang='lat' dir='ltr'><strong>llzec</strong></span> <span class='ocrx_word' id='word_1_807' title='bbox 3010 5328 3164 5400; x_wconf 83' lang='lat' dir='ltr'><strong>epist.</strong></span> <span class='ocrx_word' id='word_1_808' title='bbox 3196 5326 3647 5400; x_wconf 65' lang='lat' dir='ltr'><strong>commendantis,</strong></span> 
     </span>
    </p>
   </div>
   <div class='ocr_carea' id='block_1_125' title="bbox 2101 5393 3645 5466">
    <p class='ocr_par' dir='ltr' id='par_1_125' title="bbox 2101 5393 3645 5466">
     <span class='ocr_line' id='line_1_126' title="bbox 2101 5393 3645 5466; baseline -0.002 -12"><span class='ocrx_word' id='word_1_809' title='bbox 2101 5393 2358 5454; x_wconf 77' lang='lat' dir='ltr'><strong>hactenus</strong></span> <span class='ocrx_word' id='word_1_810' title='bbox 2393 5393 2613 5459; x_wconf 77' lang='lat' dir='ltr'><strong>inedita,</strong></span> <span class='ocrx_word' id='word_1_811' title='bbox 2654 5393 2827 5466; x_wconf 86' lang='lat' dir='ltr'><strong>prodit</strong></span> <span class='ocrx_word' id='word_1_812' title='bbox 2853 5411 2917 5452; x_wconf 78' lang='lat' dir='ltr'><strong>ex</strong></span> <span class='ocrx_word' id='word_1_813' title='bbox 2942 5393 3059 5452; x_wconf 78' lang='lat' dir='ltr'><strong>cod.</strong></span> <span class='ocrx_word' id='word_1_814' title='bbox 3093 5413 3195 5453; x_wconf 87' lang='lat' dir='ltr'><strong>ms.</strong></span> <span class='ocrx_word' id='word_1_815' title='bbox 3237 5393 3645 5466; x_wconf 64' lang='lat' dir='ltr'><strong>Sgllsburgettsi.</strong></span> 
     </span>
    </p>
   </div>
   <div class='ocr_carea' id='block_1_126' title="bbox 2100 5464 3647 5537">
    <p class='ocr_par' dir='ltr' id='par_1_126' title="bbox 2100 5464 3647 5537">
     <span class='ocr_line' id='line_1_127' title="bbox 2100 5464 3647 5537; baseline -0.002 -15"><span class='ocrx_word' id='word_1_816' title='bbox 2100 5468 2508 5537; x_wconf 72' lang='lat' dir='ltr'><strong>Exstatquoque</strong></span> <span class='ocrx_word' id='word_1_817' title='bbox 2530 5468 2582 5519; x_wconf 88' lang='lat' dir='ltr'><strong>in</strong></span> <span class='ocrx_word' id='word_1_818' title='bbox 2605 5464 2718 5537; x_wconf 79' lang='lat' dir='ltr'><strong>cod.</strong></span> <span class='ocrx_word' id='word_1_819' title='bbox 2747 5482 2845 5520; x_wconf 87' lang='lat' dir='ltr'><strong>ms.</strong></span> <span class='ocrx_word' id='word_1_820' title='bbox 2874 5464 3469 5537; x_wconf 12' lang='lat' dir='ltr'><strong>biblioth.reg.ii’aris.,</strong></span> <span class='ocrx_word' id='word_1_821' title='bbox 3490 5464 3647 5537; x_wconf 81' lang='lat' dir='ltr'><strong>quam</strong></span> 
     </span>
    </p>
   </div>
   <div class='ocr_carea' id='block_1_127' title="bbox 2104 5533 3648 5606">
    <p class='ocr_par' dir='ltr' id='par_1_127' title="bbox 2104 5533 3648 5606">
     <span class='ocr_line' id='line_1_128' title="bbox 2104 5533 3648 5606; baseline -0.001 -15"><span class='ocrx_word' id='word_1_822' title='bbox 2104 5540 2224 5595; x_wconf 85' lang='lat' dir='ltr'><strong>inde</strong></span> <span class='ocrx_word' id='word_1_823' title='bbox 2248 5533 2564 5606; x_wconf 78' lang='lat' dir='ltr'><strong>descriptam</strong></span> <span class='ocrx_word' id='word_1_824' title='bbox 2592 5535 2656 5587; x_wconf 87' lang='lat' dir='ltr'><strong>ad</strong></span> <span class='ocrx_word' id='word_1_825' title='bbox 2682 5550 2760 5587; x_wconf 90' lang='lat' dir='ltr'><strong>me</strong></span> <span class='ocrx_word' id='word_1_826' title='bbox 2786 5537 2928 5590; x_wconf 81' lang='lat' dir='ltr'><strong>misit</strong></span> <span class='ocrx_word' id='word_1_827' title='bbox 2951 5538 3007 5590; x_wconf 91' lang='lat' dir='ltr'><strong>D.</strong></span> <span class='ocrx_word' id='word_1_828' title='bbox 3024 5533 3648 5606; x_wconf 69' lang='lat' dir='ltr'><strong>Lieblebihliotheearius</strong></span> 
     </span>
    </p>
   </div>
   <div class='ocr_carea' id='block_1_128' title="bbox 2105 5604 3497 5674">
    <p class='ocr_par' dir='ltr' id='par_1_128' title="bbox 2105 5604 3497 5674">
     <span class='ocr_line' id='line_1_129' title="bbox 2105 5604 3497 5674; baseline -0.002 -13"><span class='ocrx_word' id='word_1_829' title='bbox 2105 5604 2629 5665; x_wconf 69' lang='lat' dir='ltr'><strong>Sun-Cermannnsis.</strong></span> <span class='ocrx_word' id='word_1_830' title='bbox 2662 5608 2878 5673; x_wconf 78' lang='lat' dir='ltr'><strong>pOsthac</strong></span> <span class='ocrx_word' id='word_1_831' title='bbox 2905 5606 3165 5674; x_wconf 63' lang='grc' dir='ltr'><strong>σοιιὶοαὶυε</strong></span> <span class='ocrx_word' id='word_1_832' title='bbox 3188 5604 3497 5661; x_wconf 84' lang='lat' dir='ltr'><strong>laudandus.</strong></span> 
     </span>
    </p>
   </div>
  </div>
