4258 6194
628 278 730 336 £87

1288 349 1294 360 ι
1374 278 1375 281 “
1451 281 1539 336 ΑΒ.
1577 280 1638 333 F.
1678 279 1899 334 ALBINI
1937 278 2073 334 SEU
2108 268 2381 333 ALCUINI
2417 275 2699 334 OPERUM
2739 276 2913 334 ΡΜὶὸ
2944 278 2991 353 δι.

3739 278 3845 339 488

624 394 854 450 statibus
878 394 1192 466 dignitatum
1212 402 1268 450 et
1291 402 1488 449 sanctae
1517 393 1944 449 charitatisliliis
1972 390 2189 447 humilis
2213 399 2267 457 Α
2290 360 2431 461 quid
2446 391 2671 473 ecclesia
2697 392 2971 462 peccavit?
3013 392 3190 460 Quare
3204 409 3308 449 non
3330 403 3627 450 memorant
3654 395 3730 451 tui
3761 395 3853 467 ju-

625 481 785 538 levita
809 482 1066 541 Alcuinus
1090 484 1429 551 sempiterna:
1451 483 1796 539 beatitudinis
1819 481 2063 536 salutem.

697 572 912 628 Scimus
935 573 1114 642 itaque
1140 582 1334 628 vestrae
1365 572 1617 627 bonitatis
1638 573 1887 642 pietatem
1914 584 2013 639 pro
2040 568 2195 625 Chri-

626 662 695 718 sti
716 678 900 718 amore
926 672 981 718 et
1004 662 1197 719 futurae
1233 663 1413 735 gloria:
1439 658 1787 732 retributione
1811 660 2120 731 peregrinos
2140 666 2195 712 et

625 753 863 830 hospites
887 762 943 831 et
983 754 1213 808 maxime
1241 768 1335 808 eos
1361 753 1453 822 qui
1498 768 1595 823 pro
1623 751 1984 807 ecclesiastica
2011 762 2193 804 neces-

623 846 781 900 sitate
823 846 907 901 vel
936 859 1033 914 pro
1075 844 1243 899 salute
1273 845 1573 903 animarum
1601 858 1841 906 suarum,
1877 856 2027 896 sacra
2070 855 2193 895 san-

622 950 831 997 ctorum
858 939 1220 1009 apostolorum
1267 938 1450 994 hmine
1478 940 1707 1012 visitare.
1744 936 1933 999 solent,
1964 934 2192 1005 benigne

622 1030 916 1109 suscipere.
946 1028 1047 1103 Qui
1085 1030 1186 1085 hos
1214 1031 1480 1100 receperit
1516 1029 1570 1083 in
1597 1029 1755 1083 domo
1794 1042 1914 1091 sua,
1947 1025 2194 1081 Christus

621 1138 746 1178 eum
773 1106 1096 1192 recepturus
1124 1122 1229 1176 erit
1257 1123 1310 1176 in
1343 1122 1510 1194 gloria
1536 1137 1632 1177 sua
1658 1138 1674 1187 ;
1722 1121 1845 1190 quia
1877 1118 1995 1191 [ita]
2034 1118 2089 1173 in
2114 1124 2193 1171 ta-

620 1212 763 1271 libus
815 1211 1067 1289 Christus
1114 1220 1357 1283 receptus
1404 1212 1547 1277 erit;
1601 1220 1662 1265 ut
1710 1210 1824 1280 ipsa
1875 1209 2087 1264 Veritas
2135 1207 2189 1261 in

619 1303 908 1373 Evangelio
950 1292 1303 1384 aitzr‘llospes
1329 1300 1407 1373 fui
1450 1311 1497 1384 et
1521 1301 1814 1371 suscepistis
1856 1316 1938 1353 me
1974 1295 2185 1366 (Matth.

618 1408 747 1455 xxv,
778 1391 889 1462 55).
919 1376 1119 1447 Tamen
1146 1406 1243 1461 pro
1265 1376 1615 1462 portitoribus
1635 1390 1891 1447 chartulis
1915 1389 2072 1458 hujus
2092 1403 2190 1460 ego

616 1481 871 1537 Alcuiaus
909 1467 1081 1536 fidelis
1123 1488 1303 1537 vester
1342 1481 1565 1542 amicus,
1605 1496 1638 1534 ο
1682 1480 1869 1536 Patres
1899 1479 2087 1550 optimi
2134 1486 2189 1534 et

618 1569 815 1625 fratres
835 1562 1177 1632 sanctissimi,
1201 1578 1257 1624 et
1282 1568 1374 1623 lilii
1397 1568 1723 1624 dilectissimi
1749 1570 1763 1623 ε
1794 1575 2021 1627 vestram
2044 1582 2190 1623 sum-

619 1675 841 1730 mopere
867 1660 1126 1730 deprecor
1151 1660 1488 1726 charitatem,
1518 1668 1578 1714 ut
1618 1660 1847 1729 benigne
1887 1674 1981 1715 eos
2016 1658 2186 1713 susci—

2287 478 2471 538 niores
2497 498 2657 553 quam
2679 485 2993 545 terribiliter
3014 486 3203 543 beatus
3228 478 3419 543 Petrus
3446 490 3695 560 princeps
3721 504 3851 560 apo-

2291 579 2551 649 stolorum
2572 581 2874 637 venditores
2893 582 3077 652 gratia:
3098 583 3151 637 in
3170 584 3343 653 primo
3360 582 3515 650 hujus
3537 585 3851 640 lxnresisin-

2291 675 2510 722 ventore
2529 669 2790 739 percellit,
2819 670 3031 726 dicens:
3082 670 3313 725 Pecunia
3361 683 3451 726 tua
3504 681 3669 726 tecum
3696 674 3765 727 sit
3794 674 3851 728 in

2289 758 2573 827 perditione
2610 759 2747 830 (Act.
2776 776 2895 825 vm,
2929 758 3041 832 20).
3108 761 3396 832 Deprecor,
3442 763 3851 819 clementissime

2290 843 2471 909 Pater,
2494 846 2553 921 in
2585 861 2648 901 ea
2673 847 2936 902 charitate
2954 863 3059 917 qua
3082 848 3220 902 Deus
3242 863 3339 905 nos
3363 850 3665 919 conjunxit;
3714 858 3777 906 et
3793 851 3849 907 in

2289 946 2354 986 ea
2378 932 2480 988 iide
2507 950 2612 1004 qua
2640 936 2994 1003 condiximus,
3020 954 3087 992 ne
3109 938 3235 1007 quid
3262 938 3384 992 novi
3404 940 3583 994 mittas
3597 940 3650 994 in
3678 939 3853 996 eccle-

2290 1024 2400 1079 sias
2420 1025 2592 1081 sancti
2611 1025 2823 1083 Martini
2849 1037 2905 1082 et
2926 1028 2978 1082 in
3006 1043 3095 1082 res
3121 1028 3279 1103 illius.
3308 1028 3505 1083 Potens
3533 1037 3617 1083 est
3634 1038 3851 1085 sanctus

2291 1114 2553 1171 Martinus
2572 1118 2713 1186 apud
2738 1116 2910 1172 Deum
2932 1116 3219 1173 defendere
3245 1133 3336 1172 res
3371 1132 3519 1181 suas,
3557 1120 3601 1173 si
3629 1133 3848 1174 necesse

2288 1216 2373 1262 est
2396 1206 2469 1262 illi
2490 1208 2726 1264 clamare
2752 1209 2821 1263 ad
2840 1209 3025 1267 Deum.
3072 1209 3309 1275 Dimitte,
3354 1210 3397 1266 si
3446 1208 3674 1279 placeat,
3721 1216 3781 1267 et
3802 1210 3849 1267 si

2289 1296 2405 1352 ﬁeri
2429 1300 2623 1368 possit,
2676 1299 2757 1354 sic
2781 1313 2907 1355 esse
2943 1299 3184 1355 ecclesiis
3212 1298 3432 1364 Christi,
3484 1314 3605 1368 quae
3640 1300 3845 1357 suntin

2290 1386 2625 1444 immunitate
2642 1389 2812 1444 sancti
2829 1388 3073 1453 Martini;
3096 1396 3154 1443 et
3174 1377 3231 1442 in
3257 1390 3507 1458 parochia
3525 1397 3725 1454 vestra,
3753 1389 3851 1443 do-

2288 1491 2389 1535 nec
2412 1477 2797 1549 colloquamur.
2853 1477 3118 1548 Quidquid
3160 1478 3301 1533 enim
3345 1477 3551 1547 justum
3592 1486 3676 1533 est
3702 1486 3847 1538 tuam

2288 1566 2529 1636 recipere
2543 1563 2623 1624 'sb
2641 1569 2721 1624 eis
2743 1570 3135 1634 auctoritatem,
3155 1585 3261 1624 non
3282 1584 3470 1633 renuo,
3484 1568 3579 1623 sed
3605 1570 3843 1634 omnino,

2288 1655 2335 1709 si
2364 1654 2458 1712 tibi
2485 1656 2795 1714 obedientes
2820 1673 2926 1713 non
2946 1666 3124 1723 erunt,
3175 1673 3275 1728 ego
3319 1667 3493 1714 tecum
3538 1660 3847 1732 constringo

618 1749 796 1819 piatis,
827 1749 880 1803 in
902 1752 1219 1824 quocunQue
1247 1748 1459 1817 negotio
1488 1747 1571 1802 vel
1599 1748 1918 1805 necessitate
1952 1748 2027 1803 illi
2052 1759 2187 1817 opus
2214 1732 2259 1791 Β
2284 1760 2407 1811 eos;
2431 1746 2499 1803 ad
2528 1754 2675 1802 tuam
2700 1749 2842 1804 enim
2865 1750 3127 1820 synodum
3153 1750 3336 1805 venire
3359 1750 3573 1815 debent,
3603 1760 3658 1806 et
3683 1738 3849 1807 ratio?

620 1841 871 1900 habeant.
901 1838 1121 1903 Habetis
1145 1838 1309 1893 Deum
1336 1846 1806 1914 remuneratorem,
1831 1852 2021 1907 meque
2040 1830 2187 1905 dehi-

618 1937 789 1985 torem
832 1929 1121 1985 secundum
1167 1923 1621 1997 opportunitatem
1666 1928 1941 1998 temporis,
1996 1936 2056 1982 ut
2097 1944 2186 1983 ve-

617 2027 745 2076 sti-te
770 2016 1027 2073 voluntati
1056 2016 1382 2071 satisfaciam
1411 2017 1464 2071 in
1491 2016 1725 2072 Christo.

1068 2142 1095 2171 ⁸
1119 2128 1447 2190 EPISTOLA
1486 2129 1706 2190 CCXIII.

963 2215 1031 2254 sn
1059 2201 1088 2240 δ
1122 2215 1507 2255 castanearum
1541 2214 1846 2255 errscorcu.

1185 2290 1362 2361 (Anno
1375 2280 1623 2361 incerto.)

616 2362 958 2455 Conqueritur
998 2383 1062 2435 de
1108 2382 1250 2455 noris
1292 2382 1688 2455 exactionibus,
1732 2363 2184 2455 quibusdministri

684 2450 995 2576 ῗίεερραιεε
1036 2450 1289 2532 parabant
1315 2451 1632 2521 presbyteros
1656 2453 1711 2506 in
1745 2450 1976 2505 ecclesiis
2018 2452 2182 2505 sancti

745 2521 904 2576 omni
923 2530 1214 2576 sementes.
1234 2554 1245 2573 ,-

745 2521 904 2576 artini
923 2521 1214 2576 servientes.
1234 2554 1245 2573 ,-

684 2608 908 2664 Domino
918 2608 1240 2672 venerando,
1261 2608 1521 2677 nob'sque
1544 2608 1741 2663 Christi
1762 2623 1944 2664 amore
1958 2606 2181 2663 colendo

616 2698 945 2769 Ragerherto
965 2697 1234 2766 episcopo,
1266 2696 1522 2752 Alcuinus
1547 2697 1704 2752 levita
1730 2696 1975 2751 salutem.

689 2790 892 2845 Memor
912 2789 1173 2844 condicta:
1201 2788 1451 2843 amicitiae
1477 2788 1617 2843 inter
1645 2802 1742 2844 nos
1764 2795 2019 2856 quantam
2046 2786 2179 2841 mihi

617 2880 865 2936 ﬁduciam
892 2887 1111 2948 prmstat
1143 2877 1342 2946 aliquid
1374 2877 1639 2933 scribendi
1661 2876 1727 2930 ad
1770 2892 1881 2938 vos,
1929 2876 2070 2945 quod
2090 2890 2183 2931 no-

614 2969 699 3024 bis
721 2984 789 3022 ex
825 2976 1055 3037 utraque
1108 2976 1258 3037 parte
1286 2967 1646 3023 necessarium
1675 2967 1903 3022 videtur.
1967 2966 2179 3021 Dictum

615 3067 699 3114 est
745 3058 894 3125 mihi,
931 3058 1073 3125 quod
1098 3057 1260 3112 vestri
1309 3055 1549 3124 iuniores
1577 3056 1806 3127 aliquam
1837 3070 2028 3110 novam
2051 3069 2180 3110 con-
2206 3059 2254 3121 ο

614 3140 953 3204 suetudinem
977 3148 1248 3202 misissent
1274 3160 1433 3215 super
1465 3147 1719 3201 ecclesias
1760 3154 1815 3199 et
1843 3148 2181 3216 presbyteros

614 3238 787 3295 sancti
819 3236 1059 3292 Martini:
1116 3236 1228 3291 lmo
1253 3245 1308 3291 et
1352 3237 1418 3291 de
1453 3236 1847 3311 vobismctipsis
1898 3236 2176 3316 dixerunt;

617 3337 797 3383 tamen
826 3328 893 3383 de
912 3334 1093 3381 vestra
1117 3325 1401 3381 sanctitate
1430 3325 1535 3380 hoc
1560 3340 1664 3380 non
1686 3312 1991 3387 credebam,
2033 3312 2184 3377 sai-sti-

614 3431 773 3471 mans
797 3431 894 3470 vos
921 3413 1156 3470 canones
1173 3406 1374 3484 optime
1394 3413 1630 3479 servare,
1653 3424 1707 3467 et
1726 3413 1955 3468 maxime
1972 3411 2183 3467 Domini

614 3505 787 3561 nostri
808 3500 933 3559 Jesu
958 3500 1157 3557 Christi
1186 3502 1544 3581 evangelicam
1567 3503 1905 3566 sententiam,
1946 3501 2038 3557 ubi
2068 3502 2180 3555 ait:

618 3590 793 3647 Gratis
816 3591 1100 3663 accepistis,
1147 3590 1309 3662 gratis
1351 3591 1470 3645 date
1511 3590 1726 3664 (Matth.
1757 3607 1811 3656 ι,
1843 3591 1920 3661 8).
1989 3590 2183 3647 Dicunt

616 3683 793 3738 enim:
824 3681 989 3737 vestri
1025 3681 1174 3737 missi
1201 3681 1546 3743 mandassent
1584 3680 1925 3753 presbyteros
1970 3692 2184 3738 nostros

616 3771 683 3827 de
718 3785 854 3842 pane
874 3772 1052 3827 modio
1087 3777 1142 3825 et
1172 3758 1420 3829 dimidio;
1480 3772 1546 3828 de
1573 3773 1696 3845 vino
1719 3772 1935 3839 modio;
1989 3774 2185 3829 dean-

615 3874 759 3918 nona
786 3862 854 3917 ad
875 3854 1109 3917 caballos
1133 3862 1311 3917 modia
1347 3873 1594 3932 quatuor,
1644 3864 1823 3920 casios
1848 3865 1901 3931 6,
1929 3864 2031 3919 ova
2058 3864 2179 3931 l00,

622 3950 799 4022 pisces
819 3958 873 4004 et
893 3956 1011 4004 orto
1036 3956 1089 4003 et
1126 3949 1372 4021 legumen
1392 3950 1786 4008 adsuﬂicienter
1824 3954 1891 4008 ab
1942 3970 2183 4025 unoquo-

620 4055 725 4110 que
753 4040 1097 4111 presbytero;
1148 4046 1203 4094 et
1222 4038 1266 4094 si
1306 4040 1408 4095 hoc
1434 4056 1539 4095 non
1568 4040 1935 4107 reddidissent,
1986 4058 2053 4099 ex
2092 4059 2183 4100 ve-

594 4132 729 4186 'stra
775 4131 1097 4191 auctoritate
1131 4130 1470 4192 interdictum
1511 4119 1811 4199 baberent,
1848 4136 2039 4193 missas
2073 4142 2179 4192 non

616 4224 834 4273 cantare
858 4219 912 4273 in
932 4219 1173 4274 ecclesiis
1206 4216 1439 4286 nostris;
1478 4237 1580 4276 nec
1603 4212 1764 4281 etiam
1790 4221 1924 4278 alios
1954 4226 2181 4296 presby—

618 4297 764 4363 teros
795 4308 849 4362 in
876 4306 1117 4363 ecclesiis
1159 4308 1329 4363 sancti
1367 4307 1582 4363 Martini
1611 4318 1828 4365 cantare
1853 4310 2055 4366 licitum
2084 4313 2181 4367 ha-

617 4400 764 4455 here.

688 4488 879 4543 Mirum
891 4488 1021 4545 mihi
1039 4489 1268 4553 videtur,
1286 4503 1390 4559 qua
1405 4492 1694 4545 autoritate
1709 4490 1964 4547 ecclesias
1974 4492 2173 4549 Christi

620 4580 1086 4655 excommunicare
1102 4580 1346 4646 voluisti;
1404 4580 1449 4634 si
1480 4581 1775 4652 presbyteri
1800 4593 2171 4651 peccaverunt,

690 4739 716 4808 ξ
753 4726 964 4808 Froben
991 4728 1147 4808 epist.

688 4797 718 4838 δ
782 4795 1142 4882 Conqueritur
1196 4797 1451 4882 Alcuinus
1515 4798 1567 4852 in
1634 4800 1736 4853 hac
1780 4801 2053 4882 cpistola
2111 4803 2176 4857 de

618 4881 756 4952 nova
782 4866 1179 4952 atqueinsolita
1207 4869 1485 4952 exactione
1531 4883 1693 4952 quam
1724 4866 1951 4951 ministri
1972 4872 2175 4952 episco-

618 4937 766 5005 pales
778 4935 1131 5006 intentabant
1153 4938 1477 5006 presbyteris
1502 4935 1563 4993 et
1582 4938 1823 4994 ecclesiis
1844 4935 2018 4995 sancti
2037 4941 2175 4995 Mar-

621 5004 735 5079 tini.
775 5004 1085 5079 Huiusmodi
1112 5004 1435 5079 exactiones,
1465 5024 1584 5079 qua;
1610 5010 1822 5064 nomine
1842 5012 2173 5079 procuratio-

623 5078 747 5126 num
777 5082 868 5127 aut
890 5074 1192 5145 synodatici
1231 5074 1498 5139 veniuntf
1526 5078 1653 5131 olim
1708 5074 1947 5145 minime,
1990 5082 2091 5135 nisi
2117 5082 2169 5135 in

623 5155 753 5211 casu
776 5144 1127 5214 necessitatis,
1168 5143 1282 5198 ﬁeri
1326 5147 1702 5214 permittebant
1746 5143 1980 5203 canones
2004 5159 2059 5202 et
2081 5151 2173 5203 de-

624 5219 769 5285 creta
811 5210 1174 5285 conciliorum,
1219 5210 1376 5285 prout
1418 5216 1597 5285 videre
1633 5225 1715 5270 est
1743 5218 1880 5285 apud
1917 5216 2172 5271 Thomas,

622 5280 796 5355 sinum
824 5279 941 5334 Vel.
984 5281 1194 5355 et_Nov.
1220 5279 1537 5355 'Disciplince
1572 5285 1717 5339 Part.
1747 5279 1829 5349 ιῐι,
1854 5287 1943 5340 lib.
1969 5303 2030 5351 ιι,
2052 5303 2166 5355 cap.

623 5301 796 5332 unum
834 5301 941 5334 vet.
984 5301 1037 5333 et
1064 5301 1194 5335 nov.
1240 5301 1378 5341 UISCI
1419 5301 1537 5338 una:
1574 5301 1717 5339 νεα.
1747 5303 1829 5349 ιιι,
1854 5301 1943 5340 ΙΙΙ).
1969 5303 2030 5351 lt,
2052 5303 2166 5355 cap.

623 5348 691 5431 ξε
713 5358 771 5431 et
934 5378 1003 5389 —-
1030 5348 1189 5431 Cujus
1210 5301 1744 5431 sediinaganbertus
1766 5371 1857 5409 seu
1880 5357 2173 5431 Bagerber—

624 5425 717 5492 tus
743 5416 1047 5492 [utrumque
1102 5416 1241 5473 enim
1283 5421 1443 5477 habet
1464 5416 1613 5490 'ms.)
1657 5425 1939 5492 cpismpus
1961 5416 2167 5487 “fuerit,

626 5479 1163 5555 inibl‘incompertum
1187 5496 1307 5551 est;
1338 5492 1447 5546 sedi
1482 5479 1619 5547 enni
1652 5479 1940 5548 Turonensi
1971 5479 2169 5547 nullum

626 5551 1059 5634 hujusnmninis,
1088 5552 1293 5609 Alcnini
1318 5568 1495 5634 atate,
1544 5558 2169 5634 praefn_i_sse_e_piscopum

626 5619 868 5693 reperio;
911 5619 1152 5683 θύειίωο
1180 5640 1307 5680 vero
1330 5619 1662 5699 presbyteros
1684 5628 1799 5684 iiios
1824 5619 1987 5685 fuisse
2013 5619 2169 5705 p311)-

2284 1854 2407 1895 nem
2428 1840 2653 1896 reddere
2680 1841 2747 1898 de
2763 1839 2952 1897 ciliciis
2978 1841 3325 1913 spiritalibus,
3347 1852 3402 1897 et
3428 1853 3481 1897 tu
3508 1845 3677 1915 gratis
3712 1846 3845 1901 dare

2282 1930 2386 1986 illis
2408 1946 2530 2001 qua:
2554 1930 2648 1986 Dei
2684 1940 2830 1995 sunt,
2860 1932 2997 1986 sicut
3020 1939 3143 1986 ante
3170 1932 3413 2001 praedixi,
3466 1933 3687 1990 Domino
3714 1932 3841 1989 Jesu

2282 2022 2636 2079 demandante
2662 2030 2721 2076 ut
2740 2022 2903 2093 gratis
2941 2021 3202 2093 spiritalia
3250 2024 3390 2081 dona
3417 2022 3611 2086 dentur
3635 2024 3705 2077 ab
3728 2038 3845 2079 om-

2282 2111 2468 2166 nibus:
2523 2118 2581 2167 ct
2604 2109 2859 2180 majorem
2887 2110 2980 2171 tibi
3006 2110 3415 2180 prosperitatem
3444 2108 3660 2181 praestat
3678 2112 3846 2167 inter-

2281 2204 2456 2258 cessio
2478 2204 2648 2259 sancti
2676 2202 2888 2257 Martini
2929 2212 2985 2258 et
3010 2203 3180 2257 sancti
3205 2202 3385 2258 Aredii
3403 2243 3418 2268 ,
3447 2218 3607 2272 quam
3632 2204 3843 2260 illorum

2281 2293 2559 2349 concilium
2585 2280 2677 2364 qui
2701 2293 2842 2349 hanc
2867 2294 3151 2371 hortantur
3184 2296 3519 2352 exactionem
3561 2306 3614 2351 et
3645 2298 3841 2354 tributa

2280 2381 2517 2438 solvere:
2545 2391 2602 2437 et
2625 2384 2669 2438 si
2693 2382 2813 2438 aliis
2840 2382 3015 2439 facere
3031 2384 3313 2450 voluisses,
3366 2401 3635 2455 nunquam
3664 2396 3841 2443 tamen

2280 2473 2479 2527 nostris
2502 2472 2642 2527 hanc
2660 2472 3031 2527 necessitatem
3075 2474 3345 2542 imponere
3374 2483 3425 2528 te
3454 2474 3590 2529 velle
3635 2477 3840 2545 putavi,

2280 2568 2497 2631 prapter
2520 2551 2809 2615 amicitiam
2829 2561 2969 2615 inter
2987 2576 3085 2615 nos
3110 2561 3526 2627 condictam,vel
3551 2564 3720 2634 magis
3747 2566 3845 2618 ho-

2281 2662 2467 2705 norem
2501 2651 2673 2705 sancti
2704 2650 2937 2715 Martini,
2968 2666 3126 2720 quem
3175 2651 3315 2705 Deus
3367 2659 3513 2705 tanta
3560 2654 3845 2709 honoravit

2280 2740 2617 2805 auctoritate,
2646 2748 2707 2794 ut
2722 2739 2969 2794 omnibus
2995 2738 3251 2795 auxilium
3295 2740 3496 2794 sanctis
3521 2740 3635 2795 suis
3675 2741 3841 2796 inter-

2280 2828 2607 2885 cessionibus
2634 2836 2895 2898 praestare
2930 2829 3144 2898 poterit.
3190 2829 3514 2887 Incolumem
3537 2840 3593 2886 et
3632 2830 3838 2889 felicem

2279 2917 2662 2972 beatitudinem
2716 2926 2884 2983 tuam,
2937 2926 3188 2987 recteque
3240 2921 3615 2991 pradicantem
3660 2921 3836 2983 divina

2280 3004 2564 3061 clementia
2591 3014 2871 3077 protegere
2917 3014 2973 3063 et
3025 3008 3266 3065 exaltare
3317 3009 3583 3081 dignetur,
3624 3012 3837 3072 domins

2282 3095 2633 3151 sanctissime.

2731 3237 2757 3267 ε
2788 3227 3119 3286 EPISTOLA
3159 3231 3379 3291 CCXIV.

2697 3352 2764 3392 AD
2801 3355 3076 3397 NIPRIDIUI
3114 3356 3413 3403 ειδιεςοιδιιι.

2839 3454 3014 3522 (Anno
3028 3454 3275 3527 incerto.)

2283 3555 2588 3612 Memoriam
2604 3562 2687 3614 sui
2708 3562 2762 3614 in
2784 3564 3099 3618 orationibus
3116 3576 3327 3629 exorat:
3378 3567 3707 3627 Benedictum
3727 3589 3759 3627 α
3782 3591 3837 3629 se

2692 3630 3061 3701 digredientem
3084 3638 3427 3695 commendat.
3514 3674 3517 3675 ν

2350 3757 2554 3813 Dilecto
2588 3758 2734 3814 Patri
2764 3759 2790 3800 ά
2826 3761 3052 3818 Nifridio
3109 3767 3357 3837 episcopo
3395 3751 3648 3827 Alcuinus
3695 3773 3837 3829 salu-

2282 3856 2411 3903 tem.

2351 3959 2433 4015 Sit
2478 3976 2683 4021 memor
2710 3964 2837 4031 mei,
2887 3966 3130 4034 obsecro,
3177 3971 3411 4027 charitas
3438 3982 3528 4029 tua
3561 3977 3614 4032 in
3653 3993 3832 4042 sacro—

2278 4054 2479 4110 sanctis
2500 4056 2833 4112 orationibus
2870 4059 2974 4113 tuis
2997 4074 3118 4114 cum
3144 4060 3398 4119 fratribus
3431 4069 3645 4130 nostris,
3676 4070 3833 4128 Temo

2275 4159 2407 4213 pora
2434 4144 2579 4198 enim
2596 4153 2726 4201 sunt
2745 4142 3065 4215 periculosa,
3090 4160 3145 4205 et
3165 4152 3309 4211 solus
3332 4153 3419 4207 ille
3440 4154 3661 4217 feliciter
3684 4140 3829 4223 vivit,

2278 4231 2367 4301 qui
2384 4232 2492 4285 Deo
2526 4231 2727 4287 serviet
2750 4233 2804 4287 in
2830 4234 3091 4290 charitate
3114 4236 3370 4305 perfecta,
3391 4249 3447 4295 et
3470 4240 3572 4297 fide
3592 4253 3757 4312 recta,
3778 4256 3834 4300 et

2278 4324 2371 4389 spe
2390 4318 2548 4385 bona,
2565 4335 2682 4389 qua:
2702 4312 3332 4384 suntsummae‘veritates
3350 4330 3687 4388 servientium
3701 4334 3827 4389 Deo.

2205 4387 2256 4447 Ῑ)
2276 4387 2333 4463 in
2357 4409 2440 4463 his
2456 4417 2545 4465 tua
2575 4387 2633 4465 se
2656 4420 2905 4471 exerceat
2930 4414 3203 4479 sanctitas,
3226 4424 3287 4471 ut
3450 4387 3738 4478 auxiliante

2275 4499 2434 4570 hujus
2475 4501 2599 4557 vita:
2625 4501 2806 4559 labore
2832 4504 2899 4558 ad
2924 4514 3192 4575 perpetua:
3218 4509 3413 4578 quietis
3450 4511 3829 4570 beatitudinem

2272 4593 2550 4663 pervenire
2564 4594 2842 4649 merearis.

2273 4745 2403 4821 chos
2426 4745 2481 4798 in
2503 4746 2746 4821 ecclesiis
2769 4754 2921 4801 extra
2948 4746 3204 4821 digcesin
3230 4750 3593 4811 Turonensem
3620 4756 3756 4821 sitis,
3773 4766 3827 4812 et

2274 4816 2341 4895 ad
2370 4816 2761 4895 monasterium.
2806 4817 2977 4895 sancti
3007 4817 3217 4895 Martini
3268 4824 3695 4895 pertinentibus;
3735 4816 3827 4895 qui

2274 4890 2451 4965 tamen
2476 4884 2764 4945 visitationi
2792 4886 3043 4965 episcopi
3059 4884 3291 4957 subjecti
3329 4892 3560 4957 fuerant,
3584 4884 3717 4959 etin
3738 4884 3828 4965 sy.

2273 4950 2426 5005 nodis
2451 4967 2761 5021 comparere
2783 4950 3067 5011 debebant.

2345 5031 2366 5093 ς
2408 5021 2635 5093 Froben.
2668 5024 2825 5093 epist.
2850 5022 2972 5077 202.

2342 5088 2644 5172 d_Nifridio
2700 5088 2954 5172 episcopo.
3019 5093 3114 5149 Est
3158 5096 3502 5172 isﬁefridius
3548 5102 3823 5172 episcopus

2270 5156 2654 5238 Narbonensis.
2700 5156 2791 5228 qui
2820 5156 3185 5285 alibiquoque
3217 5156 3524 5249 Nimlridius
3570 5156 3823 5251 eisuti;

2271 5227 2475 5282 hruhus
2509 5227 2823 5285 appellatur.
2874 5243 2963 5285 (illi
3010 5248 3039 5284 n
3068 5242 3229 5285 causa
3277 5237 3493 5285 haeresis
3526 5240 3713 5285 Felims
3768 5250 3822 5285 ρι

2271 5227 2849 5309 Ρ,ξὲι¹ίυε..αρρθιι³ιυτι.
2874 5231 2963 5309 qvi
2988 5227 3041 5309 ira
3060 5227 3229 5309 λοξυεθ
3277 5227 3493 5309 heresis
3523 5240 3713 5301 Felicis
3754 5227 3822 5293 ὀι

2274 5296 2541 5382 Ψίέενῖἀὶε
2558 5296 2708 5382 ἔμω.
2723 5296 3175 5382 aestimas
3199 5296 3535 5382 ιιξεάεοεοδὶ
3553 5309 3821 5382 episeopo

2274 5311 2536 5417 bllﬁgnﬂl,
2576 5311 2695 5353 cum
2723 5311 2881 5353 socns
2916 5311 3175 5355 Laiurauo
3199 5311 3532 5374 Lugdunensi
3574 5311 3815 5382 episcopo

2273 5372 2369 5453 ἒξ--
2417 5362 3172 5453 ρεφερρξδρβξεὲιξψηεί
3202 5374 3396 5453 assus
3439 5384 3523 5453 ςει
3552 5375 3815 5453 omelias:

2274 5448 2376 5501 qua
2411 5437 2692 5497 occasione
2714 5432 2970 5493 Alcuinus
2987 5434 3186 5496 eisdem
3210 5432 3375 5500 unm
3395 5432 3655 5507 adversa;
3668 5432 3817 5507 illam

2272 5502 2495 5577 heresin
2520 5504 2765 5577 scriptu.
2791 5504 3007 5572 Ρηείιια
3030 5508 3274 5577 epistola.
3322 5513 3606 5577 inscripsit.
3634 5518 3697 5572 de
3716 5533 3817 5577 una

2274 5526 2495 5563 nauter
2520 5526 2765 5585 scripula,
2792 5526 3007 5572 pransae
3030 5526 3274 5577 eptsmta,
3322 5526 3606 5588 Inscripsit,
3634 5526 3697 5572 de
3716 5534 3784 5588 qu

2274 5585 2369 5627 Suo
2395 5571 2528 5627 loco.
2593 5574 2723 5631 Vide
2751 5580 2860 5627 not.
2896 5584 2937 5640 ο,
2981 5576 3229 5639 caluitii}.
