4272 6208
438 348 540 406 489

1859 326 2231 390 EPISTOLE.

3568 329 3666 385 £90

505 462 696 519 Frater
724 474 851 514 vero
880 470 902 497 ι
934 435 1249 511 Benedictus
1285 464 1404 508 mea
1431 452 1611 506 omnla
1645 452 1739 504 tibi
1792 450 1999 503 inmte-
2029 451 2073 507 Α
2102 452 2161 497 ut
2211 445 2413 514 optimo
2457 444 2566 513 regi
2603 443 2802 511 optime
2845 442 3129 494 serviatur.
3183 439 3281 505 Qui
3313 440 3448 493 bona
3498 444 3674 513 (tingat

437 567 589 610 scere
621 550 875 623 potuerit,
910 563 1068 617 quem
1093 561 1214 601 cum
1242 543 1493 615 lacrymis
1530 542 1727 596 dimisi.
1771 539 1851 595 Tu
1878 554 2005 593 vero

438 660 559 700 cum
606 641 799 714 gaudio
844 640 1070 709 recipias
1093 652 1242 700 eum;
1292 650 1385 690 vos
1426 648 1552 688 vero
1582 633 1739 687 ambo
1764 630 2007 685 laborate

438 732 591 803 quasi
634 729 758 785 boni
805 738 1049 800 pastores
1083 728 1137 782 in
1164 741 1321 798 grege
1346 724 1574 787 Christi;
1600 722 1731 777 nihil
1756 721 2007 776 htesitan—

438 832 519 880 tes
550 823 617 878 de
636 821 882 877 mercede
904 826 1182 890 perpetua,
1233 831 1351 887 qua:
1380 814 1593 869 dabitur
1618 812 1845 868 ﬁdeliter
1888 826 2007 883 greo

438 928 557 984 gem
604 912 803 967 Christi
832 909 1191 981 pascentibus.
1245 907 1443 963 Omnes
1473 920 1600 960 vero
1640 906 1918 975 episcOpos
1953 912 2009 956 et

439 1002 628 1059 Patres
666 1001 891 1057 fratrum
921 1010 1225 1055 nostrorum
1253 1014 1319 1053 ex
1348 999 1517 1053 nostri
1576 998 1806 1051 nominis
1835 995 2007 1051 officio

440 1096 494 1151 in
520 1096 784 1151 charitate
835 1102 889 1150 et
932 1091 1285 1163 prosperitate
1336 1089 1582 1155 salutate,
1624 1097 1870 1158 rogantes
1916 1103 2009 1142 eos

439 1187 611 1244 nostri
631 1201 749 1243 esse
762 1198 1029 1241 memores
1054 1181 1267 1237 assidua
1292 1181 1687 1241 intercessione,
1717 1188 1776 1232 ut
1800 1179 1865 1232 de
1891 1192 2009 1231 mea

438 1278 610 1336 salute
636 1279 709 1333 illi
736 1275 1039 1333 mercedem
1072 1273 1304 1329 habeant
1334 1272 1732 1341 sempiternam.

508 1370 673 1443 268
699 1370 840 1425 Deus
866 1380 1052 1424 omnes
1090 1365 1207 1419 illos
1228 1371 1483 1435 perpetua
1538 1361 1869 1431 protectione
1913 1374 2009 1413 cu-

440 1465 638 1521 ttodiat
660 1470 715 1517 et
734 1461 898 1515 faciat
919 1473 1012 1514 eos
1037 1458 1089 1511 in
1124 1456 1268 1511 omni
1296 1469 1457 1524 opere
1484 1452 1623 1507 bono
1647 1451 1928 1521 proiicere,
1953 1458 2014 1503 ut

441 1553 789 1624 multiplicato
818 1549 1137 1605 talentorum
1188 1560 1410 1600 numero
1453 1542 1727 1613 multiplici
1764 1555 2013 1596 remune-

442 1643 648 1699 ratione
674 1639 1129 1713 dignielliciantur
1154 1636 1292 1705 apud
1314 1634 1502 1688 Deum.
1538 1632 1734 1686 Vivant
1753 1646 1939 1685 omnes
1961 1639 2015 1684 et

442 1734 665 1789 floreant
692 1732 913 1785 feliciter
943 1730 996 1783 in
1033 1728 1246 1782 Christo
1269 1724 1492 1779 Domino
1521 1724 1629 1777 Deo
1668 1730 1875 1803 nostro.

916 1839 943 1881 ι’
968 1838 1294 1894 EPISTOLA
1318 1836 1541 1892 CCXV.’

849 1928 913 1965 AD
954 1925 1239 1965 DILECTISSI
1251 1923 1344 1962 310$
1383 1923 1600 1962 PATBES.

996 1999 1168 2067 (Anno
1207 1996 1453 2060 incerto.)

449 2094 704 2149 Hortatur
738 2092 853 2145 illo:
882 2090 949 2143 ad
976 2090 1279 2142 charitatem
1304 2096 1351 2139 et
1400 2085 1697 2139 adlabores
1750 2087 1865 2138 uiue
1900 2102 2006 2137 mo-

1113 2180 1342 2231 nastt'ca'.

516 2275 885 2333 Dilectissimis
938 2272 989 2325 in
1029 2271 1240 2325 Christo
1270 2270 1510 2338 patribus
1548 2277 1862 2338 perpetuam
1920 2284 2006 2322 sa~

446 2366 631 2423 lutem.

515 2455 660 2522 Quos
683 2453 788 2508 lida
805 2466 1015 2522 semper
1039 2448 1279 2519 sequitur
1304 2445 1562 2509 charitas,
1591 2447 1782 2515 smpius
1808 2446 2009 2500 littera-

402 2536 410 2543 ’
447 2560 563 2601 rum
586 2540 1107 2612 sequaturetseries,
1134 2537 1535 2607 quiaquoddam
1561 2546 1644 2590 est
1671 2537 1899 2589 amantis
1926 2551 2008 2589 re-

446 2637 739 2709 frigerium,
765 2635 1042 2690 aestuantis
1075 2633 1238 2686 animi
1267 2630 1531 2687 fervorem
1558 2627 1733 2683 verbis
1760 2626 1843 2681 vel
1872 2627 2009 2680 litte~

445 2730 521 2783 ris
538 2728 823 2798 explicare,
866 2724 989 2795 quia
1020 2722 1182 2777 verba
1211 2721 1333 2774 data
1381 2728 1504 2773 sunt
1549 2718 1615 2771 ad
1643 2716 1885 2771 veritatis
1920 2716 2009 2768 de-

446 2816 904 2877 monstrationem,
964 2814 1041 2867 uti
1066 2811 1206 2881 quod
1234 2825 1326 2864 cor
1351 2809 1615 2863 veraciter
1638 2806 1887 2874 concipit,
1912 2804 2010 2857 lin-

444 2923 548 2979 gua
570 2922 673 2964 non
698 2905 958 2961 fallaciter
973 2903 1233 2975 proferat,
1279 2910 1333 2955 et
1381 2915 1533 2955 suum
1562 2914 1654 2952 cor
1688 2896 1853 2951 frater
1880 2894 2011 2949 alte-

445 3003 559 3057 rius
581 2998 822 3055 infundat
845 2996 1007 3059 cordi,
1053 3002 1109 3048 et
1136 2993 1230 3046 fiat
1253 2988 1576 3046 unanimitas
1613 2990 1932 3052 animorum,
1955 2990 2010 3043 in

446 3092 639 3163 quibus
657 3087 1049 3145 estcommunio
1070 3082 1379 3146 charitatis;
1405 3097 1529 3135 nam
1553 3082 1730 3134 anima
1752 3081 1867 3134 sine
1879 3082 2010 3135 cha-

446 3179 604 3235 ritate
636 3184 844 3231 mortua
866 3185 970 3239 est,
1007 3190 1110 3229 non
1132 3173 1335 3228 habens
1372 3169 1563 3225 divina:
1586 3169 1848 3223 Bonitatis
1878 3170 2011 3223 ima-

444 3269 643 3340 ginem,
676 3266 741 3319 ad
764 3280 923 3335 quam
949 3264 1112 3319 creati
1140 3279 1322 3317 sumus
1348 3280 1361 3327 ;
1394 3262 1554 3316 etiam
1581 3269 1635 3315 et
1655 3260 1892 3315 renovati
1918 3270 2013 3331 per

446 3359 738 3413 bonitatem
764 3356 1059 3411 Salvatoris
1087 3355 1289 3423 nostri,
1328 3354 1419 3424 qui
1450 3353 1524 3406 ait
1554 3371 1566 3404 :
1611 3352 1676 3405 In
1705 3354 1798 3405 hoc
1826 3369 2012 3421 cogno-

445 3459 584 3503 scent
604 3464 797 3511 omnes,
848 3446 970 3516 quia
1017 3446 1116 3497 mei
1156 3443 1395 3513 discipuli
1424 3443 1565 3506 estis,
1618 3443 1661 3495 si
1687 3440 2011 3495 dilectionem

447 3536 731 3590 habueritis
752 3534 819 3588 ad
858 3534 1071 3587 invicem
1112 3532 1291 3601 (ann.
1322 3530 1576 3600 xm,35).
1619 3530 1692 3585 De
1721 3531 1870 3599 cujus
1897 3533 2014 3586 dul-

424 3623 634 3678 cedine
670 3638 774 3677 non
810 3622 939 3677 mihi
966 3637 1097 3692 opus
1119 3636 1237 3675 esse
1261 3621 1495 3675 arbitror
1526 3621 1753 3691 plurima
1780 3623 2013 3677 scribere

447 3724 639 3771 vestrm
660 3698 951 3781 satictitati,
979 3730 1137 3786 quam
1162 3714 1286 3770 olim
1309 3716 1590 3781 didicistis,
1620 3725 1674 3771 et
1704 3717 1903 3771 habere
1934 3720 2012 3772 in-

448 3808 714 3863 notuistis.
787 3806 1043 3876 Superest
1062 3815 1120 3860 ut
1140 3821 1307 3875 usque
1360 3806 1426 3859 ad
1450 3808 1607 3860 linem
1638 3806 1848 3861 firmum
1884 3808 2013 3861 reti—

448 3896 643 3960 neatis,
670 3897 922 3966 quoniam
950 3896 1037 3966 qui
1060 3896 1453 3966 perseveraverit
1474 3912 1631 3966 usque
1662 3898 1715 3950 in
1743 3898 1899 3965 ﬁnem
1930 3896 2012 3951 hic

449 3985 622 4039 salvus
642 3986 739 4039 erit
767 3984 976 4056 (Matth.
1007 4001 1059 4049 x,
1088 3984 1197 4053 22).

523 4073 707 4129 Saluta
759 4090 991 4147 quoque,
1047 4086 1068 4113 ε
1111 4078 1442 4131 sanctissime
1484 4075 1644 4131 Pater
1676 4073 1877 4131 lnfrldii
1906 4077 2014 4131 fra—

450 4176 563 4223 tres
583 4174 794 4223 nostros
818 4166 1110 4221 servientes
1122 4168 1383 4236 siquidem
1409 4175 1607 4222 sanctae
1626 4165 1837 4223 MANE.
1866 4168 2014 4239 Opti-

454 4276 598 4313 mam
616 4274 742 4314 vere
769 4258 1041 4329 elegerunt
1069 4258 1358 4318 dominam.
1407 4268 1461 4313 et
1484 4260 1740 4329 optimum
1762 4276 2012 4329 sponsum

454 4348 691 4419 ejusdem
722 4351 947 4405 domina:
976 4358 1029 4404 et
1052 4352 1249 4421 reginae
1291 4350 1574 4415 ctelorum;
1608 4358 1664 4405 et
1691 4351 1907 4421 dignum
1933 4360 2014 4405 est

2110 533 2315 606 [Forte,
2357 536 2524 607 eligit,
2557 535 2637 590 vel
2664 533 2877 606 elegit],
2916 532 3053 587 bona
3078 534 3361 595 custodiat,
3393 536 3527 590 bona
3568 554 3671 592 uozt

2106 625 2464 695 derelinquat,
2496 625 2588 679 sed
2613 624 2996 695 perpetualiter
3018 623 3154 676 bona
3180 625 3427 678 retineat.
3478 626 3671 682 Parum

2108 723 2193 768 est
2227 715 2487 786 incepisse
2524 715 2680 777 bona,
2723 715 2822 769 nisi
2851 724 2908 767 ut
2935 723 3240 784 perseveret
3278 716 3330 768 in
3366 715 3537 780 bonis,
3583 718 3674 788 qui

2107 806 2246 859 bona
2275 805 2438 875 eligit.
2494 805 2630 872 Quid
2676 813 2758 858 est
2808 805 3042 859 laborem
3072 805 3401 859 fructuosum
3447 807 3674 863 derelin-

2108 909 2295 965 quere,
2344 904 2399 949 et
2426 894 2595 949 labori
2644 895 2971 948 infructuoso
3011 895 3335 963 ntancipari?
3374 896 3549 949 Labor
3577 897 3676 950 itao

2108 1000 2211 1054 que
2240 985 2565 1039 monachicae
2603 986 2725 1037 vitae
2746 984 3047 1037 fructuosus
3075 994 3188 1053 est;
3232 984 3382 1037 labor
3409 1000 3536 1039 vero
3582 1001 3678 1039 scn-

2109 1076 2211 1129 culi
2267 1074 2625 1129 infructuosus
2677 1084 2778 1128 est.
2848 1074 2974 1129 Sine
3026 1074 3205 1129 labore
3262 1091 3418 1129 neruo
3469 1076 3599 1131 vivit
3625 1078 3679 1130 in

2110 1166 2335 1230 mundo;
2374 1175 2428 1218 ct
2455 1162 2579 1217 felix
2604 1165 2846 1226 nimium,
2870 1165 2961 1231 qui
2990 1163 3055 1215 de
3085 1162 3266 1218 labore
3296 1165 3437 1218 venit
3495 1166 3546 1220 in
3593 1180 3679 1219 re-

2110 1257 2311 1325 quiem,
2369 1264 2424 1309 et
2455 1255 2637 1308 infelix
2665 1256 2754 1323 qui
2807 1254 2871 1307 de
2894 1253 3074 1307 labore
3103 1254 3247 1307 venit
3294 1256 3346 1308 in
3376 1265 3636 1309 tormenta
3662 1273 3675 1318 ί

2112 1345 2320 1399 laborat
2346 1346 2489 1399 enim
2534 1354 2595 1398 ut
2629 1344 2767 1398 male
2795 1344 3011 1408 habeat,
3047 1352 3229 1397 etnon
3278 1340 3522 1415 intelligit
3552 1346 3682 1415 quid

2111 1435 2258 1488 facit.
2310 1434 2657 1504 intelligentia
2704 1433 2847 1486 enim
2873 1445 3007 1499 Opus
3032 1438 3116 1485 est
3155 1432 3207 1485 in
3255 1431 3384 1495 vita,
3444 1441 3503 1485 ut
3549 1434 3683 1489 sciat

2114 1527 2273 1580 homo
2297 1524 2363 1577 ad
2392 1539 2549 1593 quem
2597 1523 2753 1577 linem
2798 1523 2983 1575 tendat
3013 1521 3294 1575 retributio
3329 1521 3528 1577 laboris
3576 1523 3679 1578 sui.

2114 1616 2321 1671 Parvus
2350 1616 2500 1669 labor
2524 1616 2576 1668 in
2592 1605 2737 1667 bono
2761 1613 2975 1665 homine
3018 1620 3273 1681 petpetua
3317 1613 3682 1667 remunerabi-

2114 1715 2203 1759 tur
2235 1707 2433 1776 quiete.
2518 1702 2865 1771 Omnipotens
2892 1702 3033 1753 Deus
3079 1703 3145 1754 ad
3201 1702 3489 1756 multorum
3542 1702 3682 1757 salu-

2034 1796 2081 1854 Β
2111 1805 2215 1849 tem
2236 1810 2331 1849 vos
2348 1795 2582 1862 longaeva
2603 1791 2953 1861 prosperitate
2968 1788 3226 1858 proﬁcere
3248 1792 3522 1853 concedat,
3552 1791 3682 1845 cha-

2112 1886 2307 1939 rissimi
2340 1884 2545 1939 Patres.

2462 1997 2484 2034 ἀ
2512 1996 2674 2066 269
2702 1993 3029 2075 Ertsrou
3065 1994 3289 2049 ccxvt.

2489 2112 2554 2148 AD
2592 2108 2960 2149 CL'NIBERCTL'M
2997 2108 3298 2149 εριεεοενωι.

2111 2190 2446 2245 Commendat
2489 2189 2790 2242 memoriam
2838 2198 3114 2241 contrectat
3145 2189 3266 2239 olim
3298 2186 3557 2243 aniicititc.
3602 2191 3678 2243 Ad

2181 2277 2306 2329 opus
2338 2259 2725 2329 prtedicationis
2758 2259 3013 2329 hortatur,
3056 2257 3198 2309 nulla
3230 2259 3407 2310 m-ruli
3437 2270 3682 2326 potestate

2180 2341 2269 2383 aut
2298 2330 2522 2383 uanitate
2558 2328 2959 2397 impediendum.

2184 2441 2510 2497 Veneranda:
2540 2440 2813 2508 dignitatis
2836 2438 2975 2493 Patri
3016 2451 3037 2477 ε
3065 2439 3386 2495 Cuniliercto
3412 2443 3683 2511 episcopo,

2070 2577 2086 2599 κ
2112 2531 2327 2586 humilis
2358 2531 2539 2584 Levita
2566 2530 2823 2583 Alcuiuus
2851 2530 3095 2583 salutem.

2180 2619 2317 2673 Olim
2354 2620 2371 2658 τ
2416 2620 2468 2673 in
2506 2618 2747 2688 synodali
2797 2628 3102 2672 sanctorum
3151 2618 3369 2674 Patrum
3422 2632 3685 2677 conventu

2111 2720 2285 2767 vestra
2341 2712 2553 2767 bonitas
2599 2712 2877 2765 nobiscum
2926 2712 3127 2781 pepigit
3175 2722 3328 2781 pacta
3384 2715 3683 2778 chan'tatis,

2112 2816 2229 2871 qua:
2261 2810 2483 2869 propter
2511 2801 2966 2867 opportunitatem
3012 2798 3167 2865 hujus
3192 2803 3469 2867 portitoris
3497 2803 3578 2856 his
3602 2802 3687 2857 lit-

2111 2892 2300 2945 terulis
2334 2892 2653 2947 humilitatis
2683 2903 2879 2946 nostra:
2907 2908 3163 2947 renovare
3196 2895 3430 2959 studeat,
3462 2910 3526 2950 ne
3552 2897 3686 2951 forte

2110 2976 2266 3051 longa
2306 2986 2544 3039 absentia
2583 2986 2907 3040 oblivionem
2938 2987 3108 3040 nostri
3156 2990 3386 3043 nominis
3413 2993 3684 3046 vobiscum

2113 3072 2353 3130 fecisses.
2402 3074 2649 3129 Charitas
2680 3075 3002 3129 oblivionem
3028 3092 3139 3129 non
3166 3080 3382 3146 patitur,
3415 3088 3469 3133 et
3491 3082 3687 3136 veritas

2036 3136 2087 3199 ο
2116 3170 2257 3223 nulla
2292 3170 2544 3238 temporis
2582 3169 2909 3238 longitudine
2936 3170 3323 3235 maculabitur,
3371 3174 3601 3227 maxime
3632 3174 3685 3225 iu

2113 3261 2205 3315 tali
2239 3273 2465 3330 persona
2498 3269 2552 3314 et
2590 3270 2696 3313 tam
2737 3260 2992 3328 praeclaro
3022 3261 3325 3314 sanctitatis
3364 3264 3497 3325 viro,
3538 3263 3687 3332 cujus

2113 3358 2404 3412 latissimus
2444 3354 2680 3410 melliflui
2722 3356 2955 3424 pectoris
2983 3355 3131 3407 sinus
3162 3356 3553 3411 multitudinem
3580 3374 3687 3426 spi-

2114 3450 2347 3504 ritalium
2370 3462 2693 3518 congregare
2718 3446 3011 3501 amicorum
3036 3446 3167 3499 solet
3194 3463 3206 3509 ;
3241 3446 3382 3500 inter
3408 3463 3543 3517 quos
3570 3464 3691 3517 par-

2114 3542 2291 3594 vitatis
2322 3555 2453 3594 mea:
2482 3553 2673 3593 nomen
2710 3538 2960 3606 aliquem,
3010 3538 3288 3604 deprecor,
3336 3538 3577 3597 inveniat~
3611 3540 3688 3593 lo.

2114 3649 2272 3696 cum,
2321 3642 2375 3686 et
2418 3639 2593 3684 vestra
2633 3630 2961 3684 nobilissima
2998 3629 3227 3683 fidelitas
3274 3632 3540 3700 quondam
3566 3674 3578 3694 ,
3630 3645 3689 3687 ut

2111 3722 2492 3791 prtediximus,
2542 3720 2854 3788 promittere
2906 3733 3010 3771 non
3059 3719 3384 3771 abhorruit:
3436 3734 3534 3772 nec
3580 3736 3686 3774 non

2078 3858 2081 3861 Α
2113 3810 2334 3880 supplici
2358 3804 2743 3869 obsecratione,
2778 3808 2937 3861 Pater
2958 3806 3028 3860 mi
3060 3808 3071 3858 !
3104 3807 3352 3875 deposco,
3382 3815 3439 3860 ut
3464 3810 3688 3863 sanctis-

2113 3902 2261 3957 simis
2281 3901 2443 3956 vestri
2473 3899 2746 3969 regiminis
2767 3898 3020 3952 fratribus
3045 3900 3285 3952 eamdem
3316 3898 3381 3953 de
3408 3900 3561 3955 nobis
3586 3904 3689 3970 spi-

2112 3992 2321 4046 ritalem
2351 4006 2532 4044 curam
2574 3988 3036 4056 haberejubealis.

2182 4065 2375 4132 Fateor
2401 4079 2519 4141 tibi,
2549 4079 2881 4131 sanctissime
2909 4079 3101 4145 praesul
3128 4082 3138 4131 ε
3188 4082 3329 4149 quod
3355 4082 3687 4137 venerabiles

2114 4170 2335 4224 fratrum
2381 4169 2819 4238 congregationes
2850 4169 3087 4222 studiose
3113 4172 3305 4235 amavi,
3343 4186 3475 4239 quas
3504 4172 3556 4225 in
3580 4172 3687 4226 illis

2116 4261 2419 4332 regionibus
2448 4261 2557 4315 Deo
2596 4260 2865 4314 deservire
2907 4258 3082 4329 dignis
3111 4263 3349 4317 moribus
3371 4304 3385 4327 ,
3434 4275 3685 4319 narrante

2114 4354 2275 4417 fama,
2310 4348 2610 4406 audivimus
2639 4368 2653 4414 ;
2688 4351 2809 4404 licet
2838 4352 2992 4405 nobis
3028 4352 3211 4405 datum
3242 4368 3347 4407 non
3375 4363 3516 4408 esset
3566 4370 3685 4409 cor-

529 4492 553 4520 ι
594 4479 917 4556 Fratervero
944 4482 1284 4556 Benedictus;
1316 4481 1857 4556 AbbasAnianensis,
1896 4500 2018 4540 san-
2048 4491 2096 4549 D
2120 4487 2293 4545 Ionius
2322 4482 2664 4556 An_nal._libr.
2690 4495 2839 4540 xxiv.
2896 4496 3039 4556 num.
3065 4480 3153 4556 8_6,
3186 4482 3485 4556 pag._24«i.)
3523 4484 3688 4556 igitur

368 4572 371 4573 ν
455 4551 638 4621 ctitate
665 4549 907 4621 celebris,
948 4551 1037 4620 qui
1098 4552 1198 4605 sub
1246 4550 1435 4621 Carolo
1459 4551 1648 4621 Magno
1672 4561 1726 4604 et
1749 4552 2012 4608 Ludovico

454 4619 1031 4687 Piomonaslcriorm
1083 4621 1377 4691 przesertim
1412 4619 1729 4692 Aquitania;
1781 4621 2014 4692 discipli-

457 4708 581 4766 nam
606 4692 931 4766 reformavit,
988 4712 1052 4751 ac
1076 4689 1267 4766 ςυρξυδ
1312 4697 1590 4766 ρτζιριεῐθδ
1632 4689 1824 4766 aulam
1857 4689 2014 4766 atque

457 4763 635 4843 ipsum
660 4762 1232 4843 Alcu‘inumuaccessu,
1287 4762 1565 4843 multaque
1602 4762 2014 4843 _i_t_ecessitudin_e

460 4777 631 4885 tﬁsum
660 4777 938 4817 Atcuinum
989 4777 1232 4827 accessit,
1287 4777 1554 4831 multaque
1620 4777 2010 4816 necessuuntne

460 4832 493 4909 ι
553 4831 775 4909 adhagsit
788 4840 802 4887 ς
816 4829 1111 4909 ejusﬁVitam
1133 4834 1349 4887 consule
1363 4834 1501 4903 apud
1518 4832 1874 4909 Mabillonium
1896 4832 2010 4887 Act.

462 4898 561 4981 ξε.
590 4898 809 4981 0r‘di'pis‘
830 4896 1045 4981 S.‘Ben.
1083 4916 1203 4981 stac.
1232 4896 1659 4981 iv,_pa_i:t._t,pag.
1685 4903 1775 4955 191
1798 4913 1853 4957 et
1877 4918 2012 4973 ωσι..

462 4920 561 4954 DD.
590 4920 803 4953 UI‘UIBIS
830 4920 885 4952 ο.
918 4920 1045 4954 ὕει).
1083 4920 1203 4955 580.
1232 4920 1304 4964 ιν,
1364 4920 1499 4956 art.t

459 4975 516 5024 et
531 4966 1009 5108 ξρὲιξθξῗὲιεὲἓέἒῃ
1023 4969 1267 5093 2aélzl’diem
1298 4920 1361 5025 ιῗ
1382 4972 1511 5027 Feb.

750 5057 759 5070 '
806 5078 818 5090 .
910 5055 921 5092 Ι
981 5077 993 5088 .
1134 5078 1146 5089 .

750 5054 796 5091 an
806 5078 818 5090 .
840 5054 993 5093 CDISL
1023 5054 1146 5093 ZUO.

532 5116 557 5146 ⁸
599 5104 931 5161 Sanctissimis
956 5106 1111 5162 Pater
1141 5106 1371 5177 lnfridii.
1407 5107 1710 5173 Legendum
1739 5120 1886 5166 certe
1923 5110 2018 5167 Νἱρ

490 5174 641 5259 ridii,
654 5176 1059 5259 conimutatis‘in
1070 5180 1258 5259 prima
1271 5177 1469 5259 syllaba
1491 5172 1679 5259 litteris
1694 5180 1712 5231 i
1736 5187 1863 5259 et_n,
1878 5182 2017 5249 quod

487 5248 825 5327 retinens-'59
842 5248 1193 5327 inveteribus
1209 5248 1503 5327 scripturis.
1570 5266 1587 5297 α
1618 5248 1843 5327 ιεινειυιυ
1890 5248 2019 5327 ante

463 5311 663 5392 annum
706 5311 808 5367 778
830 5314 1033 5385 primus
1076 5322 1281 5396 auctor,
1314 5311 1573 5397 idemque
1574 5311 1803 5441 (Erimus
1856 5318 2021 5373 abbas

463 5378 565 5449 fuit
584 5380 809 5449 insignis
833 5392 1140 5439 monastern
1161 5382 1337 5440 Beata:
1362 5383 1543 5442 Maria
1666 5386 1898 5444 Orhtone
1926 5404 2018 5443 seu

1450 5402 1475 5439 ι·

466 5402 809 5531 ἓῖὖέἓὲἒξῖἔέ
827 5402 2021 5531 mammas

466 5518 645 5575 Beata
669 5517 849 5577 Maria
871 5520 937 5575 de
966 5517 1327 5587 Nmaliis,'ab
1356 5517 1577 5578 amomi
1606 5522 1762 5588 valle,
1805 5517 1857 5583 in
1913 5541 2019 5597 qua

467 5586 627 5644 situm
657 5595 767 5658 est;
828 5598 1099 5658 postremo
1116 5590 1291 5658 Beata
1306 5591 1486 5647 Mariae
1504 5592 1570 5646 de
1595 5589 1792 5647 Cum
1819 5610 2019 5649 nuncu-

576 5603 627 5644 ω
657 5600 767 5650 est;
828 5600 1099 5650 postremo
1116 5600 1291 5648 Beata
1307 5600 1486 5647 Mariae
1504 5600 1570 5646 de
1595 5600 1792 5647 Graeca
1819 5610 2022 5649 nuncu-

467 5665 661 5749 2?.”‘5‘.
686 5656 1243 5749 (ἐείιξὲιξξείξξεπξίέιξέι
1260 5661 1690 5749 ’μίειξῑεφνυι
1711 5660 2020 5749 “thensa-

472 5722 570 5790 iill,
608 5734 664 5777 ut
687 5740 749 5778 ex
788 5722 951 5779 veteri
992 5725 1093 5783 loci
1120 5722 1718 5801 Necrologio'discimus.
1756 5750 1772 5781 ι
1820 5729 2023 5800 (MabiL

946 5818 1213 5878 Parant.
1264 5819 1309 5879 C

2118 4558 2184 4614 ad
2209 4554 2499 4609 monachos
2528 4550 2687 4618 hujus
2730 4550 3040 4605 monasterii
3080 4552 3217 4603 hanc
3248 4550 3526 4621 epistolam
3550 4550 3684 4612 Scri-

2114 4638 2262 4700 ptam
2296 4621 2459 4676 fuisse
2480 4621 2746 4675 existimo.
3174 4662 3180 4667 ι

2184 4695 2210 4735 ά
2240 4692 2469 4747 Froben.
2501 4691 2655 4758 epist.
2684 4688 2807 4745 ξοδ.

2190 4777 2211 4804 ο
2243 4762 2547 4816 Cunibercto
2582 4761 2835 4829 episwpo.
2867 4760 2922 4814 In
2951 4760 3247 4825 Britannia,
3274 4770 3331 4815 ut
3368 4778 3433 4818 ex
3470 4768 3681 4823 verbis:

2118 4838 2185 4892 Et
2228 4840 2416 4887 nostra:
2452 4830 2792 4883 celeberrima
2829 4828 3013 4883 insqu
3052 4830 3342 4884 Britannia:
3379 4833 3684 4892 habitatori-

2117 4909 2229 4979 bus,
2253 4914 2356 4979 etc.
2370 4941 2383 4964 ,
2411 4900 2617 4979 colligo.
2648 4898 2741 4952 Est
2766 4899 2810 4977 is
2823 4899 3089 4979 abs‘dubio
3104 4898 3142 4951 li
3153 4900 3421 4979 inebertu‘s
3436 4906 3687 4979 Ventana:

2117 4967 2633 5049 civitatisnpontifex
2654 4967 2877 5049 “socius
2899 4967 3209 5049 Aedilhatvii
3253 4970 3305 5049 in
3341 4973 3531 5049 itinere
3572 4977 3679 5049 lito-

2118 5058 2295 5102 mano.
2330 5036 2459 5093 Vide
2497 5045 2610 5091 not.
2654 5036 2823 5105 Epist.
2858 5036 2976 5091 115.
3014 5036 3289 5094 Cuniberti
3315 5043 3471 5095 etiam
3504 5046 3684 5105 cujus.

2118 5059 2295 5102 mano.
2333 5059 2459 5093 Hae
2498 5059 2610 5091 nat.
2654 5059 2823 5105 DIDISl.
2858 5059 2976 5091 ιιῡ.
3014 5059 3289 5094 uuchru
3315 5059 3471 5095 ettam
3504 5059 3569 5099 cu
3595 5062 3684 5098 use

2117 5108 2509 5187 dam_meminit
2538 5105 2854 5187 Anastasius
2873 5106 3390 5187 Bibliothecatiusin
3411 5112 3525 5187 Vita
3551 5059 3684 5171 lieu-

2116 5185 2200 5238 nis
2243 5179 2307 5236 ω
2358 5178 2498 5232 inter
2544 5176 2737 5231 missos
2786 5175 3123 5246 fidelissimos
3174 5177 3243 5231 ad
3290 5179 3681 5246 dijudicandam

2116 5265 2335 5307 causam
2358 5246 2596 5314 ejusdem
2631 5246 2824 5301 summi
2853 5245 3119 5313 pontificis
3145 5260 3288 5300 anno
3332 5245 3432 5305 799
3457 5252 3677 5309 Romam

2117 5321 2337 5392 lugatgs:
2366 5317 2565 5392 ᾼη-ιιὶυ
2592 5315 2728 5392 idem
2747 5329 2874 5392 cum
2902 5323 3085 5368 nostro
3108 5314 3201 5392 sit,
3224 5316 3501 5373 incertum.

2379 5385 2397 5426 ι
2448 5384 2516 5440 In
2540 5381 2777 5452 synodali
2811 5393 3109 5463 sanctorum
3149 5383 3679 5465 Patrum'conventu.

2186 5473 2249 5514 ns
2313 5472 2360 5513 te
2392 5460 2686 5509 conventus
2710 5450 2890 5512 fuerit,
2928 5461 2985 5506 et
3009 5468 3060 5506 in
3087 5468 3193 5514 quo
3217 5455 3347 5514 loco.
3376 5470 3430 5509 tn
3466 5458 3679 5514 Anglia.

2119 5450 2686 5529 QuTs'hi'ceonventus
2710 5450 2890 5512 fuerit,
2928 5453 3060 5529 etin
3087 5468 3193 5529 quo
3217 5455 3347 5517 loco,
3376 5456 3430 5509 in
3466 5458 3681 5529 Anglia.

2120 5520 2186 5582 a'n
2214 5526 2269 5581 in
2293 5523 2460 5581 Gallia
2489 5520 2805 5591 celebratus,
2845 5522 3047 5591 pariter
3088 5520 3324 5590 ignotum
3370 5535 3473 5579 est.
3525 5520 3684 5582 Knno

2121 5594 2223 5671 185
2246 5594 2461 5671 ειυεειιω
2482 5588 2890 5671 summa
2916 5588 3194 5671 θρὶξρρροε
3217 5594 3444 5671 decretis
3473 5598 3681 5671 ερεκειιι

2121 5659 2526 5737 Calchutbonsis
2566 5659 2901 5737 subscripsit.
2964 5659 3187 5713 Wilkins
3236 5661 3435 5715 Concil.
3508 5666 3681 5737 Magn.

2122 5730 2408 5786 Britannia
2431 5727 2533 5779 vol.
2566 5727 2604 5791 l,
2630 5742 2749 5797 pag.
2782 5727 2901 5781 151.

3100 5822 3250 5887 “16
