4272 6198
646 323 735 375 Mil

1485 319 1540 370 Β.
1583 317 1642 371 F.
1679 318 1897 372 ALBINI
1936 311 2067 374 SEU
2102 316 2369 372 ALCUlNl
2423 317 2703 376 OPERUM
2742 320 2916 373 PARS
2951 321 2987 373 Ι.

3726 320 3830 373 402

643 436 808 502 porali
844 433 1036 484 visione
1080 432 1196 484 illus
1226 431 1470 499 aggredi;
1516 444 1671 499 quem
1712 430 1891 502 [Forte
1930 432 2069 504 qum]
2096 446 2183 487 ve-
2211 435 2255 496 Α
2283 432 2434 498 vivae,
2474 434 2525 487 id
2549 444 2649 498 est,
2675 435 2926 487 doctrinae
2954 448 3138 494 sacrte,
3170 433 3307 485 sicut
3327 433 3378 485 in
3408 432 3690 500 Evangelia
3720 434 3831 500 ipsa

645 532 755 577 stra
779 530 949 591 potest
970 523 1139 590 pietas
1162 536 1260 591 pro
1295 536 1470 576 amore
1496 522 1694 576 Christi
1723 538 1818 591 pro
1842 523 1996 575 nobis
2018 521 2180 589 loqui,

646 626 741 666 nec
781 610 1041 664 ullatenus
1069 610 1208 664 Deus
1237 609 1407 663 deerit
1447 610 1501 663 in
1531 611 1953 663 remuneratione
1993 619 2184 663 vestae

644 700 907 755 devotioni
928 740 944 766 ,
991 701 1075 754 vir
1121 700 1350 768 optime!
1412 700 1572 754 Decet
1617 700 1759 751 enim
1804 697 2183 771 sacerdotalem

642 791 948 860 dignitatem
987 792 1233 846 omnibus
1275 805 1335 845 se
1371 788 1776 859 deprecantibus
1802 772 2016 857 pietatis
2043 803 2184 856 pras-

642 891 783 936 stare
809 879 1073 947 alfee'tum,
1103 868 1349 936 absentes
1371 880 1536 935 sacris
1563 878 1889 933 orationibus
1915 878 2181 947 adjuvare,

639 976 929 1038 praesentes
958 968 1269 1040 evangeliea:
1295 966 1681 1039 praedicationis
1717 966 1966 1019 instantia
1995 963 2187 1018 contir-

642 1072 807 1111 mare.
834 1056 950 1113 Seis
973 1057 1170 1127 Optime
1188 1063 1383 1125 quanta
1407 1054 1695 1109 necessitas
1716 1061 1799 1107 est
1825 1052 2016 1121 populo
2040 1050 2188 1105 Chri-

641 1148 830 1212 stiano,
862 1148 1259 1218 ut.pr:edicator
1284 1145 1432 1201 verbi
1446 1145 1540 1199 Dei
1564 1159 1670 1198 non
1695 1150 1885 1207 taceat,
1914 1150 1969 1195 et
1991 1149 2185 1196 nostra:

641 1236 997 1291 celeberrimas
1038 1236 1233 1305 insula:
1284 1234 1570 1288 Britanniae
1618 1231 2006 1287 habitatoribus
2028 1272 2044 1298 ,
2094 1231 2185 1285 ubi

640 1328 904 1395 quondam
942 1326 1222 1380 multitudo
1248 1327 1523 1379 doctorum
1561 1323 1722 1377 verba
1756 1323 1879 1376 vitae
1918 1329 2185 1390 perpetuae

638 1418 886 1470 continua
912 1416 1336 1484 praedicaverunt
1359 1411 1638 1476 instantia;
1672 1411 1766 1466 sed
1789 1424 1952 1473 nunc,
1998 1422 2186 1477 pecca-

640 1508 707 1560 tis
731 1505 1063 1568 facientibus,
1106 1504 1213 1558 rari
1239 1510 1363 1557 sunt
1385 1500 1613 1571 operarii
1655 1498 1708 1553 in
1736 1513 1907 1553 messe
1932 1496 2137 1550 Domini
2164 1510 2180 1550 :

637 1597 729 1649 sed
755 1609 860 1664 quo
885 1595 1114 1648 rariores
1153 1593 1516 1653 inveniuntur,
1561 1604 1625 1642 eo
1653 1589 1819 1657 magis
1843 1600 2058 1641 necesse
2100 1593 2184 1639 est

586 1736 593 1743 .
638 1694 695 1737 ut
723 1682 796 1737 illi
830 1683 918 1752 qui
948 1689 1069 1737 sunt
1094 1678 1409 1736 omnimodis
1429 1677 1538 1746 jugi
1570 1684 1769 1731 sancta:
1793 1671 2184 1745 pnedieationis

2285 523 2493 577 Veritas
2515 524 2593 575 ait
2622 523 2797 594 (Joan.
2838 537 2933 585 vn,
2955 519 3066 589 58),
3100 518 3415 574 sumdenter
3437 518 3597 572 ﬂuere
3623 519 3834 572 videan-

2284 622 2338 667 ιιι
2346 630 2389 667 l'.

2351 706 2506 774 271
2554 705 2800 759 Vestrum
2849 710 2931 755 est
2972 700 3219 755 omnibus
3266 696 3555 769 praedicare
3613 699 3833 753 verbum

2283 795 2399 860 Dei,
2428 794 2676 849 omnibus
2699 791 2876 845 lucere
2898 792 2954 844 in
2989 790 3144 844 domo
3174 789 3286 852 Dei,
3330 794 3390 841 ut
3415 801 3597 840 omnes
3620 801 3716 856 per
3741 802 3836 841 vos

2282 884 2522 939 veritatis
2548 883 2726 936 lumen
2772 888 3077 950 agnoscant,
3116 887 3171 932 et
3212 894 3307 946 per
3336 892 3528 946 pascua
3570 885 3835 945 perpetua:

2280 971 2623 1026 beatitudinis
2647 970 2992 1025 deducantur.
3022 967 3094 1022 Os
3113 976 3345 1021 vestrum
3377 967 3498 1019 tuba
3529 964 3687 1018 debet
3718 974 3836 1018 esse

2282 1059 2376 1113 Dei
2411 1058 2633 1125 Christi,
2678 1059 2801 1127 quia
2828 1058 3018 1127 linguas
3059 1057 3390 1111 auctoritatis
3432 1065 3621 1111 vestrae
3660 1054 3838 1110 claves

2282 1156 2405 1203 sunt
2444 1148 2562 1202 coeli
2588 1147 2845 1200 habentes
2874 1154 3188 1216 potestatem
3217 1144 3425 1213 aperire
3465 1150 3519 1197 et
3546 1141 3833 1206 claudere;

2281 1238 2660 1308 paenitentibus
2689 1237 2912 1306 aperire,
2937 1234 3305 1290 resistentibus
3329 1233 3539 1287 veritati
3568 1230 3831 1285 claudere.

2283 1326 2613 1395 Quapropter
2640 1334 2799 1381 tantae
2818 1324 3143 1380 excellentiae
3164 1325 3513 1393 vosmetipsos
3540 1322 3725 1391 dignos
3748 1321 3837 1374 bo-

2282 1416 2367 1470 nis
2394 1416 2629 1471 moribus
2652 1415 2862 1481 ellieite,
2877 1416 3107 1470 scientes
3126 1411 3334 1468 laudem
3357 1428 3475 1468 esse
3502 1412 3835 1467 sacerdotum

2282 1505 2675 1573 pmdieationis
2719 1505 3103 1561 assiduitatem.
3137 1502 3265 1558 'Non
3296 1513 3378 1557 est
3421 1503 3577 1557 ludus
3618 1500 3837 1563 mula-
3866 1495 3871 1500 ’

2283 1594 2360 1648 ris
2379 1593 2723 1648 sacerdotalis
2740 1594 2946 1659 honor;
2974 1594 3067 1648 sed
3090 1608 3281 1663 magna
3308 1591 3576 1661 diligentia
3604 1590 3656 1643 in
3682 1604 3835 1642 man-

2283 1680 2420 1735 datis
2456 1682 2549 1734 Dei
2579 1682 2807 1751 seipsum
2844 1695 3096 1751 exercere
3140 1680 3295 1735 debet
3334 1678 3581 1733 sacerdos
3616 1675 3837 1740 Christi,

637 1775 808 1829 δῐυάίο
838 1773 906 1827 ab
931 1786 1112 1827 επονε
1140 1770 1261 1824 Viue
1280 1779 1334 1823 ει
1359 1766 1619 1836 superﬂua
1646 1765 1933 1820 ωυιιπυῐη
1962 1775 2185 1816 οοιιδιιε·
2213 1777 2259 1837 Β
2283 1780 2342 1827 ut
2367 1772 2623 1844 eiemplis
2661 1773 2820 1828 simul
2849 1780 2902 1829 et
2929 1774 3107 1829 verbis
3145 1774 3395 1844 p0pulum
3433 1771 3641 1826 erudiat
3679 1768 3835 1824 Chri'-

639 1862 817 1916 tudine
843 1861 1134 1914 vanitatum
1156 1859 1222 1912 ad
1245 1858 1556 1912 modestiam
1590 1854 1894 1909 sobrietatis
1938 1860 1992 1906 et
2025 1853 2184 1905 casti-

639 1952 760 2005 tatis
784 1950 1095 2005 exercitium
1124 1962 1377 2003 revocare
1398 1947 1625 2001 studeat.

707 2044 823 2099 Non
847 2050 1017 2098 taceat
1055 2056 1116 2095 os
1144 2038 1438 2094 sanctitatis
1473 2046 1575 2090 tua:
1599 2033 1915 2103 evangelica:
1951 2031 2188 2085 veritatis

636 2136 817 2197 verba,
857 2147 955 2186 nec
981 2129 1282 2199 apostolica:
1324 2111 1577 2181 doctrinae
1611 2124 1822 2189 seriem,
1856 2138 1954 2175 nec
1978 2129 2187 2175 sancto—

636 2239 753 2276 rum
782 2222 996 2276 Patrum
1024 2232 1198 2273 mores
1220 2216 1574 2272 nobilissimos
1593 2255 1607 2279 ,
1652 2222 1713 2267 ut
1748 2210 1898 2267 multi
1924 2225 2018 2278 per
2043 2218 2187 2261 tuam

636 2309 1023 2364 sanctissimam
1057 2307 1388 2361 devotionem
1417 2304 1758 2365 erudiantur,
1808 2309 1860 2353 et
1889 2300 1982 2353 tibi
2013 2297 2188 2351 multi—

637 2398 776 2466 plex,
824 2396 933 2449 Deo
960 2394 1171 2451 Christo
1196 2394 1445 2456 donante,
1474 2405 1680 2445 merces
1710 2396 1921 2442 maneat
1959 2388 2011 2440 in
2037 2394 2191 2440 aeter-

639 2502 782 2541 num.
820 2483 934 2539 Non
958 2492 1190 2552 potestas
1215 2482 1423 2552 regalis,
1458 2495 1557 2534 nec
1581 2478 1886 2549 arrogantia
1912 2474 2191 2543 cujuslibet

638 2576 905 2647 mularis
941 2572 1281 2629 sublimitatis
1312 2580 1455 2625 tuam
1481 2569 1757 2639 prohibeat
1796 2583 1825 2621 a
1853 2567 2075 2621 veritate
2099 2580 2191 2618 vo-

638 2681 791 2728 cem;
836 2677 940 2716 non
980 2661 1210 2716 adulatio
1255 2658 1683 2726 subsequentium
1708 2697 1722 2721 ,
1770 2671 1874 2712 non
1920 2654 2192 2709 saacularis

640 2750 860 2806 luxuria:
894 2763 1104 2820 pompa,
1153 2763 1258 2803 non
1301 2747 1626 2817 deceptibilis
1662 2746 1779 2801 auri
1818 2747 2040 2817 species,
2095 2759 2193 2798 nec

642 2840 746 2895 ulla
800 2849 1021 2896 terrena:
1070 2839 1433 2895 delectationis
1478 2839 1719 2908 voluptas
1760 2852 1853 2893 cor
1898 2836 2193 2892 sanctitatis

643 2942 745 2987 tua:
767 2949 797 2987 a
824 2930 1017 3007 tiducia
1058 2931 1281 2986 studiosi
1314 2930 1513 2984 laboris
1538 2929 1817 2984 subtrahat
1842 2946 1855 2993 ;
1906 2929 1996 2983 sed
2021 2926 2187 2982 omni-

640 3026 738 3078 bus
764 3024 815 3077 in
854 3030 907 3077 te
930 3020 1023 3076 lux"
1061 3020 1298 3074 veritatis
1326 3019 1529 3083 luceat,
1565 3029 1617 3073 et
1658 3020 1742 3071 via
1771 3018 1957 3073 salutis
1982 3024 2191 3070 πίθηκε

2283 1861 2534 1915 stianum.

2353 1950 2627 2004 Laudabat
2656 1962 2859 2004 mecum
2903 1951 3134 2004 vestiam
3159 1949 3350 2002 bonam
3381 1945 3836 2002 conversationem

2284 2039 2603 2093 venerabilis
2650 2039 2812 2093 frater
2843 2050 2863 2077 ο
2900 2039 3049 2093 Lullo
3089 2038 3277 2092 abLas.
3300 2037 3450 2091 cideo
3496 2036 3714 2105 supplex
3741 2049 3839 2104 ego

2287 2136 2474 2181 vestra:
2508 2127 2774 2181 sanctitati
2814 2127 3071 2194 meipsum
3112 2127 3480 2179 commendare
3505 2123 3718 2187 curavi,
3750 2123 3841 2175 de-

2285 2233 2512 2287 precans
2538 2224 2597 2272 ut
2613 2216 2846 2284 iubeatis
2869 2218 3035 2271 nostri
3075 2217 3303 2273 nominis
3326 2231 3418 2286 per
3442 2224 3648 2269 vestras
3672 2196 3841 2267 eccle-

2289 2308 2394 2361 sias
2443 2306 2821 2374 aliquantulam
2858 2305 2979 2358 ﬁeri
3027 2306 3354 2358 memoriam.
3408 2303 3519 2357 Non
3562 2318 3657 2371 pro
3706 2302 3840 2355 meis

2289 2397 2507 2459 meritis,
2558 2396 2648 2450 sed
2674 2411 2771 2465 pro
2792 2394 2989 2450 Christi
3020 2396 3281 2450 charitate
3320 2397 3433 2449 haec
3462 2396 3572 2464 ipsa
3602 2392 3840 2463 ﬂagitare

2289 2488 2616 2558 praesumpsi.
2647 2486 2827 2540 Facite
2854 2486 3066 2551 exinde,
3097 2488 3236 2541 sicut
3270 2487 3335 2541 de
3362 2494 3538 2539 vestra
3563 2487 3699 2539 bona
3729 2485 3837 2553 pie-

2292 2585 2399 2630 tate
2433 2575 2660 2631 conlldo.
2705 2574 2845 2629 Deus
2872 2576 3125 2630 Dominus
3167 2584 3356 2646 augeat
3399 2591 3492 2630 vos
3529 2574 3837 2627 meritorum

2291 2666 2481 2736 gratia,
2511 2672 2566 2720 et
2590 2664 2845 2735 prolicere
2870 2663 3033 2719 faciat
3068 2665 3285 2718 inomni
3316 2664 3596 2718 sanctitate
3625 2669 3677 2714 et
3707 2675 3839 2729 pne.

2291 2756 2552 2810 dicatione
2574 2753 2721 2810 verbi
2766 2754 2881 2819 Dei,
2913 2753 3210 2809 charissimi
3254 2761 3307 2807 et
3334 2749 3708 2825 desiderabiles
3732 2746 3837 2801 Pa-

2291 2854 2420 2901 tres.
2660 3012 2661 3015 γ
2729 2932 2754 2971 d
2786 2928 3112 2986 EPISTOLA
3149 2897 3411 2984 CCXVIII.

2848 3038 2913 3077 AD
2954 3036 3285 3075 ARDBERTIJII.

642 3114 966 3169 ostendatur.
1015 3111 1177 3166 Pauci
1223 3120 1344 3165 sunt
1382 3111 1537 3180 hujus
1581 3111 1702 3164 vita:
1735 3111 1847 3164 dies
1880 3110 2093 3172 laboris,
2138 3115 2193 3162 ct
2218 3116 2263 3178 ρ
2296 3116 2329 3170 ἢ

2150 3115 2193 3162 τι
2218 3116 2263 3178 C
2296 3116 2550 3170 Hortatur
2578 3116 2645 3168 ad
2682 3130 2833 3183 opera
2864 3104 3083 3183 justitia:
3120 3121 3166 3163 et
3205 3106 3567 3183 misericordia:
3596 3149 3609 3170 ,
3660 3102 3837 3183 (uariat

643 3203 731 3271 qui
757 3201 869 3270 plus
889 3200 1111 3264 laborat,
1135 3199 1251 3268 plus
1279 3200 1540 3254 mercedis
1560 3200 1783 3267 accipiet
1808 3216 1822 3265 ;
1853 3200 1946 3253 sed
1966 3197 2195 3253 caelestis

644 3290 982 3345 beatitudinis
1006 3290 1361 3344 remuneratio
1399 3289 1722 3357 temporibus
1746 3295 2018 3355 permanet
2041 3295 2195 3342 (eter—

644 3378 744 3431 nis.
790 3377 1134 3445 Omnipotens
1161 3378 1301 3431 Deus
1329 3384 1471 3429 tuam
1501 3383 1739 3428 sanetam
1762 3382 1816 3428 et
1839 3374 2195 3429 venerabilem

644 3467 1015 3535 paternitatem
1058 3464 1125 3519 ad
1161 3464 1531 3518 exaltationem
1573 3472 1766 3518 sanctae
1811 3478 1920 3518 suae
1948 3462 2197 3518 Ecclesia:

645 3555 825 3609 multis
858 3554 1081 3609 feliciter
1125 3554 1276 3608 annis
1317 3553 1495 3607 vivere
1534 3560 1587 3607 et
1627 3538 1885 3622 prolicere
1918 3554 2193 3621 concedat,

646 3646 957 3699 charissime
983 3644 1174 3699 Pater!

1097 3766 1123 3795 ι
1135 3752 1473 3808 'EPISTOLA
1500 3753 1741 3808 CCXVII.

829 3871 831 3874 ⁴
868 3855 933 3893 ΑΟ
960 3855 1269 3894 Αιςυλιωυκ
1298 3854 1364 3892 ΕΤ
1402 3855 1665 3893 τιειιεῡυκ
1692 3853 1980 3893 EPISCOPO‘S.

687 3929 937 3983 Hortatur
964 3929 1080 3982 illos
1101 3929 1167 3981 ad
1191 3930 1407 3998 ofﬁcium
1426 3928 1807 3999 praedicationis
1829 3928 2158 3999 implendum.

718 4043 1076 4097 Sanctissimis
1100 4050 1155 4096 et
1187 4042 1574 4097 venerabilibus
1618 4042 1858 4111 patribus
1878 4042 1905 4080 δ
1933 4042 2197 4096 Alchardo

656 4140 707 4183 et
734 4130 950 4183 Tit'redo‘
973 4132 1233 4199 episcopis
1257 4130 1507 4184 Alcuinus
1526 4131 1687 4185 levita
1712 4131 1955 4184 salutem.

722 4220 983 4286 Deprecor
1021 4219 1307 4285 piissimam
1336 4220 1623 4272 bonitatem
1650 4227 1901 4282 vestram,
1932 4233 1999 4271 ne
2026 4221 2197 4288 parvi-

657 4309 778 4361 tatis
816 4322 944 4360 mete
978 4308 1177 4360 litteras
1206 4308 1634 4376 praesumptiosas
1658 4308 1948 4362 testimetis.
2000 4309 2198 4362 Vestra:

2361 3185 2502 3238 illius
2544 3172 3038 3248 bonitatemfeique
3084 3178 3401 3233 commendat
3446 3191 3654 3228 causam
3702 3172 3838 3225 Lulli

2363 3254 2584 3305 abbatis.

2360 3362 2612 3417 Alcuinus
2652 3360 2820 3415 sancti
2862 3359 3070 3413 Martini
3111 3358 3337 3412 famulus
3368 3368 3391 3396 ε
3420 3357 3679 3411 Ardbcrto
3726 3354 3841 3405 viro

2293 3449 2482 3504 illustri
2508 3457 2775 3519 perpetuat
2799 3447 3139 3503 beatitudinis
3161 3446 3402 3499 salutem.

2361 3540 2591 3595 Audiens
2616 3547 2847 3593 vestram
2866 3539 3178 3593 laudabilem
3206 3536 3681 3597 conversationem,
3704 3533 3841 3587 sicut

2294 3631 2445 3683 decet
2471 3636 2657 3682 vestra!
2675 3641 2932 3696 personas,
2960 3626 3113 3680 valde
3137 3640 3221 3680 me
3246 3626 3480 3695 gavisam
3505 3640 3621 3679 esse
3652 3622 3836 3675 fateor.

2294 3717 2373 3771 Tu
2398 3732 2541 3781 vero,
2572 3717 2653 3770 vir
2687 3716 2906 3784 Optime,
2954 3730 3162 3785 semper
3186 3730 3302 3785 quae
3331 3716 3437 3768 Deo
3471 3714 3713 3783 placeant
3757 3713 3840 3765 fac

2296 3792 2511 3874 aiiiSque
2536 3805 2754 3859 suadeas
2775 3814 2833 3857 ut
2853 3806 3148 3858 benedictio
3179 3806 3271 3858 Dei
3318 3813 3369 3857 te
3396 3803 3590 3871 ubique
3628 3802 3841 3855 comitet

2296 3897 2641 3969 [comitetur],
2673 3906 2727 3951 et
2747 3896 2995 3965 proﬁcias
3024 3899 3072 3950 in
3103 3896 3323 3951 consilio
3352 3897 3536 3949 salutis
3564 3902 3684 3957 tunc,
3708 3892 3841 3947 mul-

2299 3996 2573 4054 torumque
2588 3984 2821 4054 profectu
2839 3984 3267 4054 populojustitias
3286 3983 3502 4046 faciens,
3519 3982 3839 4051 pauperibus

2296 4072 2733 4135 misericordiam,
2778 4072 3015 4149 ecclesiis
3044 4072 3235 4126 Christi
3265 4072 3538 4133 honorem,
3577 4077 3635 4121 ut
3660 4082 3838 4149 servo-

2294 4175 2414 4214 rum
2441 4160 2533 4213 Dei
2568 4158 2885 4213 intercessio
2913 4142 3116 4214 Domini
3144 4161 3267 4223 Jesu
3315 4160 3604 4223 clementia;
3629 4167 3678 4211 te
3711 4142 3841 4224 quo-

2296 4248 2426 4301 tidie
2453 4250 2801 4311 commendet,
2827 4250 2947 4316 quia
2975 4248 3191 4299 multum
3229 4246 3357 4300 valet
3396 4244 3684 4315 deprecatio
3706 4246 3838 4313 justi

2298 4335 2435 4405 (Jac.
2461 4351 2513 4400 v,
2552 4335 2658 4406 16),
2691 4343 2886 4403 quanto
2908 4337 3074 4402 magis
3097 4334 3461 4405 plurimorum.

656 4399 810 4465 igitur
837 4397 1111 4450 cbaritatis
1153 4396 1338 4450 ﬁducia
1367 4397 1579 4449 easdem
1609 4397 1843 4452 scribere
1870 4413 2029 4453 ausus
2056 4415 2193 4464 sum,
2222 4434 2272 4493 Ι)
2307 4396 2316 4405 “
2368 4396 2570 4478 Habe'w
2597 4396 2883 4492 p'éuéemm
2909 4396 3212 4492 curgm'qui
3247 4431 3368 4476 ante
3392 4424 3584 4476 ostium
3610 4421 3840 4476 convivii

655 4487 777 4551 "nia
801 4486 1067 4581 mium?“
1086 4486 1381 4581 Cl’risu_a"a
1397 4487 1595 4581 "mle
1619 4501 1870 4581 ξρεηιθτς
1895 4489 2068 4554 debet,
2104 4490 2197 4544 sed
2229 4486 2261 4493 ⁷
2297 4513 2372 4566 tui
2402 4520 2542 4567 stare
2576 4486 2764 4577 solent,
2809 4514 2929 4580 quia
2976 4513 3028 4565 in
3060 4486 3375 4581 pauperibus
3406 4512 3649 4566 Christus
3676 4510 3840 4564 susci-

657 4590 837 4628 omnes
882 4577 1103 4645 benigne
1154 4577 1419 4645 suscipere
1468 4578 1554 4646 pio
1603 4578 1898 4632 dilectionis
1952 4582 2192 4647 gremio;

658 4679 815 4731 quam
863 4663 916 4715 in
956 4666 1104 4717 vobis
1145 4674 1268 4732 Opto
1295 4667 1623 4719 abundanter
1649 4683 1745 4735 per
1789 4666 2042 4736 Spiritum
2077 4685 2199 4723 san-

658 4763 799 4808 ctum
822 4752 1202 4821 splendescere,
1235 4762 1292 4805 ut
1318 4753 1529 4808 ﬂumina
1555 4757 1619 4808 de
1646 4763 1830 4810 ventre
1850 4764 2024 4812 vestro
2052 4774 2200 4825 aqua:

730 4918 753 4943 ι
787 4903 1011 4958 Froben.
1041 4904 1195 4971 epist.
1226 4904 1343 4957 206.

732 4970 1371 5058 {alebart‘loietijredo
1412 4979 1674 5058 fpﬁsmpi‘s.
1725 4981 1831 5058 llos
1866 4987 2066 5053 pariter
2088 4992 2200 5058 epi-

666 5055 849 5107 scopos
886 5042 938 5093 in
976 5040 1159 5109 Anglia
1182 5040 1492 5108 quaerendos
1518 5040 1695 5101 credo.
1743 5052 1807 5106 Et
1833 5040 2202 5113 réveraimeril-

666 5109 742 5159 ius
765 5106 830 5161 ibi
863 5110 1120 5174 reperisse
1148 5110 1392 5164 existimo
1417 5127 1431 5174 ;
1459 5112 1596 5166 inter
1620 5118 1893 5174 episcopos
1919 5127 2080 5174 enim-
2112 5131 2199 5174 (mi

668 5130 742 5159 [US
765 5130 847 5187 iur
865 5130 1120 5174 reperisse
1148 5130 1392 5191 exisumo
1417 5130 1431 5174 ;
1459 5130 1596 5194 inter
1620 5130 1797 5183 episco
1867 5139 1893 5175 s
1919 5130 2080 5188 enim,
2112 5131 2200 5196 qui

668 5177 886 5248 ιιυηριιιο
925 5174 1350 5248 Cloveshowensr
1398 5195 1519 5233 anm
1550 5182 1652 5236 805
1696 5200 1757 5241 ac
1796 5132 2010 5246 ἕξει-εις»
2044 5195 2203 5248 Athe-

670 5247 799 5297 lardi
846 5245 1222 5318 archiepiscopi
1267 5250 1721 5318 subscripserunt,
1774 5245 2073 5313 nominatur
2099 5245 2205 5316 “Al-

669 5314 925 5391 rbeardus
946 5328 1037 5367 seu
1059 5313 1405 5391 aliginomine
1431 5313 1686 5379 Ealehard
1708 5313 2017 5391 'Elmhamis
2042 5313 2207 5391 eccle—

672 5382 759 5501 ἳξις
784 5383 1097 5462 ερίεςοριιερ
1129 5381 1351 5438 Tidfrith
1376 5387 1615 5444 Damaea:
1654 5395 1883 5475 civitatis
1908 5381 2201 5467 episcopi}.

742 5449 894 5505 tlktns
914 5452 1013 5505 loc.
1045 5459 1134 5503 Cll.
1166 5465 1284 5508 patr.
1315 5454 1417 5508 161
1435 5465 1489 5508 et
1515 5459 1627 5508 {‘68.
1654 5463 1740 5508 ubi
1771 5468 1931 5508 etiam
1958 5483 2056 5508 ma
2108 5469 2201 5508 me

679 5459 894 5531 Wilkins
914 5459 1013 5505 loc.
1045 5459 1134 5503 cit.
1166 5465 1284 5519 pag.
1315 5459 1489 5535 iuet
1515 5459 1627 5519 i158,
1654 5463 1743 5516 ubi
1771 5459 2207 5536 etiam‘pagflSﬁ

676 5520 740 5599 ab
761 5517 873 5599 ραει
908 5535 1027 5586 rege
1057 5528 1395 5599 recensentur
1413 5535 1549 5599 mter
1571 5531 1843 5599 episcopos
1862 5535 2205 5590 Orientalium

674 5586 990 5674 ngnglohrum,
1008 5604 1141 5656 quos
1163 5588 1394 5674 ecclesiae
1420 5586 1812 5674 Lichefeldensi,
1862 5586 1923 5658 εἷ
1942 5586 2206 5674 ‘di'c'titébil

675 5664 943 5722 scopulum
974 5673 1003 5710 a
1030 5674 1085 5714 se
1110 5660 1387 5728 erigendae,
1420 5665 1571 5718 subdi
1592 5668 1770 5721 voluit.
1801 5660 1808 5664 ’
1852 5672 1853 5675 “

2295 4602 2456 4669 pitur,
2488 4601 2577 4669 qui
2607 4601 2844 4655 dicturus
2871 4610 2949 4655 est
2976 4602 3028 4654 in
3050 4602 3134 4655 die
3156 4601 3337 4667 judicii
3364 4601 3467 4653 illis
3494 4602 3581 4668 qui
3615 4600 3842 4653 eleemo-

2296 4706 2481 4760 synam
2508 4691 2827 4759 pauperibus
2848 4728 2852 4733 ›
2876 4691 3153 4759 diligenter
3194 4690 3390 4744 faciunt
3418 4708 3429 4741 :
3479 4690 3722 4754 Quandiu
3751 4691 3840 4743 τι)ιί

2295 4793 2361 4830 ea:
2402 4778 2625 4830 minimis
2664 4777 2871 4845 fecistis,
2916 4778 3039 4830 mihi
3078 4777 3265 4845 fecistis
3304 4779 3513 4849 (Matth.
3558 4794 3682 4843 xxv,
3728 4778 3836 4849 40).

2370 4943 2390 4971 ε
2424 4932 2571 4985 Lullo
2612 4934 2784 4988 abbas.
2835 4935 3055 4991 Decreto
3093 4937 3358 4993 Athelardi
3400 4956 3519 4993 mox
3551 4949 3841 4993 memorato

2301 5003 2439 5056 inter
2446 5004 2677 5074 abbates
2712 5005 2778 5056 ad
2808 5005 3212 5074 Dammacanam
3240 5009 3489 5061 dimcesin
3516 5009 3841 5074 pertinentes

2298 5078 2419 5139 post
2445 5070 2723 5125 Tidl‘ritum
2751 5073 3074 5141 episcopum,
3100 5077 3408 5143 subscripsit
3434 5070 3578 5129 Luila
3604 5078 3687 5129 ab.

2369 5138 2394 5176 δ
2426 5138 2652 5191 Froben.
2676 5141 2829 5193 epist.
2852 5140 2973 5193 207.

2373 5155 2394 5176 ιι
2427 5155 2454 5190 ιι
2472 5155 2652 5191 ronen.
2676 5155 2829 5208 epist.
2852 5155 2973 5193 2w.

2373 5216 2397 5243 ο
2424 5206 2670 5283 Ardbertg
2715 5209 2832 5283 piro
2857 5209 3066 5283 illustri.
3117 5212 3172 5263 in
3198 5211 3417 5283 Anglia,
3448 5214 3586 5282 quod
3615 5214 3839 5283 coniicio

2300 5287 2369 5351 es
2391 5273 2601 5351 nomine
2630 5273 2725 5326 Lul
2745 5277 2977 5351 abbatis,
3004 5281 3191 5351 deun
3212 5282 3263 5333 in
3284 5273 3730 5351 prioriepistola:
3780 5273 3836 5334 in

2302 5340 2426 5393 bino
2445 5340 2726 5421 diplomate
2745 5343 2939 5421 βεῐωὶ
2966 5340 3120 5421 regis
3138 5340 3447 5421 Merciorum
3477 5340 3597 5421 anni
3624 5350 3724 5407 790
3742 5366 3839 5421 pro

2304 5411 2621 5483 monasterio
2649 5410 2703 5463 S.
2733 5410 2937 5483 Albani,
2969 5410 3102 5483 apud
3121 5416 3381 5472 Alfortum
3410 5420 3593 5470 Annal.
3621 5410 3836 5479 tom'll,

2305 5475 2935 5565 adfnp'llmjlrazdictum,
3055 5484 3105 5564 5,
3129 5500 3247 5565 pag.
3276 5486 3395 5565 078,
3424 5487 3703 5565 subscribit
3724 5475 3839 5565 qui;

2306 5545 2801 5624 damnllearﬂbertus
2826 5551 3061 5624 ψᾳτηᾼη
3092 5545 3237 5606 idem“
3254 5555 3324 5607 sit
3350 5545 3412 5609 ac
3435 5552 3708 5608 Ardbertus
3736 5545 3840 5624 iste

2304 5614 2647 5695 vir_illustr_i_s2
2676 5618 2860 5695 majori
2888 5619 3083 5695 indiget
3110 5623 3369 5689 examine,
3399 5625 3535 5693 quod
3563 5638 3591 5675 a
3622 5638 3705 5676 me
3722 5622 3839 5678 aliis

2306 5684 2433 5735 viris
2459 5684 2676 5739 eruditis
2701 5684 3095 5755 relinquendum
3121 5700 3219 5744 est.
