4258 6194
369 326 470 383 495

1781 261 2151 368 εριετοιηεί

3462 299 3559 350 51H

367 440 509 504 Quos
536 433 773 502 sequitur
800 431 884 485 illa
917 428 1219 485 felicissima
1261 426 1520 480 sententia
1552 438 1710 492 quam
1738 422 1917 478 Domi-
1944 427 1992 483 Α
2019 419 2239 473 lantium
2267 418 2429 472 armis
2456 417 2715 470 ullatenus
2748 413 3046 468 immiscere
3068 410 3382 504 consentias.
3426 408 3566 474 Fuge

371 542 469 582 nus
491 526 728 581 dicturus
753 524 855 578 erit
887 522 990 575 illis
1018 521 1107 590 qui
1134 520 1186 571 in
1219 519 1321 571 lioc
1343 514 1533 569 saeculo
1557 512 1739 584 [Forte
1776 512 1913 565 deest

371 614 516 688 erga]
529 629 819 687 pauperes,
861 612 1187 681 peregrinos,
1233 608 1458 662 miseros
1482 614 1533 659 et
1562 604 1800 657 inﬁrmos
1825 603 1917 656 be—

370 708 525 775 nigne
550 704 806 768 feccmnt,
836 701 1092 756 dicentis:
1130 698 1320 763 Venite,
1343 695 1588 750 benedicti
1602 694 1777 747 Patris
1798 694 1915 755 mei,

371 795 608 865 percipite
654 809 865 863 regnum
901 791 1039 861 quod
1076 790 1215 845 vobis
1240 797 1480 858 paratum
1524 796 1597 841 est
1634 785 1698 841 ab
1726 784 1921 853 origine

372 883 550 936 mutuli
576 881 785 953 (Matth.
818 895 943 945 xxv,
970 879 1079 949 54).

441 971 615 1024 Nostri
654 969 881 1023 nominis
925 968 1234 1022 memoriam
1278 980 1375 1034 per
1417 964 1668 1019 ecclesias
1706 963 1921 1019 ditionis

371 1068 577 1121 vestrm,
606 1059 878 1128 deprecor,
906 1056 1009 1111 illis
1028 1064 1087 1109 ut
1103 1055 1335 1125 jubeatis
1361 1053 1496 1107 ﬁeri.
1526 1052 1740 1107 Gaudeo
1765 1050 1923 1119 siqui-

373 1148 493 1201 dem
522 1147 588 1202 de
629 1148 780 1201 vobis
803 1159 1013 1213 semper
1043 1144 1261 1197 meliora
1296 1142 1500 1203 audire,
1531 1140 1705 1195 sciens
1731 1138 1922 1192 multo-

375 1252 493 1291 rum
525 1251 643 1290 esse
687 1235 1093 1304 prosperitatem
1138 1241 1240 1285 tua:
1283 1231 1532 1286 bonitatis
1575 1226 1822 1297 pietatem
1870 1227 1921 1279 in

376 1328 596 1383 servitio
625 1326 850 1381 Christi.

441 1416 598 1470 Plura
625 1416 883 1484 siquidem
922 1413 1251 1482 scripsissem
1296 1409 1537 1479 dignitati
1575 1417 1696 1470 tuae,
1725 1406 1769 1460 si
1805 1406 1924 1458 talis

366 1504 607 1574 cognitio
636 1504 775 1558 inter
798 1517 895 1557 nos
940 1510 1100 1565 esset,
1128 1507 1188 1554 ut
1223 1496 1683 1568 praesumptiosum
1716 1508 1817 1547 non
1848 1492 1925 1545 vi—

373 1596 622 1657 deretur,
649 1607 735 1647 me
762 1592 937 1647 subito
959 1600 1149 1644 vestrae
1180 1587 1506 1649 excellentize
1528 1588 1787 1655 ingerere.
1821 1584 1925 1639 Sed

368 1684 514 1752 quod
538 1697 657 1736 cum
693 1681 893 1737 Christi
918 1680 1181 1734 charitate
1224 1677 1436 1745 scripsi,
1476 1676 1698 1730 obsecro
1733 1682 1792 1727 ut
1828 1673 1925 1727 hu-

2017 512 2084 566 ad
2109 509 2401 593 Ch‘istum,
2440 506 2622 576 iacens
2648 513 2771 558 ante
2798 519 2920 557 eum
2958 501 3158 556 clama:
3210 498 3564 593 Misericordia

2018 614 2133 652 mea
2157 587 2227 652 ct'
2233 596 2490 664 refugium
2522 610 2697 648 meum
2722 610 2735 657 ;
2768 600 3044 660 susceptor
3068 604 3217 643 meus
3238 596 3291 661 et
3318 587 3567 642 liberatur

2019 700 2206 747 mens,
2255 684 2307 736 in
2357 684 2469 750 ipso
2496 682 2728 752 speravit
2753 695 2848 735 cor
2891 693 3089 733 meum.
3138 677 3321 732 Valeto
3348 676 3401 731 in
3427 676 3569 729 omni

2018 773 2390 842 prosperitate.

2470 892 2489 918 ³
2514 878 2838 935 ΕΡΙΞΤΟῐιΛ
2885 878 3083 935 CCXX.

2531 971 2552 1009 ί
2582 988 2647 1025 an
2681 986 3030 1024 nexsnicruu.

2023 1088 2307 1154 Quemdam
2345 1091 2581 1161 fratrem,
2626 1104 2775 1161 quem
2799 1087 2980 1161 ﬁlium
3001 1102 3152 1161 suum
3181 1093 3323 1138 vocat
3343 1124 3356 1145 ,
3404 1085 3557 1161 chari-

2090 1162 2215 1222 tati;
2264 1177 2317 1214 se
2342 1154 2457 1214 rere
2495 1160 2548 1210 in
2576 1154 2752 1211 δαίσαιὶ
2778 1154 3016 1223 ﬂuctibus
3048 1155 3301 1223 jactatnm
3343 1154 3573 1222 precibus

2088 1229 2227 1281 illius
2262 1227 2603 1283 commendat.
2653 1225 2753 1277 Pro
2778 1221 2946 1277 herbis
2967 1221 3571 1291 medicinalibusgratias

2088 1297 2263 1365 refert,
2302 1307 2407 1352 etc.

2087 1408 2374 1462 Benedicto
2395 1406 2560 1470 Patri,
2595 1406 2795 1458 utinam
2835 1405 2887 1456 in
2909 1402 3124 1457 Christo
3152 1400 3429 1455 benedicta
3456 1415 3574 1468 per.

2022 1506 2233 1565 petitam
2255 1497 2502 1551 salutem.

2094 1587 2255 1641 Valde
2280 1587 2409 1640 mibi
2452 1586 2624 1656 placet
2652 1584 2783 1638 ﬁdes
2810 1592 2997 1638 vestrae
3038 1582 3336 1637 devotionis
3363 1589 3415 1633 et
3451 1580 3578 1633 eba-

2022 1676 2199 1731 ritatis
2226 1677 2278 1729 in
2322 1675 2537 1729 fratrem
2579 1682 2811 1727 vestnim
2854 1680 2908 1724 et
2939 1672 3105 1725 ﬁlium
3151 1678 3408 1732 nostrum,
3453 1668 3575 1737 quia

368 1749 568 1825 'l‘ili‘e"
590 1770 764 1840 Ῑθῧθτθ
783 1769 1050 1838 digneris;
1080 1780 1199 1820 nam
1227 1766 1386 1835 272
1412 1778 1643 1833 Ρηεεηε
1665 1761 1819 1829 huius
1846 1763 1928 1815 in-
1958 1749 2001 1809 Β
2026 1767 2229 1821 amicus
2251 1766 2303 1819 in
2330 1765 2645 1819 necessitate
2670 1763 3064 1831 comprobatur,
3105 1775 3211 1828 quo
3243 1760 3472 1840 martium
3515 1760 3578 1810 de,

371 1860 532 1915 dieuli
566 1860 795 1928 portitor
815 1869 839 1898 α
872 1856 987 1921 Lul,
1029 1855 1344 1909 venerabilis
1370 1854 1555 1918 abbas,
1583 1860 1812 1906 vestram
1838 1865 1923 1905 so-

372 1951 515 2004 lebat
550 1947 688 2018 apud
730 1962 815 2000 me
848 1946 1065 1999 laudare
1097 1944 1426 2006 bonitatem;
1475 1956 1537 1996 ea
1583 1940 1774 1995 ﬁducia
1822 1940 1923 1994 has

370 2040 532 2091 etiam
559 2037 765 2090 litteras
789 2035 1116 2102 scripsimus,
1140 2046 1297 2101 quem
1322 2031 1545 2099 benigne
1571 2029 1624 2082 in
1651 2028 1761 2082 suis
1799 2041 1923 2080 cau-

369 2130 445 2182 sis
482 2135 537 2181 ut
561 2125 859 2194 suscipiatis
882 2124 1227 2192 deprecamur
1249 2120 1340 2173 tali
1367 2119 1561 2188 pietate
1580 2115 1732 2188 μή,
1758 2116 1924 2185 pieta-

374 2218 485 2290 tis],
514 2218 723 2287 qualem
753 2216 903 2270 nobis
928 2215 993 2269 de
1014 2213 1162 2268 vobis
1191 2211 1390 2267 referre
1414 2210 1634 2265 solebat.

440 2309 576 2377 Opto
612 2316 668 2359 ut
707 2306 931 2360 feliciter
964 2305 1198 2372 longzeva
1227 2302 1578 2371 prosperitate
1623 2301 1675 2353 in
1705 2300 1804 2354 hoc
1828 2314 1924 2352 sae-

373 2398 499 2451 culo
516 2398 681 2459 vivas,
726 2404 779 2449 et
806 2403 925 2462 post
974 2391 1130 2460 hujus
1168 2392 1291 2444 vitae
1333 2390 1639 2452 terminum,
1683 2388 1791 2443 Deo
1833 2389 1923 2442 do-

374 2494 552 2548 uante,
590 2486 655 2538 ad
701 2491 969 2553 perpetua:
1008 2479 1350 2535 beatitudinis
1394 2494 1615 2548 regnum
1651 2478 1926 2546 pervenire

372 2573 647 2637 merearis,
677 2573 761 2624 vir
788 2571 1111 2625 nobilissime
1140 2570 1399 2637 uobisque
1419 2567 1783 2621 amantissime
1807 2568 1819 2617 !

834 2660 861 2698 ιι
888 2658 1216 2712 EPISTULA
1254 2656 1476 2711 CCXIX.

762 2767 827 2806 AU
854 2765 1198 2805 ιευτῖιιευωι
1228 2764 1528 2803 EI‘ISCOPUI.

716 2840 932 2896 Solatur
958 2840 1103 2893 illum
1141 2842 1194 2893 in
1231 2840 1576 2893 tribulatione.

444 2928 790 2984 Sanctissimo
816 2929 963 2983 Patri
990 2938 1042 2983 et
1066 2912 1431 2984 amantissimo
1454 2929 1561 2983 ﬁlio
1589 2938 1611 2967 ε
1645 2928 1929 2984 Leutfredo

374 3021 619 3090 episcopo
640 3019 862 3072 Albinus
889 3019 1135 3073 salutem.

2024 1858 2125 1911 hac
2163 1857 2270 1909 vita
2299 1855 2524 1923 quisque
2568 1854 2831 1906 transiens
2857 1852 3091 1919 indiget,
3136 1857 3196 1902 ut
3240 1836 3468 1903 fraterna
3499 1849 3577 1900 iu-

2024 1946 2346 2001 tercessionc
2366 1944 2559 2014 iudicis
2594 1944 2675 1997 sui
2706 1942 2892 1996 faciem
2926 1942 3100 1995 videat
3127 1938 3458 1995 clementem.
3498 1939 3575 1992 Tu

2023 2036 2194 2099 illum,
2216 2043 2471 2102 quantum
2498 2033 2697 2095 valeas,
2712 2032 2891 2085 verbis
2911 2030 3186 2084 consolare
3209 2037 3263 2085 et
3290 2028 3461 2092 factis,
3487 2031 3578 2083 do-

2023 2140 2121 2179 nec
2144 2125 2323 2178 videas
2344 2123 2469 2192 quid
2498 2124 2561 2176 de
2584 2122 2673 2175 illo
2696 2120 2856 2173 faciat
2893 2119 3051 2173 Deus.

2091 2215 2249 2286 273
2283 2214 2364 2268 Me
2400 2227 2525 2268 vero
2562 2212 2737 2267 seculi
2778 2211 2969 2265 fluctus
2999 2210 3221 2264 diversis
3256 2210 3421 2277 agitat
3458 2222 3574 2261 mo-

2024 2310 2195 2372 tibus;
2241 2316 2295 2361 tu
2325 2322 2450 2360 vero
2478 2320 2598 2359 cum
2628 2304 2881 2357 fratribus
2909 2303 3034 2364 tuis,
3070 2302 3209 2355 sicut
3250 2300 3536 2368 promisisti
3560 2338 3573 2357 .

2024 2396 2354 2450 orationibus
2380 2393 2632 2461 adjuvare
2661 2407 2764 2444 non
2794 2404 2961 2451 cessa,
2987 2404 3053 2441 ne
3074 2387 3355 2455 cujuslibet
3376 2386 3577 2453 cupidi-
3636 2386 3637 2389 “

2024 2483 2150 2536 tatis
2172 2482 2254 2536 vel
2280 2481 2484 2549 peccati
2520 2494 2605 2532 me
2638 2493 2834 2546 vorago
2863 2478 3200 2541 submergat;
3233 2487 3420 2527 causas
3452 2488 3577 2526 vero

2024 2581 2077 2625 et
2105 2572 2333 2625 rationes
2361 2569 2517 2637 hujus
2541 2569 2645 2622 mei
2672 2575 2893 2622 eventus
2921 2566 3015 2620 tibi
3041 2566 3160 2617 viva
3189 2580 3340 2627 voce,
3369 2563 3578 2615 volente

2024 2661 2152 2723 Deo,
2182 2661 2429 2729 pandam,
2460 2666 2512 2712 ct
2537 2657 2676 2726 quod
2707 2657 2883 2727 petisti
2912 2655 3103 2709 faciam
3138 2655 3465 2722 temporibus
3486 2668 3579 2720 op-

2022 2750 2284 2816 portunis.
2337 2748 2556 2816 Semper
2602 2762 2734 2800 mea:
2774 2746 3050 2814 parvitatis
3085 2746 3346 2798 litterulas
3388 2752 3577 2797 vestrm

2024 2838 2252 2906 dirigere
2287 2837 2535 2891 cliaritati
2579 2837 2851 2909 recordor,
2896 2843 3205 2904 vestrasque
3246 2843 3426 2887 nmtua
3464 2835 3578 2887 viec

2024 2929 2262 2995 accipere
2290 2929 2573 2995 deprecor;
2608 2926 2829 2980 obsecro
2860 2934 2917 2979 ut
2943 2924 3257 2978 ﬁducialiter
3302 2925 3429 2977 mihi
3470 2933 3577 2977 stn-

2025 3020 2151 3074 deas
2178 3018 2241 3073 de
2286 3018 2476 3072 vestris
2516 3015 2840 3086 profectibus
2864 3016 2945 3070 vel
2977 3016 3417 3085 prosperitatibus
3457 3017 3578 3069 inti—

448 3110 584 3165 Vere
614 3108 780 3162 fateor
822 3108 961 3176 quod
992 3109 1260 3163 tribulatio
1309 3118 1399 3163 tua
1445 3118 1653 3178 torquet
1694 3112 1929 3164 animum
1956 3099 2002 3161 C
2033 3123 2196 3163 mare.

377 3212 551 3252 meum
576 3237 592 3263 ,
621 3199 745 3251 dum
771 3198 926 3251 audio
950 3205 1001 3249 te
1024 3197 1078 3250 in
1117 3198 1350 3265 periculo
1374 3212 1491 3253 esse
1515 3207 1794 3264 statutum,
1830 3215 1927 3254 nec

376 3286 536 3342 officii
560 3287 635 3341 tui
657 3286 873 3353 implere
893 3300 1047 3354 posse
1069 3287 1441 3351 ministerium,
1464 3288 1558 3343 sed
1583 3288 1802 3343 bellator
1829 3290 1931 3359 spi-

380 3374 568 3438 ritalis,
607 3373 829 3427 bellator
860 3374 1067 3442 cogitur
1100 3386 1217 3427 esse
1260 3375 1504 3429 carnalis.
1557 3376 1754 3430 Tamen
1781 3392 1925 3446 Spem

380 3462 572 3517 habeto
598 3463 652 3516 in
679 3463 805 3524 Deo,
855 3471 907 3516 et
937 3463 1210 3525 consolare
1255 3465 1478 3532 teipsum
1511 3465 1564 3518 in
1603 3465 1698 3520 Dei
1723 3467 1929 3522 miseri-

379 3553 578 3615 cordia,
626 3566 844 3621 Sperans
871 3551 925 3604 in
951 3551 1089 3605 illius
1126 3561 1432 3620 perpetuam
1460 3553 1768 3620 bonitatem,
1810 3571 1929 3624 qua:

379 3655 649 3709 nunquam
679 3640 875 3694 deserit
916 3648 1187 3708 sperantes
1233 3641 1285 3692 in
1324 3656 1398 3694 se.
1446 3641 1739 3696 Tribulatio
1770 3659 1930 3712 super

382 3730 775 3785 tribulationem
802 3729 1076 3793 incumbit,
1116 3729 1237 3798 quia
1265 3738 1541 3798 peccatum
1565 3746 1722 3801 super
1742 3747 1929 3801 pecca-

384 3829 494 3874 tum
523 3821 794 3875 accrescit.
844 3818 981 3885 Quid
1019 3832 1143 3873 vero
1184 3818 1283 3889 [in]
1314 3833 1375 3871 ea
1403 3820 1739 3887 tribulatione
1769 3837 1928 3890 quam

381 3912 582 3980 pateris
608 3910 867 3979 agendum
911 3911 999 3976 sit,
1040 3911 1066 3950 ά
1098 3912 1383 3966 Benedicto
1410 3912 1561 3966 fratri
1607 3914 1755 3975 dixi;
1803 3916 1929 3984 quid

381 4015 509 4054 vero
528 3999 592 4053 de
618 4014 701 4052 me
731 4008 906 4053 actum
932 3999 1021 4064 sit,
1052 4000 1227 4052 omnia
1254 3999 1502 4053 charitati
1533 4002 1734 4055 tumille
1754 4011 1931 4056 osten-

382 4089 508 4142 dere
535 4087 745 4156 poterit.

452 4178 813 4247 Deprecemini
844 4178 935 4232 Dei
963 4179 1296 4233 clementiam
1321 4195 1478 4250 super
1507 4195 1621 4245 nos,
1653 4188 1712 4233 ut
1739 4180 1929 4251 dirigat

381 4268 496 4320 vias
539 4275 781 4332 nostras,
826 4268 963 4335 quod
990 4283 1097 4322 sua:
1123 4270 1271 4323 bonae
1312 4269 1568 4323 voluntati
1607 4268 1839 4337 placeat,
1876 4275 1930 4321 et

384 4358 535 4413 nobis
569 4360 635 4412 ad
663 4368 966 4427 perpetuam
1008 4360 1250 4428 proﬁciat
1294 4360 1535 4413 salutem.
1584 4360 1691 4413 Nec
1729 4368 1780 4412 te
1819 4358 1929 4413 bel-

417 4564 437 4612 ‘
471 4488 595 4609 lLitt
617 4490 911 4543 venerabilis
934 4490 1107 4543 abbas.
1130 4490 1244 4543 Vid.
1271 4498 1423 4543 notas
1453 4490 1793 4556 praecedentis
1818 4494 1926 4558 epi-

437 4574 468 4611 o
488 4573 552 4612 ae.

384 4573 552 4613 βιοιε.

461 4629 485 4666 δ
515 4627 737 4681 Froben.
763 4628 914 4694 epist.
946 4626 1067 4681 208.

458 4708 481 4734 ο
512 4695 780 4763 Leutfredo
815 4697 1063 4763 episwpo.
1087 4694 1362 4758 Leidrado,
1386 4695 1478 4749 abs
1502 4696 1659 4749 dubio
1681 4696 1925 4763 episcopo

387 4764 717 4831 Lugdunensi
745 4781 759 4825 ;
804 4766 951 4816 varie
989 4764 1127 4817 enim
1159 4766 1257 4818 hoc
1300 4780 1489 4817 nomen
1518 4780 1546 4816 a
1578 4765 1927 4832 scriptoribus

387 4832 654 4905 veteribus
703 4834 876 4905 minus
903 4834 1207 4905 accuratis
1230 4834 1541 4905 exprimitur
1564 4850 1603 4905 ;_
1630 4833 1923 4905 Laedredue

388 4898 687 4979 vocaturin
709 4898 883 4979 epist.‘
899 4898 953 4963 2,
986 4898 1269 4953 Liobradns
1292 4898 1349 4953 et
1376 4900 1665 4957 Liodradus
1695 4901 1748 4955 iu
1768 4902 1921 4969 epist.

388 4968 478 5033 89,
504 4968 627 5030 alibi
660 4967 965 5019 Laidradus.
1799 4967 1815 4969 “

454 5036 481 5075 ἀ
512 5035 782 5115 Benedicto
819 5036 997 5115 fratri.
1044 5034 1233 5088 Abbati
1274 5035 1592 5115 linianensi,
1629 5036 1696 5114 de
1738 5050 1842 5115 quo
1872 5035 1922 5100 ip

390 5105 723 5171 sequentibus
750 5105 982 5171 epistolis
1008 5118 1022 5165 ;
1077 5118 1105 5154 a
1144 5119 1248 5170 quo
1274 5104 1561 5158 Laidmdus
1595 5104 1779 5170 viginti
1807 5119 1921 5157 mo—

391 5173 588 5225 nachos
614 5175 813 5238 accepit
836 5188 931 5239 pro
971 5173 1290 5225 monasterio
1316 5173 1502 5226 Insulae
1529 5174 1773 5225 Barbara:
1796 5187 1823 5223 a
1867 5186 1924 5225 se

393 5240 635 5311 fundato,
679 5248 738 5291 ut
777 5248 1009 5311 testatur
1035 5240 1174 5292 Ardo
1211 5240 1667 5311 seu_Smaragdus
1702 5241 1756 5311 in
1806 5241 1922 5311 Yita

392 5305 622 5374 ejusdem
651 5307 815 5360 sancti
840 5309 1064 5370 abbatis,
1098 5324 1243 5361 num.
1280 5307 1346 5359 56
1393 5305 1556 5374 apud'
1576 5309 1770 5363 Mabill.
1802 5308 1918 5363 Act.

394 5373 491 5431 SS.
514 5388 640 5445 suae.
672 5391 742 5439 iv,
775 5383 911 5443 part.
936 5391 971 5445 ε,
999 5390 1117 5445 pag.
1144 5376 1265 5431 205.

464 5454 487 5482 ο
514 5441 718 5496 Froben
746 5441 898 5497 epist.
927 5444 1050 5497 209.

463 5511 483 5549 ί
514 5511 593 5563 Ad
619 5511 971 5571 Benedictum.
986 5512 1237 5570 Abbatem
1258 5512 1625 5569 Anianensem,
1641 5512 1781 5565 fama
1802 5528 1919 5565 san-

394 5580 591 5648 ctitatis
612 5593 674 5631 ac
699 5580 950 5648 doctrinae
974 5589 1129 5647 atque
1153 5582 1406 5634 restitutm
1431 5582 1718 5648 disciplinae
1741 5596 1918 5633 mona—

352 5648 359 5653 ’
397 5647 894 5701 stitio—Benedictum
939 5649 1354 5711 celeberrimum,
1402 5666 1624 5717 (procum
1671 5650 1918 5701 Alcuinus

1954 4425 2007 4485 ι)

2099 3199 2303 3252 Herbas
2336 3198 2677 3253 medicinales
2699 3214 2831 3267 quas
2861 3198 3120 3260 direxisti,
3145 3198 3371 3267 gratanti
3404 3199 3581 3250 animo

2028 3290 2227 3358 accepi,
2265 3298 2321 3343 et
2345 3290 2479 3343 sicut
2509 3289 2769 3357 corporali
2798 3304 2882 3343 me
2916 3290 3144 3343 sanitate
3170 3290 3449 3358 providere
3489 3305 3577 3342 cu-

2030 3378 2174 3439 rasti,
2216 3378 2289 3431 ita
2316 3388 2419 3432 tuae
2457 3378 2679 3446 spiritali
2726 3378 2883 3431 saluti
2916 3379 3175 3446 provideri
3206 3393 3414 3447 semper
3442 3379 3580 3431 desi-

2030 3468 2176 3532 dero,
2205 3478 2396 3535 Optans
2438 3476 2488 3521 te
2528 3468 2580 3520 in
2607 3482 2671 3520 eo
2709 3475 2923 3520 strenue
2965 3466 3219 3535 perﬁcere
3257 3482 3415 3534 opere
3440 3469 3579 3537 quod

2027 3559 2255 3625 cmpisti,
2282 3566 2337 3611 et
2391 3560 2415 3595 ε
2439 3571 2652 3627 gregem
2680 3558 2977 3623 gubernare
3001 3557 3227 3610 ﬁdeliter
3251 3572 3407 3624 quem
3448 3572 3577 3608 con-

2028 3646 2280 3715 gregasti.
2318 3645 2624 3700 Nullatcuus
2652 3645 2888 3713 fatigeris
2922 3645 3001 3699 vel
3025 3646 3401 3713 cogitationum
3440 3646 3579 3699 desi-

2026 3734 2130 3797 dia,
2164 3735 2245 3789 vel
2272 3736 2338 3789 ab
2362 3736 2657 3801 aliquorum
2686 3735 3022 3802 negligentia.
3053 3734 3150 3798 Qui
3182 3735 3298 3802 plus
3334 3734 3572 3800 laborat,

2026 3824 2144 3891 plus
2171 3823 2429 3895 mercedis
2454 3822 2696 3889 accipiat.
2729 3821 2946 3874 Multum
2976 3830 3025 3875 te
3051 3822 3151 3875 isto
3172 3837 3311 3875 anno
3332 3825 3572 3890 praesenti

2028 3914 2206 3966 videre
2235 3912 2495 3973 desidero,
2524 3911 2565 3964 si
2597 3911 2709 3964 ﬁeri
2738 3920 2929 3979 potest,
2962 3912 3083 3979 quia
3114 3911 3445 3965 familiaritas
3474 3914 3571 3965 lm-

2028 4003 2267 4056 militatis
2313 4012 2505 4056 vestra:
2548 4002 2773 4054 multum
2841 4003 3018 4055 animo
3069 4018 3187 4055 meo
3232 4005 3571 4071 complacuit.

2029 4090 2324 4159 Aiqualitas
2349 4093 2643 4145 animorum
2672 4092 3001 4145 dulcedinem
3026 4107 3279 4161 generare
3296 4094 3429 4147 solet
3449 4096 3573 4149 dile-

2027 4182 2235 4247 ctionis,
2266 4192 2318 4236 et
2343 4183 2384 4237 si
2415 4183 2643 4250 disparia
2667 4184 2770 4236 sint
2800 4196 3017 4251 operum
3046 4184 3256 4244 merita,
3283 4194 3456 4237 tamen
3481 4202 3574 4253 par

2027 4282 2203 4338 potest
2227 4289 2344 4328 esse
2370 4274 2690 4327 desiderium
2717 4274 2929 4337 salutis;
2978 4289 3099 4327 nam
3148 4274 3386 4328 inﬁrmus
3424 4291 3571 4331 suam

2028 4362 2292 4417 desiderat
2318 4364 2617 4427 sanitatem,
2648 4364 2783 4417 sicut
2809 4374 2861 4417 et
2884 4364 3141 4426 medicus,
3166 4363 3287 4417 licet
3310 4364 3394 4418 ille
3410 4380 3572 4431 argi-o-

2030 4493 2188 4545 multa
2218 4501 2271 4546 et
2298 4492 2541 4545 familiari
2570 4508 2697 4546 usus
2721 4502 2801 4545 est
2827 4495 3075 4548 amicitia.
3108 4513 3125 4542 ‹
3152 4494 3199 4546 ls
3224 4494 3362 4547 enim
3394 4497 3566 4548 audita

2022 4570 2345 4642 reppertaque
2375 4563 2471 4614 viri
2514 4562 2602 4640 Dei
2650 4564 2945 4641 sanctitatis
2993 4563 3152 4641 fama,
3203 4563 3482 4642 inviolabili
3515 4582 3571 4617 se.

2026 4630 2096 4681 illi
2128 4630 2383 4683 cliaritate
2432 4630 2723 4697 conjunxit,
2758 4632 2828 4682 ita
2877 4641 2933 4683 ut
2977 4647 3039 4682 ex
3070 4632 3179 4683 suis
3231 4633 3465 4697 epistulis
3518 4636 3563 4685 ei

2024 4713 2161 4767 smpe
2196 4698 2429 4762 directis,
2480 4702 2774 4767 aggregatis
2804 4702 2853 4752 in
2887 4717 3066 4763 unum,
3111 4715 3247 4752 unus
3282 4703 3566 4753 conficere-—

2025 4776 2110 4819 tur
2139 4768 2364 4829 libellus,
2400 4789 2417 4819 ι
2453 4778 2511 4820 ut
2540 4778 2759 4821 testatur
2807 4770 2947 4822 Ardo
2981 4768 3425 4835 seu/Siiiaragdns
3464 4771 3561 4821 loc.

2024 4836 2112 4889 cit.
2146 4836 2436 4890 Dolendum
2472 4852 2597 4889 vero
2640 4837 2923 4889 maximam
2948 4836 3288 4902 epistolarum
3336 4836 3419 4888 hic
3457 4854 3565 4889 mc—

2024 4913 2348 4957 moratarum
2377 4913 2583 4970 partem
2615 4902 2965 4967 intercidisse,
2999 4919 3096 4957 nec
3123 4904 3223 4957 nisi
3251 4906 3381 4959 duas
3410 4906 3566 4961 hasce.

2024 4972 2077 5023 in
2104 4973 2222 5039 cod.
2258 4971 2538 5025 llarleiano
2571 4980 2807 5039 repertas
2836 4986 3139 5039 superesse.

2095 5040 2121 5107 3
2148 5038 2359 5106 Gregem
2390 5056 2538 5107 quem
2564 5038 2913 5107 congregasti.’
2932 5041 2987 5093 In
3015 5042 3338 5095 monasterio
3365 5042 3565 5098 scilicet

2023 5105 2330 5178 Anianensi,
2378 5105 2520 5178 quod
2551 5105 2763 5163 sanctus
2802 5110 3113 5178 Benedictus
3139 5109 3565 5178 suisimpendiis

2023 5176 2299 5246 escitavit:
2339 5194 2356 5224 ι
2392 5177 2431 5230 Ε
2464 5178 2788 5246 monasterio,
2808 5177 3065 5242 siquidem
3105 5177 3274 5229 sancti
3307 5176 3561 5246 sequam,

2024 5244 2109 5294 ubi
2133 5244 2312 5311 capitis
2356 5261 2555 5297 comam
2581 5243 2828 5309 deposuit,
2860 5253 2906 5296 et
2936 5246 3037 5296 veri
3064 5247 3300 5299 monachi
3334 5243 3561 5302 habitam

2022 5313 2256 5381 sumpsit,
2296 5327 2556 5380 egressus,
2588 5319 2864 5379 postquam
2895 5327 3060 5366 annos
3086 5314 3286 5381 aliquot
3326 5317 3378 5367 in
3408 5318 3556 5376 cella.

2020 5395 2181 5446 prope
2206 5380 2464 5432 Anianum
2490 5388 2779 5444 exstructa,
2809 5381 2940 5433 vixit
2965 5396 3085 5436 cum
3115 5380 3383 5448 diScipulis
3419 5386 3557 5445 suis,

2021 5448 2217 5513 grande
2258 5448 2577 5509 coenobium,
2628 5451 2883 5509 Anienem
2928 5451 3141 5511 dictum.
3183 5451 3478 5513 aediﬁcavit,
3507 5465 3560 5509 et

2021 5515 2303 5587 basilicam
2318 5514 2604 5587 salvatoris
2618 5533 2693 5571 ac
2721 5520 2887 5573 beata:
2919 5520 3093 5573 Mariae
3133 5522 3421 5587 nuncupari
3446 5520 3559 5587 jus—

2022 5584 2115 5657 s_it._
2142 5603 2156 5630 ι
2209 5582 2535 5657 Mabillonius
2566 5587 2841 5641 Observat.
2895 5604 3053 5657 pnev.
3088 5590 3138 5641 in
3182 5586 3278 5639 Vit.
3312 5582 3380 5641 'S.
3428 5582 3554 5646 Ben.

2019 5652 2204 5700 Animi.
2235 5666 2376 5702 num.
2408 5652 2457 5704 ὦ.
