4258 6200
633 346 738 402 tas
1226 374 1231 383 .
1477 338 1535 394 a.
1584 339 1643 393 ιτ.
1683 335 1905 393 sum
1941 332 2071 392 seu
2108 313 2381 423 statim
2417 328 2697 388 OPERUM
2734 328 2910 384 pass
2942 327 2981 383 l.
3730 326 3833 382 tos

637 458 929 524 tuajaceat,
955 463 1008 508 et
1028 454 1128 509 iste
1152 466 1280 507 sano
1306 451 1473 521 vigeat
1496 464 1735 520 corpore.
1759 449 1927 504 Tuam
1947 430 2181 518 paterni-
2214 450 2256 506 Α
2285 440 2487 497 idcirco
2532 435 2820 494 s'tudiosius
2873 452 3045 492 meam
3080 436 3241 507 279
3269 437 3581 505 parvitatem
3637 439 3835 492 sanctis

638 554 803 602 tatem
838 558 935 616 pro
959 543 1112 598 nobis
1160 541 1570 596 intercedentem
1616 540 1736 610 pius
1780 538 1921 593 Deus
1957 538 2011 591 in
2040 536 2185 592 omni
2281 531 2613 588 orationibus
2635 530 2830 584 vestris
2854 528 3227 584 commendare
3249 542 3517 593 curamus,
3546 526 3837 597 deprecatio

639 635 779 693 bono
799 632 1059 705 proiicere
1085 630 1264 687 faciat.
2284 630 2365 675 tes
2388 629 2447 675 ut
2466 619 2635 674 nostri
2663 618 2892 674 nominis
2934 617 3132 672 habere
3166 616 3455 687 dignemini
3477 617 3786 671 memoriam
3814 634 3834 681 ;

1096 756 1122 786 -
1145 741 1471 798 EPISTOLA
1507 739 1733 796 ccxxx.
2285 709 2425 764 είαιι
2448 709 2618 763 δαείω
2638 722 2777 761 mem

2285 709 2425 764 sicut
2448 709 2618 763 beata
2638 707 2909 761 memoria
2933 716 2956 745 ο
2979 706 3137 759 Pater
3157 714 3333 759 vester
3354 706 3683 762 venerandus
3707 705 3834 761 olim

1246 794 1326 911 ab
1349 794 1584 908 suuouu.
1648 794 1653 795 γ
2446 798 2797 898 Ρθτάουθιυξιι
2823 795 2927 911 h‘al:

2284 798 2415 852 mihi
2446 798 2797 866 perdonatum
2823 795 3020 849 habere
3048 794 3311 849 credimus
3337 834 3353 860 ,
3388 795 3529 864 quod
3578 795 3664 849 his
3693 795 3835 849 litte—

644 966 907 1037 Iplstolas
927 966 1081 1019 mittit
1111 964 1216 1037 regi
1260 972 1308 1017 et
1328 960 1467 1037 _aliis
1511 977 1544 1037 ᾳ
1570 958 1844 1037 Dmdicto
1871 956 2185 1037 tradendos;

849 1044 988 1105 optat
1012 1025 1200 1103 sapiu}
1228 1032 1459 1100 accipere
1484 1030 1547 1089 ab
1574 1030 1685 1098 ipso
1714 1025 1975 1097 epistolas.

711 1146 1024 1203 Benedictus
1069 1144 1209 1200 Deus
1254 1141 1541 1198 Benedicto
1585 1138 1730 1195 Patri
1766 1139 2187 1195 benedictionem

642 1240 731 1293 det
754 1244 1029 1307 aternam.

714 1324 746 1367 δ
771 1323 969 1393 Scripsi
1015 1320 1391 1391 epistiunculas
1439 1319 1665 1389 aliquas,
1714 1318 1854 1373 sicut
1892 1317 2188 1388 intelligere

644 1430 828 1470 earum
880 1415 1103 1469 lectione
1146 1411 1375 1483 poteris;
1428 1411 1474 1465 si
1504 1410 1605 1464 tibi
1653 1410 1869 1478 dignum
1924 1407 2185 1463 videatur.

644 1502 825 1559 Redde
853 1502 1073 1573 singulis
1098 1500 1357 1570 singulas;
1397 1499 1508 1567 regi
1533 1513 1659 1551 vero
1686 1512 1837 1551 suam
1861 1512 1981 1551 cum
2011 1494 2191 1549 multis

644 1591 977 1647 salutationis
998 1590 1183 1644 verbis
1212 1604 1228 1641 :
1255 1597 1308 1643 et
1333 1588 1525 1643 melius
1562 1587 1691 1641 mihi
1726 1587 1898 1641 visum
1924 1594 2006 1641 est
2032 1594 2084 1641 te
2112 1586 2191 1640 di-

2284 891 2363 945 ris
2391 890 2685 958 horumque
2719 888 2875 943 simul
2911 886 3136 940 fratrum
3182 886 3523 956 suggestione
3574 900 3839 940 renovare

2286 981 2597 1043 studemus;
2642 978 2769 1048 quia
2822 991 3068 1046 magnam
3092 1017 3107 1042 ,
3144 986 3204 1031 ut
3250 976 3439 1041 fateor,
3494 976 3740 1031 fiduciam
3772 977 3841 1030 de

2288 1072 2397 1127 Deo
2444 1070 2789 1126 servientium
2839 1067 3217 1122 intercessione
3266 1068 3319 1121 in
3351 1066 3527 1121 wrdis
3562 1066 3840 1121 dulcedine

2286 1159 2571 1222 habemus;
2604 1156 2727 1225 quia
2756 1156 2896 1225 quod
2925 1156 3054 1209 mihi
3081 1156 3231 1211 deest
3251 1156 3303 1209 in
3332 1156 3537 1210 meritis
3560 1196 3575 1221 ,
3627 1155 3839 1210 illorum

2286 1249 2549 1319 precibus,
2578 1246 2837 1321 largiente
2861 1246 3037 1300 divina
3058 1247 3226 1317 gratia
3244 1287 3259 1313 ,
3286 1247 3558 1317 possidere
3574 1256 3838 1315 optamus.

2288 1337 2424 1404 Quid
2446 1345 2528 1391 est
2556 1337 2697 1405 quod
2722 1336 2811 1405 pia
2832 1336 3155 1411 unanimitas
3194 1345 3391 1389 sancta
3418 1335 3842 1405 congregationis

2286 1442 2394 1481 non
2420 1426 2594 1480 valeat
2642 1426 2930 1499 impetrare
2972 1424 3112 1495 apud
3159 1440 3281 1479 eum
3329 1426 3420 1493 qui
3466 1425 3579 1479 ait:
3608 1422 3708 1478 Ubi
3735 1425 3841 1478 duo

2288 1515 2365 1569 uel
2390 1524 2493 1569 tres
2520 1514 2811 1583 congregati
2839 1514 2894 1566 in
2928 1515 3129 1567 nomine
3152 1531 3263 1567 meo
3286 1554 3301 1577 ,
3330 1513 3401 1565 ibi
3427 1529 3543 1567 sunt
3578 1514 3633 1566 its
3675 1513 3843 1567 medio

2284 1621 2464 1659 eorum
2495 1603 2707 1675 (Matth.
2741 1619 2891 1668 xvm,
2936 1604 3071 1675 ‘20)?
3122 1603 3258 1670 Quid
3304 1613 3387 1659 est
3438 1604 3643 1659 dulcius
3683 1618 3844 1673 quam

648 1694 772 1737 cere
799 1678 911 1747 eius
938 1680 1121 1748 pietati
1136 1678 1203 1733 de
1216 1679 1366 1732 nobis
1388 1686 1671 1745 nostraque
1682 1677 1975 1743 voluntate,
1989 1687 2043 1733 et
2082 1676 2191 1731 filio
2292 1694 2564 1749 Christum
2592 1707 2803 1761 semper
2828 1694 3025 1747 habere
3056 1703 3402 1763 pmsemem;
3432 1708 3589 1763 quam
3631 1691 3724 1746 ﬁlii
3750 1692 3843 1747 De;

648 1780 854 1836 nostro,
880 1786 1041 1841 quam
1066 1770 1188 1825 inde
1229 1769 1427 1837 aliquid
1455 1768 1810 1835 scripsissem,
1842 1768 1965 1836 quia
2005 1767 2195 1823 littera
2224 1770 2268 1830 Β
2293 1803 2329 1839 γι

2161 1784 2195 1823 ἓ
2224 1770 2268 1830 Β
2293 1786 2502 1849 vocari,
2558 1785 2671 1853 ipsa
2725 1783 2963 1838 Veritate
2993 1783 3200 1837 dicente
3233 1800 3245 1835 :
3277 1783 3424 1837 Beati
3460 1783 3686 1853 paciﬁci,
3712 1766 3842 1853 quo-

645 1876 740 1933 per
767 1875 958 1916 manus
998 1866 1222 1913 currunt
1246 1858 1558 1924 multorum;
1590 1858 1748 1912 verba
1778 1872 1905 1912 vero
1943 1858 1998 1911 in
2027 1858 2195 1913 corde

645 1958 958 2025 permanent
987 1949 1147 2006 fideli.
1175 1948 1461 2019 Epistolam
1496 1963 1621 2002 vero
1661 1949 1727 2003 ad
1767 1946 1960 2002 fratres
1984 1957 2196 2003 nostros

644 2042 997 2097 communiter
1025 2040 1242 2110 scripsi;
1272 2040 1316 2093 si
1344 2040 1556 2107 dignum
1586 2036 1713 2108 quid
1757 2037 1811 2092 in
1839 2052 1901 2091 ea
1933 2038 2195 2102 invenies,

637 2129 857 2199 iubeam
904 2128 1107 2201 [ην-ιε,
1147 2128 1359 2201 iubeas]
1413 2128 1601 2183 melius
1645 2127 1994 2197 perscribere,
2045 2134 2100 2181 et
2150 2130 2195 2182 si

648 2221 775 2290 quid
802 2220 1099 2275 addendum
1128 2219 1380 2282 astimas,
1412 2217 1497 2272 fac
1539 2217 1833 2272 secundum
1878 2217 2160 2275 consilium
2180 2256 2195 2281 ,

644 2311 769 2381 quia
798 2309 898 2365 sub
932 2309 1273 2365 festinatione
1292 2308 1492 2362 dictata
1518 2307 1709 2362 fuitad
1738 2308 2197 2363 rememorandum

647 2398 896 2453 amicitia
918 2397 1323 2466 iucunditatem,
1354 2404 1408 2451 et
1432 2396 1733 2451 orationum
1753 2412 1850 2466 pro
1870 2398 2027 2451 nobis
2046 2398 2199 2452 sedu-

624 2472 849 2541 'litatetn
866 2526 880 2550 ,
916 2486 1054 2541 sicut
1081 2487 1188 2541 scis
1211 2501 1461 2555 magnum
1504 2500 1604 2540 nos
1628 2486 1823 2540 habere
1847 2486 2195 2549 desiderium,

645 2592 891 2647 magnam
916 2576 1077 2631 etiam
1103 2576 1494 2638 necessitatem,
1532 2590 1783 2644 spemque
1808 2577 2003 2630 bonam
2030 2574 2095 2629 de
2132 2574 2198 2627 il-

645 2664 817 2721 lorum
861 2665 1057 2718 habere
1082 2663 1462 2719 sacratissimis
1487 2663 1839 2718 orationibus.
1869 2662 1969 2717 Ubi
2016 2670 2094 2728 tu,
2127 2662 2199 2716 ibi

646 2763 701 2809 et
722 2769 843 2823 ego,
868 2761 923 2809 et
952 2751 1089 2806 Deus
1110 2752 1383 2806 nobiscum
1413 2752 1468 2806 in
1492 2760 1769 2807 aternum.
1980 2750 1983 2751 ⁷

719 2842 1019 2899 Secundum
1037 2842 1483 2911 opportunitatem
1503 2843 1777 2911 portitoris
1796 2843 1989 2911 sapius
2012 2842 2202 2897 littera

648 2932 883 2997 veniant,
924 2946 1023 2985 nec
1067 2930 1366 2995 rusticitas,
1394 2931 1459 2985 de
1500 2945 1603 3000 qua
1634 2938 1687 2984 te
1726 2946 1983 2987 excusare
2030 2931 2199 2995 soles,

648 3022 961 3077 charitatem
1006 3028 1183 3075 tacere
1205 3019 1387 3084 faciat,
1415 3034 1482 3073 ne
1519 3021 1695 3075 minus
1716 3019 1927 3074 flamma
1968 3022 2202 3075 lucescat

650 3114 811 3177 illius,
837 3112 930 3167 sed
965 3111 1161 3182 fulgeat
1186 3112 1256 3179 fin
1287 3110 1565 3177 chartulis,
1591 3126 1710 3180 qua
1740 3112 1794 3164 in
1826 3109 1986 3165 corde
2008 3124 2199 3179 perpe-
2227 3108 2271 3167 C

652 3201 864 3257 tualiter
884 3201 1097 3256 incensa
1130 3202 1300 3256 ardet.
1336 3200 1545 3255 Vadens
1576 3201 1729 3265 vade,
1760 3200 1867 3255 Deo
1894 3201 2200 3265 miserante,

650 3306 775 3347 cum
801 3292 945 3346 omni
971 3291 1338 3361 prosperitate.
1362 3288 1551 3344 Videat
1576 3298 1627 3343 te
1651 3289 1835 3344 oculus
1859 3304 2025 3355 meus,
2056 3299 2207 3345 ante-

650 3399 808 3456 quam
848 3385 1067 3449 moriar,
1099 3398 1202 3437 non
1229 3381 1412 3446 semel,
1457 3382 1550 3437 sed
1594 3382 1810 3451 sapius,
1837 3382 2069 3436 donante
2097 3382 2205 3438 Deo

652 3488 863 3543 semper
893 3475 945 3529 in
974 3481 1232 3527 aternum
1258 3471 1457 3524 valeas.

1010 3584 1172 3654 278
1210 3595 1231 3622 ο
1274 3581 1601 3637 EPISTOLA
1638 3581 1882 3637 CCXXII.

1044 3674 1071 3713 τι
1105 3690 1172 3729 λι)
1208 3687 1565 3727 mtttntsrtsss
1601 3688 1729 3728 rasa
1742 3688 1853 3727 nes.

655 3791 1031 3848 Commorat
1082 3789 1275 3858 famam
1310 3789 1455 3842 bona
1496 3787 1725 3858 illorum
1763 3786 2161 3858 conversationis
2191 3802 2209 3839 :

727 3860 959 3931 precibus
986 3854 1161 3931 eorum
1190 3873 1243 3911 se
1271 3856 1592 3909 commendat
1627 3871 1647 3909 :
1705 3854 1943 3909 hortatur
1980 3854 2047 3908 ad
2096 3871 2210 3906 mu-

730 3928 875 3984 tuam
907 3928 1212 3981 charitatem
1237 3934 1286 3979 et
1315 3940 1511 3994 pacem.

730 4036 1012 4108 Religiosa
1058 4032 1457 4103 congregationi
1524 4032 1844 4087 sanctissimi
1892 4031 2064 4086 Patris
2108 4031 2211 4087 ilo-

661 4127 859 4191 norati,
889 4124 1143 4178 Alcuinus
1167 4123 1420 4177 diaconus
1446 4120 1691 4177 salutem.

739 4212 1055 4282 Congaudeo
1077 4209 1300 4263 multum
1315 4207 1380 4263 de
1402 4210 1603 4278 optima
1628 4208 1771 4263 fama
1794 4212 2214 4265 conversationis

674 4309 883 4365 vestra,
921 4308 976 4354 et
1006 4298 1264 4369 regularis
1291 4297 1415 4353 vita
1439 4298 1828 4364 observatione,
1863 4308 1917 4354 et
1943 4301 2044 4369 pia
2071 4301 2215 4369 pacis

2290 1877 2433 1928 niam
2460 1873 2559 1941 ﬁlii
2598 1872 2693 1925 Dei
2731 1871 3049 1927 vocabuntur
3082 1871 3294 1943 (Matth.
3317 1888 3367 1937 ν,
3394 1872 3488 1943 9)?
3507 1872 3628 1926 ideo
3654 1887 3847 1941 perite.

2290 1961 2585 2017 cessariuni
2610 1968 2695 2015 est
2721 1960 2992 2023 omnibus,
3035 1960 3130 2013 sed
3178 1961 3348 2029 magis
3392 1960 3444 2014 in
3480 1975 3632 2015 sacro
3661 1960 3847 2015 ordine

2294 2053 2554 2124 regularis
2591 2052 2712 2105 vita
2757 2050 3069 2117 degentibus
3096 2088 3111 2113 ,
3151 2052 3449 2105 concordia
3478 2052 3673 2105 bonum
3700 2051 3846 2105 omni

2295 2143 2470 2197 studio
2518 2142 2821 2204 observare,
2856 2148 2910 2193 et
2950 2139 3096 2209 pacis
3120 2141 3565 2204 unanimitatem;
3599 2141 3721 2209 quia
3754 2139 3843 2209 qu’

2295 2231 2572 2285 veritatem
2600 2236 2796 2283 sancta
2838 2229 2988 2297 pacis
3031 2244 3136 2281 non
3172 2229 3497 2292 custodiunt,
3536 2228 3849 2299 dignitatem

2293 2318 2389 2372 filii
2438 2318 2661 2388 perdere
2689 2325 2893 2371 certum
2920 2324 3004 2369 est
3036 2332 3050 2367 :
3082 2316 3277 2381 videte,
3302 2317 3435 2371 dixit
3462 2319 3704 2387 egregius
3756 2316 3851 2371 do~

2290 2416 2427 2467 ctor,
2456 2409 2500 2461 si
2526 2407 2738 2460 invicem
2765 2405 3027 2468 mordetis,
3076 2406 3379 2463 aeu'nvicem
3418 2408 3850 2459 consummamini

2298 2495 2443 2567 (Cal.
2471 2511 2521 2559 ν,
2554 2495 2639 2565 15)
2694 2494 2809 2549 Non
2836 2502 3010 2565 potest
3034 2504 3179 2549 recte
3206 2496 3346 2549 filius
3372 2496 3463 2549 Dei
3490 2497 3614 2559 dici,
3640 2496 3728 2565 qui
3752 2511 3850 2565 pa-

2298 2603 2414 2645 cem
2444 2605 2552 2644 non
2599 2589 2709 2643 vult
2742 2588 3009 2659 amplecti.
3040 2588 3147 2642 Pax
3188 2588 3525 2643 concordiam
3547 2587 3770 2642 fratrum
3797 2596 3854 2641 ct

2299 2680 2613 2735 charitatem
2638 2678 2850 2747 c0pulat
2876 2678 3257 2747 proximorum.
3291 2676 3476 2731 Pacem
3498 2692 3682 2741 meam,
3719 2677 3855 2731 dixit

2300 2773 2575 2837 Dominus,
2603 2772 2668 2824 do
2690 2772 2847 2835 vobis,
2874 2786 3049 2839 pacem
3074 2786 3238 2822 meam
3257 2768 3485 2838 relinquo
3508 2760 3645 2822 vobis
3672 2767 3853 2839 (locet.

2300 2878 2407 2925 xiv,
2431 2862 2545 2929 27),
2568 2862 2620 2915 id
2648 2867 2748 2923 est,
2774 2861 2827 2913 in
2857 2874 2988 2928 pace
3017 2858 3191 2912 dimisi
3213 2873 3324 2921 vos,
3354 2858 3405 2910 in
3433 2872 3561 2926 pace
3589 2857 3855 2911 inveniam

2296 2968 2412 3007 vos.
2456 2951 2808 3005 Proﬁciscens
2835 2950 3000 3004 voluit
3034 2951 3160 3003 dare
3186 2990 3199 3013 ,
3245 2964 3363 3017 qua
3405 2948 3742 3003 desiderabat
3774 2963 3859 3002 rc-

2302 3043 2453 3098 diens
2479 3043 2531 3095 in
2554 3041 2800 3096 omnibus
2822 3041 3083 3095 invenire.

2374 3155 2447 3210 De
2473 3156 2574 3209 hac
2592 3155 2691 3225 pia
2718 3155 2863 3224 pacis
2882 3155 3117 3208 bonitate
3142 3155 3262 3209 ideo
3305 3155 3606 3225 diligentius
3632 3169 3860 3225 suggero

2303 3245 2475 3308 vobis,
2504 3244 2803 3298 charissimi
2847 3242 3062 3307 fratres,
3089 3236 3213 3313 quia
3243 3247 3473 3299 maxime
3504 3245 3648 3299 fraus
3674 3246 3859 3299 diabo-

2306 3333 2406 3387 lica
2431 3332 2868 3386 murmurationis
2916 3333 3162 3403 sagittam
3191 3334 3331 3387 inter
3351 3332 3544 3387 fratres
3574 3334 3860 3389 immittere

2307 3422 2461 3487 solet,
2488 3424 2663 3477 sciens
2697 3420 2987 3492 perfectam
3033 3423 3105 3477 ibi
3134 3438 3238 3476 non
3266 3438 3384 3479 esse
3408 3424 3745 3488 charitatem,
3770 3424 3859 3477 ubi

2308 3510 2743 3564 murmurationis
2762 3509 2867 3563 telo
2884 3509 3163 3565 charitatis
3182 3512 3506 3565 unaninitas
3529 3512 3857 3565 vulneratur.

2309 3597 2555 3652 Charitas
2575 3605 2657 3653 est
2675 3598 2924 3667 quoniam
2945 3600 3185 3667 cooperit
3206 3600 3596 3654 multitudinem
3619 3610 3862 3671 peccato-

2312 3703 2431 3742 rum
2481 3684 2532 3759 (Ι
2567 3686 2708 3741 Petr.
2744 3702 2818 3751 tv,
2866 3686 2945 3759 8),
2998 3688 3111 3743 sine
3160 3703 3264 3756 qua
3310 3689 3468 3742 etiam
3515 3697 3730 3758 peccata
3756 3703 3864 3743 non

2313 3776 2649 3829 dimittuntur
2679 3794 2692 3827 :
2720 3790 2880 3844 quam
2904 3777 3092 3831 beatus
3114 3776 3395 3846 Apostolus
3419 3779 3473 3832 in
3498 3786 3702 3834 tantum
3746 3778 3861 3833 lano

2313 3867 2475 3930 davit,
2505 3873 2563 3919 ut
2588 3880 2687 3919 nec
2714 3867 3060 3936 martyrium,
3112 3882 3212 3921 nec
3257 3868 3433 3920 saculi
3482 3876 3863 3937 contemptum,

2314 3970 2415 4010 nec
2437 3954 2767 4008 flammarum
2793 3955 3036 4009 incendia
3060 3956 3174 4009 sine
3196 3955 3334 4009 illius
3358 3954 3594 4009 bonitate
3613 3955 3865 4025 prodesse

2312 4051 2567 4107 testetur;
2596 4040 2660 4095 In
2705 4041 2797 4094 hoc
2824 4043 2980 4107 enim,
3010 4043 3203 4113 inquit,
3248 4044 3382 4097 dixit
3408 4042 3661 4098 Dominus
3686 4042 3863 4110 Jesus,

2316 4142 2613 4203 cognoscent
2634 4148 2825 4198 omnes,
2847 4135 2968 4202 quia
2996 4136 3096 4188 mei
3126 4134 3363 4203 discipuli
3395 4136 3537 4199 estis,
3566 4137 3611 4188 si
3637 4135 3867 4189 dilectio-

2317 4237 2431 4275 nem
2460 4215 2743 4275 habueritis
2767 4222 2835 4273 ad
2879 4222 3093 4275 invicem
3141 4223 3320 4293 (loan.
3369 4238 3492 4288 xtu,
3542 4223 3652 4294 35).
3680 4223 3865 4279 Omnis

2318 4308 2651 4375 obedientia,
2680 4307 2765 4364 vel
2790 4310 3101 4365 humilitatis
3142 4310 3399 4379 subiectio
3428 4316 3481 4366 in
3527 4313 3868 4367 monasteriis

669 4390 1213 4496 υωιιίωίῐιῑθν
1235 4388 1537 4496 mimo?“
1554 4395 1859 4496 ηοειξοΐυω
1887 4388 1967 4442 νει
1994 4388 2215 4496 ﬁliorum
2242 4435 2296 4496 Β
2320 4396 2595 4453 charitatis
2621 4397 2910 4451 munimine
2944 4398 3189 4454 roborari
3214 4399 3389 4465 debet,
3424 4416 3542 4470 qua
3566 4402 3683 4455 sine
3706 4401 3870 4456 simn-

668 4482 982 4539 audivimus.
1036 4478 1144 4535 Sed
1194 4479 1393 4535 certius
1447 4477 1639 4534 borum
1686 4476 1911 4533 fratrum
1961 4479 2215 4535 relatione
2242 4476 2293 4496 "
2318 4483 2511 4541 latione
2558 4483 2704 4541 falsa
2741 4488 3069 4542 extrinsecus
3111 4490 3482 4545 ostentationis
3519 4491 3573 4544 in
3626 4505 3867 4561 corpore.

674 4590 833 4632 easne
857 4575 1076 4636 bonum,
1094 4571 1232 4627 sicut
1256 4569 1637 4635 desideramus,
1657 4569 1721 4625 de
1740 4570 1891 4625 vobis
1916 4570 2217 4637 audientes;

741 4743 765 4771 ι
790 4726 1019 4781 Froben.
1045 4726 1200 4794 epist.
1227 4725 1363 4779 210..

739 4794 901 4867 274
927 4796 957 4867 ¹ξ
990 4793 1184 4867 Scripsi
1206 4794 1571 4867 epistiuncttlas
1594 4795 1865 4867 quasdam.
1901 4793 1977 4846 Ex
2020 4794 2101 4867 his
2127 4811 2216 4867 φ-

670 4860 789 4921 lum-
802 4860 1043 4932 t'néminit
1068 4860 1301 4930 epistola
1322 4860 1596 4931 cuiusdam
1607 4860 1696 4932 ad»
1710 4876 1907 4932 regem,
1932 4870 1985 4915 et
2005 4861 2219 4918 alterius

670 4936 740 4991 ad
763 4934 973 4989 fratres.
1008 4930 1141 4985 Tres
1184 4930 1467 4999 supersunt
1515 4930 1749 4999 epistola
1780 4930 1858 4985 ad
1904 4931 2121 4999 abbates
2165 4941 2219 4987 et

673 4946 740 4991 ad
763 4946 973 4989 fratres.
1009 4946 1141 5011 “tres
1184 4946 1467 4999 supersunt
1515 4946 1749 5053 egistone
1791 4946 1858 4985 au
1904 4946 2121 4987 annates
2165 4946 2219 4987 et

673 5003 961 5058 monachos
982 4999 1210 5070 Gothta,
1238 4999 1545 5070 nimirum}
1585 4999 1639 5063 2,
1672 4999 1794 5070 133,
1841 4998 2219 5070 {34.Wlnsuper

674 5081 730 5127 et
752 5072 819 5125 ad
843 5069 963 5140 illos
982 5085 1074 5140 per
1100 5068 1302 5140 beatum
1325 5064 1655 5140 Benedictum
1682 5068 2092 5140 misit_libellunt
2125 5064 2218 5140 Tad—

676 5151 861 5194 versus
886 5133 1113 5192 haresin
1140 5135 1330 5191 Felicis
1348 5176 1361 5199 ,
1390 5136 1445 5189 in
1464 5134 1672 5187 illorum
1699 5133 1940 5189 solatium
1962 5146 2008 5189 et
2032 5138 2220 5199 conﬁt»

675 5207 946 5262 motionem
967 5205 1087 5273 ﬁdei
1100 5204 1381 5268 catholica,
1394 5212 1552 5274 prout
1570 5202 1767 5274 legitur
1783 5204 1834 5256 in
1853 5205 2074 5271 epistola
2099 5202 2217 5260 132.

675 5278 759 5331 An
784 5276 849 5330 de
870 5287 975 5327 una
1000 5273 1191 5341 exiliis,
1216 5289 1282 5327 an
1312 5273 1375 5327 de
1405 5273 1507 5327 alia
1538 5273 1713 5341 aliqua
1743 5272 1967 5341 epistola
1987 5312 2002 5341 ,
2025 5276 2223 5330 adhuc-

677 5291 759 5331 ΑΒ
784 5291 849 5330 σε
870 5291 975 5327 “Ill
1000 5291 1065 5326 σι
1092 5291 1191 5337 ms,
1216 5291 1282 5327 an
1312 5291 1375 5327 oe
1405 5291 1507 5327 alia
1538 5291 1713 5343 aliqua
1743 5291 1967 5341 eptst
2025 5291 2219 5330 annuo-

677 5346 803 5399 dum
828 5341 1045 5411 latente,
1075 5340 1338 5409 loquatur,
1364 5358 1429 5398 ex
1458 5343 1560 5397 boc
1584 5342 1841 5411 locoerui
1867 5312 2219 5411 baudpotest.

677 5411 943 5479 Fortassis
987 5410 1088 5463 hac
1130 5411 1405 5465 occasione
1444 5412 1605 5464 etiam
1651 5410 1796 5464 misit
1840 5410 2119 5479 epistolam
2159 5412 2224 5466 ad

681 5478 1021 5534 Leutfredum
1073 5492 1195 5531 mox
1237 5487 1389 5541 antea
1423 5479 1742 5541 esbibitam;
1772 5488 1829 5534 et
1874 5478 1945 5535 ad
1996 5481 2225 5535 amicum

684 5560 821 5600 nunc
863 5546 1235 5611 exhibendam,
1267 5540 1404 5614 quis
1429 5556 1709 5616 propterea
1726 5540 1875 5603 hisee
1913 5548 1980 5603 ad
2010 5548 2227 5603 Benedi-

684 5621 829 5665 ctum
850 5610 1068 5678 iungere
1094 5612 1307 5678 placuit.
1770 5622 1773 5625 ‘

757 5691 774 5718 ί
812 5680 1085 5749 Apudi‘ro

1132 5612 1307 5669 iacuit:

1195 5724 1206 5735 .
1237 5684 1388 5753 epist.
1420 5682 1537 5737 ilo.
1575 5739 1579 5742 ,

2318 4577 2435 4633 fieri
2465 4591 2685 4633 necesse
2702 4587 2812 4645 est;
2835 4579 2929 4633 sed
2955 4595 3021 4634 ex
3046 4580 3205 4635 corde
3233 4581 3451 4652 diligere
3476 4596 3573 4637 nos
3591 4580 3867 4644 debemus,

2384 4728 2410 4767 δ
2456 4730 2537 4798 Ad
2586 4728 2915 4798 Hillirienses
2958 4730 3164 4797 fratres.
3223 4730 3301 4783 Ita
3328 4729 3538 4798 quidem
3580 4730 3667 4784 hic
3692 4729 3872 4783 titulus

2313 4796 2505 4868 legitur
2528 4797 2585 4851 in
2616 4796 2733 4868 cod,
2763 4812 2898 4868 ms.,g
2915 4796 3007 4851 sed
3024 4812 3090 4851 ex
3109 4796 3360 4868 sequenti
3373 4799 3717 4868 inscriptione
3755 4812 3870 4868 ma-

2317 4864 2569 4935 nifestum
2594 4875 2692 4935 est,
2718 4864 2996 4935 legendum
3022 4880 3164 4932 esse,
3186 4864 3257 4921 ad
3280 4864 3590 4921 Lirimnse}.
3618 4867 3675 4923 ln
3700 4866 3872 4935 insula

2316 4934 2574 5004 siquidem
2607 4932 2885 5009 -Lirinensi
2916 4935 3053 5009 illud
3102 4937 3485 5009 monasterium
3528 4944 3633 5009 est,
3663 4948 3758 4990 seu
3786 4933 3873 4989 illa

2316 5004 2676 5085 congregatio,
2698 5018 2866 5085 quam
2907 5005 3065 5085 initio
3089 5019 3272 5085 sacav
3418 5005 3677 5085 fundavit,
3715 5012 3875 5084 atque

2317 5072 2441 5127 vita
2466 5072 2749 5126 sanctitate
2779 5072 3065 5127 illustravit
3089 5084 3307 5129 sanctus
3334 5072 3636 5127 Honoratus
3662 5073 3873 5143 episco-

2318 5154 2423 5221 pus
2438 5139 2763 5221 Arelatensis
2790 5160 2803 5193 :
2833 5138 3441 5221 Lirinenses_m_onacbi_
3474 5139 3877 5221 aliquoties‘de-

2319 5208 2546 5280 vationls
2574 5222 2759 5280 causa
2812 5219 3071 5265 venerunt
3108 5210 3173 5263 ad
3202 5211 3259 5265 S.
3288 5208 3595 5280 Martinuni,
3622 5216 3781 5280 prout
3806 5224 3874 5262 ex

2320 5276 2544 5350 epistola
2565 5276 2665 5331 i90
2681 5284 2736 5329 et
2765 5291 2841 5350 ex
2870 5280 3110 5350 sequenti
3147 5288 3372 5350 constat.
3422 5276 3641 5347 Sapius'
3664 5291 3876 5350 quoque

2322 5346 2574 5428 Alcuinus
2618 5359 2739 5428 cum
2763 5346 2879 5428 illis
2901 5346 3138 5428 eg’it_p_er
3173 5348 3453 5417 epistolas;
3506 5346 3562 5428 et
3601 5346 3880 5428 exemplar

2361 5362 2574 5399 .tcutnus
2618 5362 2738 5426 cum
2763 5362 2865 5402 tuis
2901 5362 3138 5471 ei:
3173 5362 3453 5417 epistolas;
3506 5362 3562 5400 et
3601 5362 3880 5428 exemplar
3920 5418 3923 5425 Ι

2361 5427 2538 5540 ῗὲἶὲῗί
2553 5414 3006 5540 ἰνιέἰίὲιιῖἐῗιῖίδη.
3026 5432 3379 5540 viil???“
3405 5414 3569 5470 "'“'
3599 5414 3878 5471 °"°""‘“

2399 5498 3309 5626 iﬁatuwmiguiggim.
3356 5552 3422 5607 ad
3465 5567 3624 5623 quem
3652 5549 3882 5623 epistola

2327 5632 2575 5743 mna,
2605 5635 2673 5673 an
2700 5617 2855 5686 huius
2902 5617 3207 5678 antecesaor
3234 5622 3447 5695 aliquis,
3482 5617 3883 5690 incompertum
