4258 6194
432 379 530 437 ιθι

1855 366 2226 425 ειηδτοιηε.

3541 375 3646 433 898

430 503 695 563 opereque
724 486 1029 551 ostendere,
1059 484 1197 556 quod
1225 485 1277 540 in
1306 484 1482 540 cordis
1522 483 1776 539 thesauro
1805 498 1993 540 recon—
2020 486 2067 542 Δ
2094 496 2191 552 pro
2223 478 2347 548 illis,
2376 488 2437 536 ut
2456 463 2781 553 recipiantur
2802 483 2855 538 in
2875 483 3048 540 locum
3076 498 3255 552 suum;
3289 494 3345 542 et
3370 481 3478 559 ego
3496 504 3651 545 man-

429 579 599 638 ditum
626 578 901 634 habemus.
927 575 1234 647 Angelicam
1256 576 1422 629 vitam
1446 574 1579 627 vivit
1598 574 1651 628 in
1675 574 1856 639 terris,
1902 572 1995 642 qui

429 667 648 742 paciilca
676 666 964 730 cbaritate,
1007 672 1064 719 et
1087 672 1274 719 sancta
1303 662 1586 718 dilectione
1628 654 1816 715 vivere
1854 661 1996 714 inter

430 757 672 815 homines
698 755 901 820 studet;
933 761 989 807 et
1006 751 1146 822 quod
1171 752 1261 807 hic
1284 766 1350 806 ex
1369 758 1524 821 parte
1551 749 1755 805 habere
1786 749 1991 817 incipit,

430 846 487 900 in
532 844 861 901 beatitudine
907 841 1112 897 cmlesti
1140 840 1367 911 pleniter
1394 840 1669 910 possidere
1720 838 1988 909 gaudebit.

430 934 556 992 litec
581 943 668 991 est
689 935 887 1005 optima
917 947 1064 1003 pars,
1086 946 1206 1001 qua:
1244 945 1349 986 non
1375 929 1648 984 auferetur
1675 929 1743 983 ab
1767 943 1855 994 eo,
1902 929 1994 998 qui

430 1027 650 1097 vestigia
675 1024 876 1080 Christi
904 1024 959 1077 in
1001 1021 1281 1084 charitatis
1329 1018 1502 1076 cilicio
1544 1020 1601 1074 in
1644 1020 1747 1075 hoc
1799 1018 1995 1074 saeculo

426 1114 573 1170 omni
616 1113 796 1169 studio
846 1111 1093 1182 amplecti
1136 1110 1383 1167 intendit.
1438 1109 1861 1165 intercedentem
1894 1122 1993 1178 pro

428 1204 622 1275 populo
645 1205 954 1261 Christiano
987 1204 1329 1259 sanctitatem
1377 1211 1615 1259 vestram
1662 1204 1840 1258 divina
1885 1202 1995 1259 cle-

428 1295 625 1349 mentia
654 1294 911 1350 exaudire
939 1292 1211 1363 dignetur,
1241 1292 1573 1347 dilectissimi
1602 1290 1816 1346 fratres.

779 1423 944 1495 ago
958 1435 983 1463 ι
1012 1419 1346 1478 EPISTULA
1365 1419 1634 1477 ccxxru.

428 1536 457 1575 δ
489 1552 555 1589 λιι
600 1550 946 1597 τεοτωιιιυιι
975 1551 1217 1590 Αιιωιτειι
1237 1552 1306 1591 er
1330 1549 1590 1600 rnarnss,
1619 1548 1803 1597 cursus
1842 1550 1905 1589 rn
1918 1550 1989 1589 e-

1006 1620 1126 1659 εδει
1146 1621 1402 1662 νιυετυιι.

426 1711 968 1796 Βειηξιιὶελιοαινεεμά
1124 1713 1409 1796 Martinam
1447 1716 1827 1796 peregrinantes
1872 1731 1989 1796 cum

492 1782 748 1855 epistola:
777 1785 978 1837 ueniam
1014 1783 1119 1855 illis
1171 1783 1234 1836 ob
1277 1782 1671 1837 inobedientiam
1729 1792 1782 1855 et
1824 1782 1986 1855 negli-

494 1852 717 1923 gentiam
768 1861 969 1906 exorat.
1034 1852 1284 1905 Errantes
1352 1862 1492 1919 opzat
1555 1853 1846 1911 reoocari,.
1884 1852 1988 1906 non

497 1922 677 1991 abjici.

496 2031 850 2088 Sanctissimo
895 2032 1043 2088 Patri
1073 2033 1356 2103 Teotgario
1401 2040 1457 2087 et
1493 2034 1638 2087 omni
1668 2033 1779 2089 De0
1805 2032 1990 2089 electas

424 2126 586 2181 etiam
608 2134 664 2181 et
691 2125 985 2181 benedictae
1012 2124 1248 2191 familiae,
1278 2125 1530 2180 Alcuinus
1556 2125 1786 2181 famulus
1819 2128 1990 2182 sancti

426 2214 639 2270 Martini
667 2231 787 2271 cum
811 2214 1069 2271 fratribus
1091 2216 1143 2269 in
1166 2216 1283 2285 ejus
1311 2216 1641 2271 monasterio
1673 2215 1784 2271 Deo
1809 2216 1990 2272 deser-

422 2306 706 2372 vientibus,
730 2314 1001 2377 perpetuze
1022 2306 1368 2362 beatitudinis
1390 2305 1633 2361 salutem.

491 2395 612 2451 Misi
654 2405 851 2450 vestrm
888 2397 1071 2465 pietati
1120 2411 1218 2465 per
1244 2394 1589 2451 Sizimarium
1634 2394 1854 2451 fratrem
1899 2410 1989 2451 ve-

418 2500 590 2546 strum
636 2490 800 2544 verba
841 2489 1201 2555 salutationis,
1241 2498 1297 2545 et
1337 2506 1481 2545 nunc
1508 2492 1702 2546 iterum
1752 2494 1989 2549 secundo

418 2582 607 2638 eadem
631 2590 874 2652 repetere
897 2590 1116 2652 propter
1142 2584 1597 2651 opportunitatem
1640 2584 1831 2639 horum
1875 2584 1988 2639 fra-

421 2681 587 2737 trum,
619 2673 708 2742 qui
754 2680 1015 2751 veneru‘nt
1060 2672 1127 2727 ad
1170 2688 1289 2737 nos,
1342 2680 1403 2726 ut
1448 2688 1506 2728 se
1540 2676 1991 2731 commendarent

418 2762 593 2815 sancti
618 2761 830 2816 Martini
859 2761 1353 2827 intercessionibus,
1388 2762 1527 2816 idem
1553 2771 1799 2832 repetere
1827 2762 1910 2818 fas
1936 2771 1991 2819 et

421 2851 786 2903 necessarium
836 2865 958 2906 esse
1006 2851 1183 2906 visum
1223 2860 1336 2916 est;
1361 2852 1501 2906 unde
1546 2859 1601 2905 et
1627 2852 1727 2907 has
1779 2852 1987 2909 litteras

422 2936 573 2992 vobis
608 2937 838 3008 dirigere
867 2939 1067 3003 studui,
1106 2941 1229 3008 quia
1276 2940 1496 3009 prtefato
1545 2940 1714 2996 fratre
1760 2941 1988 2997 abeunte

426 3024 618 3097 magna
668 3043 754 3082 me
782 3010 1011 3081 febrium
1039 3026 1286 3081 molestia
1334 3025 1560 3097 fatigare
1605 3031 1783 3099 cmpit.
1836 3030 1989 3086 Unde

422 3117 671 3173 obnixius
699 3117 959 3187 deprecor
980 3116 1319 3171 dementiam
1344 3124 1579 3171 Vestram
1595 3157 1610 3181 ,
1636 3125 1695 3171 ut
1722 3133 1809 3172 me
1837 3119 1990 3188 adju-

422 3218 551 3260 vare
602 3204 891 3276 dignemini
922 3206 975 3258 in
1014 3203 1368 3260 sanctissimis
1394 3211 1589 3258 vestra:
1614 3190 1982 3259 unanimitatis

322 3316 325 3317 ν
417 3294 773 3358 orationibus,
794 3295 919 3363 quia
943 3294 1054 3349 scio
1072 3302 1306 3349 vestram
1333 3293 1661 3363 religiosam,
1687 3292 1797 3349 Deo
1824 3294 1983 3349 devo-

421 3392 530 3437 tam
585 3384 924 3437 sanctitatem
973 3384 1197 3439 multum
1250 3384 1429 3439 valere
1455 3385 1507 3439 in
1556 3384 1806 3454 precibus
1845 3385 1983 3455 apud

418 3472 636 3541 superni
674 3472 882 3543 regis...
915 3472 1124 3527 dicente
1170 3474 1285 3543 ipsa
1314 3474 1554 3529 Veritate
1586 3493 1598 3527 :
1632 3474 1984 3546 Quodcunque

419 3562 669 3631 petieritis
694 3562 956 3616 credentes
988 3564 1248 3633 accipietis
1299 3562 1510 3634 (Matth.
1542 3581 1657 3629 ιιι,
1683 3565 1806 3636 22);
1854 3564 1984 3620 Cre-
2040 3616 2050 3629 ,

420 3649 608 3705 dentes
630 3650 783 3715 dixit,
809 3652 933 3722 quia
959 3652 1270 3723 impossibile
1298 3662 1371 3706 est
1391 3654 1502 3706 sine
1520 3654 1624 3721 ﬁde
1645 3653 1846 3727 placere
1875 3654 1981 3707 Deo

422 3736 606 3807 (Hebr.
630 3756 707 3804 xi,
730 3739 802 3812 6).
833 3740 1011 3807 Quare
1033 3740 1293 3796 catholica
1323 3742 1598 3811 integritas
1630 3741 1825 3797 vestris
1870 3757 1983 3796 ma—

422 3837 549 3883 neat
574 3830 625 3884 in
647 3830 916 3898 cordibus,
944 3840 1210 3902 quatenus
1233 3833 1489 3904 quidquid
1508 3834 1770 3903 petieritis
1800 3834 1854 3887 in
1884 3848 1982 3887 no—

420 3919 562 3974 mine
588 3918 737 3985 Jesu,
767 3923 1011 3990 accipere
1034 3926 1369 3989 mereamini,
1413 3940 1507 3980 seu
1552 3939 1651 3995 pro
1696 3925 1983 3987 stabilitate

418 4010 541 4063 vita:
566 4018 758 4064 vestra:
804 4018 859 4064 et
885 4014 1285 4080 perseverantia
1332 4014 1457 4068 boni
1507 4016 1686 4083 operis
1715 4031 1885 4084 usque
1929 4015 1981 4069 in

420 4101 609 4165 tinem;
643 4101 754 4155 sive
780 4116 878 4171 pro
899 4104 1087 4156 amicis
1118 4104 1332 4167 vestris,
1362 4104 1453 4172 qui
1476 4102 1633 4158 fidem
1655 4104 1889 4158 habeant
1916 4104 1983 4158 de

418 4198 599 4244 vestra
624 4190 861 4246 bonitate
885 4200 941 4245 et
964 4191 1241 4247 cbaritate.
1292 4190 1532 4247 Charitas
1584 4194 1720 4247 enim
1758 4194 1983 4264 cooperit

419 4277 801 4333 multitudinem
852 4291 1179 4351 peccatorum
1226 4281 1278 4349 (I
1312 4282 1455 4336 Petr.
1504 4299 1577 4348 tv,
1607 4282 1692 4353 8);
1722 4282 1769 4337 et
1794 4285 1882 4354 qui
1927 4283 1982 4336 in

416 4369 671 4423 eharitate
690 4380 883 4435 manet,
918 4373 973 4425 in
1000 4371 1105 4426 Deo
1130 4383 1325 4439 manet,
1345 4375 1467 4443 quia
1488 4373 1626 4430 Deus
1652 4377 1876 4430 charitos
1906 4387 1981 4429 est

370 4518 385 4527 _
421 4457 475 4528 (l
495 4458 652 4513 Joan.
684 4475 757 4523 Iv,
791 4460 897 4532 16).

489 4548 545 4604 in
582 4548 740 4619 hujus
764 4566 891 4606 vero
922 4553 1200 4609 charitatis
1229 4557 1513 4611 sanctitate
1538 4558 1635 4611 hos
1667 4559 1859 4613 fratres
1882 4576 1979 4615 ve-

418 4648 582 4705 stros,
623 4642 783 4695 etiam
824 4650 1061 4709 nostros,
1091 4644 1157 4699 ad
1199 4654 1431 4700 vestram
1457 4647 1707 4715 pietatem
1752 4650 1981 4719 dirigere

418 4730 624 4792 curavi,
654 4731 743 4797 qui
769 4733 1025 4786 orationis
1063 4735 1233 4803 gratia
1264 4735 1430 4789 sancti
1478 4734 1686 4792 Martini
1731 4738 1980 4808 reliquias

420 4818 641 4871 visitare
668 4819 975 4881 voluerunt;
1006 4823 1099 4874 sed
1141 4833 1195 4876 et
1232 4826 1359 4878 mihi
1396 4826 1755 4881 secretissime
1784 4828 1982 4897 aliquid

420 4907 487 4961 de
509 4922 604 4961 sua
630 4908 987 4962 inobedientia
1010 4911 1091 4962 vel
1120 4913 1437 4982 negligentia
1461 4918 1731 4983 dixerunt,
1758 4936 1983 4989 precan-

421 5006 501 5052 tes
528 5014 623 5054 nos
654 5014 774 5054 cum
798 5002 968 5054 sancti
990 5000 1199 5055 Martini
1230 5004 1424 5071 pietate
1454 5008 1834 5065 intercessores
1861 5028 1981 5069 esse

491 5140 517 5202 ξ
548 5129 712 5202 Αριιρ
728 5132 955 5187 Froben.
985 5134 1136 5202 epist.
1169 5134 1289 5187 2H.

490 5198 518 5236 δ
674 5198 1295 5276 Τεοιθᾳπσίιιηίᾳὸὸαιεηι.
1348 5206 1509 5276 Cujus
1556 5210 1781 5263 cmnobii
1816 5211 1980 5267 abbas

420 5266 583 5344 fuerit
610 5266 925 5344 Teotgafrius
948 5288 1011 5325 ex
1040 5274 1137 5326 hac
1159 5274 1381 5344 epistola
1414 5266 1653 5344 equidem
1682 5280 1821 5333 haud
1850 5266 1980 5335 satis

418 5336 622 5460 liquet;
654 5336 905 5406 quoniam
930 5357 1056 5395 vero
1082 5336 1278 5396 mentio
1310 5346 1395 5397 hic
1426 5336 1485 5398 lli
1506 5348 1569 5399 de
1597 5347 1848 5403 iratribus
1888 5353 1978 5420 qui

420 5421 451 5459 a
517 5409 897 5460 monasterium
922 5410 1233 5460 Turonense
1255 5422 1513 5460 venerunt
1538 5417 1831 5460 ἀρνηιίηηίς
1860 5437 1978 5460 (rm-

420 5409 489 5489 ad
517 5409 897 5489 monasterium
922 5410 1233 5489 Turonense
1255 5417 1831 5489 veneruntdevotionis
1859 5409 1981 5489 gra-

420 5476 516 5539 tia,
545 5483 598 5530 et
633 5483 693 5529 ut
716 5491 774 5530 se
817 5482 1247 5536 commendarent
1275 5484 1441 5537 sancti
1486 5483 1695 5538 Martini
1727 5476 1981 5543 interces-

421 5545 681 5622 sionibus,
711 5547 835 5622 hinc
878 5549 1142 5622 conjicere
1165 5567 1388 5622 pronum
1432 5560 1537 5613 est,
1566 5562 1619 5606 et
1647 5554 1838 5610 fratres
1865 5560 1979 5613 illos

423 5614 589 5692 fuisse
626 5619 923 5692 monachos
968 5614 1295 5685 Lirinerises,
1350 5637 1483 5692 quos
1514 5622 1565 5676 in
1612 5624 1835 5692 epistola
1878 5629 1980 5683 212

423 5640 589 5669 sitisse
632 5640 923 5671 ιιιυιιξιυιιυδ
968 5640 1295 5685 ιλιηιιεηδθδ,
1386 5640 1483 5676 uos
1514 5640 1565 5676 In
1612 5640 1835 5692 eplsmla
1878 5640 1980 5683 212

409 5684 590 5753 (nunc
620 5685 740 5757 190)
764 5686 915 5757 dixit,
963 5696 1085 5757 ante
1112 5703 1309 5754 paucos
1350 5640 1462 5747 dies
1486 5692 1608 5745 illuc
1636 5694 1869 5757 venisse;
1929 5708 1982 5753 et

344 5796 355 5815 ι
403 5755 766 5837 Teutgarium
810 5756 969 5811 fuisse
1002 5756 1352 5813 Lirinensium
1403 5761 1663 5815 abbatem.
1718 5762 1976 5820 (lictorum

2007 4501 2063 4561 Ι)

2092 570 2211 626 davi
2258 570 2362 626 illis
2400 570 2647 637 ﬁrmiter,
2690 580 2873 628 tacere
2912 572 3050 645 apud
3089 589 3275 631 omnes
3315 576 3558 634 homines
3587 580 3672 637 de~

2093 676 2257 717 causa
2283 661 2614 733 negligentiae
2641 676 2773 727 suae,
2818 662 3008 719 nolens
3055 664 3254 735 aliquid
3301 664 3445 721 foras
3470 669 3655 724 venire

2093 766 2125 805 a
2144 752 2485 805 sanctissima
2507 752 2915 822 congregatione
2935 761 3137 819 vestra,
3163 755 3267 809 nisi
3294 755 3491 825 Optima
3510 771 3657 828 quas-

2091 854 2223 908 que;
2244 840 2369 908 quia
2391 839 2541 895 multi
2571 847 2696 894 sunt
2724 842 3137 912 reprehensores
3160 844 3282 899 vita:
3302 853 3499 901 nostra:
3536 862 3652 903 ma-

2091 931 2171 1000 gis
2189 943 2349 998 quam
2394 937 2708 994 sectatores,
2761 933 3018 1001 cupientes
3028 949 3124 987 sua
3147 934 3423 991 criminosa
3443 947 3652 1006 peccata

2091 1016 2533 1072 monasterialium
2554 1020 2945 1089 reprehensione
2970 1022 3235 1078 abscondi.
3263 1022 3370 1079 Sed
3396 1022 3653 1099 quidquid

2092 1120 2247 1160 secus
2267 1120 2508 1177 agamus,
2521 1122 2682 1177 quam
2701 1108 2964 1179 regularis
2987 1112 3098 1165 vita
3118 1112 3352 1177 deﬁniat,
3374 1125 3655 1175 remaneat

2093 1194 2233 1264 apud
2258 1209 2359 1250 nos
2385 1202 2616 1259 tantum,
2642 1203 2698 1251 et
2716 1198 3102 1266 reconcilietur,
3129 1209 3186 1256 et
3211 1204 3266 1257 in
3309 1206 3651 1263 concordiam

2092 1293 2376 1340 revocetur
2402 1302 2532 1356 grex
2560 1285 2784 1354 Christi,
2810 1304 2877 1343 nc
2921 1290 3187 1360 gaudeant
3235 1294 3433 1350 inimici
3488 1311 3654 1368 super

2092 1387 2210 1425 nos.
2242 1372 2357 1427 Non
2384 1381 2471 1427 est
2507 1374 2668 1429 homo
2710 1377 2801 1444 qui
2830 1392 2935 1432 non
2976 1388 3191 1448 peccet;
3231 1389 3287 1437 et
3328 1382 3528 1440 bonum
3568 1396 3658 1443 est

2090 1469 2360 1517 errantem
2378 1476 2531 1516 ovem
2553 1478 2807 1521 revocare
2826 1466 2879 1519 in
2908 1467 3047 1522 ovile
3074 1468 3299 1537 Christi,
3328 1473 3444 1543 ejus
3469 1490 3655 1532 exem-

2089 1550 2176 1619 plo
2200 1552 2288 1621 qui
2310 1550 2377 1605 de
2405 1550 2541 1606 cmlo
2567 1552 2844 1609 descendit
2869 1562 2929 1610 ut
2951 1570 3105 1611 ovem
3128 1560 3393 1628 perditam
3418 1564 3661 1635 require-

2090 1648 2173 1694 ret
2199 1639 2251 1693 in
2285 1640 2464 1695 terris.

2155 1726 2417 1782 Patientia
2433 1728 2773 1799 przelatorum
2798 1733 2942 1789 salus
2961 1734 3246 1792 debetesse
3265 1736 3650 1806 subiectorum.

2023 1812 2065 1873 Β
2092 1819 2278 1875 Melius
2317 1827 2403 1876 est
2437 1821 2713 1892 ignoscere
2735 1823 3167 1895 delinquentibus
3194 1844 3355 1899 quam
3381 1830 3651 1901 expellere

2090 1917 2403 1980 peccantes;
2449 1912 2573 1981 quia
2596 1912 2643 1966 si
2671 1920 2877 1968 tantum
2918 1914 3053 1984 justi
3094 1927 3374 1974 remanent
3405 1928 3460 1975 et
3501 1922 3643 1987 sani,

2090 1998 2269 2054 forsan
2293 2000 2437 2055 solus
2455 2010 2640 2071 pastor
2665 2002 2810 2080 solus
2831 2014 3072 2061 remanet
3090 2007 3290 2077 absque
3314 2024 3492 2081 grege.
3514 2009 3653 2079 Quid

2088 2089 2133 2142 si
2160 2084 2480 2157 ipse’pastor
2507 2100 2717 2159 peccat,
2744 2095 2866 2162 quis
2887 2104 3129 2150 remanet
3151 2097 3203 2151 in
3233 2097 3349 2153 loco
3379 2098 3490 2155 Deo
3525 2115 3655 2156 con-

2087 2180 2333 2235 secrato?
2362 2180 2624 2236 Memores
2644 2182 2899 2239 debemus
2922 2200 3043 2240 esse
3073 2189 3369 2256 apostolum
3391 2188 3666 2250 Joannem.

2088 2272 2351 2328 dicentem
2375 2293 2389 2328 :
2416 2272 2555 2357 Quid
2574 2276 2619 2328 si
2644 2275 2948 2342 dixerimus,
2972 2284 3235 2349 peccatum
3258 2296 3360 2334 non
3380 2280 3650 2346 habemus,

2088 2364 2423 2434 nosmetipsos
2460 2364 2774 2432 seducimus,
2812 2375 2860 2420 et
2909 2370 3097 2423 ueritas
3137 2369 3194 2423 in
3232 2370 3376 2425 nobis
3428 2387 3532 2426 non
3574 2380 3658 2427 est

2088 2450 2142 2523 (1
2161 2452 2319 2507 Joan.
2344 2469 2385 2518 ι,
2408 2452 2484 2525 8).
2511 2452 2617 2509 Sed
2634 2455 2681 2509 si
2702 2456 3038 2525 agnoscimus
3061 2465 3373 2527 peccatores
3394 2472 3491 2514 nos
3508 2473 3667 2527 esse,

2086 2552 2140 2599 et
2162 2543 2481 2599 confitemur
2509 2546 2816 2617 iniquitates
2844 2556 3079 2615 nostras,
3108 2564 3227 2604 cum
3258 2550 3545 2617 Publicano
3573 2551 3657 2608 di—

2088 2643 2271 2690 centes
2299 2634 2487 2701 :Deus,
2501 2638 2753 2708 propitius
2774 2646 2882 2693 esto
2902 2640 3029 2693 mihi
3046 2642 3304 2711 peccatori
3325 2643 3342 2691 ί
3353 2640 3474 2695 Luc.
3498 2656 3653 2706 xvtlt,

2090 2723 2199 2795 i5),
2225 2725 2484 2779 habemus
2510 2728 2848 2792 advocatum,
2878 2730 2931 2784 id
2959 2737 3062 2795 est,
3101 2732 3503 2801 prapitiatorem
3548 2732 3655 2788 Do-

2088 2812 2288 2866 minum
2310 2811 2494 2867 Jesum
2523 2816 2660 2884 apud
2686 2816 2923 2882 Patrem,
2951 2819 3042 2887 qui
3064 2820 3410 2889 semetipsum
3433 2821 3653 2877 tradidit

2086 2921 2184 2977 pro
2211 2908 2445 2978 peccatis
2472 2910 2671 2963 nostris
2714 2908 2839 2980 (Tit.
2868 2927 2931 2976 ιι,
2978 2910 3089 2983 id),
3117 2920 3177 2965 ut
3223 2928 3321 2967 nos
3366 2914 3650 2972 redimeret

2090 2998 2141 3052 in
2184 2999 2439 3068 sanguine
2467 3012 2588 3063 suo,
2634 3006 2696 3053 et
2733 3001 3037 3069 acquireret
3080 2998 3190 3056 Deo
3217 3001 3470 3072 populum
3500 3018 3649 3061 acce-

2087 3088 2365 3157 ptahilem.

2013 3163 2058 3225 C
2159 3177 2283 3232 Ilaec
2311 3180 2735 3245 considerantes,
2765 3180 2964 3236 fratres
3008 3182 3333 3250 charissimi,
3362 3184 3653 3258 recolliglts

2084 3267 2319 3322 oviculas
2370 3278 2618 3325 errantes
2672 3287 2793 3325 cum
2849 3274 3085 3343 gaudio,
3142 3277 3488 3335 recordantes
3539 3279 3654 3351 ejus

2082 3360 2357 3429 pietatem,
2385 3360 2475 3429 qui
2503 3362 2788 3431 nonaginta
2816 3377 3006 3417 novem
3028 3380 3157 3421 oves
3186 3366 3392 3423 dimisit
3417 3371 3472 3423 in
3498 3385 3652 3426 mon-

2086 3451 2255 3514 tibus,
2293 3458 2353 3505 ut
2380 3466 2544 3505 unam
2571 3458 2845 3507 errantem
2872 3451 3161 3521 inveniret;
3185 3462 3241 3509 et
3276 3457 3515 3512 humeris
3539 3460 3653 3514 suis

2086 3543 2465 3612 imposuisset,
2505 3552 2907 3615 reportaretque
2944 3546 3010 3601 ad
3054 3547 3268 3603 domum
3296 3547 3479 3621 gloria:
3514 3564 3648 3617 suae,

2083 3640 2142 3685 ut
2169 3633 2337 3701 angeli
2375 3635 2769 3704 congauderent
2796 3636 2860 3692 de
2893 3653 2991 3693 ove
3020 3640 3231 3696 inventa
3260 3639 3470 3712 (Matth.
3496 3657 3650 3709 xvm,

2085 3720 2179 3785 ης
2234 3720 2361 3775 Luc.
2410 3737 2512 3787 xv,
2563 3722 2637 3793 4).
2702 3724 2825 3780 Haec
2876 3729 3052 3781 omnia
3103 3730 3157 3783 in
3209 3739 3389 3787 mente
3442 3733 3651 3789 haben-

2085 3818 2164 3864 tes
2188 3810 2467 3880 ignoscite,
2496 3820 2554 3866 ut
2595 3812 2835 3883 ignoscat
2856 3816 3006 3869 vobis
3037 3814 3205 3882 Deus;
3257 3820 3381 3888 quia
3410 3820 3524 3877 hac
3568 3832 3653 3878 est

2083 3903 2167 3957 via
2189 3912 2243 3958 et
2269 3904 2504 3961 caelestis
2529 3908 2679 3979 regni
2723 3908 2963 3976 culmen;
3016 3918 3108 3965 aut
3134 3926 3239 3967 non
3268 3927 3525 3983 peccare,
3556 3923 3655 3973 aut

2083 3996 2423 4064 peccantibus
2473 3998 2763 4068 ignoscere.
2821 4000 3124 4071 Considera,
3174 4002 3303 4059 dicit
3330 4003 3647 4076 Apostolus,

2082 4088 2321 4156 teipsum,
2353 4103 2479 4142 nec:
2510 4099 2566 4143 tu
2586 4093 2824 4157 tenteris;
2854 4094 2984 4148 alter
3012 4095 3226 4151 alterius
3256 4114 3413 4152 onera
3433 4098 3647 4153 invicem

2081 4189 2303 4247 portate,
2341 4190 2389 4235 et
2426 4183 2499 4235 sic
2524 4182 2796 4254 implebitis
2822 4186 2981 4256 legem
3002 4184 3195 4242 Chn'sti
3219 4188 3359 4259 (Gal.
3396 4205 3472 4257 vt,
3496 4189 3644 4263 1,9).

2082 4265 2269 4323 Divina
2319 4286 2413 4325 vos
2442 4273 2612 4341 gratia
2644 4272 2696 4325 in
2725 4275 2984 4329 charltate
3030 4276 3343 4333 obedientia:
3394 4288 3448 4333 et
3474 4280 3649 4334 humi-

2082 4354 2230 4411 litate
2259 4371 2471 4427 semper
2509 4372 2829 4415 conservare
2858 4362 3135 4431 dignetur,
3181 4366 3390 4421 Domini
3436 4369 3646 4439 Patres,

2082 4442 2274 4498 fratres
2299 4454 2354 4500 et
2380 4445 2489 4500 lilii.

2325 4535 2674 4607 281-283
2708 4548 2729 4575 ε
2760 4537 3089 4594 EPISTOLA
3118 4539 3387 4598 CCXXIV.

2661 4622 2727 4659 AD
2757 4623 3064 4665 FRIDUINUU.

2082 4692 2389 4746 Gratulatur
2409 4695 2644 4763 adeptam
2672 4712 2848 4749 curant
2871 4701 3298 4757 monasteriorum
3329 4702 3431 4757 SS.
3470 4703 3637 4761 Bene-

2150 4762 2272 4815 dicti
2299 4773 2345 4842 et_
2374 4762 2621 4842 Ceolfridi
2650 4766 2887 4821 hortatur
2916 4778 2969 4821 ut
2994 4771 3170 4842 prwsit
3202 4774 3341 4842 gregi
3375 4790 3468 4828 suo
3510 4776 3639 4832 bono

2150 4833 2395 4903 exemplo.
2431 4834 2745 4890 Precibusse
2774 4833 3116 4893 commendat.

2154 4924 2501 4981 Sanctissimo
2530 4926 2673 4981 Patri
2702 4927 2724 4965 ἀ
2756 4929 3034 4996 Friduino,
3065 4931 3189 4989 olim
3218 4942 3372 4987 notus
3418 4944 3472 4989 et
3495 4952 3641 4993 sem-

2080 5030 2176 5083 per
2196 5016 2396 5069 amicus
2416 5016 2670 5071 Alcuinus
2691 5019 2935 5075 salutem.

2081 5148 2345 5226 :I‘eotgarii
2367 5149 3208 5226 cujusdamabbatis‘memoriam
3233 5172 3441 5226 quoque
3461 5170 3637 5216 exstat

2081 5218 2131 5270 in
2163 5216 2280 5270 Vita
2310 5216 2365 5271 S.
2392 5216 2571 5287 Eigilis
2612 5220 2818 5275 abbatis
2862 5223 3158 5287 Fuldensis,
3198 5216 3314 5280 Act.
3354 5216 3449 5280 SS.
3504 5227 3629 5283 0rd.

2082 5287 2137 5363 ξ.
2167 5288 2318 5363 βψ.
2352 5302 2474 5363 saec.
2517 5305 2608 5363 iv,
2649 5300 2857 5363 parui,
2906 5309 3024 5362 pag.
3058 5294 3181 5358 255,
3233 5296 3320 5363 qui
3352 5311 3489 5349 anno
3530 5299 3641 5355 819

2080 5356 2395 5409 dedicationi
2420 5357 2658 5409 ecclesize
2687 5356 2963 5415 Fuldensis
2977 5356 3057 5415 vet
3087 5356 3414 5417 translationi
3446 5381 3635 5421 como.

2081 5424 2154 5505 ris
2182 5424 2235 5477 s.
2268 5423 2531 5505 βοηξςςιςίι
2554 5425 2823 5505 interfuit;
2853 5433 2944 5484 sed
2973 5448 3069 5485 nec.
3098 5435 3287 5505 ibidem
3312 5436 3451 5487 aliud
3473 5423 3631 5505 quid-

2078 5494 2219 5567 piam
2266 5494 2337 5567 de
2384 5492 2472 5547 illo
2518 5494 3006 5567 habeturpprmter
3054 5504 3222 5557 solum
3269 5492 3628 5565 uomeand.

2080 5563 2235 5643 etiam
2286 5563 2574 5643 lib.hxxvm
2624 5563 3013 5643 Annali‘lienq
3038 5588 3155 5643 pag.
3192 5574 3388 5635 454,11.
3422 5574 3503 5629 15.

2153 5642 2172 5703 ξ
2199 5632 2348 5703 apud
2372 5630 2596 5703 Froben.
2621 5634 2775 5703 epist.
2808 5636 2926 5689 220.

2149 5699 2173 5737 ά
2204 5699 2479 5752 Friduino.
2521 5699 2831 5759 Gratulatur
2874 5707 3126 5761 Alcuinus
3167 5712 3287 5764 huic
3326 5726 3422 5765 suo
3458 5717 3619 5769 veteri

2083 5770 2251 5824 amico
2281 5770 2344 5824 de
2376 5770 2557 5840 adepta
2590 5779 2806 5837 paterna
2838 5790 2961 5829 cura
2990 5778 3141 5832 ovilis
3187 5781 3414 5846 Christi,
3438 5799 3617 5840 mona~
