4258 6196
468 312 564 370 ὅθι

1884 294 2254 379 Ειδιδτοιᾳε.
2270 264 2276 270 ’

470 422 570 479 nia:
622 421 846 476 insulam
894 434 1060 490 usque
1110 418 1267 474 hodie
1311 417 1597 488 possidere.
1645 418 2008 490 Quapropter,
2034 429 2085 484 Α
2112 412 2401 480 humanum
2425 386 2747 480 fundendum
2765 398 3124 494 sanguinem,
3169 420 3295 490 quia
3324 420 3417 474 viri
3451 425 3662 493 sangui-

469 509 893 565 excellentissimi
906 507 1094 562 Patres
1118 516 1173 561 et
1186 500 1575 576 religiosissimi
1597 505 1813 572 fratres,
1836 506 1896 563 et
1916 523 2012 563 no-

469 597 709 654 bilissimi
729 597 843 663 ﬁlii,
865 604 1097 651 vestram
1118 597 1261 666 piam
1288 597 1685 651 unanimitatem
1708 603 1821 651 tota
1835 596 2013 652 cordis

470 689 574 744 mei
592 686 873 754 aﬂ'ectione
897 688 1175 756 deprecor,
1194 692 1254 739 ut
1276 686 1547 757 antiquam
1574 694 1774 747 sancte
1801 687 2015 758 religio-

471 775 553 831 nis
600 775 1032 830 consuetudinem
1056 815 1074 840 ,
1122 782 1178 829 et
1220 783 1417 831 sancta:
1463 777 1733 844 sapientiae
1779 776 2013 832 studium

472 863 698 917 assiduis
735 862 1201 928 admonitionibus,
1242 864 1729 930 exhortationibus,
1767 863 2013 934 increpa-

472 950 699 1005 tionibus
720 964 979 1005 renovare
1005 951 1283 1015 studeatis,
1303 958 1361 1004 ut
1378 950 1467 1003 lux
1494 951 1732 1005 veritatis
1760 957 1814 1005 et
1839 950 2013 1006 scien-

472 1043 556 1097 tia:
580 1057 678 1113 per
704 1043 1139 1113 congregationes
1154 1042 1515 1096 Ecclesiarum
1526 1027 1733 1097 Christi
1762 1048 2015 1097 consueto

471 1145 617 1186 more
642 1145 739 1200 per
759 1146 851 1186 vos
878 1140 933 1184 et
952 1147 983 1186 a
1002 1131 1152 1185 vobis
1176 1130 1354 1185 multis
1379 1129 1559 1185 mundi
1587 1130 1828 1199 partibus
1854 1130 2013 1185 uber-

473 1220 606 1276 rime
628 1219 841 1291 fulgeat.

536 1326 700 1397 Igitur
713 1327 931 1395 antiquo
950 1322 1188 1396 tempore
1211 1326 1501 1382 doctissimi
1520 1327 1758 1383 solebant
1777 1327 2017 1397 magistri

469 1415 799 1470 etllibernia
839 1415 1196 1478 Britanniam,
1248 1415 1490 1483 Galliam,
1537 1416 1739 1470 Italiam
1759 1417 1939 1471 venire
1964 1423 2019 1470 et

471 1494 763 1574 multos
777 1505 1039 1561 Ecclesias
1051 1506 1245 1562 Christi
1267 1508 1455 1564 fecisse
1468 1508 1735 1579 profectus
1750 1526 1764 1573 ;
1788 1507 2021 1578 et'quan-

470 1602 523 1645 to
544 1592 1029 1670 magis_periculosa
1053 1610 1195 1650 nunc
1219 1610 1336 1652 esse
1358 1606 1594 1667 tempora
1628 1604 1937 1662 noscuntur,
1966 1603 2022 1651 et

2110 528 2255 577 num,
2294 513 2435 568 sicut
2466 528 2625 579 sacer
2648 512 2885 583 psalmus
2930 518 3135 579 cantat,
3176 528 3278 566 non
3318 512 3669 567 dimidiabunt-

2111 602 2218 655 dies
2236 617 2356 656 suos
2407 588 2591 674 (Ρωιζ
2618 617 2727 669 Liv,
2770 600 2883 673 24).
2940 599 2998 657 Si
3043 600 3347 657 felicitatem
3384 588 3679 672 praesentise

2111 691 2328 760 cupiant
2352 690 2551 746 habere
2584 691 2734 761 regni
2760 697 2816 745 et
2850 689 3164 761 potestatis,
3212 688 3385 744 sciant
3429 703 3486 743 se
3511 689 3665 745 aliter

2110 781 2310 837 habere
2338 798 2445 837 non
2475 797 2661 856 posse,
2706 782 2811 837 nisi
2848 782 2959 837 Deo
2984 788 3302 851 praestante;
3350 797 3451 838 nec
3475 781 3665 838 futura:

2109 873 2452 928 beatitudinis
2488 873 2710 943 gloriam
2751 873 3047 943 possidere,
3094 873 3196 929 nisi
3241 873 3449 929 Domini
3496 875 3663 929 nostri

2111 956 2237 1015 Jesu
2274 959 2471 1016 Christi
2526 960 2895 1015 misericordia
2942 961 3193 1027 donante.
3262 961 3465 1016 idcirco
3515 962 3661 1016 omni

2113 1048 2404 1104 intentione
2427 1049 2743 1120 evangelicis
2768 1049 3061 1104 inhaereant
3090 1050 3391 1120 praeceptis,
3422 1056 3482 1104 ut
3500 1049 3662 1106 bene-

2115 1139 2345 1195 dictione
2373 1139 2551 1195 divina
2593 1139 2973 1195 conﬁrmentur
3017 1140 3071 1196 in
3102 1155 3263 1211 regno
3290 1142 3560 1210 praesenti,
3612 1150 3667 1194 et

2113 1238 2426 1299 perpetuum
2479 1245 2602 1285 cum
2656 1230 2855 1302 sanctis
2896 1229 2993 1285 Dei
3044 1230 3280 1300 recipere
3329 1230 3472 1301 digni
3518 1230 3664 1286 inve-

2116 1322 2349 1375 niantur.

2184 1428 2493 1498 Quicunque
2541 1444 2669 1486 vero
2717 1430 3039 1484 monachicae
3102 1430 3225 1485 vitae
3266 1430 3666 1490 conversatione

2120 1519 2225 1573 Deo
2254 1516 2526 1590 [servire]
2557 1519 2920 1588 promiserint,
2943 1519 3115 1574 sciant
3156 1533 3217 1573 se
3250 1520 3517 1575 debitores
3548 1535 3668 1575 esse

2117 1606 2358 1677 implere,
2395 1607 2535 1676 quod
2562 1607 2945 1676 promiserunt,
2972 1607 3180 1662 dicente
3200 1606 3475 1676 Scriptura
3501 1623 3517 1661 :
3560 1605 3664 1661 Vo—

468 1682 739 1751 plurimos,
780 1683 1066 1747 secundum
1094 1686 1434 1754 apostolicam
1460 1683 1791 1765 prophetiam
1814 1726 1830 1751 ,
1874 1701 1905 1739 a
1929 1686 2014 1740 via
2042 1744 2089 1768 ﬁ
2118 1714 2149 1752 α

1994 1701 2014 1738 ³
2042 1744 2089 1768 η
2118 1706 2225 1752 rete
2262 1704 2311 1750 et
2355 1696 2552 1750 reddite
2595 1695 2818 1750 Domino
2846 1694 2955 1750 Deo
2982 1703 3144 1750 vestro
3165 1692 3359 1767 (Eccle.
3398 1711 3455 1761 v,
3480 1694 3557 1768 '5).
3600 1695 3675 1750 Et

470 1772 709 1826 veritatis
731 1780 1059 1839 avertentes,
1087 1780 1235 1849 tanto
1269 1763 1701 1845 instantiusipsa
1742 1775 2018 1831 catholica;
2042 1744 2093 1805 Β
2116 1786 2349 1840 iterum:
2383 1783 2667 1853 Melius'est
2705 1801 2808 1839 non
2846 1800 3019 1839 vovere
3055 1744 3211 1854 quain
3249 1794 3421 1840 votum
3440 1744 3546 1839 ita;
3572 1786 3669 1839 im-

471 1862 592 1917 ﬁxlei
619 1863 816 1920 veritas
841 1862 1034 1934 ubique
1058 1864 1197 1919 inter
1226 1880 1322 1921 vos
1347 1866 1595 1921 discenda
1622 1876 1707 1921 est
1738 1874 1795 1921 et
1818 1867 2015 1921 docen-

468 1950 559 2015 da,
602 1958 663 2004 ut
708 1950 941 2006 habeant
964 1952 1268 2008 orthodoxa:
1309 1952 1431 2008 ﬁdei
1476 1954 1870 2025 praedicatores,
1910 1969 2015 2024 quo

471 2040 675 2109 possint
700 2041 1179 2099 contradicentibus
1200 2044 1411 2099 veritati
1440 2045 1709 2113 resistere,
1742 2053 1798 2102 et
1838 2046 2016 2117 palam

472 2129 686 2192 vincere
707 2130 1038 2186 adversarios
1068 2133 1366 2201 apostolica:
1402 2134 1673 2189 doctrinae.
1720 2132 2020 2207 Erumpunt

472 2218 644 2272 subito
671 2220 965 2288 apostatica
990 2220 1192 2274 seducti
1215 2220 1500 2276 calliditate
1526 2223 1726 2292 pseudo
1748 2223 2016 2290 doctores,

472 2321 634 2362 novas
672 2315 727 2361 et
769 2306 1033 2362 inauditas
1081 2308 1470 2365 introduwntes
1497 2318 1670 2366 sectas
1692 2350 1708 2377 ,
1759 2312 1852 2382 qui
1892 2313 2018 2367 dum

474 2395 627 2463 novis
654 2396 985 2467 dogmatibus
1011 2395 1111 2450 sibi
1134 2395 1343 2453 laudem
1372 2399 1576 2468 acquiri
1618 2408 1825 2470 putant,
1870 2400 2017 2456 inve-

472 2483 688 2557 niuntur
716 2485 1186 2554 reprehensibiles,
1225 2487 1572 2559 omnibusque
1612 2490 1831 2547 odibiles
1874 2506 2014 2559 esse,

472 2573 613 2627 sicut
634 2574 687 2627 in
713 2572 977 2649 Hispania
996 2574 1237 2644 partibus
1260 2575 1490 2631 vidimus
1512 2576 1731 2631 factum.

543 2681 693 2757 Unde
715 2722 731 2749 ,
777 2683 1095 2741 sanctissimi
1140 2683 1326 2742 Patres
1352 2725 1370 2752 ,
1407 2687 1759 2742 exhortamini
1795 2688 2017 2758 juvenes
2060 2668 2063 2673 ﬁ

472 2779 681 2827 vestros
702 2812 719 2837 ,
767 2780 826 2827 ut
870 2772 1270 2843 diligentissime
1320 2776 1697 2861 catholicorum
1742 2778 2016 2835 doctorum

472 2860 679 2922 discant
707 2863 1035 2929 traditiones,
1078 2873 1132 2919 et
1175 2866 1445 2922 catholica:
1471 2867 1591 2922 ﬁdei
1616 2860 1848 2926 rationes
1872 2873 2017 2927 omni

474 2950 763 3006 intentione
784 2952 1171 3021 apprehendere
1195 2955 1460 3021 studeant,
1481 2957 1604 3026 quia
1630 2958 1740 3010 sine
1769 2960 1875 3026 ﬁde
1907 2960 2017 3014 Deo

2111 1874 2270 1945 plere.
2322 1873 2443 1931 Fiat
2480 1875 2692 1950 illorum
2737 1875 3069 1932 conversatio
3119 1882 3270 1930 casta
3322 1883 3379 1931 et
3419 1875 3665 1940 honesta,

2114 1965 2317 2034 absque
2342 1965 2489 2021 omni
2518 1966 2951 2034 reprehensione,
2977 1965 3088 2020 Deo
3107 1965 3410 2034 placabilis,
3440 1965 3668 2020 homini-

2113 2054 2318 2123 busque
2344 2052 2706 2118 honorabilis,
2736 2069 2836 2106 non
2874 2054 2929 2105 in
2961 2053 3414 2108 comessationibus
3438 2054 3600 2124 286
3620 2064 3665 2107 et

2114 2142 2461 2209 ebrietatibus,
2492 2159 2594 2196 non
2621 2142 2677 2195 in
2699 2140 2953 2195 cubilibus
2974 2150 3021 2195 et
3041 2143 3095 2195 in
3120 2142 3454 2212 impudicitiis
3490 2142 3661 2214 (Rom.

2115 2250 2234 2298 xm,
2262 2231 2373 2303 l3),
2402 2219 2494 2289 sed
2522 2232 2745 2287 induant
2768 2231 2970 2301 seipsos
2992 2230 3246 2300 exemplis
3266 2230 3472 2285 Domini
3497 2232 3664 2285 nostri

2112 2324 2238 2379 Jesu
2264 2323 2504 2391 Christi,
2547 2324 2785 2379 lucentes
2831 2323 2972 2377 inter
3007 2321 3309 2389 saeculares,
3343 2322 3482 2377 sicut
3504 2321 3667 2376 stella-

2115 2412 2169 2465 in
2196 2412 2333 2466 caelo
2360 2411 2638 2482 fulgentes,
2668 2420 2727 2465 ut
2748 2410 2957 2466 illorum
2988 2411 3186 2467 lumine
3229 2410 3478 2465 illustrati
3516 2403 3673 2465 multi-

2115 2501 2461 2557 exhortentur
2480 2500 2665 2554 mundi
2683 2499 2843 2570 hujus
2865 2499 3049 2570 fugere
3068 2499 3386 2571 voluptates,
3411 2508 3467 2556 et
3485 2515 3669 2556 nume-

2116 2604 2176 2642 ro
2203 2587 2411 2643 illorum
2432 2588 2635 2657 seipsos
2666 2602 2989 2660 congregare
3013 2589 3283 2645 studeant.

2183 2696 2522 2751 Feminarum
2550 2696 2809 2763 siquidem
2838 2695 3159 2753 monasteria
3185 2696 3291 2750 sint
3331 2696 3385 2749 in
3421 2694 3668 2750 castitate

2113 2783 2356 2858 virginali
2385 2784 2516 2850 Deo,
2554 2790 2702 2838 casto
2728 2796 2983 2857 corpore,
3022 2783 3075 2837 in
3098 2782 3351 2854 pudicitia
3377 2789 3432 2837 et
3451 2780 3667 2847 humili-

2114 2882 2225 2930 tate
2255 2874 2565 2949 servientes.
2606 2871 2663 2927 Si
2690 2871 2959 2926 cmlestem
2986 2871 3183 2942 Regem
3201 2870 3478 2942 elegerunt
3510 2869 3664 2942 [Ms.,

2114 2960 2389 3034 eligerent]
2416 2959 2514 3019 sibi
2543 2975 2816 3031 sponsum,
2844 2958 3048 3015 caelesti
3076 2973 3268 3029 sponso
3290 2958 3520 3013 debitam
3550 2966 3665 3012 stu-
3754 2989 3759 2993 -

472 3036 780 3128 impossibile
801 3048 876 3093 est
910 3038 1111 3109 placere
1138 3039 1320 3113 (Hebr.
1345 3058 1423 3108 ιι,
1457 3043 1531 3115 6).
1570 3043 1680 3099 Nec
1715 3052 1890 3112 tamen
1915 3062 2016 3102 εω-
2040 3066 2087 3128 c
2115 3053 2277 3111 deant
2309 3042 2575 3128 custodire
2598 3052 2919 3115 castitatem,
2940 3056 3198 3121 quatenus
3217 3064 3335 3104 cum
3361 3046 3671 3103 beatissima

473 3126 729 3181 cularium
758 3126 1055 3183 litterarum
1081 3131 1462 3188 contemnenda
1500 3139 1582 3187 est
1618 3134 1834 3189 scientia
1858 3175 1875 3202 ,
1927 3139 2020 3193 sed
2053 3124 2084 3128 ⁷
2118 3142 2376 3214 genitrico
2398 3142 2515 3205 Dei,
2556 3124 2874 3210 semperque
2915 3140 3120 3209 virgine
3148 3147 3332 3194 sancta
3369 3138 3533 3193 Maria
3570 3152 3667 3206 per

473 3218 629 3286 quasi
655 3217 1053 3274 fundamentum
1095 3228 1289 3275 tenera:
1331 3221 1609 3277 infantium
1633 3226 1775 3281 aetati
1803 3228 2017 3283 traden-

473 3305 542 3365 da
566 3314 649 3361 est
675 3308 1049 3377 grammatica,
1100 3309 1320 3380 aliaeque
1357 3311 1733 3383 philosophica:
1760 3316 2022 3372 subtilita-

479 3394 547 3449 tis
566 3394 852 3464 disciplinae
872 3435 886 3460 ,
923 3404 1186 3466 quatenus
1216 3399 1529 3468 quibusdam
1554 3403 1825 3471 sapientiae
1847 3407 2024 3477 gradi-

426 3502 430 3503 ί
479 3480 578 3535 bus
614 3483 679 3537 ad
733 3483 1046 3541 altissimum
1090 3489 1405 3558 evangelica:
1439 3490 1775 3559 perfectionis
1816 3494 2021 3550 culmen

480 3574 767 3629 ascendere
818 3574 1055 3641 valeant,
1100 3586 1156 3632 et
1194 3576 1348 3644 juxta
1390 3593 1646 3633 annorum
1682 3591 2022 3650 augmentum

480 3662 752 3731 sapientiae
779 3678 987 3730 quoque
1009 3673 1317 3717 accrescant
1344 3664 1557 3721 divitize.
1597 3667 1703 3722 Nec
1729 3668 2022 3727 ferventem

479 3750 841 3804 adolescentiae
868 3748 1135 3804 flammam
1160 3752 1319 3807 sinite
1338 3768 1435 3823 per
1460 3756 1749 3826 praecipitia
1775 3759 2023 3815 vitiorum

476 3854 725 3894 corruere
742 3879 757 3905 ,
800 3840 921 3908 quia
948 3840 1175 3911 Spiritus
1202 3853 1446 3910 sanctus,
1478 3846 1615 3901 sicut
1637 3850 1893 3919 scriptum
1918 3860 2021 3917 est,

481 3945 582 3981 non
600 3928 796 3981 habitat
815 3929 870 3981 in
890 3945 1099 4002 corpore
1134 3932 1355 4001 peccatis
1383 3934 1587 3988 subdito
1618 3935 1768 4007 (Sap.
1794 3955 1834 4003 ι,
1864 3939 1918 4005 4,
1944 3940 2020 4013 ii);

478 4019 594 4074 sine
634 4016 784 4086 cujus
826 4020 995 4089 gratia
1023 4020 1152 4074 nihil
1182 4021 1468 4077 humanum
1490 4025 1751 4095 proﬁcere
1779 4030 1919 4084 valet
1944 4032 2026 4085 in—

478 4108 717 4177 genium;
757 4108 850 4162 sed
876 4108 919 4163 si
945 4110 1070 4179 quid
1094 4110 1216 4165 doni
1242 4112 1549 4177 adolescens
1575 4118 1771 4174 habere
1795 4120 2023 4185 videtur,

481 4196 752 4250 auferetur
784 4197 851 4250 ab
875 4213 958 4264 eo,
1008 4200 1053 4254 si
1094 4214 1151 4255 se
1180 4201 1235 4255 in
1271 4204 1516 4260 castitate
1561 4220 1875 4265 conservare
1917 4224 2023 4265 non

478 4292 649 4339 curat.
692 4283 921 4339 Serenus
948 4327 963 4351 ,
1022 4298 1239 4345 sanctus
1285 4302 1340 4347 et
1376 4296 1749 4351 mundissimus
1796 4296 2022 4369 Spiritus

2119 3244 2376 3302 supernas
2416 3229 2768 3285 habitationes
2805 3228 3013 3297 Agnum
3052 3228 3225 3296 sequi,
3255 3242 3569 3296 quocunque
3595 3228 3670 3281 ie-
3760 3280 3763 3283 .

2122 3320 2213 3386 rit,
2242 3325 2569 3375 mereantur.

2188 3427 2386 3483 Omnes
2428 3426 2688 3495 siquidem
2734 3440 3013 3484 commune
3053 3423 3447 3497 [communiter]
3471 3431 3666 3479 sancta:

2120 3517 2397 3572 eharitatis
2436 3525 2700 3585 praecepta
2745 3517 2950 3586 integra
2986 3516 3309 3586 perfectione
3352 3529 3669 3571 conservare

2120 3614 2398 3669 conentur,
2428 3606 2480 3658 in
2508 3620 2613 3673 qua
2635 3605 2843 3673 signum
2868 3605 3211 3673 discipulatus
3238 3606 3320 3658 sui
3342 3605 3482 3657 Deus
3513 3604 3667 3657 Chri-

2120 3702 2235 3748 stus
2256 3691 2549 3757 constituit,
2577 3691 2757 3745 dicens
2779 3708 2791 3742 :
2825 3689 2891 3743 In
2909 3691 3005 3743 hoc
3026 3700 3324 3759 cognoscent
3346 3707 3518 3743 anates
3543 3692 3666 3760 quia

2121 3785 2219 3837 mei
2243 3781 2484 3852 discipuli
2503 3783 2644 3846 estis,
2683 3782 2727 3835 si
2770 3781 3091 3835 dilectionem
3119 3781 3399 3835 habueritis
3438 3782 3505 3834 ad
3533 3782 3662 3836 inui-

2124 3890 2230 3927 cem
2252 3873 2431 3944 (Joan.
2460 3888 2579 3937 xm,
2600 3872 2711 3942 55).
2749 3871 2949 3942 Singuli
2978 3872 3327 3926 humilitatem
3355 3872 3588 3927 habeant
3612 3874 3664 3927 in

2124 3962 2396 4027 discendo,
2424 3970 2481 4017 et
2501 3962 2832 4017 devotionem
2877 3962 2932 4016 in
2976 3962 3232 4027 docendo,
3266 3970 3322 4018 et
3348 3950 3671 4034 diligentiam

2123 4055 2177 4108 in
2220 4053 2595 4109 misericordiae
2638 4053 2888 4123 operibus
2924 4052 2990 4106 ad
3017 4067 3278 4123 pauperes
3317 4062 3373 4107 et
3397 4055 3620 4110 miseros
3655 4074 3667 4108 :

2121 4144 2397 4211 nullusque
2423 4144 2601 4197 senior
2625 4144 2951 4211 sivejunior,
2988 4144 3256 4199 excutiaris
3290 4144 3372 4199 vel
3406 4155 3673 4201 monaste-

2124 4233 2291 4297 rialis,
2312 4233 2400 4293 ,vir
2418 4240 2510 4285 aut
2532 4232 2728 4285 femina
2769 4246 2865 4285 sua
2897 4233 3177 4287 erubescat
3212 4236 3455 4290 conﬁteri
3479 4252 3669 4305 pecca-

2122 4328 2196 4385 ta,
2224 4330 2382 4389 atque
2403 4333 2501 4389 per
2522 4320 2887 4389 paenitentiam
2914 4320 3198 4375 emendare
3215 4360 3231 4385 ,
3260 4324 3511 4391 quidquid
3548 4338 3673 4377 con-

483 4375 731 4467 “'“l‘d‘im
772 4382 828 4429 et
855 4383 1069 4467 ,casmm
1092 4378 1382 4447 ingreditur
1422 4384 1676 4437 animam'
1714 4386 1828 4441 Non
1853 4388 2023 4444 301m“
2052 4394 2106 4455 Ῐ)
2240 4375 2335 4463 Dei
2359 4375 2680 4463 voluniatem
2704 4406 2935 4464 fecisset.
2976 4408 3160 4464 Melius
3186 4375 3485 4465 esthabere
3508 4375 3671 4467 unum

480 4465 715 4520 seniores
760 4466 935 4541 verbis
979 4467 1296 4523 admoneant
1324 4468 1564 4539 juniores
1605 4489 1767 4541 suos,
1836 4492 2023 4534 verum

478 4555 641 4608 ctiam
668 4555 820 4611 bonis
846 4558 1101 4627 exemplis
1139 4560 1386 4613 erudiant
1424 4560 1559 4623 illos.
1613 4563 1751 4634 Ergo
1786 4568 2024 4637 magistri

481 4640 735 4693 minuitur
757 4644 1065 4708 auctoritas,
1088 4646 1145 4725 si
1163 4647 1401 4702 doctrina
1429 4646 1543 4717 ejus
1571 4648 1860 4707 destruitur
1895 4670 2023 4725 ope-

482 4746 576 4782 re:
620 4729 877 4799 sapientia
902 4722 1362 4807 doctorisl‘fulgeat
1405 4738 1457 4792 in
1501 4740 1775 4795 honestate
1795 4722 2023 4812 morum,

484 4825 544 4870 ut
568 4817 809 4872 videatur
835 4819 887 4873 in
917 4818 1057 4875 facto
1076 4822 1213 4889 quod
1237 4825 1482 4878 audiatur
1499 4841 1564 4880 ex
1592 4843 1704 4883 ore.

552 4927 609 4981 Si
633 4928 778 4996 quid,
810 4930 950 4997 quod
994 4930 1149 4995 absit,
1179 4940 1363 4987 contra
1396 4932 1709 4989 Christiana:
1735 4939 2025 4992 auctorita-

484 5028 587 5070 tem
614 5019 883 5087 religionis
926 5021 1189 5089 principes
1230 5037 1387 5091 agere
1423 5024 1559 5079 inter
1600 5039 1697 5080 vos
1743 5027 2026 5083 saeculares

483 5105 838 5171 inveniantur,
868 5112 1187 5165 admoneant
1214 5126 1305 5166 eos
1338 5114 1517 5169 sedula
1544 5118 1846 5174 sacerdotes
1869 5120 2023 5175 Chri-

485 5194 551 5247 sti
594 5193 967 5260 praedicatione
1012 5199 1183 5254 malas
1227 5201 1469 5255 amittere
1508 5208 1931 5273 consuetudines,
1974 5218 2028 5263 et

482 5277 636 5333 bonis
652 5287 966 5348 potestatem
989 5299 1140 5339 suam
1180 5302 1369 5341 ornare
1393 5289 1649 5357 moribus,
1677 5300 1733 5347 et
1764 5304 1823 5349 ut
1850 5298 2031 5352 vivant

485 5368 538 5423 in
567 5370 830 5435 castitate,
856 5388 1012 5425 unam
1038 5375 1292 5433 habentes
1311 5393 1527 5435 uxorem
1560 5386 1845 5440 secundum
1870 5403 2029 5444 evan-

486 5456 665 5527 gelicae
692 5469 1009 5528 praeceptum
1050 5466 1407 5531 auctoritatis;
1452 5468 1850 5539 justissimoque
1880 5475 2025 5543 judi-

488 5547 573 5601 cio
598 5563 786 5603 causas
831 5550 1131 5605 discernunt
1157 5555 1363 5621 populi,
1411 5566 1463 5610 ct
1508 5559 1919 5617 mis‘ricordiam
1951 5566 2027 5619 fa-

493 5635 634 5689 ciant
658 5640 709 5691 in
742 5655 995 5710 pauperes
1045 5649 1095 5695 et
1144 5642 1379 5697 miseros.
1440 5646 1552 5701 Non
1591 5650 1695 5701 sint
1724 5651 1924 5709 veloces
1963 5660 2026 5711 ad

2124 4498 2391 4552 hominem
2411 4504 2602 4551 testem
2630 4504 2963 4565 peccatorum
2989 4512 3203 4552 suorum
3227 4499 3278 4553 in
3299 4498 3520 4555 salutem
3554 4501 3670 4554 ani-

2123 4603 2224 4643 ma:
2257 4603 2404 4652 suae,
2461 4602 2622 4656 quam
2664 4594 2905 4656 spectare
2961 4587 3356 4643 accusationem
3403 4590 3675 4646 diabolica:

2124 4679 2329 4735 fraudis
2375 4692 2497 4737 ante
2548 4682 2784 4738 iudicem
2825 4684 3064 4739 omnium
3091 4684 3425 4751 seculorum,
3471 4695 3527 4740 et
3554 4696 3675 4740 ante

2124 4772 2429 4841 angelorum
2450 4766 2665 4839 charos,
2694 4782 2750 4829 et
2774 4775 2935 4830 totius
2962 4775 3176 4831 humani
3206 4777 3416 4846 generis
3434 4776 3671 4829 multitu-

2123 4861 2319 4915 dinem.
2356 4862 2489 4914 Dum
2536 4877 2662 4918 veio
2712 4865 2868 4919 homo
2912 4866 3041 4919 vivit
3083 4866 3136 4919 in
3183 4866 3284 4918 hoc
3316 4864 3528 4927 sarculo,
3556 4862 3668 4916 fru-

2122 4955 2305 5002 ctuosa
2336 4957 2421 5002 est
2442 4950 2702 5007 confessio
2730 4962 2782 5006 ct
2804 4955 3144 5021 pmnitcntia;
3189 4954 3240 5005 in
3260 4951 3437 5006 futuro
3468 4952 3673 5008 scilicet

2115 5033 2315 5101 judicio
2340 5038 2647 5105 ptenitcntia
2674 5040 2777 5093 erit
2800 5049 3155 5107 peccatorum,
3185 5040 3280 5093 sed
3305 5054 3409 5093 non
3438 5039 3672 5095 fructuo-

2124 5140 2206 5191 sa,
2252 5127 2377 5195 quia
2414 5128 2776 5195 unusquisque
2812 5127 3138 5194 judicabitur
3178 5130 3467 5185 secundum
3508 5145 3671 5200 opera

2123 5229 2239 5267 sua.
2264 5214 2496 5268 Metuant
2515 5215 2782 5270 criminosi
2806 5225 2860 5270 et
2876 5218 3107 5287 peccatis
3126 5221 3333 5274 onerati
3352 5228 3669 5275 aeternorum

2125 5300 2363 5357 ﬂammas
2387 5311 2787 5359 tormentorum.
2824 5305 3101 5363 Gaudeant
3117 5307 3270 5378 justi,
3300 5308 3461 5362 etiam
3479 5317 3533 5363 et
3558 5326 3671 5379 poc-

2125 5388 2353 5442 nitentes
2379 5388 2444 5442 de
2470 5398 2738 5457 perpetuae
2779 5393 3119 5450 beatitudinis
3164 5395 3329 5471 gloria
3366 5410 3488 5450 cum
3512 5395 3667 5451 Chri-

2124 5486 2228 5541 sto,
2253 5479 2339 5545 qui
2375 5479 2482 5531 ait:
2528 5480 2681 5535 Ibunt
2720 5486 2863 5554 impii
2903 5488 2956 5540 in
3006 5489 3173 5556 igneus
3226 5497 3503 5554 a'ternum;
3540 5490 3671 5558 justi

2130 5579 2295 5621 autem
2327 5570 2378 5621 in
2404 5571 2552 5623 vitam
2580 5583 2821 5626 (sternam
2864 5575 3070 5645 (Matth.
3100 5593 3222 5641 xxv,
3266 5577 3374 5649 46).
3416 5580 3477 5633 ΕΙ
3507 5581 3627 5633 alibi
3658 5619 3665 5627 .

2084 5730 2096 5743 .
2129 5660 2264 5712 Jnsli
2287 5660 2549 5730 [tt/gelum!
2573 5666 2699 5717 sicut
2723 5665 2799 5719 sol
2822 5669 2871 5721 in
2899 5685 3046 5740 regno
3066 5668 3241 5726 Putris
3258 5690 3427 5728 eorum
3456 5673 3659 5743 (illum.
