4258 6196
427 343 530 401 505

1849 327 2218 391 ιιηετοιιε.

3526 323 3632 379 506

503 461 811 523 Venerando
834 450 1008 522 Patri,
1036 465 1090 511 et
1121 452 1470 512 sanctissimis
1497 448 1753 506 fratribus
1778 450 1831 503 in
1855 461 1982 502 con-
2012 449 2056 505 Δ
2083 442 2354 512 dignetur,
2391 448 2445 494 et
2483 438 2552 493 ad
2586 445 2845 493 :eternum
2881 450 3102 507 regnum
3138 434 3418 504 pervenLre
3450 449 3637 489 conce-

429 554 734 627 gregatioue
760 548 1056 606 beatissimi
1082 541 1404 603 confessoris
1429 538 1629 597 Christi
1669 535 1885 595 humilis
1909 535 1985 591 le-

432 648 537 701 vita
565 644 789 700 Albinus
817 639 1061 698 salutem.

499 735 749 793 Gaudens
770 740 963 788 vestras
986 724 1333 783 beatitudinis
1357 721 1535 778 audivi
1555 718 1985 792 prosperitatem,

432 836 486 883 et
508 823 807 895 religiosam
822 822 985 875 vitam
1007 826 1062 873 et
1075 817 1184 871 Deo
1204 813 1521 883 condignam
1537 851 1552 877 ,
1576 819 1737 880 atque
1758 807 1989 864 homini-

435 921 535 973 bus
568 913 924 977 laudabilem;
955 914 1278 980 quapropter
1312 918 1446 959 meae
1477 900 1757 972 parvitatis
1796 912 1988 953 nomen

435 1007 739 1079 diligentius
763 1001 963 1059 sanctis
989 998 1185 1053 vestris
1209 992 1543 1051 orationibus
1565 987 1901 1052 commendo,
1931 993 1992 1041 ut

438 1114 522 1153 me
546 1094 787 1153 habeatis
808 1091 958 1162 quasi
981 1103 1145 1145 unum
1166 1102 1229 1143 ex
1250 1084 1421 1140 vobis.
1441 1081 1554 1152 Ego
1572 1094 1701 1135 vero
1722 1083 1991 1149 peccator,

438 1188 661 1256 multum
708 1184 949 1251 indigens
994 1187 1301 1234 sanctorum
1350 1171 1728 1227 intercessione
1751 1208 1766 1233 ,
1817 1166 1994 1221 sciens

438 1254 659 1332 multum
696 1272 873 1327 valere
909 1266 1310 1338 deprecationes
1342 1261 1636 1331 iustorum,
1674 1254 1828 1325 juxta
1869 1268 1996 1322 apo-

438 1366 557 1422 stoli
603 1362 786 1419 Jacobi
828 1358 1218 1419 testimonium,
1264 1352 1400 1408 nihil
1440 1351 1507 1406 de
1547 1350 1684 1405 meis
1724 1345 1996 1403 conlidens

440 1453 669 1515 meritis,
703 1452 797 1506 sed
826 1458 992 1504 totum
1018 1461 1105 1501 me
1128 1459 1225 1515 per
1252 1440 1571 1497 famulorum
1599 1437 1799 1494 Christi
1827 1438 1993 1490 inter-

439 1544 709 1599 cessiones
736 1541 925 1597 divinae
953 1537 1137 1609 gratia:
1172 1532 1586 1594 commendans;
1628 1536 1682 1583 et
1722 1527 1845 1582 licet
1875 1540 1999 1595 pec-

440 1634 573 1689 catis
600 1633 735 1689 meis
764 1628 1173 1700 impedientibus
1214 1640 1321 1680 non
1367 1623 1467 1677 sim
1511 1622 1703 1692 dignus
1728 1620 1868 1673 inter
1905 1633 2000 1673 eos

439 1723 738 1786 numerari,
768 1730 947 1775 tamen
966 1760 981 1783 ,
1013 1719 1123 1772 Deo
1148 1717 1467 1779 miserante,
1495 1713 1605 1768 Deo
1634 1712 1752 1768 illos
1778 1710 2000 1781 diligere

2085 533 2210 597 dat,
2247 531 2399 601 cujus
2430 530 2550 585 laus
2580 530 2651 585 sit
2682 543 2893 598 semper
2924 528 2980 583 in
3015 542 3110 582 ore
3140 533 3195 581 et
3226 526 3279 579 iu
3316 524 3479 580 corde
3509 524 3640 581 cha-

2085 623 2260 678 ritatis
2294 612 2523 687 vestras;
2559 622 2684 692 quia
2723 621 2839 677 hmo
2870 627 2954 676 est
2985 626 3289 673 sanctorum
3322 616 3433 671 vita
3458 655 3474 683 ,
3523 614 3641 672 laus

2086 716 2342 773 bonitatis
2364 715 2563 772 Christi
2589 723 2643 770 et
2665 714 2903 770 charitas
2943 713 2995 766 in
3017 710 3299 781 praesentia
3324 707 3463 763 illius
3481 747 3497 772 ,
3522 722 3641 778 qua:

2095 824 2372 878 nunquam
2404 808 2615 863 excedit
2649 804 2877 877 [Forte,
2901 801 3159 875 excidit],
3196 788 3473 871 nunquam
3502 812 3641 869 prm-

2089 900 2246 963 terit,
2288 913 2562 969 nunquam
2589 895 2827 961 fastidit;
2856 903 2910 950 et
2931 894 3233 963 quicunque
3258 891 3453 960 stcpius
3479 890 3534 943 in
3560 887 3646 943 his

2089 992 2143 1045 in
2169 992 2269 1046 hac
2289 987 2499 1045 mortali
2525 989 2633 1041 vita
2654 995 2919 1051 versatur,
2941 985 3196 1056 majorem
3220 990 3525 1039 sanctorum
3551 996 3643 1034 an-

2090 1080 2327 1154 gelorum
2365 1076 2763 1135 similitudinem
2789 1076 2989 1141 habet;
3018 1074 3192 1144 angeli
3216 1088 3344 1128 vero
3377 1071 3469 1126 Dei
3506 1085 3647 1125 sem-

2090 1186 2187 1241 per
2212 1171 2266 1225 in
2288 1168 2487 1239 vigiliis
2515 1166 2681 1223 Deum
2722 1165 2970 1228 laudant;
3012 1172 3067 1218 et
3105 1163 3195 1234 qui
3224 1162 3447 1233 vigilare
3471 1159 3650 1217 studet

2094 1261 2161 1316 ad
2204 1259 2389 1315 Iaudes
2425 1258 2548 1324 Dei,
2593 1256 2885 1327 angelicam
2923 1256 3087 1310 vitam
3132 1255 3241 1325 agit
3276 1253 3331 1307 in
3371 1251 3567 1317 terris;
3596 1258 3650 1305 et

2092 1352 2235 1421 quod
2278 1364 2464 1405 omnes
2510 1350 2679 1403 sancti
2727 1347 2898 1402 acturi
2945 1354 3071 1402 sunt
3111 1347 3164 1400 in
3208 1345 3397 1409 caelis,
3441 1351 3649 1413 tempo-

2096 1444 2243 1497 ribus
2272 1440 2559 1496 secundum
2594 1440 2884 1493 humanam
2921 1438 3262 1507 fragilitatem
3297 1437 3511 1491 statutis
3540 1435 3655 1506 agit

2097 1534 2149 1588 in
2173 1532 2352 1588 terris.
2395 1530 2509 1585 Non
2555 1543 2804 1592 somnus,
2849 1543 2952 1583 non
2994 1526 3249 1582 sacculare
3289 1526 3649 1589 desiderium,

2097 1637 2196 1677 nec
2238 1636 2375 1677 vana
2419 1620 2670 1690 cogitatio
2715 1619 2966 1687 impediat
3004 1632 3218 1672 cursum
3257 1616 3530 1686 religionis
3568 1629 3656 1669 ve-

2099 1722 2254 1779 strae,
2283 1720 2339 1768 et
2371 1710 2555 1767 laudes
2586 1710 2811 1773 divinas,
2835 1716 2895 1763 ut
2929 1706 3180 1778 angelicae
3210 1706 3542 1760 visitationes
3575 1704 3656 1757 in-

439 1814 551 1869 scio
573 1821 626 1867 et
648 1811 751 1866 illis
769 1812 1028 1865 honorem
1058 1806 1360 1875 impendere
1384 1802 1619 1858 debitum
1642 1798 1751 1871 [Ita
1771 1816 1870 1853 ms;
1886 1815 1996 1853 cor—
2030 1790 2074 1850 Β
2099 1805 2315 1859 veniam
2330 1814 2766 1871 unumquemque
2787 1806 3023 1852 vestrum
3052 1796 3104 1851 in
3131 1794 3249 1851 loco
3273 1808 3371 1849 suo
3395 1801 3655 1855 stantem,

442 1904 629 1977 rapte].
657 1903 990 1972 Quapropter
1015 1898 1209 1954 obnixe
1233 1898 1509 1964 deprecor,
1537 1900 1597 1946 ut
1622 1905 1708 1945 me
1732 1904 1793 1944 ea
1818 1888 1999 1944 chari-

442 2004 551 2049 tate
589 1991 858 2061 recipiatis
877 2032 891 2055 ,
919 2003 1025 2059 qua
1055 2002 1148 2041 vos
1174 1984 1447 2040 humiliter
1475 1976 1723 2052 depoSco.
1754 1978 2001 2034 Charitas

439 2085 583 2140 enim
608 2085 834 2154 benigna
861 2089 972 2145 est,
997 2080 1051 2135 in
1073 2093 1174 2151 qua
1197 2084 1309 2133 tota
1329 2090 1603 2131 servorum
1624 2072 1718 2127 Dei
1745 2072 1851 2126 vita
1877 2086 2003 2125 con—

441 2179 601 2244 sistit,
633 2193 795 2247 quam
823 2184 1001 2230 vestra
1031 2172 1383 2233 unanimitas,
1413 2169 1551 2223 sicut
1580 2166 1737 2221 audio
1758 2206 1771 2229 ,
1806 2163 2003 2234 optime

442 2270 628 2333 habet,
654 2283 750 2338 per
771 2281 928 2338 quem
959 2263 1162 2337 [Fortc,
1179 2261 1361 2332 quam]
1376 2263 1538 2319 vitam
1564 2267 1818 2313 aeternam
1843 2257 2004 2311 habe-

441 2365 545 2427 bit,
576 2361 877 2432 quicunque
904 2359 1102 2412 habere
1128 2355 1319 2425 dignus
1349 2355 1449 2408 erit
1474 2370 1487 2418 ;
1520 2366 1680 2422 quam
1704 2359 1814 2405 toto
1844 2348 2006 2404 corde

444 2452 759 2524 sequimini,
794 2448 1093 2505 cbarissimi
1129 2446 1322 2499 fratres
1344 2485 1359 2509 ,
1398 2443 1523 2513 quia
1566 2449 1675 2499 tota
1716 2439 2003 2495 monacho-

445 2563 560 2600 rum
588 2546 694 2599 vita
721 2546 775 2599 in
805 2541 1069 2597 charitate
1092 2580 1106 2606 ,
1136 2536 1437 2593 humilitate
1476 2543 1527 2589 et
1552 2531 1853 2588 obedientia
1880 2544 2005 2585 con-

443 2638 622 2701 sistit;
652 2644 706 2689 et
732 2634 856 2702 quia
890 2640 1067 2686 vestra
1104 2630 1276 2698 pietas
1308 2626 1475 2679 Deum
1509 2623 1671 2692 elegit
1700 2622 1801 2676 sibi
1830 2620 2003 2675 domi-

445 2741 569 2780 num
601 2734 656 2779 et
684 2737 893 2792 regem,
925 2728 1034 2775 tota
1064 2718 1259 2771 virtute
1290 2715 1457 2768 Deum
1486 2721 1661 2765 amate
1680 2752 1694 2775 ,
1725 2719 1779 2764 et
1805 2723 2006 2778 prame-

444 2815 553 2885 ptis
577 2811 691 2881 ejus
716 2810 935 2866 obedire
960 2807 1188 2863 studete.
1218 2803 1594 2872 Unusquisque
1617 2799 1768 2854 alteri
1796 2798 1865 2851 sit
1891 2811 2004 2850 ma-

444 2906 609 2974 gister
636 2905 688 2959 in
717 2917 878 2973 Opere
902 2901 1059 2962 bono,
1090 2906 1145 2951 et
1169 2895 1533 2965 unusquisque
1553 2890 1703 2945 alteri
1717 2888 2004 2958 discipulus

445 2996 499 3052 in
529 2994 843 3049 humilitatis
867 2988 1165 3045 obedientia
1186 3027 1199 3051 ,
1230 2986 1439 3040 dicente
1474 2980 1728 3051 Apostolo
1754 2994 1768 3031 :
1803 2978 1863 3033 Si
1889 2993 2004 3031 vero

443 3087 642 3156 iuniori
668 3082 941 3139 revelatum
968 3080 1062 3149 [iat
1085 3119 1099 3144 ,
1129 3078 1273 3147 prior
1298 3084 1463 3128 taceat
1495 3072 1561 3143 (I
1588 3069 1711 3124 Cor.
1741 3085 1850 3132 xw,
1878 3068 1998 3139 ὅθ).

446 3178 675 3249 Spiritus
697 3176 831 3229 enim
858 3172 945 3226 ubi
970 3170 1077 3225 vult
1102 3169 1261 3240 spirat
1287 3165 1475 3237 (Joan.
1500 3178 1594 3227 ιιι,
1622 3161 1707 3232 8).
1736 3159 1829 3213 Dei
1860 3158 2003 3249 enim

445 3248 644 3328 donum
688 3275 791 3331 est,
831 3265 876 3320 si
921 3264 1041 3332 quis
1087 3269 1232 3315 recta
1281 3253 1556 3324 intelligit,
1606 3252 1649 3306 si
1700 3249 1821 3321 quis
1864 3248 2007 3317 juste

448 3368 628 3425 amat;
661 3357 754 3411 Dei
785 3356 981 3409 donum
1010 3353 1063 3405 in
1092 3349 1234 3404 nulla
1280 3355 1465 3409 aetate,
1499 3344 1553 3398 in
1596 3342 1737 3397 nulla
1781 3353 2006 3411 persona

447 3449 889 3505 contemnendum
918 3452 1017 3498 est.

518 3539 767 3595 Seniores
797 3538 955 3591 .inter
1001 3548 1097 3588 vos
1136 3531 1376 3600 iuniores
1419 3530 1694 3592 erudiant,
1746 3535 1805 3580 ut
1850 3526 2009 3593 digne

450 3629 674 3704 [Forte,
708 3626 884 3698 digni]
922 3625 1219 3679 habeantur
1252 3638 1348 3691 pro
1383 3634 1440 3675 se
1468 3620 1521 3673 in
1552 3634 1649 3672 suo
1678 3627 1822 3691 stare
1850 3615 2005 3679 loco;

448 3700 633 3778 docete
662 3736 754 3775 eos
785 3720 835 3772 in
868 3718 1011 3771 omni
1047 3712 1479 3774 mansuetudine,
1516 3700 1818 3762 erudientes
1848 3706 1900 3758 in
1938 3704 2006 3757 ti-

448 3829 597 3868 more
624 3811 752 3875 Dei;
785 3818 844 3862 ut
872 3808 1078 3863 discant
1106 3806 1172 3860 ah
1202 3806 1419 3859 ineunte
1443 3809 1600 3857 aetate
1628 3799 1737 3854 Deo
1773 3796 2003 3861 servire,

447 3913 502 3958 ct
536 3902 817 3974 praeceptis
851 3899 1188 3969 regularibus
1222 3895 1519 3952 informari.
1554 3891 1801 3947 Juniores
1850 3888 2010 3959 290

449 3995 685 4050 debitum
721 3992 976 4046 honorem
1012 3988 1311 4043 senioribus
1344 3984 1687 4056 impendant;
1719 3984 1837 4037 sitis
1867 3982 2007 4035 enim

449 4088 588 4141 sicut
616 4099 781 4139 unum
810 4096 1026 4152 corpus,
1050 4080 1183 4133 alter
1209 4078 1424 4133 alterius
1454 4076 1700 4141 membra,
1729 4084 1785 4127 ut
1811 4076 1865 4127 in
1900 4090 2008 4126 om-

451 4176 597 4231 nibus
636 4173 1005 4241 honoriﬁcetur
1028 4170 1168 4224 Deus
1208 4166 1397 4241 (Rom.
1444 4183 1549 4233 xtl,
1577 4164 1683 4238 5),
1728 4174 1782 4239 et
1822 4180 2009 4220 omnes

448 4267 797 4329 aedificentur,
829 4273 883 4319 et
910 4278 1097 4317 omnes
1125 4261 1193 4315 ad
1221 4259 1443 4331 gloriam
1474 4266 1743 4328 perpetua:
1780 4257 2007 4312 beatitu-

450 4358 587 4411 dinis
612 4356 892 4426 pervenire
920 4362 1230 4408 mereantur
1261 4350 1333 4421 (I
1360 4350 1502 4404 Petr.
1533 4365 1603 4414 tv,
1634 4350 1693 4401 ll
1722 4348 1761 4421 ).

2100 1894 2373 1964 Deumque
2407 1892 2733 1947 laudantem.
2772 1890 2941 1961 Igitur
2976 1889 3066 1958 qui
3108 1888 3161 1943 in
3201 1888 3303 1943 hac
3340 1883 3661 1941 mortalitate

2099 1986 2267 2040 Deum
2310 1984 2527 2039 laudare
2569 1982 2804 2045 student,
2837 1981 2892 2034 in
2945 1978 3197 2034 felicitate
3236 1984 3495 2049 perpetua
3539 1990 3660 2030 cuin

2099 2074 2381 2131 Psalmista
2433 2080 2652 2127 cantare
2701 2072 2900 2125 habent
2928 2087 2942 2124 :
2970 2058 3147 2122 hBeati
3192 2069 3280 2138 qui
3328 2066 3558 2120 habitant
3605 2064 3663 2117 in

2100 2168 2253 2222 domo
2289 2176 2377 2220 tua
2398 2206 2412 2230 ,
2441 2164 2660 2218 Domine
2678 2149 2699 2227 ,’
2738 2163 2793 2215 in
2823 2158 3068 2215 saeculum
3097 2157 3275 2213 διεσαιὶ
3300 2156 3585 2210 laudabunt
3611 2164 3661 2208 ts

2102 2259 2121 2330 (
2145 2258 2344 2312 Psalm.
2371 2272 2574 2311 unm
2596 2297 2610 2317 .
2645 2255 2677 2309 5
2701 2254 2742 2327 ).

2171 2349 2421 2404 Sanctam
2448 2362 2576 2403 vero
2606 2344 3014 2401 unanimitatem
3051 2348 3318 2404 vestram,
3358 2335 3659 2394 charissimi

2101 2441 2329 2506 fratres,
2356 2439 2612 2495 Dominus
2646 2438 2787 2493 Deus
2822 2438 2875 2491 in
2910 2435 3053 2490 omni
3086 2433 3347 2501 prolicere
3374 2428 3537 2484 faciat
3574 2426 3665 2482 bo-

2100 2550 2200 2600 no,
2224 2541 2279 2589 et
2318 2532 2386 2588 ad
2415 2539 2632 2587 aeternae
2662 2528 3007 2585 beatitudinis
3039 2525 3347 2580 felicitatem
3387 2519 3664 2592 pervenire

2104 2626 2403 2691 concedat,
2439 2621 2770 2680 dilectissimi
2807 2620 3021 2674 fratres.

2517 2746 2542 2775 ι
2573 2732 2902 2788 EPISTOLA
2936 2728 3250 2785 CCXXVIII.

2528 2841 2594 2878 AD
2653 2837 2932 2877 Αιικοωυι
2990 2835 3295 2874 ᾹΒΒᾹΤΕΙΙ.-

2101 2919 2303 2973 Laudat
2342 2932 2519 2971 eorum
2553 2913 3026 2973 conversationem;
3070 2910 3308 2962 hortatur
3352 2907 3419 2960 ad
3456 2907 3664 2959 uirtutes

2170 2984 2790 3070 religiosas,.pra:se.rtim
2824 2988 3179 3064 paupertatem
3216 2979 3271 3031 in
3308 2977 3581 3041 conviciis,
3609 2976 3664 3029 in

2176 3058 2398 3113 nummis
2425 3097 2440 3122 ,
2470 3058 2527 3114 in
2556 3058 2892 3113 uestimentis,
2925 3058 3029 3105 etc.

2180 3168 2497 3223 Venerando
2530 3163 2677 3224 Patri
2705 3165 2735 3205 δ
2763 3162 2999 3219 Arnoldo
3030 3160 3209 3217 abbati
3237 3168 3290 3214 et
3319 3165 3515 3214 sancta:
3541 3172 3667 3213 con-

2106 3256 2401 3329 gregationi
2420 3296 2435 3321 ,
2460 3254 2679 3310 humilis
2706 3253 2865 3307 levita
2891 3251 3117 3307 Albinus
3145 3250 3391 3306 salutem.

2178 3348 2321 3403 Satis
2351 3345 2483 3401 mihi
2518 3343 2718 3416 placuit
2755 3342 3001 3412 religiosa
3036 3340 3373 3396 conversatio
3405 3348 3581 3395 vestra
3611 3338 3666 3393 in

2108 3440 2331 3497 Domino
2351 3480 2366 3505 ,
2399 3444 2453 3493 et
2481 3422 2760 3492 charitatis
2785 3432 3086 3497 humilitas,
3118 3438 3173 3485 et
3212 3428 3467 3484 Ecclesia:
3506 3443 3668 3483 orna-

2111 3539 2195 3583 tus
2216 3569 2230 3591 ,
2263 3536 2317 3582 et
2343 3528 2647 3589 domorum,
2681 3540 2817 3593 quas
2844 3524 2897 3578 in
2927 3522 3157 3576 transitu
3187 3518 3468 3576 cernebam
3491 3560 3505 3583 ,
3539 3533 3667 3573 con-

2107 3618 2346 3680 stitutio,
2378 3624 2432 3670 et
2458 3615 2767 3669 dulcissima
2796 3616 3093 3683 susceptio,
3124 3630 3229 3684 qua
3266 3630 3353 3669 me
3386 3628 3507 3668 cum
3548 3628 3661 3667 ma-

2107 3723 2206 3779 gna
2235 3707 2596 3761 familiaritate
2621 3705 2968 3775 suscepistis;
2994 3720 3318 3774 cognoscens
3344 3704 3397 3758 in
3420 3705 3671 3759 cordibus

2106 3799 2300 3854 vestris
2336 3796 2482 3851 illum
2521 3796 2717 3851 habere
2744 3802 3097 3864 prmparatam
3142 3793 3525 3847 habitationem
3576 3795 3667 3862 qui

2112 3892 2243 3948 dixit
2271 3905 2286 3945 :
2326 3891 2391 3944 In
2425 3890 2519 3943 hoc
2554 3896 2856 3959 cognoscent
2892 3901 3063 3940 omnes
3085 3925 3098 3949 ,
3136 3885 3257 3955 quia
3290 3884 3390 3936 mei
3425 3882 3667 3953 discipuli

2109 3985 2248 4047 estis,
2273 3983 2316 4037 si
2342 3981 2663 4035 dilectionem
2690 3978 2970 4033 habueritis
2999 3977 3065 4031 ad
3091 3976 3306 4029 invicem
3334 3972 3510 4043 (Joan.
3535 3988 3665 4038 xm,

2109 4076 2177 4131 55
2205 4074 2245 4146 ).
2282 4073 2404 4128 ldeo
2439 4070 2663 4142 supplici
2692 4069 3064 4137 deprecatione
3097 4066 3387 4122 exhortans
3421 4063 3669 4119 fraterni-

2109 4174 2273 4221 tatem
2309 4172 2543 4220 vestram
2579 4170 2639 4215 ut
2677 4160 2729 4213 in
2763 4158 2999 4229 perfecta
3038 4156 3395 4229 permancatis
3440 4154 3669 4211 fideliter

2108 4259 2396 4326 charitate,
2427 4264 2480 4309 et
2524 4251 2808 4309 concordia
2853 4250 3003 4321 pacis
3046 4250 3185 4304 inter
3227 4264 3321 4303 vos
3364 4248 3571 4318 vigeat,
3614 4253 3669 4301 et

2106 4348 2418 4407 obedientize
2441 4345 2603 4399 decus
2626 4339 2960 4410 resplendeat
2979 4339 3031 4391 in
3048 4337 3451 4392 conversatione
3468 4343 3665 4415 vestra,

519 4446 719 4514 Scripsi
756 4444 907 4499 vobis
941 4444 1038 4497 has
1076 4458 1273 4511 paucas
1306 4442 1568 4495 litterulas
1612 4454 1677 4496 ex
1725 4440 2004 4495 charitatis
2038 4475 2085 4535 υ
2106 4448 2160 4495 et
2185 4435 2496 4493 humilitatis
2521 4434 2773 4488 honestas
2797 4429 3041 4484 videatur
3067 4428 3118 4481 in
3147 4426 3289 4482 omni
3316 4434 3435 4480 actu
3463 4432 3663 4489 vestro,

451 4537 625 4600 fonte,
656 4551 760 4589 non
789 4534 939 4604 quasi
973 4533 1358 4603 ignorantibus,
1392 4533 1483 4587 sed
1511 4532 1662 4601 quasi
1692 4532 1801 4586 haec
1827 4534 2003 4586 omnia
2036 4516 2082 4597 ξ’
2107 4538 2160 4585 et
2194 4527 2432 4597 corporis
2468 4524 2686 4579 castitas
2719 4520 2870 4591 quasi
2914 4518 3020 4572 lilia
3059 4516 3245 4572 ﬂoreat
3284 4516 3337 4569 in
3376 4524 3663 4585 conspectu

451 4626 640 4682 melius
672 4624 995 4690 scientibus,
1025 4634 1080 4680 et
1118 4623 1171 4677 in
1206 4621 1318 4678 Deo
1347 4622 1651 4692 diligentius
1685 4622 2007 4692 perficienti-

452 4719 549 4771 bus
572 4735 586 4784 ;
613 4726 666 4771 et
690 4726 749 4770 ut
776 4731 951 4770 meam
979 4717 1120 4770 circa
1146 4723 1377 4769 vestram
1404 4713 1627 4768 salutem
1650 4753 1665 4779 ,
1688 4714 1794 4768 imo
1820 4722 1871 4767 et
1895 4728 2007 4768 om-

453 4807 599 4861 nium
635 4820 911 4859 servorum
948 4806 1040 4859 Dei
1080 4806 1417 4874 cognoscatis
1445 4804 1801 4869 voluntatem,
1853 4813 1906 4858 et
1950 4812 2009 4858 ut

454 4898 867 4953 familiaritatem
898 4897 1089 4949 anima:
1116 4892 1247 4957 mete
1276 4898 1457 4951 sciatis
1486 4896 1623 4967 apud
1661 4912 1772 4951 vos.
1820 4897 2006 4949 Vestra

453 5004 471 5034 ι
493 5004 577 5042 ero
613 4988 825 5042 bonitas
858 4994 911 5039 et
945 4984 1177 5039 fraterna
1216 4986 1514 5040 humilitate
1551 4987 1685 5056 legat
1713 5029 1726 5052 ,
1770 4996 1822 5041 et
1856 4988 2007 5042 solita

454 5094 485 5145 ρ
518 5085 618 5129 atat
693 5078 945 5147 recipiat,
995 5090 1111 5143 qum
1156 5074 1304 5129 vobis
1350 5076 1583 5129 scribere
1629 5079 1829 5130 curavi.
1871 5077 2010 5131 Deus

452 5181 582 5220 vero
612 5177 647 5218 ιη
671 5168 774 5223 tius
802 5166 1176 5222 consolationis
1204 5164 1363 5218 Pater
1397 5184 1489 5220 vos
1520 5167 1713 5235 ubique
1747 5168 2006 5223 consolari

524 5332 549 5361 ι
581 5320 831 5381 Froben.,
861 5324 1014 5388 epist.
1045 5322 1169 5376 2‘25.

525 5390 565 5469 be
584 5390 1014 5469 -trwdoabbati.
1031 5392 1191 5469 Cujus
1206 5393 1532 5469 monasterii,
1551 5395 1678 5469 mihi
1701 5396 1842 5469 h_a_nd
1864 5411 2005 5448 com-

456 5467 662 5541 pertum
688 5471 768 5541 est
785 5460 952 5541 iidem
966 5464 1105 5539 enim
1121 5477 1237 5541 esse
1254 5464 1433 5541 nequit
1445 5478 1563 5541 cum
1578 5463 1801 5541 Arnulfo
1818 5466 2004 5519 abbate

458 5531 761 5610 monasterii
788 5529 1103 5610 Clonuensis
1127 5533 1256 5610 et_S.
1290 5532 1541 5610 Florentii
1577 5534 1651 5610 ad
1698 5533 1924 5610 Ligerim
1954 5538 2003 5587 in

457 5600 667 5679 dimcesi
691 5599 1074 5679 Andegavensi,
1101 5604 1191 5668 qui
1213 5611 1395 5679 sancto
1416 5602 1697 5679 Benedicto
1717 5599 2002 5679 Ahianensi

456 5683 561 5789 pro.
573 5669 945 5723 reformatione
963 5673 1406 5727 monasteriorum
1436 5673 1612 5727 socius
1622 5680 1674 5723 et
1691 5669 1897 5735 adjutor
1912 5676 2003 5727 ad-

478 5739 652 5789 nbttus
678 5738 793 5789 fuit.
813 5745 1037 5789 testante
1062 5739 1326 5789 Ludovico
1356 5742 1588 5789 Anausin
1613 5742 1661 5789 in
1690 5739 1993 5789 diplomate-

478 5739 652 5792 tibitus
678 5738 793 5802 fuit,
813 5745 1037 5792 tritante
1062 5739 1326 5794 Ludovico
1354 5742 1588 5810 Angusto
1613 5742 1661 5795 in
1690 5739 1994 5808 diplomate,

2108 4620 2200 4674 Dei
2221 4660 2234 4680 .
2263 4626 2316 4671 ct
2344 4616 2461 4671 sitis
2488 4614 2769 4669 unanimes
2798 4612 2851 4666 in
2882 4609 3025 4665 omni
3056 4624 3217 4679 opere
3243 4608 3507 4678 perfecto,
3539 4607 3665 4661 obc-

2106 4709 2312 4765 dicntes
2352 4706 2498 4760 Patri
2540 4704 2763 4775 spiritali
2807 4703 3005 4772 absque
3032 4700 3175 4754 omni
3208 4699 3659 4763 contradictione,

2107 4801 2231 4871 quia
2266 4800 2379 4869 ipse
2412 4798 2675 4852 rationem
2714 4793 3020 4850 redditurus
3056 4794 3159 4847 erit
3194 4807 3292 4863 pro
3321 4792 3471 4847 vobis
3499 4794 3550 4845 in
3579 4792 3665 4847 die

2108 4904 2300 4961 magno
2350 4887 2590 4950 Domini,
2633 4894 2687 4941 et
2716 4900 2811 4939 vos
2850 4884 3095 4938 similiter
3127 4883 3437 4937 obedientiam
3473 4889 3664 4937 vestrm

2108 4983 2393 5053 plurimam
2425 4978 2477 5033 in
2505 4978 2590 5033 die
2618 4978 2705 5032 illa
2736 4976 3004 5045 accepturi
3030 4976 3179 5030 eritis
3208 4973 3524 5029 mercedem.

2181 5073 2301 5127 Non
2330 5082 2403 5126 est
2432 5087 2643 5142 regnum
2670 5070 2765 5122 Dei
2795 5086 2911 5123 esca
2940 5079 2985 5122 et
3015 5078 3164 5138 potus
3197 5066 3368 5135 (Rom.
3402 5080 3488 5117 stv
3508 5105 3520 5129 ,
3551 5064 3657 5132 l7),

2108 5164 2199 5220 sed
2228 5164 2459 5219 charitas
2487 5164 2542 5215 in
2566 5161 2891 5215 conscientia
2920 5175 3051 5228 pura
3074 5176 3089 5223 ;
3123 5160 3205 5211 hac
3230 5164 3354 5211 sunt
3382 5156 3555 5225 itaque
3583 5156 3660 5209 vi-

2107 5321 2246 5387 quod
2267 5320 2331 5371 de
2355 5318 2599 5387 restituto
2627 5318 2813 5371 ordine
2843 5317 3136 5372 monastico
3162 5316 3223 5387 in
3248 5316 3566 5369 monasterio
3598 5315 3655 5369 S.

2110 5384 2340 5468 Dionysii
2363 5386 2607 5468 confecit:
2632 5387 2781 5468 Apud
2804 5388 3000 5468 Mabill.
3020 5388 3141 5468 Aet.
3155 5384 3250 5438 SS.
3285 5399 3405 5439 saec.
3430 5400 3654 5468 ivx-pag.

2104 5458 2225 5511 2|8.
2244 5453 2493 5508 Amulfus
2515 5456 2655 5509 enim
2680 5453 2778 5511 iste
2797 5459 3030 5527 regimen
3048 5453 3212 5527 hujus
3237 5453 3658 5527 monasteriisu-

2106 5528 2308 5594 seipere
2330 5539 2433 5578 non
2460 5527 2630 5593 potuit
2646 5538 2768 5579 ante
2793 5524 2986 5579 annum
3010 5524 3230 5591 800quo
3250 5538 3385 5577 anno
3408 5524 3659 5578 Albaldus

2106 5594 2335 5673 ejusdem
2488 5596 2670 5673 abbas,
2704 5598 2784 5672 cui
2816 5595 3066 5647 Amulius
3092 5594 3372 5655 successit,
3403 5595 3572 5669 adlch
3606 5596 3657 5648 in

2105 5667 2233 5718 vivis
2266 5663 2377 5715 fuit.
2414 5664 2543 5716 “ab.
2575 5665 2672 5717 loc.
2710 5665 2797 5716 Cit.
