4272 6210
627 300 725 353 507
1459 300 1515 352 Β.
1555 299 1614 351 l".
1653 295 1875 351 ALBINI
1915 296 2044 352 SEU
2083 294 2314 351 ALCUID

2155 294 2353 351 .cura't
2384 300 2679 369 ornavit
2720 305 2895 360 rans
2933 306 2968 359 ι.
3436 268 3440 275 ’
3739 316 3842 373 503

626 412 833 473 elimat,
881 426 1013 478 quas
1057 410 1299 465 monachi
1346 410 1569 480 singulis
1615 410 1762 464 horis
1802 410 2026 463 Domino
2077 408 2186 461 Deo
2215 406 2411 475 Alme,
2444 414 2515 467 ita
2547 424 2602 469 tu
2629 432 2812 470 curant
2844 417 3040 470 habeas
3068 418 3130 470 de
3160 419 3327 473 salute
3375 421 3683 476 multorum.
3723 424 3839 480 Noli

624 500 816 554 oti‘erre
844 500 1149 561 debebunt;
1182 500 1264 553 his
1292 500 1479 555 hostiis
1505 500 1803 568 plaeabitur
1831 496 2080 565 majestas
2107 497 2185 551 di—
2289 510 2485 555 torrem
2528 503 2594 558 de
2642 504 2885 559 incendio
2921 513 3130 573 raptum
3175 506 3477 575 disperare,
3522 510 3616 566 sed
3662 514 3838 580 paeni-

625 593 747 645 vina
774 609 788 655 ;
816 608 910 663 per
940 592 1037 645 has
1061 592 1280 647 semitas
1305 593 1451 663 regni
1480 592 1713 646 cutlestis
1740 600 1907 660 porta:
1932 590 2183 658 aperiun-
2286 593 2459 645 lentiae
2489 593 2632 647 fonte
2660 596 3219 665 exstingui,qualenus
3240 599 3329 665 qni
3353 600 3404 651 in
3430 599 3641 655 ﬂamma
3667 603 3837 657 libidi-

627 692 732 735 tnr.
776 682 885 736 lloc
915 682 1145 751 cogitate
1175 681 1395 751 jugiter,
1431 683 1531 736 hoc
1570 687 1919 735 rememorate
1952 690 2179 745 semper,
2284 680 2367 733 nis
2391 683 2613 747 exarsit,
2644 684 2696 736 in
2730 682 2938 738 ﬂamma
2966 686 3246 740 charitatis
3274 708 3325 741 ι.
3359 690 3630 751 munditia:
3663 692 3839 748 luceat

628 773 677 821 in
712 770 797 823 his
828 770 983 838 291
1022 771 1413 825 conversantini
1467 770 1712 833 deliciis;
1763 769 1877 822 lucc
1920 775 2043 821 sunt
2085 782 2185 819 nuo
2283 772 2335 824 in
2375 783 2661 842 conspectu
2691 754 2805 829 Dei.
2830 776 2907 829 Tu
2941 773 3046 831 scis
3080 776 3401 848 fragilitates
3437 782 3832 849 adolescentize;

626 860 804 927 ptialia
828 862 1173 925 vestimenta,
1205 863 1257 914 in
1289 862 1483 929 quibus
1514 860 1728 928 superni
1766 859 1907 927 regis
1938 858 2179 911 convivia
2264 859 2333 912 'tn
2363 863 2501 915 nosti
2529 861 2723 917 ﬂumen
2765 864 3095 934 iniquitatis,
3120 868 3385 936 quomodo
3422 884 3519 941 per
3545 873 3835 941 praecipitia

627 950 900 1016 possidere
924 952 1069 1019 digni
1097 950 1420 1005 eﬂieiamini.
1452 949 1639 1003 Nullus
1666 964 1731 1003 ex
1763 949 1912 1001 vobis
1942 946 2179 999 avaritia:
2281 951 2560 1017 rapiuntur
2586 951 2737 1005 multi
2783 952 2837 1006 in
2867 956 3147 1023 voragines
3172 957 3394 1012 diversa:
3425 958 3663 1016 luxurize.
3696 962 3837 1027 Qua-

622 1040 867 1106 studeat,
909 1057 1010 1096 nec
1052 1042 1282 1097 caducas
1324 1056 1653 1112 congregare
1683 1040 1898 1095 divitias
1934 1047 2174 1106 qumrat;
2278 1050 2493 1109 propter
2532 1042 2759 1097 sollicita
2804 1053 2981 1099 mente
3030 1045 3239 1109 labora,
3284 1047 3394 1103 Deo
3433 1048 3747 1117 adjuvantc,
3778 1062 3837 1108 ut

623 1146 721 1184 nec
758 1148 919 1186 unum
958 1132 1151 1186 habeat
1184 1134 1386 1201 absque
1422 1132 1596 1188 Patris
1638 1132 1720 1185 sui
1765 1130 1979 1184 licentia
2024 1146 2176 1183 nutn-
2276 1131 2692 1199 quamplurimos
2738 1148 2835 1201 per
2874 1134 3265 1191 admonitiones
3289 1136 3623 1194 dulcissimas
3660 1142 3728 1195 ab
3749 1155 3833 1198 ero

617 1236 805 1285 mum;
844 1222 1071 1278 suﬂiciat
1111 1225 1395 1292 unicuique
1429 1223 1727 1277 communis
1765 1222 1883 1275 vita:
1927 1220 2175 1288 jucundi-
2278 1236 2395 1274 rore
2447 1221 2742 1290 iniquitatis
2772 1234 3008 1297 revoces.
3041 1226 3157 1279 Erit
3192 1228 3286 1282 tibi
3338 1231 3570 1284 maxima
3628 1248 3837 1290 merces

618 1322 728 1375 tas,
757 1327 850 1365 seu
882 1312 933 1365 in
962 1313 1321 1375 vestimentis,
1349 1328 1441 1367 seu
1470 1313 1522 1366 in
1548 1313 1651 1366 cibi
1678 1321 1938 1380 potusque
1965 1312 2175 1380 religio-
2275 1312 2411 1377 apud
2435 1312 2620 1374 Deum,
2645 1312 2689 1366 si
2710 1313 2936 1368 salutem
2964 1314 3253 1371 fraternam
3276 1329 3381 1373 non
3404 1321 3721 1392 neglexeris.

614 1404 802 1466 sitate;
835 1412 1037 1458 tantum
1064 1404 1225 1458 Pater
1249 1405 1539 1473 spiritualis
1566 1404 1863 1472 provideat,
1891 1402 2171 1469 nejnstam
2345 1398 2565 1453 Plurimi
2619 1410 2744 1455 sunt
2792 1403 3163 1462 nominetctms
3206 1406 3486 1476 doctores,
3533 1413 3626 1466 sed
3675 1415 3829 1483 pauci

614 1494 865 1558 quislibet
895 1495 1088 1547 habeat
1126 1495 1600 1552 murmurationem
1628 1511 1643 1557 ;
1678 1509 1775 1547 nec
1816 1494 2175 1561 quarumlibet
2274 1490 2549 1545 rharitatis
2571 1492 2763 1547 oﬂicio.
2792 1493 2906 1548 Non
2934 1509 3113 1550 cesses
3153 1498 3417 1553 seminare
3442 1500 3672 1555 Verbum
3704 1504 3826 1567 Dei;

621 1584 905 1651 indigentia
944 1600 1120 1637 rerum
1157 1584 1415 1655 regularis
1464 1585 1585 1639 vitae
1623 1585 1863 1639 destruat
1896 1585 2167 1646 ordinem,
2273 1578 2411 1632 Deus
2440 1581 2615 1643 novit,
2648 1583 2737 1635 ubi
2763 1584 2905 1648 vult,
2933 1593 2991 1637 ut
3017 1584 3190 1638 cadat.
3229 1584 3538 1643 Nullatenus
3580 1592 3673 1645 tibi
3718 1592 3833 1660 ejus

616 1675 709 1730 sed
758 1676 1118 1744 unusquisque
1164 1685 1479 1740 contentus,
1531 1677 1819 1729 secundum
1863 1674 2167 1730 facultatem
2206 1735 2244 1751 ﬁ
2272 1672 2483 1725 bonitas
2516 1672 2686 1727 deerit
2717 1674 2767 1728 in
2796 1677 3237 1733 remuneratione.
3271 1678 3372 1743 Qui
3396 1684 3617 1735 converti
3656 1684 3831 1751 fecerit

619 1763 719 1817 luci
746 1775 798 1817 ct
824 1767 1095 1835 temporis,
1129 1767 1393 1834 stipendio
1415 1767 1555 1833 quod
1583 1766 1629 1818 ei
1661 1766 2082 1828 administratur,
2118 1774 2173 1818 et
2206 1735 2245 1792 Β
2272 1770 2587 1827 precatorem
2614 1762 2678 1814 ab
2701 1778 2875 1816 errore
2899 1751 2989 1818 ria:
3022 1782 3159 1830 suae,
3200 1770 3423 1836 cooperit
3451 1770 3831 1826 multitudinem

616 1867 721 1918 quo
748 1851 951 1919 majore
980 1854 1165 1908 snﬂ‘ert
1195 1856 1488 1908 humilitate
1517 1856 1891 1924 indigentiam,
1919 1856 1965 1909 si
1996 1855 2171 1909 subito
2270 1860 2592 1916 Wtcalorum
2638 1867 2854 1907 suorum
2892 1852 3030 1925 (Jac.
3069 1874 3133 1920 v,
3175 1858 3285 1929 20).
3329 1861 3489 1915 Vivas
3526 1863 3731 1917 utinam
3776 1864 3828 1919 in

611 1970 622 1996 ι
649 1949 848 2010 veniat,
882 1964 945 2002 eo
976 1949 1227 2016 majorem
1256 1966 1285 2003 a
1318 1951 1425 2005 Deo
1455 1951 1684 2019 accipiat
1711 1950 2028 2003 mercedem.
2067 1947 2169 2015 Qui
2270 1954 2298 1990 ιι

2139 1950 2169 2003 ,ί
2270 1939 2675 1995 mansuetudine
2718 1941 2877 2012 292
2921 1946 3208 2013 patientiae,
3255 1956 3310 2002 et
3356 1951 3653 2006 humilitate
3698 1955 3826 2008 obe-

615 2054 710 2104 pro
741 2054 901 2108 regno
932 2039 1022 2091 Dei
1050 2048 1257 2093 certare
1288 2039 1584 2104 deziderat,
1618 2055 1721 2093 non
1748 2039 1903 2093 debet
1935 2054 2032 2108 pro
2062 2056 2169 2093 uno
2268 2029 2299 2083 ἀ

2140 2056 2169 2093 ο
2268 2029 2498 2092 dientize,
2531 2038 2586 2083 et
2611 2031 2889 2086 cbaritatis
2920 2034 3196 2089 dulcedine
3225 2037 3362 2091 inter
3388 2038 3613 2103 fratres,
3640 2051 3827 2110 quate-

612 2128 783 2182 calice
811 2129 915 2181 vini
942 2131 1281 2185 contendere.
1308 2130 1677 2187 Nobilissimus
1695 2131 1932 2185 omnium
1958 2139 2169 2185 creator
2268 2135 2299 2171 η

2144 2148 2169 2185 ιι
2268 2134 2368 2173 nus
2390 2120 2755 2175 misericordia
2788 2121 3159 2193 Redemptoris
3184 2129 3349 2181 nostri
3380 2136 3431 2182 te
3456 2128 3643 2185 ﬂorere
3666 2131 3827 2186 faciat

616 2218 770 2273 I'ater
798 2220 1000 2275 nobiles
1026 2221 1220 2274 habere
1250 2220 1386 2275 tilios
1413 2222 1559 2291 cupit
1583 2236 1597 2275 :
1626 2235 1813 2291 magna
1839 2220 2169 2289 generositas
2268 2210 2321 2262 Ῐιι
2351 2210 2497 2264 "ario
2521 2212 2774 2266 νίηυίυω
2802 2227 3015 2281 genere,
3036 2222 3090 2270 ει
3108 2216 3176 2271 ab
3199 2217 3344 2271 omni
3369 2218 3688 2278 adt'crsilale
3715 2222 3825 2278 cle-

611 2320 693 2365 rst
730 2311 894 2365 ﬂlium
933 2327 1052 2369 esse
1082 2313 1217 2379 Dei,
1245 2314 1337 2373 sed
1375 2315 1490 2368 haec
1527 2313 1787 2383 dignitas,
1828 2320 1936 2365 tam
1973 2311 2079 2365 alta
2114 2319 2167 2365 et
2266 2314 2298 2351 η

1379 2315 1490 2368 hinc
1527 2313 1787 2383 dignitas,
1828 2320 1936 2365 tam
1973 2311 2079 2365 alta
2114 2319 2167 2365 et
2266 2307 2472 2353 ηιθυιετ
2504 2301 2773 2356 “manu?
2798 2301 3066 2373 dignetur.

614 2401 902 2468 pmclara,
939 2417 1127 2471 magna
1160 2418 1381 2457 morum
1423 2410 1479 2457 et
1518 2400 1939 2457 conversationis
1976 2401 2169 2456 nobili-

2141 2430 2169 2452 ,
2337 2388 2541 2454 Saluta,
2571 2392 2817 2455 obsecro,
2844 2392 3038 2448 fratres
3064 2404 3297 2459 nostros,
3322 2411 3665 2467 quoscunque
3686 2400 3828 2456 scias

606 2501 717 2547 mw
742 2494 1015 2548 obsonari
1044 2493 1274 2549 debebit,
2267 2479 2445 2548 aliquo
2470 2480 2747 2536 charitatis
2768 2482 2942 2539 oﬂicio
2963 2486 3093 2539 mihi
3117 2499 3235 2541 esse
3259 2488 3586 2557 conjunctos,
3614 2501 3670 2547 et
3686 2509 3829 2549 sem-

673 2584 822 2650 Quol
851 2586 1109 2639 charitate
1151 2594 1375 2655 cogente
1408 2585 1632 2655 scripsi,
1664 2593 1842 2639 vestra
1891 2584 2168 2639 humilitas
2266 2586 2360 2639 ρετ

2142 2598 2168 2637 5
2266 2586 2361 2639 per
2388 2572 2675 2628 admoneas
2706 2575 2771 2630 de
2798 2576 3129 2632 orationibus
3168 2579 3333 2645 meis,
3362 2596 3705 2653 quoscunque
3732 2585 3827 2639 ba-

605 2675 868 2742 patienzcr
896 2676 1131 2746 relegere
1156 2678 1422 2747 dignetur,
1454 2686 1507 2731 et
1534 2677 1577 2732 si
1606 2676 1732 2745 quid
1778 2678 2049 2731 memoriae
2083 2678 2166 2731 di-
2266 2663 2393 2715 beas
2423 2664 2642 2729 amicos.
2676 2666 2759 2719 νει
2790 2667 2953 2720 Deum
2980 2670 3247 2734 timentes,
3272 2670 3351 2724 vel
3380 2681 3576 2728 sancte
3600 2690 3825 2730 conver-

605 2784 761 2833 t-‘num
789 2783 852 2821 ex
890 2768 972 2822 his
1004 2770 1135 2824 meis
1159 2770 1351 2824 litteris
1382 2771 1693 2832 invenietis,
1723 2771 1791 2823 ob
1822 2770 2167 2823 intentionem
2267 2752 2489 2807 δίηίοηίε
2527 2755 2717 2809 δοείοε-
2741 2756 2914 2810 “me
2938 2758 2992 2809 in
3018 2760 3162 2813 omni
3192 2761 3477 2826 charitate,
3498 2772 3553 2817 et
3580 2766 3746 2820 valete
3771 2767 3827 2820 in

606 2858 791 2912 salutis
822 2870 1031 2924 vestrm,
1062 2870 1116 2914 et
1150 2862 1571 2915 recordationem
1600 2860 1833 2916 nominis
1874 2859 2073 2925 nostri,
2115 2860 2167 2913 in
2268 2852 2545 2897 πῑετηυηιο

606 2954 857 3006 thesauro
892 2953 1067 3006 cordis
1115 2954 1276 3007 vestri
1324 2954 1628 3017 recondito,
1676 2960 1937 3021 quatenus
1988 2952 2165 3005 divina
2713 2946 2733 2973 ⁰
2768 2935 3096 2994 ΕΡῘΞΤΟΕΑ
3134 2940 3383 2996 CCXXX.

603 3041 772 3106 pietas
801 3056 892 3095 vos
924 3041 973 3094 in
998 3041 1244 3107 gaudium
1268 3056 1510 3110 superna:
1536 3038 1878 3095 beatitudinis
1904 3038 2160 3101 deducat,
2193 3069 2237 3110 ρ
2700 3040 2761 3078 λυ
2819 3042 2979 3081 οκιυι
3037 3045 3394 3085 SACERDOTEM.

608 3140 661 3183 et
706 3132 833 3185 mihi
884 3130 1152 3199 peecatori
1184 3131 1389 3183 veniam
1417 3138 1758 3198 peccatorum
1801 3144 2041 3184 meorum
2070 3148 2162 3201 per
2193 3113 2236 3131 υ
2268 3113 2583 3167 mmmam"
2624 3117 2964 3203 ίιξλξζωξςηις
3001 3120 3201 3203 (inhiat?
3226 3124 3323 3203 ,βυ
3351 3125 3556 3203 absente
3590 3141 3823 3179 amaram

603 3229 813 3275 smctas
845 3184 1114 3275 oiationes
1143 3229 1348 3273 vestras
1373 3184 1650 3274 cdncedat.
1680 3220 1922 3273 Vestram
1960 3184 2160 3275 sandti—
2648 3184 2791 3238 (ἥατ’
2828 3186 3084 3241 "omum
3116 3192 3184 3241 ad
3214 3192 3439 3245 "mule"

602 3320 762 3366 tatem
788 3313 1001 3381 superni
1030 3314 1172 3382 regis
1199 3314 1372 3381 pietas
1423 3314 1475 3366 in
1510 3313 1653 3366 omni
1698 3313 1836 3371 bona
1874 3328 2161 3367 conversa—
2333 3292 2554 3346 Albinus
2576 3291 2601 3332 δ
2632 3291 2779 3349 Οηίλε
2806 3297 3067 3351 δυοθτάοῑί
3100 3298 3343 3354 samem.

602 3404 743 3457 tione
774 3402 1032 3471 prolicere
1061 3402 1237 3463 faciat,
1272 3402 1462 3456 fratres
1485 3401 1806 3456 charissimi.
2336 3384 2573 3439 Mirabile
2607 3394 2689 3439 εει
2736 3388 2877 3455 (lu0d
2927 3388 3081 3444 dulce
3122 3407 3333 3445 Versum
3361 3401 3443 3447 est
3469 3394 3521 3447 in
3555 3410 3819 3450 amarum.

1022 3526 1047 3553 ο
1078 3511 1402 3568 κριδτοιλ
1442 3511 1717 3567 ccxx“.
2267 3474 2396 3568 riam
2433 3477 2668 3531 charitas
2693 3478 2875 3568 Addicis
2916 3491 2999 3533 est
3044 3482 3095 3534 in
3142 3492 3425 3551 prasente,
3450 3486 3542 3539 sed
3583 3495 3822 3543 εχιιιθωει

2266 3563 2465 3635 [Forte,
2505 3565 2710 3639 amara]
2748 3569 2977 3637 quodam
3006 3571 3164 3626 modo
3203 3573 3255 3625 in
3286 3573 3529 3641 absente,
3553 3576 3679 3629 dum
3716 3592 3820 3630 non

978 3621 1039 3657 ω
1077 3618 1353 3658 ΕΑΝΠΛἹΊΙ
1396 3618 1788 3658 PRESBYTERCM.

2264 3659 2407 3712 videt
2438 3675 2595 3728 quem
2622 3668 2785 3723 amat,
2814 3662 3148 3731 angustiatus
3177 3663 3230 3716 in
3259 3664 3494 3719 absentia
3532 3664 3677 3732 ejus;
3706 3682 3824 3735 qua:

604 3693 937 3747 Commendat
984 3710 1035 3745 sc
1082 3693 1194 3760 ejus
1234 3692 1556 3744 orationibus
1586 3707 1604 3742 :
1630 3690 1697 3761 ad
1729 3692 2160 3746 conversationem
2270 3690 2595 3761 ‘.'"".‘"‘“°'."
2622 3690 2763 3761 ζ³¹¹¹⁴έξ

671 3768 952 3832 [internum
982 3771 1028 3814 et
1064 3750 1348 3831 regularem
1385 3762 1538 3815 vitam
1562 3801 1573 3822 ,
1624 3759 1691 3812 ad
1739 3776 1918 3813 curam
1960 3763 2163 3815 anima-
2264 3750 2358 3816 δίψ

2140 3789 2163 3801 ..
2264 3750 2524 3816 siquidem
2551 3750 2603 3802 in
2626 3750 2797 3803 beatis
2822 3758 2877 3803 et
2904 3765 3068 3819 regno
3107 3752 3201 3805 Dei
3231 3764 3438 3821 semper
3482 3753 3649 3809 dulcis
3690 3756 3822 3817 erit,

671 3850 807 3897 rum,
831 3842 962 3895 cte.,
993 3832 1251 3884 hortatur.
2206 3886 2209 3887 ,
2264 3837 2513 3904 quoniam
2540 3853 2773 3906 praesens
2798 3838 2873 3891 illi
2913 3840 3002 3907 qui
3028 3849 3270 3905 amatur;
3303 3840 3454 3910 cujus
3479 3842 3616 3897 visio
3649 3845 3824 3898 omnis

672 3926 987 3980 Dulcissimo
1010 3923 1162 3979 fratri
1187 3924 1213 3961 δ
1240 3922 1466 3978 Eanulfo
1489 3924 1805 3994 presbytero
1829 3922 2051 3976 Albinus
2080 3936 2163 3975 sa-
2262 3934 2345 3979 est
2368 3926 2742 3993 beatitudo,ad
2770 3944 2927 3997 quam
2944 3931 3295 4001 utpervenire
3311 3935 3823 3998 mereamur,omnia

606 4021 791 4072 tatem.
2264 4014 2395 4069 dura
2418 4016 2589 4071 dulcia
2606 4032 2700 4086 per
2721 4020 2987 4087 patientiae
3008 4020 3204 4074 donum
3221 4021 3388 4075 videri
3409 4020 3622 4087 debent;
3641 4030 3695 4077 et
3712 4039 3825 4077 om-

668 4107 803 4172 Quia
838 4107 1074 4161 charitas
1103 4119 1309 4158 memor
1336 4113 1420 4158 est
1447 4106 1611 4159 totius
1638 4106 1927 4168 bonitatis,
1968 4105 2085 4161 ideo
2113 4115 2165 4159 te
2265 4106 2352 4158 nia
2389 4105 2545 4172 hujus
2582 4106 2760 4160 saeculi
2805 4106 2977 4161 dulcia
3017 4109 3167 4177 quasi
3196 4109 3327 4162 nihil
3358 4110 3644 4178 reputanda
3677 4118 3819 4163 sunt.

601 4200 841 4259 obsecro,
864 4204 921 4251 ut
944 4197 1045 4249 mei
1068 4196 1267 4248 habeas
1289 4196 1602 4249 memoriam
1626 4195 1679 4248 in
1700 4195 1898 4249 sanctis
1912 4197 2167 4250 orationi-
2331 4192 2440 4248 Hoc
2466 4208 2689 4259 memor,
2719 4194 2791 4249 ﬁli
2815 4196 3160 4262 charissime,
3192 4205 3251 4251 ut
3292 4197 3442 4251 vivas
3471 4197 3697 4252 feliciter
3726 4199 3823 4252 sub

604 4291 701 4341 bus
742 4288 868 4351 tuis,
898 4295 952 4341 et
982 4295 1032 4339 te
1062 4286 1231 4354 ipsum
1264 4284 1315 4337 in
1361 4285 1505 4338 omni
1553 4285 1799 4338 castitate
1845 4299 2164 4339 conservare
2266 4283 2455 4338 timore
2478 4284 2590 4349 Dei,
2621 4285 2674 4338 in
2701 4286 2963 4339 charitate
2995 4285 3193 4340 Christi
3216 4326 3230 4349 ,
3258 4287 3310 4339 in
3334 4286 3479 4341 omni
3505 4288 3823 4353 sobrietate,

601 4378 815 4431 studeas
835 4378 886 4431 in
908 4383 1192 4443 conspectu
1212 4374 1522 4429 DominiDei
1544 4374 1810 4437 altissimi;
1833 4384 1886 4428 et
1907 4376 2159 4429 humilem
2191 4403 2238 4461 υ
2265 4372 2512 4424 castitate
2549 4380 2602 4425 et
2638 4372 2929 4435 charitate,
2966 4372 3249 4440 proﬁciens
3286 4374 3352 4428 de
3391 4375 3475 4429 die
3518 4375 3570 4428 in
3603 4376 3739 4429 dietn
3769 4376 3822 4429 in

604 4466 798 4519 habeas
833 4465 1289 4519 conversationem
1321 4464 1458 4515 inter
1494 4462 1716 4525 fratres,
1756 4472 1809 4517 et
1854 4464 2160 4519 sollieitudi-
2192 4460 2207 4461 ί
2264 4460 2406 4514 omni
2434 4476 2594 4529 opere
2626 4462 2785 4526 bono,
2810 4471 2868 4516 ut
2892 4463 3081 4532 dignus
3107 4464 3357 4518 efﬁciaris
3384 4466 3451 4519 ad
3482 4481 3601 4519 eam
3636 4482 3822 4533 perve-

603 4573 723 4610 nem
752 4570 997 4625 magnam
1028 4553 1287 4623 regularis
1315 4553 1455 4616 vitae,
1485 4552 1606 4622 quia
1648 4553 1738 4622 qui
1777 4552 1946 4621 majus
1986 4563 2161 4624 portat
2218 4551 2374 4603 »nire
2398 4552 2737 4617 charitatem,
2766 4568 2884 4622 quae
2916 4568 3187 4621 nunquam
3213 4554 3527 4617 mutabitur,
3552 4569 3823 4620 nunquam

601 4646 852 4711 judicium
873 4685 888 4708 ,
918 4643 1173 4710 majorem
1214 4644 1409 4711 accipit
1441 4643 1697 4696 honorem
1726 4643 1869 4714 [ιφ.
1898 4645 2020 4712 quia
2049 4662 2161 4699 ma-
2261 4641 2419 4694 tinem
2448 4641 2692 4696 habitura
2720 4651 2822 4697 est.
2852 4643 2981 4696 Vive
3005 4640 3232 4695 feliciter
3257 4642 3309 4695 in
3338 4643 3599 4697 charitate
3623 4641 3821 4697 Christi

599 4734 685 4802 jus
708 4743 885 4803 portat
905 4732 1177 4801 judicium,
1204 4732 1315 4799 qui,
1341 4731 1494 4801 ete.].
1512 4731 1649 4797 Quid
1675 4732 1766 4785 tibi
1790 4734 1966 4787 surculi
1993 4735 2162 4805 digni-
2261 4740 2314 4783 et
2338 4731 2481 4785 omni
2510 4731 2763 4799 religione
2792 4740 2994 4795 sancta,
3028 4730 3101 4784 ﬂli
3123 4732 3456 4788 charissime.

608 4838 706 4889 tas,
740 4843 855 4894 qum
881 4826 1020 4879 sicut
1045 4824 1141 4878 ﬂos
1167 4823 1272 4877 feni
1304 4824 1533 4877 decidit?
1556 4822 1685 4876 Nolo
1719 4832 1768 4877 te
1794 4825 2161 4894 vagabundmn
2255 4895 2277 4906 _
2694 4854 2717 4881 e
2751 4842 3076 4899 ΕιηδτοιΑ
3132 4843 3405 4899 ccxxx].

604 4936 719 4971 esse
743 4934 837 4985 per
858 4918 991 4978 loca,
1015 4916 1105 4968 sed
1133 4916 1375 4969 stabilem
1399 4916 1450 4968 in
1480 4915 1694 4969 servitio
1716 4916 1824 4977 Dei,
1853 4916 1941 4969 ubi
1965 4916 2163 4972 electus
2543 4939 2552 4944 ·
2877 4949 2943 4987 λυ
2980 4948 3213 4986 ευιωεη,

604 5032 661 5063 νς
693 5016 742 5065 in
772 5012 1045 5065 servitium
1073 5008 1288 5063 Christi.
1322 5009 1483 5061 Vivas
1505 5009 1642 5061 inter
1670 5006 1861 5063 fratres
1882 5011 2031 5078 quasi
2061 5004 2181 5063 ιιι-⁷
2264 5027 2575 5083 σιεητιίιαιεηι
2614 5044 2733 5095 erga
2775 5025 2937 5078 Deum
2984 5034 3030 5076 et
3080 5042 3200 5094 erga
3235 5042 3499 5094 pauperes,
3531 5025 3737 5079 miseros
3774 5035 3819 5079 et

607 5104 737 5157 «tier
774 5106 910 5155 mter
942 5103 1139 5165 stellas,
1169 5108 1227 5154 ut
1252 5098 1462 5169 plurimi
1492 5098 1596 5153 tuis
1636 5099 1790 5152 bonis
1817 5101 2165 5154 exhortentur
2710 5096 3001 5163 peregrinos
3032 5096 3371 5148 commendat.

606 5193 883 5262 exetnpiis.
924 5192 1072 5245 Sicut
1108 5207 1205 5259 ego
1233 5206 1415 5245 curant
1464 5188 1623 5244 habui
1662 5187 1729 5243 de
1760 5188 1927 5243 salute
1974 5191 2163 5244 animm
2335 5183 2736 5245 AlbinusOnize
2759 5184 3021 5238 sacerdoti
3054 5185 3298 5238 salutem.

676 5339 701 5364 ι
740 5324 989 5385 Frobcn.,
1014 5325 1169 5391 epist.
1203 5322 1324 5375 226.
1418 5390 1421 5391 ν
2338 5333 2356 5360 ε
2402 5321 2631 5391 Froben.
2663 5321 2819 5389 epist.
2847 5320 2969 5374 227.

675 5394 701 5432 δ
742 5393 970 5459 I'Ianulfo
995 5389 1303 5461 presbytero.
1330 5390 1495 5457 Hujus
1515 5391 1653 5442 nulla
1681 5392 1801 5445 alibi
1828 5392 2050 5445 habetur
2072 5409 2165 5446 no-
2334 5391 2360 5429 ἀ
2400 5389 2839 5461 Onice'sacerdoti.
2868 5392 2963 5461 Hic
2983 5389 3235 5461 identabs
3256 5389 3413 5461 dubio
3433 5398 3533 5453 est,
3558 5406 3618 5445 ac
3638 5391 3820 5446 Ottias.

610 5466 745 5516 tilia.
779 5458 927 5516 Illum
962 5458 1500 5521 tamen'monachum,
1534 5461 1775 5514 fortassis
1797 5463 1849 5514 itt
1876 5462 2083 5529 Anglia,
2114 5472 2167 5516 et
2269 5462 2350 5513 cui
2380 5460 2535 5513 simul
2572 5469 2624 5515 et
2654 5460 2965 5529 Nathanaeli
3003 5465 3058 5529 et
3093 5458 3329 5529 Candide
3374 5461 3625 5513 Aleuinus
3670 5474 3821 5514 suum

608 5535 746 5585 inter
777 5533 1061 5585 monachos
1087 5532 1412 5585 sacerdotem
1442 5529 1625 5591 fuisse,
1649 5530 1731 5583 cui
1762 5526 2025 5596 publietnn
2054 5550 2168 5585 mn-
2269 5530 2719 5583 Commentarium
2749 5543 2909 5594 super
2931 5526 3279 5581 Ecclesiasten
3307 5532 3605 5599 inscripsit;
3632 5531 3695 5583 de
3718 5541 3824 5597 quo

606 5620 707 5655 nu»
728 5603 965 5659 dor-muli,
990 5611 1143 5668 atque
1163 5602 1373 5651 vcrlmm
1401 5602 1487 5653 Dei
1514 5601 1804 5654 \CttlitI-lttdi
1830 5603 2166 5655 eummissum
2271 5600 2425 5651 etiam
2456 5601 2576 5653 alibi
2606 5599 2844 5666 quaedam
2872 5600 3256 5651 annotavimus.

605 5684 707 5735 e.~t,
737 5687 793 5720 «κ
831 5673 923 5722 har
955 5671 1169 5737 epistula
1202 5672 1467 5724 discimus.
2350 5683 2367 5707 ε
2407 5670 2554 5737 Apud
2580 5670 2804 5725 Froben.
2839 5668 2991 5737 epist,
3023 5668 3143 5721 228.
