4258 6194
500 345 602 403 809

1899 323 2268 387 EPISTULA;

3570 329 3673 384 5l0

568 454 897 523 Praspcritas
921 462 973 505 et
996 451 1240 521 gaudium
1265 448 1427 503 animi
1459 448 1618 501 vestri
1657 445 2035 499 inultuurniihi
2062 444 2113 500 Δ
2135 439 2333 510 crymis
2356 442 2569 497 abluere
2594 449 2876 507 memento,
2904 457 2971 496 ne
2996 442 3084 497 diu
3120 444 3233 498 sine
3258 445 3433 512 sponsi
3465 444 3535 496 tui
3564 460 3676 495 ma-

502 550 706 617 placcre
751 544 938 607 fateor,
983 558 1100 611 qua:
1138 541 1396 605 charitaa,
1445 540 1579 593 sicut
1619 536 1902 610 Apostolus
1936 536 2033 600 ait,

502 650 759 704 nunquam
783 632 969 686 excidit
1000 629 1049 701 (1
1068 628 1189 683 Cor.
1221 630 1335 691 x’m,
1359 627 1437 696 8),
1458 643 1576 696 quae
1601 641 1809 694 semper
1828 640 1960 679 nova
1982 632 2036 678 ct

500 723 745 792 antiqua;
790 736 925 774 nova
967 734 1032 773 ex
1059 716 1358 787 prmsentia,
1388 717 1600 784 antiqua
1643 729 1710 769 ex
1743 714 2030 768 memoria:

500 826 657 882 quam
677 827 885 881 semper
906 811 1104 863 utinam
1125 808 1346 863 ﬁdeliter
1370 806 1607 876 sequaris
1631 820 1751 860 cum
1772 805 1915 859 omni
1942 805 2037 858 ho-

500 902 659 966 mine,
686 908 937 970 quantum
966 900 1019 953 in
1049 906 1101 963 te
1129 905 1232 961 est,
1265 904 1319 950 et
1343 904 1596 966 quantum
1624 894 1689 948 ad
1729 895 1820 947 Dei
1869 894 2036 950 hono-

500 1007 610 1045 rem
632 993 908 1047 honestum
931 996 985 1044 et
1010 988 1139 1044 utile
1162 986 1408 1041 videaris.
1424 985 1539 1041 Non
1560 994 1645 1041 est
1665 985 1899 1051 charitas
1917 999 2035 1053 qua:

502 1081 552 1132 in
580 1079 836 1133 ebrietate
874 1084 1104 1141 tenetur,
1131 1074 1209 1129 vel
1238 1074 1291 1128 in
1334 1072 1564 1142 peccatis
1580 1070 1868 1139 conjuncta
1907 1086 2034 1124 con-

497 1169 805 1235 glutinatur,
852 1166 943 1221 sed
985 1165 1142 1233 impia
1186 1163 1447 1219 voluntas.
1476 1177 1581 1215 non
1606 1162 1741 1214 bona
1781 1160 2032 1213 suavitas.

498 1254 627 1308 Ama
651 1238 814 1307 Deum
842 1236 1067 1320 semper,
1095 1250 1183 1318 qui
1220 1256 1480 1303 amantem
1510 1261 1568 1301 se
1607 1254 1787 1309 amat,
1823 1254 1877 1299 et
1918 1245 2037 1297 dili—

499 1350 708 1410 gentem
739 1355 800 1396 se
823 1339 1009 1408 diligit.
1035 1337 1234 1391 llabeto
1262 1336 1408 1389 illum
1438 1335 1688 1397 amicum,
1713 1333 1801 1401 qui
1831 1332 2037 1385 unicui—

497 1444 599 1497 que
620 1429 821 1481 amicus
845 1437 928 1481 est
961 1424 1246 1480 secundum
1274 1438 1349 1478 se.
1373 1422 1667 1491 Pauperum
1694 1435 1895 1473 memor
1921 1427 2036 1473 esto

500 1517 552 1570 in
573 1516 937 1585 eleemosynis,
965 1524 1018 1566 et
1043 1515 1354 1568 miserorum
1377 1512 1429 1565 in
1458 1509 1784 1572 defensione,
1809 1517 1863 1562 et
1885 1524 2037 1577 pere-

498 1600 769 1674 grinorum
812 1605 864 1658 in
908 1603 1122 1665 solatio,
1153 1612 1212 1655 ut
1233 1601 1373 1655 Deus
1399 1599 1494 1654 tibi
1524 1598 1708 1652 reddat
1732 1598 1784 1650 in
1815 1596 1899 1650 die
1924 1611 2036 1649 ma-

499 1713 621 1767 gno,
644 1698 733 1751 ubi
754 1696 949 1759 dividet
976 1710 1132 1749 omne
1155 1696 1439 1749 humanum
1460 1707 1626 1761 genus
1650 1692 1701 1744 in
1724 1690 1852 1744 duas
1873 1689 2038 1757 parti-

2135 545 2263 593 neas
2290 532 2555 600 amplexu,
2584 532 2707 600 quia
2741 524 3038 601 promptior
3060 540 3143 586 est
3167 540 3221 586 te
3245 532 3477 602 recipere
3515 548 3673 602 quam

2134 618 2378 672 amittere
2404 637 2416 669 :
2444 626 2646 672 tantum
2678 635 2745 673 ne
2774 619 3065 675 tardaveris
3092 621 3157 675 de
3202 620 3288 676 d'ic
3331 621 3383 674 in
3425 620 3563 675 diem
3596 636 3675 673 re-

2134 708 2267 760 verti
2292 708 2359 761 ad
2384 708 2551 762 illum.
2580 708 2702 763 Hzec
2725 710 2866 763 enim
2893 709 2997 763 duo
3025 710 3161 763 mala
3204 711 3431 765 maxime
3472 711 3584 764 odit
3621 711 3677 763 in

2133 800 2455 867 hominibus,
2482 804 2855 875 negligentiam
2886 805 3200 869 revertendi,
3250 814 3304 859 ct
3353 805 3676 873 desperatio-
3738 830 3741 831 ν

2134 904 2256 943 nem
2278 890 2547 945 salvantis.
2574 892 2803 945 Tantum
2828 894 2944 947 ha:c
2986 893 3161 947 absint
3202 908 3229 945 a
3272 894 3680 963 cogitationibus

2133 982 2316 1049 procul
2345 984 2559 1046 nostris,
2583 989 2639 1035 et
2661 980 2747 1035 ille
2776 989 2902 1035 tunc
2927 982 3123 1037 animis
3143 996 3307 1051 prope
3328 983 3429 1037 erit
3453 983 3671 1037 nostris.

2131 1067 2253 1122 ideo
2290 1071 2450 1123 habet
2494 1086 2686 1124 nomen
2731 1069 2996 1135 Salvator,
3020 1070 3143 1140 quia
3189 1085 3397 1139 semper
3432 1069 3600 1124 salvat
3626 1080 3680 1123 et

2133 1156 2339 1210 salvare
2385 1158 2561 1226 cupit,
2610 1158 2744 1211 sicut
2788 1159 3041 1226 scriptum
3070 1166 3189 1211 est:
3218 1156 3319 1222 Qui
3360 1156 3462 1211 vult
3508 1174 3681 1212 omnes

2133 1246 2362 1299 homines
2385 1244 2550 1299 salvos
2578 1246 2691 1314 ﬁeri
2714 1245 2763 1315 (1
2791 1245 2922 1299 Tim.
2949 1262 3008 1310 ιι,
3033 1245 3108 1313 4).

2200 1334 2317 1388 Noli
2342 1336 2407 1389 dc
2436 1344 2644 1390 terrena
2680 1336 2951 1390 nobilitate
2974 1334 3209 1407 gloriari,
3237 1336 3329 1389 sed
3356 1335 3555 1404 gratias
3578 1350 3677 1404 age

2133 1424 2181 1477 ei
2210 1424 2322 1491 qui,
2343 1424 2464 1477 dum
2494 1432 2545 1479 te
2572 1425 2836 1478 hominem
2864 1440 2979 1479 csse
3002 1414 3180 1489 voluit,
3212 1433 3324 1478 tam
3347 1425 3600 1480 sublimes
3624 1433 3682 1476 et

2133 1512 2305 1566 Claros
2332 1513 2423 1566 tibi
2451 1513 2762 1581 perdonarit
2788 1520 3052 1582 parentes,
3082 1529 3307 1581 quorum
3348 1516 3677 1570 nobilitatem

2134 1614 2237 1653 non
2266 1601 2530 1668 superbia,
2565 1601 2655 1654 sed
2682 1600 2978 1654 humilitate
2998 1615 3346 1669 prosequere;
3381 1610 3434 1655 et
3453 1603 3681 1656 maxime

2135 1687 2191 1740 in
2219 1703 2283 1742 eo
2308 1689 2496 1757 gaude,
2528 1689 2651 1757 quia
2677 1688 2894 1743 alterius
2920 1690 3086 1743 noluit
3114 1699 3165 1749 te
3190 1705 3307 1745 esse
3330 1706 3594 1759 sponsam,
3625 1692 3678 1744 ni

501 1764 702 1850 tiones;
744 1785 864 1839 aliis
911 1793 1125 1854 propter
1168 1784 1416 1837 duritiam
1456 1781 1631 1835 cordis
1674 1779 2035 1833 indeficientes
2062 1764 2108 1822 Β
2138 1791 2307 1830 suam.
2338 1776 2465 1842 Quae
2491 1777 2585 1831 tibi
2618 1776 2786 1845 major
2810 1792 2929 1833 esse
2957 1778 3121 1849 gloria
3154 1781 3375 1849 poterit,
3406 1782 3487 1834 vel
3513 1782 3675 1836 subli-

500 1883 879 1929 tirmentorum
927 1873 1195 1937 flammas;
1247 1871 1365 1925 aliis
1413 1878 1628 1939 propter
1665 1867 2039 1921 misericordia:

500 1977 657 2031 opera
705 1972 759 2016 et
814 1962 1089 2016 charitatis
1147 1958 1321 2015 officia
1371 1966 1637 2029 perpetua:
1698 1956 2039 2011 beatitudinis

502 2068 738 2122 regnum.
782 2052 893 2108 Hoc
936 2051 1135 2106 faciens
1176 2049 1416 2113 feliciter,
1461 2048 1599 2113 vive,
1621 2047 1696 2102 till
1730 2047 1803 2101 mi
1839 2046 2041 2101 charis-

501 2156 653 2193 sime.

816 2229 974 2298 293
1012 2242 1037 2269 ι
1074 2216 1397 2284 erasmus
1432 2226 1729 2283 ccxxxu.

1113 2334 1178 2371 ΔΙ)
1213 2333 1422 2373 σιθιλι.

502 2417 812 2480 Charitatem
852 2441 998 2478 suam
1025 2423 1104 2476 illi
1142 2424 1397 2495 signiﬁcat
1426 2441 1444 2495 ς
1472 2422 1540 2476 ad
1579 2422 1752 2477 omnia
1770 2423 2040 2495 Διοὶιζιιιιιωι

569 2508 754 2615 geriem
793 2494 1048 2558 hortatur,
1092 2502 1138 2546 et
1179 2488 1495 2547 commendat
1530 2502 1720 2577 sancta:
1762 2488 2043 2559 Scriptura:

593 2580 647 2616 ec
672 2579 858 2617 zonam.

573 2668 938 2722 Dilectissima:
981 2669 1036 2722 in
1078 2667 1289 2722 Christo
1332 2667 1521 2737 virgini
1554 2668 1581 2706 δ
1610 2666 1767 2721 Gisia:
1792 2665 2043 2721 Alcuinus

506 2757 720 2811 humilis
746 2756 903 2810 levita
927 2756 1171 2811 salutem.

573 2848 735 2905 Valde
763 2850 905 2903 enim
933 2848 1066 2912 tuis,
1094 2848 1385 2903 clarissima
1414 2848 1503 2901 Dei
1544 2845 1735 2901 famula
1760 2886 1774 2911 ,
1801 2846 2045 2916 alloquiis

506 2940 716 3006 gavisus
750 2956 887 3003 sum,
910 2948 965 2993 et
993 2947 1082 2992 tua
1111 2938 1485 2992 familiaritatis
1507 2940 1701 3007 pietate
1722 2938 2042 3002 consolatus,

508 3030 579 3082 ita
606 3037 667 3082 ut
691 3042 756 3082 ex
780 3044 845 3082 eo
872 3028 956 3082 die
981 3042 1085 3095 quo
1107 3036 1319 3096 pactum
1362 3028 1637 3081 charitatis
1678 3036 1849 3080 tecum
1886 3027 2011 3080 iniri
2028 3066 2042 3091 ,

507 3118 780 3173 dulcedine
807 3092 1231 3172 dilectionisvtuaa
1254 3132 1349 3186 per
1384 3116 1586 3186 singula
1614 3130 1747 3184 pene
1781 3122 2047 3168 momenta
2068 3092 2118 3155 ο

503 3210 779 3279 paseehar,
821 3208 1027 3263 felicem
1068 3208 1336 3263 aestimans
1382 3222 1489 3271 me,
1530 3206 1652 3261 dum
1698 3205 2047 3259 sanctissima:

505 3299 763 3353 orationis
806 3298 1095 3352 munimine
1122 3337 1137 3361 ,
1182 3297 1467 3352 secundum
1511 3295 1913 3366 promissionem
1957 3309 2047 3348 ve-

507 3398 670 3441 stram
692 3386 863 3450 fruar;
888 3394 943 3438 at
964 3401 1102 3439 nunc
1125 3387 1351 3439 maxime
1375 3385 1582 3439 assidua
1607 3400 1821 3455 precum
1851 3392 2049 3438 vestra-

510 3493 623 3531 rum
644 3477 970 3544 protectione
991 3476 1184 3529 muniri
1202 3476 1423 3545 indigeo,
1450 3477 1576 3530 dum
1599 3476 1865 3544 ﬂuctivagi
1887 3476 2049 3531 maris

511 3570 767 3623 incertum
796 3567 896 3619 iter
919 3574 1124 3620 tentare
1143 3566 1427 3633 compellor
1454 3564 1607 3636 [Ma.,
1635 3574 1892 3633 temptare
1924 3580 2050 3620 con-

508 3658 717 3730 pellar],
745 3667 803 3711 ut
832 3658 1006 3711 divina
1040 3655 1315 3711 clementia
1364 3671 1448 3710 me
1490 3657 1559 3709 ad
1605 3665 1815 3725 portum
1854 3655 2050 3710 salutis

510 3747 793 3815 perducere
820 3746 1084 3815 dignetur,
1114 3754 1270 3813 atque
1299 3745 1488 3798 vestris
1522 3745 1709 3797 iterum
1749 3744 2047 3811 conspecti-

510 3834 609 3890 bus
631 3834 943 3903 gaudentem
969 3843 1145 3888 astare
1170 3836 1445 3889 condonet.
1472 3833 1575 3888 Sed
1599 3850 1726 3903 rogo
1746 3834 2053 3903 suppliciter

509 3932 581 3988 te,
610 3922 1073 3975 Deodevotissima
1102 3924 1265 3992 virgo,
1304 3939 1371 3976 ne
1409 3938 1565 3979 aures
1609 3924 1904 3991 prudentia:
1951 3932 2052 3977 tua:

510 4015 685 4083 apices
712 4012 1025 4081 insipientia:
1052 4027 1183 4067 mem
1208 4010 1505 4075 oll'endant;
1526 4022 1581 4065 et
1614 4012 1754 4079 quod
1794 4028 1882 4066 me
1926 4013 2053 4068 dile-

511 4105 617 4158 ctio
649 4118 772 4156 vera
818 4102 1050 4157 scribere
1088 4101 1353 4166 admonet,
1384 4108 1432 4155 te
1458 4101 1726 4156 humilitas
1750 4110 1931 4155 sancta
1961 4102 2054 4156 do-

512 4200 629 4247 ceat
670 4192 970 4259 perlegere;
1010 4205 1108 4246 nec
1152 4188 1346 4259 stylum
1391 4203 1566 4244 meum
1595 4190 2054 4259 pmsumptiosum

515 4264 684 4351 pistris,
709 4278 1002 4333 officiosum
1029 4294 1349 4349 agnoscens;
1380 4286 1435 4333 et
1458 4294 1616 4348 quem
1652 4280 1703 4332 in
1730 4279 1838 4332 Deo
1858 4278 2052 4347 diligit,

515 4372 881 4424 admonentem
906 4369 1097 4434 accipit
1123 4366 1237 4438 [F.,
1265 4368 1534 4438 accipiat].

473 4482 487 4491 -
582 4460 759 4513 Primo
801 4459 1035 4512 omnium
1081 4467 1129 4512 te
1172 4458 1237 4511 de
1271 4458 1362 4511 Dei
1405 4458 1664 4511 charitate
1689 4457 1967 4518 admoneo,
1996 4462 2052 4509 et

517 4551 843 4605 nobilitatem
870 4548 1113 4617 imaginis
1134 4547 1272 4601 illius
1296 4561 1475 4611 serva;
1499 4555 1553 4601 et
1573 4546 1724 4615 cujus
1740 4546 1839 4599 viri
1860 4560 2053 4613 sponsa

516 4660 632 4700 csse
664 4644 890 4712 cmpisti,
935 4658 1143 4709 semper
1188 4656 1500 4696 rememora.
1544 4639 1774 4708 inclytus
1803 4650 1885 4694 est
1903 4642 2054 4693 valde

518 4744 570 4789 ct
594 4737 848 4805 gloriosus
874 4748 1095 4802 sponsus
1126 4741 1265 4803 tuus,
1295 4732 1385 4801 qui
1419 4731 1578 4784 alium
1605 4739 1852 4785 ornatum
1904 4731 1955 4783 in
2004 4740 2055 4785 te

521 4843 623 4881 non
652 4828 839 4894 quaerit
865 4826 965 4879 nisi
999 4816 1318 4892 spiritalem;
1352 4838 1455 4875 non
1488 4830 1657 4875 tortas
1687 4822 1913 4876 crinium
1940 4822 2054 4875 alli-

520 4918 774 4986 gationes,
828 4917 919 4969 sed
970 4924 1141 4970 rectas
1190 4898 1394 4966 nierum
1441 4913 1699 4966 bonorum
1745 4913 2057 4981 conligatio-

522 5024 643 5071 ucs;
675 5022 772 5061 nec
802 5005 1231 5057 vestimentorum
1274 5018 1462 5056 vanum
1515 5000 1747 5055 exterius
1800 5002 2057 5065 nitorem,

523 5096 611 5149 sed
638 5092 933 5150 sanctitatis
955 5098 1006 5144 et
1026 5092 1349 5144 castimonia:
1382 5090 1605 5143 nobilem
1639 5088 1858 5141 interius
1890 5088 2059 5156 Splcn~

524 5184 731 5246 dorem;
762 5197 887 5237 cave
922 5197 986 5235 ne
1028 5180 1221 5247 aliquid
1254 5181 1304 5231 in
1353 5189 1403 5233 te
1439 5182 1669 5235 inveniat
1713 5180 1851 5248 quod
1880 5179 2060 5233 oculos

528 5272 664 5324 illius
702 5271 961 5334 offendat;
994 5278 1048 5323 et
1077 5270 1119 5323 si
1151 5267 1343 5327 forsan,
1374 5276 1429 5317 ut
1457 5269 1587 5321 solet
1630 5270 1871 5321 humana:
1902 5267 2059 5335 fragi-

528 5361 687 5415 litatis
706 5361 937 5415 conditio
958 5360 1164 5423 allcrre,
1188 5359 1411 5425 aliquam
1434 5358 1763 5425 ncgligcntim
1802 5358 2059 5412 maculam

528 5452 581 5509 in
609 5463 661 5509 te
683 5452 939 5521 malignus
967 5451 1178 5518 spiritus
1203 5451 1398 5518 inligat,
1439 5450 1592 5502 cilius
1636 5451 1956 5515 pcnnitentia:
1988 5451 2059 5503 la-

601 5634 621 5659 ⁸
649 5621 793 5688 Apud
819 5619 1039 5671 Froben.
1072 5618 1227 5688 epist.)
1250 5618 1369 5688 229.

2136 1864 2273 1919 mior
2295 1866 2481 1929 honor,
2507 1880 2663 1934 quam
2687 1865 2803 1934 ejus
2824 1866 2989 1936 Regis
3009 1882 3126 1921 esse
3148 1883 3392 1937 sponsam
3415 1868 3503 1938 qui
3524 1884 3681 1938 super

2135 1966 2321 2006 omnes
2350 1967 2501 2021 reges
2525 1961 2605 2007 est
2630 1972 2642 2006 :
2674 1963 2728 2007 et
2774 1964 2974 2025 quanto
3004 1955 3093 2009 ille
3119 1956 3441 2011 sublimioris
3472 1964 3553 2011 est
3588 1972 3682 2026 po-

2136 2041 2312 2095 tentiae
2339 2041 2391 2094 in
2419 2042 2638 2105 virtute,
2664 2050 2814 2097 tanto
2844 2051 2898 2097 tu
2923 2043 3136 2111 majoris
3162 2054 3276 2099 esto
3314 2045 3593 2114 diligentia:
3631 2048 3683 2100 iu

2136 2130 2446 2195 sanctitate;
2481 2132 2735 2185 sanctitas
2756 2146 2890 2186 vero
2924 2133 2975 2185 in
3005 2131 3226 2201 justitim
3266 2136 3513 2201 operibus
3554 2152 3683 2191 cou-

2138 2229 2263 2287 stat,
2282 2220 2488 2304 justitia
2511 2238 2638 2277 vero
2661 2224 2864 2279 duobus
2885 2223 3054 2279 modis
3082 2224 3343 2293 impletur,
3373 2225 3473 2278 hoc
3496 2234 3596 2289 est,
3628 2235 3685 2278 ut

2138 2326 2255 2378 qua:
2270 2312 2535 2380 prohibita
2559 2322 2683 2367 sunt
2705 2329 2738 2368 a
2763 2314 2891 2379 Deo,
2912 2329 3017 2368 non
3044 2312 3317 2379 faciamus,
3338 2323 3393 2369 et
3409 2329 3526 2384 qum
3538 2312 3687 2382 jussa

2138 2409 2262 2455 sunt
2290 2403 2358 2457 ab
2389 2418 2486 2467 eo,
2520 2402 2799 2473 faciamus,
2837 2402 2990 2472 juxta
3034 2404 3355 2474 Prophetam
3387 2422 3400 2457 :
3432 2404 3627 2458 Diuerte
3657 2421 3689 2455 a

2138 2489 2276 2544 malo
2320 2500 2367 2545 et
2405 2492 2489 2561 [ac
2510 2491 2697 2546 bonum
2741 2492 2968 2564 (Psalm.
3008 2510 3213 2559 xxxiii,
3244 2494 3351 2566 15).
3389 2494 3465 2548 De
3500 2495 3692 2562 quibus

2139 2580 2419 2648 sapiemia:
2444 2588 2637 2635 vestra:
2662 2596 2748 2635 me
2775 2582 3009 2636 scribere
3033 2597 3415 2652 supervacuum
3444 2584 3650 2637 aestimo
3672 2624 3686 2646 ,

2139 2671 2261 2737 quia
2291 2670 2343 2723 in
2372 2670 2617 2738 utrisque
2638 2671 2705 2724 ab
2731 2671 2944 2740 Optimis
2971 2686 3034 2725 ac
3056 2670 3401 2725 nobilissimis
3425 2672 3693 2738 magistris

2140 2772 2169 2810 a
2198 2757 2369 2827 prima
2406 2761 2566 2812 aetate
2594 2759 2947 2813 abundantius
2990 2760 3187 2813 imbuta
3215 2775 3306 2822 es,
3335 2767 3388 2811 et
3425 2759 3693 2813 excellens

2141 2849 2484 2919 naturaleque
2526 2848 2689 2902 animi
2730 2849 2805 2902 tui
2847 2849 3111 2919 ingenium
3162 2857 3211 2903 te
3257 2849 3449 2917 ubique
3504 2849 3686 2912 docet;

2143 2940 2357 3007 insuper
2378 2938 2550 2993 omnis
2579 2946 2878 2992 sanctorum
2908 2937 3161 2993 librorum
3194 2938 3361 2992 series
3389 2939 3490 2992 hoc
3517 2940 3687 2992 maxi-

2147 3042 2231 3082 me
2255 3028 2473 3083 auribus
2500 3027 2602 3082 tuis
2630 3026 2857 3092 indicat,
2888 3028 3077 3081 iterum
3107 3027 3405 3096 iterumque
3434 3027 3685 3097 replicat,

2146 3120 2272 3189 quid
2302 3122 2371 3174 sit
2396 3123 2541 3175 omni
2572 3112 2771 3205 homini
2809 3124 3100 3177 cavendum
3135 3122 3215 3175 vel
3260 3123 3600 3192 sequendum,
3642 3122 3695 3178 in

2145 3223 2367 3277 quonim
2384 3209 2607 3262 lectione
2623 3212 2851 3278 t‘eipsam
2868 3212 3342 3281 exerce,’quoniam
3358 3227 3455 3281 per
3474 3211 3695 3267 illostibi

2146 3298 2379 3366 loquitur
2408 3298 2518 3366 ipse
2546 3297 2766 3352 Deus‘et
2795 3298 3047 3353 Dominus
3078 3308 3274 3362 noster,
3302 3308 3355 3354 et
3379 3300 3481 3369 pia:
3514 3302 3695 3359 volun-

2148 3387 2270 3441 tatis
2298 3387 2391 3441 tibi
2428 3386 2755 3440 demonstrat
2772 3383 3047 3440 effectum.
3069 3384 3408 3455 Recognosce
3439 3395 3493 3440 et
3521 3389 3693 3460 cogita

2146 3478 2287 3546 quali
2310 3478 2509 3532 honore
2544 3478 2696 3533 nobis
2722 3468 2866 3549 illius
2890 3478 3082 3547 legatio
3104 3478 3173 3532 sit
3198 3478 3533 3532 aestimanda:
3562 3480 3689 3547 quid

2146 3568 2189 3620 si
2220 3582 2248 3622 a
2278 3582 2402 3635 rege
2426 3567 2619 3633 legatio
2652 3576 2710 3621 et
2732 3569 2997 3633 indicnlus
3021 3566 3087 3622 ad
3130 3576 3185 3624 te
3224 3569 3425 3633 veniet,
3458 3571 3694 3638 nunquid

2146 3673 2250 3712 non
2279 3672 2400 3710 mox
2423 3657 2542 3711 aliis
2570 3658 2713 3711 curis
2735 3660 3045 3727 postpositis
3065 3668 3307 3728 prompta
3331 3668 3525 3714 etcum
3549 3663 3693 3715 omni

2148 3748 2423 3802 devotione
2450 3748 2562 3815 ejus
2590 3747 2797 3801 litteras
2824 3748 3019 3817 accipis
3044 3754 3098 3799 et
3123 3748 3344 3816 legis,et
3368 3750 3583 3817 implere
3613 3767 3698 3803 sa—

2150 3840 2329 3908 tages?
2353 3838 2487 3893 Ecce
2512 3838 2575 3891 de
2603 3837 2737 3892 cmlo
2764 3852 2858 3890 rex
2880 3852 3083 3906 regum,
3112 3837 3217 3891 imo
3238 3844 3293 3890 et
3316 3836 3552 3904 Sponsus
3574 3847 3697 3893 tuus

2149 3947 2245 4000 per
2262 3932 2565 4000 prophetas,
2592 3928 2881 4000 apostolos,
2901 3928 3144 3983 doctores
3168 3925 3319 3998 [Ms.,
3339 3927 3695 3997 apostolorum

2150 4022 2415 4093 doctores]
2440 4022 2555 4087 tibi,
2585 4037 2618 4075 ο
2643 4022 2810 4092 virgo,
2840 4020 3085 4091 dignatus
3116 4027 3197 4075 est
3222 4019 3448 4090 dirigere
3494 4019 3701 4075 litteras

2150 4123 2290 4171 suas,
2318 4124 2420 4162 non
2447 4118 2506 4163 ut
2539 4108 2752 4178 aliquod
2778 4108 3055 4163 servitium
3080 4108 3181 4163 sibi
3206 4110 3563 4163 necessarium
3600 4109 3695 4164 de-

2151 4199 2485 4264 mandasset,
2534 4199 2627 4253 sed
2679 4214 2799 4267 quae
2846 4198 2913 4253 ad
2957 4198 3179 4253 salutem
3230 4206 3285 4253 et
3336 4197 3553 4268 gloriam
3603 4199 3696 4253 tibi

2150 4290 2446 4344 necessaria
2478 4290 2681 4343 sciebat
2705 4302 2845 4352 esse,
2874 4288 3208 4343 innotuisset.
3233 4287 3431 4341 Harum
3465 4296 3515 4341 te
3558 4287 3698 4342 litte-

2120 4384 2126 4443 λ
2151 4392 2331 4430 rarum
2360 4376 2540 4430 sedula
2568 4376 2771 4430 reﬁciat
2816 4376 2975 4433 lectio
2994 4416 3008 4440 ,
3036 4377 3159 4443 quia
3188 4376 3241 4429 iu
3268 4375 3370 4429 illis
3398 4377 3701 4441 agnoscitur

2079 4419 2127 4480 D

2154 4466 2311 4531 Deus,
2338 4466 2389 4519 in
2412 4465 2515 4519 illis
2541 4465 2665 4518 vita:
2691 4473 2903 4519 interna:
2942 4466 3107 4535 gloria
3134 4463 3495 4527 adnuntiatur,
3520 4465 3569 4516 iu
3596 4464 3699 4520 illis

2150 4558 2274 4627 quid
2307 4557 2540 4621 credere,
2570 4555 2695 4624 quid
2717 4568 2951 4623 sperare,
2978 4556 3103 4623 quid
3132 4568 3331 4617 amare,
3357 4552 3437 4607 vel
3463 4553 3587 4621 quid
3620 4554 3696 4606 fu-

2153 4662 2276 4717 gere
2302 4646 2610 4709 debeamus,
2638 4643 2951 4698 ostenditur.

2221 4736 2343 4789 Hmc
2370 4736 2578 4805 scripsi,
2601 4751 2703 4789 non
2731 4736 3059 4805 ignorantem
3086 4734 3373 4795 instruens,
3398 4733 3487 4786 sed
3519 4734 3692 4787 chari-

2155 4828 2279 4880 tatis
2326 4826 2556 4881 officium
2604 4827 2825 4893 implens
2851 4866 2865 4888 ,
2912 4825 3139 4877 maxime
3169 4839 3360 4894 rogans
3388 4832 3443 4875 ut
3479 4822 3699 4891 teipsam

2154 4898 2548 4970 immaculatam
2582 4917 2634 4969 in
2685 4916 2823 4968 diem
2869 4913 3073 4967 Domini
3122 4915 3287 4967 nostri
3333 4911 3455 4965 Jesu
3503 4912 3699 4971 Christi

2155 5024 2363 5073 serves;
2392 5017 2445 5060 et
2471 5006 2601 5060 alios
2627 5014 2733 5059 tota
2762 5005 3070 5067 intentione,
3096 5004 3310 5057 monitis
3331 5018 3422 5056 seu
3444 5002 3703 5070 exemplis

2157 5100 2307 5154 trahe
2336 5108 2542 5156 tecum.
2570 5104 2622 5150 ct
2663 5109 2818 5149 curre
2862 5094 3042 5148 multis
3086 5094 3333 5149 comitata
3375 5100 3491 5158 post
3519 5090 3697 5151 illum,

2156 5188 2321 5241 donec
2350 5186 2650 5240 introducat
2673 5198 2766 5237 vos
2792 5183 2844 5236 in
2871 5183 3081 5236 domum
3116 5180 3289 5234 Patris
3315 5220 3329 5243 ,
3357 5188 3409 5231 et
3452 5179 3501 5230 in
3527 5179 3701 5232 cubile

2160 5276 2430 5345 genitricis
2458 5289 2563 5327 suae
2590 5271 2759 5341 (Cant.
2788 5288 2846 5325 Ill
2865 5312 2878 5335 ,
2906 5272 2982 5341 4),
3012 5280 3067 5325 ut
3105 5273 3273 5325 edatis
3300 5280 3354 5323 et
3380 5269 3573 5322 bibatis
3612 5283 3699 5322 su-

2160 5378 2252 5429 per
2279 5378 2509 5415 mensam
2536 5360 2649 5426 cjus
2670 5360 2722 5411 in
2744 5376 2906 5430 regno
2926 5377 3020 5414 suo
3042 5360 3186 5430 (an.
3219 5376 3347 5417 uti,
3372 5356 3479 5426 50),
3510 5356 3596 5409 ubi
3617 5365 3700 5411 est

2160 5449 2307 5501 cibus
2336 5449 2449 5501 sine
2478 5446 2706 5509 fastidio,
2753 5459 2806 5500 ct
2831 5456 2986 5515 potus
3028 5449 3141 5502 sine
3189 5448 3296 5508 siti,
3349 5454 3399 5499 et
3438 5446 3543 5499 vita
3584 5446 3700 5502 sine

603 5691 627 5729 ιι
657 5676 826 5745 (.‘isla‘.
862 5688 1059 5751 Sorori,
1086 5676 1149 5737 an
1182 5686 1297 5738 filim
1340 5685 1513 5737 (laroli
1558 5685 1745 5753 .‘lagni,
1797 5699 1860 5735 an
1910 5682 2055 5736 alteri
2098 5685 2300 5737 cuilam
2332 5680 2516 5748 virgini
2548 5695 2746 5746 magna:
2781 5679 3065 5732 nobilitatis
3091 5676 3367 5749 incertum.
