  <div class='ocr_page' id='page_1' title='image "/cluster/home/n/w/nwhite01/storage/ocr_20150623/100/uva.x000827058/266.png"; bbox 0 0 4258 6198; ppageno 0'>
   <div class='ocr_carea' id='block_1_1' title="bbox 424 333 523 388">
    <p class='ocr_par' dir='ltr' id='par_1_1' title="bbox 424 333 523 388">
     <span class='ocr_line' id='line_1_1' title="bbox 424 333 523 388; baseline -0.051 1"><span class='ocrx_word' id='word_1_1' title='bbox 424 333 523 388; x_wconf 68' lang='lat' dir='ltr'><strong>Si?</strong></span> 
     </span>
    </p>
   </div>
   <div class='ocr_carea' id='block_1_2' title="bbox 1028 315 3019 387">
    <p class='ocr_par' dir='ltr' id='par_1_2' title="bbox 1028 315 3019 387">
     <span class='ocr_line' id='line_1_2' title="bbox 1028 315 3019 387; baseline -0.007 -6"><span class='ocrx_word' id='word_1_2' title='bbox 1028 322 1431 381; x_wconf 71' lang='lat' dir='ltr'><strong>EXEGETICA.</strong></span> <span class='ocrx_word' id='word_1_3' title='bbox 1476 352 1537 361; x_wconf 88' lang='lat'><strong>-—</strong></span> <span class='ocrx_word' id='word_1_4' title='bbox 1576 317 1939 375; x_wconf 70' lang='lat' dir='ltr'><strong>INTERROG.</strong></span> <span class='ocrx_word' id='word_1_5' title='bbox 1983 316 2067 370; x_wconf 70' lang='grc' dir='ltr'><strong>ΕΤ</strong></span> <span class='ocrx_word' id='word_1_6' title='bbox 2109 315 2435 371; x_wconf 67' lang='lat' dir='ltr'><strong>RESI’ONS.</strong></span> <span class='ocrx_word' id='word_1_7' title='bbox 2479 317 2543 369; x_wconf 69' lang='grc' dir='ltr'><strong>ΙΝ</strong></span> <span class='ocrx_word' id='word_1_8' title='bbox 2583 318 2821 372; x_wconf 64' lang='lat' dir='ltr'><strong>CENES.</strong></span> <span class='ocrx_word' id='word_1_9' title='bbox 2862 320 3019 387; x_wconf 54' lang='lat' dir='ltr'><strong>l&#39;ITC.</strong></span> 
     </span>
    </p>
   </div>
   <div class='ocr_carea' id='block_1_3' title="bbox 3536 325 3639 375">
    <p class='ocr_par' dir='ltr' id='par_1_3' title="bbox 3536 325 3639 375">
     <span class='ocr_line' id='line_1_3' title="bbox 3536 325 3639 375; baseline 0.019 -2"><span class='ocrx_word' id='word_1_10' title='bbox 3536 325 3639 375; x_wconf 69' lang='grc'><strong>518</strong></span> 
     </span>
    </p>
   </div>
   <div class='ocr_carea' id='block_1_4' title="bbox 427 427 3631 502">
    <p class='ocr_par' dir='ltr' id='par_1_4' title="bbox 427 427 3631 502">
     <span class='ocr_line' id='line_1_4' title="bbox 427 427 3631 502; baseline -0.005 -3"><span class='ocrx_word' id='word_1_11' title='bbox 427 444 624 501; x_wconf 88' lang='lat' dir='ltr'><strong>nomini</strong></span> <span class='ocrx_word' id='word_1_12' title='bbox 652 440 843 502; x_wconf 70' lang='lat' dir='ltr'><strong>dicati,</strong></span> <span class='ocrx_word' id='word_1_13' title='bbox 875 450 929 490; x_wconf 88' lang='lat' dir='ltr'><strong>ut</strong></span> <span class='ocrx_word' id='word_1_14' title='bbox 958 438 1184 491; x_wconf 83' lang='lat' dir='ltr'><strong>haberes</strong></span> <span class='ocrx_word' id='word_1_15' title='bbox 1210 436 1348 489; x_wconf 90' lang='lat' dir='ltr'><strong>unde</strong></span> <span class='ocrx_word' id='word_1_16' title='bbox 1390 443 1535 487; x_wconf 89' lang='lat' dir='ltr'><strong>tuam</strong></span> <span class='ocrx_word' id='word_1_17' title='bbox 1566 447 1748 501; x_wconf 80' lang='lat' dir='ltr'><strong>posses</strong></span> <span class='ocrx_word' id='word_1_18' title='bbox 1777 444 1975 483; x_wconf 89' lang='lat' dir='ltr'><strong>memo—</strong></span> <span class='ocrx_word' id='word_1_19' title='bbox 2001 427 2050 484; x_wconf 76' lang='grc' dir='ltr'><strong>Α</strong></span> <span class='ocrx_word' id='word_1_20' title='bbox 2080 427 2342 495; x_wconf 83' lang='lat' dir='ltr'><strong>ruptibilis</strong></span> <span class='ocrx_word' id='word_1_21' title='bbox 2364 436 2525 489; x_wconf 85' lang='lat' dir='ltr'><strong>esset,</strong></span> <span class='ocrx_word' id='word_1_22' title='bbox 2554 427 2799 482; x_wconf 82' lang='lat' dir='ltr'><strong>utebatur</strong></span> <span class='ocrx_word' id='word_1_23' title='bbox 2838 427 2989 497; x_wconf 64' lang='grc' dir='ltr'><strong>ιΜδ..</strong></span> <span class='ocrx_word' id='word_1_24' title='bbox 3035 429 3323 500; x_wconf 68' lang='lat' dir='ltr'><strong>utr-retur}:</strong></span> <span class='ocrx_word' id='word_1_25' title='bbox 3373 431 3511 500; x_wconf 79' lang='lat' dir='ltr'><strong>ligno</strong></span> <span class='ocrx_word' id='word_1_26' title='bbox 3544 448 3631 484; x_wconf 69' lang='lat' dir='ltr'><strong>ar.</strong></span> 
     </span>
    </p>
   </div>
   <div class='ocr_carea' id='block_1_5' title="bbox 426 520 1973 597">
    <p class='ocr_par' dir='ltr' id='par_1_5' title="bbox 426 520 1973 597">
     <span class='ocr_line' id='line_1_5' title="bbox 426 520 1973 597; baseline -0.012 -7"><span class='ocrx_word' id='word_1_27' title='bbox 426 536 561 590; x_wconf 88' lang='lat' dir='ltr'><strong>riam</strong></span> <span class='ocrx_word' id='word_1_28' title='bbox 587 544 852 590; x_wconf 74' lang='lat' dir='ltr'><strong>recreare,</strong></span> <span class='ocrx_word' id='word_1_29' title='bbox 876 542 993 597; x_wconf 77' lang='lat' dir='ltr'><strong>qua:</strong></span> <span class='ocrx_word' id='word_1_30' title='bbox 1014 541 1152 594; x_wconf 67' lang='lat' dir='ltr'><strong>stupe</strong></span> <span class='ocrx_word' id='word_1_31' title='bbox 1173 526 1347 594; x_wconf 90' lang='lat' dir='ltr'><strong>perdit</strong></span> <span class='ocrx_word' id='word_1_32' title='bbox 1388 523 1529 593; x_wconf 87' lang='lat' dir='ltr'><strong>quod</strong></span> <span class='ocrx_word' id='word_1_33' title='bbox 1556 536 1771 575; x_wconf 86' lang='lat' dir='ltr'><strong>servare</strong></span> <span class='ocrx_word' id='word_1_34' title='bbox 1798 520 1973 579; x_wconf 78' lang='lat' dir='ltr'><strong>debet,</strong></span> 
     </span>
    </p>
   </div>
   <div class='ocr_carea' id='block_1_6' title="bbox 427 609 1976 679">
    <p class='ocr_par' dir='ltr' id='par_1_6' title="bbox 427 609 1976 679">
     <span class='ocr_line' id='line_1_6' title="bbox 427 609 1976 679; baseline -0.012 0"><span class='ocrx_word' id='word_1_35' title='bbox 427 624 528 679; x_wconf 84' lang='lat' dir='ltr'><strong>nisi</strong></span> <span class='ocrx_word' id='word_1_36' title='bbox 555 623 607 677; x_wconf 90' lang='lat' dir='ltr'><strong>in</strong></span> <span class='ocrx_word' id='word_1_37' title='bbox 630 623 881 675; x_wconf 75' lang='lat' dir='ltr'><strong>thesauro</strong></span> <span class='ocrx_word' id='word_1_38' title='bbox 901 618 1197 670; x_wconf 91' lang='lat' dir='ltr'><strong>litterarum</strong></span> <span class='ocrx_word' id='word_1_39' title='bbox 1228 613 1557 667; x_wconf 82' lang='lat' dir='ltr'><strong>reconditum</strong></span> <span class='ocrx_word' id='word_1_40' title='bbox 1583 619 1781 671; x_wconf 87' lang='lat' dir='ltr'><strong>teneat,</strong></span> <span class='ocrx_word' id='word_1_41' title='bbox 1810 609 1976 661; x_wconf 73' lang='lat' dir='ltr'><strong>maxi-</strong></span> 
     </span>
    </p>
   </div>
   <div class='ocr_carea' id='block_1_7' title="bbox 427 697 1975 779">
    <p class='ocr_par' dir='ltr' id='par_1_7' title="bbox 427 697 1975 779">
     <span class='ocr_line' id='line_1_7' title="bbox 427 697 1975 779; baseline -0.012 -13"><span class='ocrx_word' id='word_1_42' title='bbox 427 727 511 766; x_wconf 91' lang='lat' dir='ltr'><strong>me</strong></span> <span class='ocrx_word' id='word_1_43' title='bbox 549 711 731 775; x_wconf 85' lang='lat' dir='ltr'><strong>nobis,</strong></span> <span class='ocrx_word' id='word_1_44' title='bbox 769 709 860 779; x_wconf 86' lang='lat' dir='ltr'><strong>qui</strong></span> <span class='ocrx_word' id='word_1_45' title='bbox 889 706 1065 762; x_wconf 65' lang='grc' dir='ltr'>διεωιὶ</span> <span class='ocrx_word' id='word_1_46' title='bbox 1114 702 1556 772; x_wconf 73' lang='lat' dir='ltr'><strong>occupationibus</strong></span> <span class='ocrx_word' id='word_1_47' title='bbox 1586 697 1937 753; x_wconf 88' lang='lat' dir='ltr'><strong>distrahimur</strong></span> <span class='ocrx_word' id='word_1_48' title='bbox 1962 736 1975 757; x_wconf 90' lang='lat'><strong>,</strong></span> 
     </span>
    </p>
   </div>
   <div class='ocr_carea' id='block_1_8' title="bbox 425 785 1976 860">
    <p class='ocr_par' dir='ltr' id='par_1_8' title="bbox 425 785 1976 860">
     <span class='ocr_line' id='line_1_8' title="bbox 425 785 1976 860; baseline -0.01 -7"><span class='ocrx_word' id='word_1_49' title='bbox 425 809 481 853; x_wconf 92' lang='lat' dir='ltr'><strong>et</strong></span> <span class='ocrx_word' id='word_1_50' title='bbox 517 798 743 854; x_wconf 82' lang='lat' dir='ltr'><strong>diversis</strong></span> <span class='ocrx_word' id='word_1_51' title='bbox 786 796 1033 851; x_wconf 75' lang='lat' dir='ltr'><strong>itinerum</strong></span> <span class='ocrx_word' id='word_1_52' title='bbox 1073 793 1327 848; x_wconf 86' lang='lat' dir='ltr'><strong>molestiis</strong></span> <span class='ocrx_word' id='word_1_53' title='bbox 1374 790 1677 860; x_wconf 80' lang='lat' dir='ltr'><strong>fatigamur.</strong></span> <span class='ocrx_word' id='word_1_54' title='bbox 1728 786 1793 839; x_wconf 82' lang='lat' dir='ltr'><strong>Et</strong></span> <span class='ocrx_word' id='word_1_55' title='bbox 1836 785 1976 853; x_wconf 88' lang='lat' dir='ltr'><strong>quod</strong></span> 
     </span>
    </p>
   </div>
   <div class='ocr_carea' id='block_1_9' title="bbox 432 875 1974 960">
    <p class='ocr_par' dir='ltr' id='par_1_9' title="bbox 432 875 1974 960">
     <span class='ocr_line' id='line_1_9' title="bbox 432 875 1974 960; baseline -0.009 -19"><span class='ocrx_word' id='word_1_56' title='bbox 432 886 579 960; x_wconf 57' lang='grc' dir='ltr'><strong>μὴ,</strong></span> <span class='ocrx_word' id='word_1_57' title='bbox 611 885 757 958; x_wconf 84' lang='lat' dir='ltr'><strong>quia]</strong></span> <span class='ocrx_word' id='word_1_58' title='bbox 794 885 1027 955; x_wconf 79' lang='lat' dir='ltr'><strong>pondera</strong></span> <span class='ocrx_word' id='word_1_59' title='bbox 1070 883 1324 938; x_wconf 88' lang='lat' dir='ltr'><strong>librorum</strong></span> <span class='ocrx_word' id='word_1_60' title='bbox 1353 879 1623 934; x_wconf 88' lang='lat' dir='ltr'><strong>nobiscum</strong></span> <span class='ocrx_word' id='word_1_61' title='bbox 1653 875 1851 946; x_wconf 89' lang='lat' dir='ltr'><strong>portari</strong></span> <span class='ocrx_word' id='word_1_62' title='bbox 1882 891 1974 928; x_wconf 89' lang='lat' dir='ltr'><strong>uc-</strong></span> 
     </span>
    </p>
   </div>
   <div class='ocr_carea' id='block_1_10' title="bbox 429 966 1977 1047">
    <p class='ocr_par' dir='ltr' id='par_1_10' title="bbox 429 966 1977 1047">
     <span class='ocr_line' id='line_1_10' title="bbox 429 966 1977 1047; baseline -0.01 -16"><span class='ocrx_word' id='word_1_63' title='bbox 429 986 647 1047; x_wconf 90' lang='lat' dir='ltr'><strong>queunt,</strong></span> <span class='ocrx_word' id='word_1_64' title='bbox 680 976 796 1029; x_wconf 89' lang='lat' dir='ltr'><strong>ideo</strong></span> <span class='ocrx_word' id='word_1_65' title='bbox 825 974 1100 1042; x_wconf 89' lang='lat' dir='ltr'><strong>aliquoties</strong></span> <span class='ocrx_word' id='word_1_66' title='bbox 1131 970 1376 1026; x_wconf 77' lang='lat' dir='ltr'><strong>brevitati</strong></span> <span class='ocrx_word' id='word_1_67' title='bbox 1422 966 1737 1022; x_wconf 80' lang='lat' dir='ltr'><strong>studendum</strong></span> <span class='ocrx_word' id='word_1_68' title='bbox 1776 974 1888 1028; x_wconf 87' lang='lat' dir='ltr'><strong>est,</strong></span> <span class='ocrx_word' id='word_1_69' title='bbox 1921 972 1977 1015; x_wconf 92' lang='lat' dir='ltr'><strong>nt</strong></span> 
     </span>
    </p>
   </div>
   <div class='ocr_carea' id='block_1_11' title="bbox 429 1052 1973 1136">
    <p class='ocr_par' dir='ltr' id='par_1_11' title="bbox 429 1052 1973 1136">
     <span class='ocr_line' id='line_1_11' title="bbox 429 1052 1973 1136; baseline -0.014 -13"><span class='ocrx_word' id='word_1_70' title='bbox 429 1070 500 1123; x_wconf 91' lang='lat' dir='ltr'><strong>sit</strong></span> <span class='ocrx_word' id='word_1_71' title='bbox 521 1068 623 1121; x_wconf 90' lang='lat' dir='ltr'><strong>levi</strong></span> <span class='ocrx_word' id='word_1_72' title='bbox 650 1064 885 1136; x_wconf 86' lang='lat' dir='ltr'><strong>pondere</strong></span> <span class='ocrx_word' id='word_1_73' title='bbox 903 1055 1134 1132; x_wconf 84' lang='lat' dir='ltr'><strong>pretiosa</strong></span> <span class='ocrx_word' id='word_1_74' title='bbox 1160 1059 1432 1129; x_wconf 75' lang='lat' dir='ltr'><strong>sapientia:</strong></span> <span class='ocrx_word' id='word_1_75' title='bbox 1456 1055 1764 1124; x_wconf 77' lang='lat' dir='ltr'><strong>margarita,</strong></span> <span class='ocrx_word' id='word_1_76' title='bbox 1792 1061 1846 1105; x_wconf 89' lang='lat' dir='ltr'><strong>et</strong></span> <span class='ocrx_word' id='word_1_77' title='bbox 1878 1052 1973 1104; x_wconf 90' lang='lat' dir='ltr'><strong>ha—</strong></span> 
     </span>
    </p>
   </div>
   <div class='ocr_carea' id='block_1_12' title="bbox 429 1143 1975 1217">
    <p class='ocr_par' dir='ltr' id='par_1_12' title="bbox 429 1143 1975 1217">
     <span class='ocr_line' id='line_1_12' title="bbox 429 1143 1975 1217; baseline -0.012 -7"><span class='ocrx_word' id='word_1_78' title='bbox 429 1155 550 1211; x_wconf 88' lang='lat' dir='ltr'><strong>beat</strong></span> <span class='ocrx_word' id='word_1_79' title='bbox 573 1154 744 1209; x_wconf 88' lang='lat' dir='ltr'><strong>fessus</strong></span> <span class='ocrx_word' id='word_1_80' title='bbox 767 1169 832 1207; x_wconf 77' lang='lat' dir='ltr'><strong>ex</strong></span> <span class='ocrx_word' id='word_1_81' title='bbox 859 1153 1049 1207; x_wconf 90' lang='lat' dir='ltr'><strong>itinere</strong></span> <span class='ocrx_word' id='word_1_82' title='bbox 1073 1151 1242 1203; x_wconf 89' lang='lat' dir='ltr'><strong>viator</strong></span> <span class='ocrx_word' id='word_1_83' title='bbox 1277 1163 1381 1217; x_wconf 90' lang='lat' dir='ltr'><strong>quo</strong></span> <span class='ocrx_word' id='word_1_84' title='bbox 1419 1162 1477 1201; x_wconf 91' lang='lat' dir='ltr'><strong>se</strong></span> <span class='ocrx_word' id='word_1_85' title='bbox 1509 1152 1733 1207; x_wconf 91' lang='lat' dir='ltr'><strong>recreet,</strong></span> <span class='ocrx_word' id='word_1_86' title='bbox 1764 1143 1887 1195; x_wconf 79' lang='lat' dir='ltr'><strong>licet</strong></span> <span class='ocrx_word' id='word_1_87' title='bbox 1912 1157 1975 1193; x_wconf 78' lang='lat' dir='ltr'><strong>cx</strong></span> 
     </span>
    </p>
   </div>
   <div class='ocr_carea' id='block_1_13' title="bbox 427 1234 1976 1316">
    <p class='ocr_par' dir='ltr' id='par_1_13' title="bbox 427 1234 1976 1316">
     <span class='ocr_line' id='line_1_13' title="bbox 427 1234 1976 1316; baseline -0.012 -14"><span class='ocrx_word' id='word_1_88' title='bbox 427 1247 659 1316; x_wconf 84' lang='lat' dir='ltr'><strong>pondere</strong></span> <span class='ocrx_word' id='word_1_89' title='bbox 681 1245 943 1315; x_wconf 86' lang='lat' dir='ltr'><strong>portantis</strong></span> <span class='ocrx_word' id='word_1_90' title='bbox 971 1258 1159 1296; x_wconf 89' lang='lat' dir='ltr'><strong>manus</strong></span> <span class='ocrx_word' id='word_1_91' title='bbox 1195 1257 1299 1295; x_wconf 90' lang='lat' dir='ltr'><strong>non</strong></span> <span class='ocrx_word' id='word_1_92' title='bbox 1339 1245 1606 1309; x_wconf 78' lang='lat' dir='ltr'><strong>gravetur.</strong></span> <span class='ocrx_word' id='word_1_93' title='bbox 1646 1234 1782 1289; x_wconf 88' lang='lat' dir='ltr'><strong>Sunt</strong></span> <span class='ocrx_word' id='word_1_94' title='bbox 1806 1234 1857 1285; x_wconf 92' lang='lat' dir='ltr'><strong>in</strong></span> <span class='ocrx_word' id='word_1_95' title='bbox 1884 1246 1976 1285; x_wconf 89' lang='lat' dir='ltr'><strong>eo-</strong></span> 
     </span>
    </p>
   </div>
   <div class='ocr_carea' id='block_1_14' title="bbox 427 1322 1977 1400">
    <p class='ocr_par' dir='ltr' id='par_1_14' title="bbox 427 1322 1977 1400">
     <span class='ocr_line' id='line_1_14' title="bbox 427 1322 1977 1400; baseline -0.01 -10"><span class='ocrx_word' id='word_1_96' title='bbox 427 1338 548 1391; x_wconf 90' lang='lat' dir='ltr'><strong>dem</strong></span> <span class='ocrx_word' id='word_1_97' title='bbox 575 1336 709 1389; x_wconf 89' lang='lat' dir='ltr'><strong>libro</strong></span> <span class='ocrx_word' id='word_1_98' title='bbox 726 1333 1047 1389; x_wconf 65' lang='lat' dir='ltr'><strong>difficillima:</strong></span> <span class='ocrx_word' id='word_1_99' title='bbox 1076 1331 1395 1400; x_wconf 68' lang='lat' dir='ltr'><strong>qurestiones</strong></span> <span class='ocrx_word' id='word_1_100' title='bbox 1436 1328 1676 1397; x_wconf 79' lang='lat' dir='ltr'><strong>plurima:</strong></span> <span class='ocrx_word' id='word_1_101' title='bbox 1697 1365 1712 1388; x_wconf 95' lang='lat'><strong>,</strong></span> <span class='ocrx_word' id='word_1_102' title='bbox 1743 1338 1875 1392; x_wconf 88' lang='lat' dir='ltr'><strong>quas</strong></span> <span class='ocrx_word' id='word_1_103' title='bbox 1913 1322 1977 1375; x_wconf 90' lang='lat' dir='ltr'><strong>ad</strong></span> 
     </span>
    </p>
   </div>
   <div class='ocr_carea' id='block_1_15' title="bbox 425 1410 1979 1495">
    <p class='ocr_par' dir='ltr' id='par_1_15' title="bbox 425 1410 1979 1495">
     <span class='ocr_line' id='line_1_15' title="bbox 425 1410 1979 1495; baseline -0.01 -16"><span class='ocrx_word' id='word_1_104' title='bbox 425 1439 659 1495; x_wconf 66' lang='lat' dir='ltr'><strong>praesens</strong></span> <span class='ocrx_word' id='word_1_105' title='bbox 682 1432 897 1492; x_wconf 89' lang='lat' dir='ltr'><strong>tangere</strong></span> <span class='ocrx_word' id='word_1_106' title='bbox 924 1436 1028 1474; x_wconf 91' lang='lat' dir='ltr'><strong>non</strong></span> <span class='ocrx_word' id='word_1_107' title='bbox 1057 1420 1227 1483; x_wconf 89' lang='lat' dir='ltr'><strong>libuit,</strong></span> <span class='ocrx_word' id='word_1_108' title='bbox 1252 1418 1331 1473; x_wconf 91' lang='lat' dir='ltr'><strong>vel</strong></span> <span class='ocrx_word' id='word_1_109' title='bbox 1365 1418 1525 1471; x_wconf 90' lang='lat' dir='ltr'><strong>etiam</strong></span> <span class='ocrx_word' id='word_1_110' title='bbox 1555 1430 1659 1469; x_wconf 89' lang='lat' dir='ltr'><strong>non</strong></span> <span class='ocrx_word' id='word_1_111' title='bbox 1690 1414 1867 1475; x_wconf 78' lang='lat' dir='ltr'><strong>licuit;</strong></span> <span class='ocrx_word' id='word_1_112' title='bbox 1897 1410 1979 1464; x_wconf 80' lang='lat' dir='ltr'><strong>vel</strong></span> 
     </span>
    </p>
   </div>
   <div class='ocr_carea' id='block_1_16' title="bbox 422 1502 1979 1583">
    <p class='ocr_par' dir='ltr' id='par_1_16' title="bbox 422 1502 1979 1583">
     <span class='ocr_line' id='line_1_16' title="bbox 422 1502 1979 1583; baseline -0.01 -15"><span class='ocrx_word' id='word_1_113' title='bbox 422 1512 566 1583; x_wconf 88' lang='lat' dir='ltr'><strong>quod</strong></span> <span class='ocrx_word' id='word_1_114' title='bbox 586 1514 651 1566; x_wconf 87' lang='lat' dir='ltr'><strong>de</strong></span> <span class='ocrx_word' id='word_1_115' title='bbox 680 1510 780 1565; x_wconf 90' lang='lat' dir='ltr'><strong>illis</strong></span> <span class='ocrx_word' id='word_1_116' title='bbox 808 1526 1016 1564; x_wconf 89' lang='lat' dir='ltr'><strong>menon</strong></span> <span class='ocrx_word' id='word_1_117' title='bbox 1044 1508 1401 1577; x_wconf 73' lang='lat' dir='ltr'><strong>interrogasti.</strong></span> <span class='ocrx_word' id='word_1_118' title='bbox 1433 1503 1524 1559; x_wconf 71' lang='lat' dir='ltr'><strong>llas</strong></span> <span class='ocrx_word' id='word_1_119' title='bbox 1553 1505 1712 1558; x_wconf 87' lang='lat' dir='ltr'><strong>etiam</strong></span> <span class='ocrx_word' id='word_1_120' title='bbox 1750 1502 1979 1555; x_wconf 74' lang='lat' dir='ltr'><strong>maxime</strong></span> 
     </span>
    </p>
   </div>
   <div class='ocr_carea' id='block_1_17' title="bbox 422 1590 1981 1667">
    <p class='ocr_par' dir='ltr' id='par_1_17' title="bbox 422 1590 1981 1667">
     <span class='ocr_line' id='line_1_17' title="bbox 422 1590 1981 1667; baseline -0.008 -11"><span class='ocrx_word' id='word_1_121' title='bbox 422 1601 689 1657; x_wconf 72' lang='lat' dir='ltr'><strong>historica:</strong></span> <span class='ocrx_word' id='word_1_122' title='bbox 715 1607 837 1654; x_wconf 90' lang='lat' dir='ltr'><strong>sunt</strong></span> <span class='ocrx_word' id='word_1_123' title='bbox 865 1607 920 1651; x_wconf 91' lang='lat' dir='ltr'><strong>et</strong></span> <span class='ocrx_word' id='word_1_124' title='bbox 938 1597 1162 1667; x_wconf 84' lang='lat' dir='ltr'><strong>simplici</strong></span> <span class='ocrx_word' id='word_1_125' title='bbox 1190 1596 1533 1665; x_wconf 86' lang='lat' dir='ltr'><strong>responsione</strong></span> <span class='ocrx_word' id='word_1_126' title='bbox 1554 1601 1850 1648; x_wconf 61' lang='lat' dir='ltr'><strong>contente:</strong></span> <span class='ocrx_word' id='word_1_127' title='bbox 1882 1590 1981 1643; x_wconf 81' lang='lat' dir='ltr'><strong>ilhc</strong></span> 
     </span>
    </p>
   </div>
   <div class='ocr_carea' id='block_1_18' title="bbox 425 1683 1976 1759">
    <p class='ocr_par' dir='ltr' id='par_1_18' title="bbox 425 1683 1976 1759">
     <span class='ocr_line' id='line_1_18' title="bbox 425 1683 1976 1759; baseline -0.006 -16"><span class='ocrx_word' id='word_1_128' title='bbox 425 1704 550 1745; x_wconf 87' lang='lat' dir='ltr'><strong>vero</strong></span> <span class='ocrx_word' id='word_1_129' title='bbox 577 1689 795 1759; x_wconf 81' lang='lat' dir='ltr'><strong>majoris</strong></span> <span class='ocrx_word' id='word_1_130' title='bbox 826 1687 1199 1757; x_wconf 86' lang='lat' dir='ltr'><strong>inquisitionis,</strong></span> <span class='ocrx_word' id='word_1_131' title='bbox 1224 1686 1579 1755; x_wconf 76' lang='lat' dir='ltr'><strong>longiorisque</strong></span> <span class='ocrx_word' id='word_1_132' title='bbox 1608 1691 1865 1736; x_wconf 87' lang='lat' dir='ltr'><strong>tractatus</strong></span> <span class='ocrx_word' id='word_1_133' title='bbox 1894 1683 1976 1737; x_wconf 82' lang='lat' dir='ltr'><strong>in-</strong></span> 
     </span>
    </p>
   </div>
   <div class='ocr_carea' id='block_1_19' title="bbox 424 1776 1974 1851">
    <p class='ocr_par' dir='ltr' id='par_1_19' title="bbox 424 1776 1974 1851">
     <span class='ocr_line' id='line_1_19' title="bbox 424 1776 1974 1851; baseline -0.005 -17"><span class='ocrx_word' id='word_1_134' title='bbox 424 1781 603 1851; x_wconf 81' lang='lat' dir='ltr'><strong>digent</strong></span> <span class='ocrx_word' id='word_1_135' title='bbox 630 1778 782 1850; x_wconf 83' lang='lat' dir='ltr'><strong>[Cod.</strong></span> <span class='ocrx_word' id='word_1_136' title='bbox 817 1795 939 1842; x_wconf 86' lang='lat' dir='ltr'><strong>ms.,</strong></span> <span class='ocrx_word' id='word_1_137' title='bbox 967 1787 1021 1832; x_wconf 89' lang='lat' dir='ltr'><strong>et</strong></span> <span class='ocrx_word' id='word_1_138' title='bbox 1043 1778 1329 1847; x_wconf 78' lang='lat' dir='ltr'><strong>longiorem</strong></span> <span class='ocrx_word' id='word_1_139' title='bbox 1371 1776 1570 1830; x_wconf 87' lang='lat' dir='ltr'><strong>habere</strong></span> <span class='ocrx_word' id='word_1_140' title='bbox 1599 1776 1835 1845; x_wconf 78' lang='lat' dir='ltr'><strong>indigent</strong></span> <span class='ocrx_word' id='word_1_141' title='bbox 1863 1784 1974 1827; x_wconf 89' lang='lat' dir='ltr'><strong>tra-</strong></span> 
     </span>
    </p>
   </div>
   <div class='ocr_carea' id='block_1_20' title="bbox 423 1865 1980 1940">
    <p class='ocr_par' dir='ltr' id='par_1_20' title="bbox 423 1865 1980 1940">
     <span class='ocr_line' id='line_1_20' title="bbox 423 1865 1980 1940; baseline -0.004 -18"><span class='ocrx_word' id='word_1_142' title='bbox 423 1868 666 1940; x_wconf 76' lang='lat' dir='ltr'><strong>ctatum].</strong></span> <span class='ocrx_word' id='word_1_143' title='bbox 688 1868 784 1923; x_wconf 81' lang='lat' dir='ltr'><strong>llis</strong></span> <span class='ocrx_word' id='word_1_144' title='bbox 804 1876 1027 1932; x_wconf 81' lang='lat' dir='ltr'><strong>tantum,</strong></span> <span class='ocrx_word' id='word_1_145' title='bbox 1054 1867 1391 1922; x_wconf 87' lang='lat' dir='ltr'><strong>dilectissime</strong></span> <span class='ocrx_word' id='word_1_146' title='bbox 1417 1865 1601 1929; x_wconf 81' lang='lat' dir='ltr'><strong>frater,</strong></span> <span class='ocrx_word' id='word_1_147' title='bbox 1622 1876 1737 1919; x_wconf 91' lang='lat' dir='ltr'><strong>esto</strong></span> <span class='ocrx_word' id='word_1_148' title='bbox 1763 1874 1980 1919; x_wconf 86' lang='lat' dir='ltr'><strong>conten—</strong></span> 
     </span>
    </p>
   </div>
   <div class='ocr_carea' id='block_1_21' title="bbox 427 1956 1981 2028">
    <p class='ocr_par' dir='ltr' id='par_1_21' title="bbox 427 1956 1981 2028">
     <span class='ocr_line' id='line_1_21' title="bbox 427 1956 1981 2028; baseline -0.002 -17"><span class='ocrx_word' id='word_1_149' title='bbox 427 1969 545 2013; x_wconf 88' lang='lat' dir='ltr'><strong>tus:</strong></span> <span class='ocrx_word' id='word_1_150' title='bbox 586 1970 640 2013; x_wconf 89' lang='lat' dir='ltr'><strong>et</strong></span> <span class='ocrx_word' id='word_1_151' title='bbox 684 1958 859 2028; x_wconf 86' lang='lat' dir='ltr'><strong>siquid</strong></span> <span class='ocrx_word' id='word_1_152' title='bbox 898 1959 952 2012; x_wconf 91' lang='lat' dir='ltr'><strong>in</strong></span> <span class='ocrx_word' id='word_1_153' title='bbox 989 1959 1067 2012; x_wconf 87' lang='lat' dir='ltr'><strong>eis</strong></span> <span class='ocrx_word' id='word_1_154' title='bbox 1104 1972 1383 2027; x_wconf 86' lang='lat' dir='ltr'><strong>perperam</strong></span> <span class='ocrx_word' id='word_1_155' title='bbox 1422 1956 1678 2019; x_wconf 80' lang='lat' dir='ltr'><strong>dixerim,</strong></span> <span class='ocrx_word' id='word_1_156' title='bbox 1722 1965 1777 2009; x_wconf 93' lang='lat' dir='ltr'><strong>tu</strong></span> <span class='ocrx_word' id='word_1_157' title='bbox 1813 1956 1981 2009; x_wconf 80' lang='lat' dir='ltr'><strong>frater</strong></span> 
     </span>
    </p>
   </div>
   <div class='ocr_carea' id='block_1_22' title="bbox 426 2046 1980 2119">
    <p class='ocr_par' dir='ltr' id='par_1_22' title="bbox 426 2046 1980 2119">
     <span class='ocr_line' id='line_1_22' title="bbox 426 2046 1980 2119; baseline -0.001 -18"><span class='ocrx_word' id='word_1_158' title='bbox 426 2049 587 2119; x_wconf 53' lang='grc' dir='ltr'><strong>μὴ,</strong></span> <span class='ocrx_word' id='word_1_159' title='bbox 634 2048 866 2102; x_wconf 88' lang='lat' dir='ltr'><strong>fraterno</strong></span> <span class='ocrx_word' id='word_1_160' title='bbox 895 2046 1052 2119; x_wconf 83' lang='lat' dir='ltr'><strong>stylo]</strong></span> <span class='ocrx_word' id='word_1_161' title='bbox 1082 2062 1176 2101; x_wconf 90' lang='lat' dir='ltr'><strong>nos</strong></span> <span class='ocrx_word' id='word_1_162' title='bbox 1206 2048 1475 2116; x_wconf 81' lang='lat' dir='ltr'><strong>corrigere</strong></span> <span class='ocrx_word' id='word_1_163' title='bbox 1512 2047 1763 2111; x_wconf 86' lang='lat' dir='ltr'><strong>studeas;</strong></span> <span class='ocrx_word' id='word_1_164' title='bbox 1807 2047 1980 2115; x_wconf 86' lang='lat' dir='ltr'><strong>siquid</strong></span> 
     </span>
    </p>
   </div>
   <div class='ocr_carea' id='block_1_23' title="bbox 427 2136 1977 2206">
    <p class='ocr_par' dir='ltr' id='par_1_23' title="bbox 427 2136 1977 2206">
     <span class='ocr_line' id='line_1_23' title="bbox 427 2136 1977 2206; baseline -0.001 -15"><span class='ocrx_word' id='word_1_165' title='bbox 427 2152 550 2191; x_wconf 84' lang='lat' dir='ltr'><strong>vero</strong></span> <span class='ocrx_word' id='word_1_166' title='bbox 569 2138 722 2202; x_wconf 85' lang='lat' dir='ltr'><strong>bene,</strong></span> <span class='ocrx_word' id='word_1_167' title='bbox 748 2153 855 2191; x_wconf 89' lang='lat' dir='ltr'><strong>non</strong></span> <span class='ocrx_word' id='word_1_168' title='bbox 883 2138 1034 2201; x_wconf 89' lang='lat' dir='ltr'><strong>mihi,</strong></span> <span class='ocrx_word' id='word_1_169' title='bbox 1068 2138 1159 2192; x_wconf 90' lang='lat' dir='ltr'><strong>sed</strong></span> <span class='ocrx_word' id='word_1_170' title='bbox 1196 2136 1429 2205; x_wconf 86' lang='lat' dir='ltr'><strong>largitori</strong></span> <span class='ocrx_word' id='word_1_171' title='bbox 1470 2137 1669 2205; x_wconf 76' lang='lat' dir='ltr'><strong>gratias</strong></span> <span class='ocrx_word' id='word_1_172' title='bbox 1714 2151 1849 2206; x_wconf 88' lang='lat' dir='ltr'><strong>age;</strong></span> <span class='ocrx_word' id='word_1_173' title='bbox 1888 2138 1977 2204; x_wconf 87' lang='lat' dir='ltr'><strong>qui</strong></span> 
     </span>
    </p>
   </div>
   <div class='ocr_carea' id='block_1_24' title="bbox 424 2224 1979 2297">
    <p class='ocr_par' dir='ltr' id='par_1_24' title="bbox 424 2224 1979 2297">
     <span class='ocr_line' id='line_1_24' title="bbox 424 2224 1979 2297; baseline -0.003 -16"><span class='ocrx_word' id='word_1_174' title='bbox 424 2236 479 2281; x_wconf 88' lang='lat' dir='ltr'><strong>ct</strong></span> <span class='ocrx_word' id='word_1_175' title='bbox 506 2237 556 2280; x_wconf 86' lang='lat' dir='ltr'><strong>te</strong></span> <span class='ocrx_word' id='word_1_176' title='bbox 579 2226 860 2297; x_wconf 81' lang='lat' dir='ltr'><strong>prolicere,</strong></span> <span class='ocrx_word' id='word_1_177' title='bbox 888 2235 943 2282; x_wconf 89' lang='lat' dir='ltr'><strong>et</strong></span> <span class='ocrx_word' id='word_1_178' title='bbox 969 2242 1053 2281; x_wconf 88' lang='lat' dir='ltr'><strong>me</strong></span> <span class='ocrx_word' id='word_1_179' title='bbox 1081 2227 1173 2281; x_wconf 86' lang='lat' dir='ltr'><strong>tibi</strong></span> <span class='ocrx_word' id='word_1_180' title='bbox 1219 2226 1466 2280; x_wconf 78' lang='lat' dir='ltr'><strong>sufﬁcere</strong></span> <span class='ocrx_word' id='word_1_181' title='bbox 1491 2240 1556 2278; x_wconf 77' lang='lat' dir='ltr'><strong>ex</strong></span> <span class='ocrx_word' id='word_1_182' title='bbox 1580 2224 1733 2279; x_wconf 89' lang='lat' dir='ltr'><strong>donis</strong></span> <span class='ocrx_word' id='word_1_183' title='bbox 1764 2227 1874 2278; x_wconf 80' lang='lat' dir='ltr'><strong>suis</strong></span> <span class='ocrx_word' id='word_1_184' title='bbox 1896 2226 1979 2277; x_wconf 87' lang='lat' dir='ltr'><strong>fa-</strong></span> 
     </span>
    </p>
   </div>
   <div class='ocr_carea' id='block_1_25' title="bbox 425 2315 1977 2385">
    <p class='ocr_par' dir='ltr' id='par_1_25' title="bbox 425 2315 1977 2385">
     <span class='ocr_line' id='line_1_25' title="bbox 425 2315 1977 2385; baseline 0.001 -18"><span class='ocrx_word' id='word_1_185' title='bbox 425 2315 552 2379; x_wconf 82' lang='lat' dir='ltr'><strong>ciat,</strong></span> <span class='ocrx_word' id='word_1_186' title='bbox 568 2315 681 2369; x_wconf 85' lang='lat' dir='ltr'><strong>sine</strong></span> <span class='ocrx_word' id='word_1_187' title='bbox 704 2331 809 2385; x_wconf 91' lang='lat' dir='ltr'><strong>quo</strong></span> <span class='ocrx_word' id='word_1_188' title='bbox 829 2315 958 2370; x_wconf 84' lang='lat' dir='ltr'><strong>nihil</strong></span> <span class='ocrx_word' id='word_1_189' title='bbox 980 2329 1282 2385; x_wconf 89' lang='lat' dir='ltr'><strong>possumus,</strong></span> <span class='ocrx_word' id='word_1_190' title='bbox 1305 2317 1357 2369; x_wconf 91' lang='lat' dir='ltr'><strong>in</strong></span> <span class='ocrx_word' id='word_1_191' title='bbox 1383 2331 1488 2385; x_wconf 92' lang='lat' dir='ltr'><strong>quo</strong></span> <span class='ocrx_word' id='word_1_192' title='bbox 1508 2318 1683 2370; x_wconf 89' lang='lat' dir='ltr'><strong>omnia</strong></span> <span class='ocrx_word' id='word_1_193' title='bbox 1710 2318 1977 2385; x_wconf 84' lang='lat' dir='ltr'><strong>possibilia</strong></span> 
     </span>
    </p>
   </div>
   <div class='ocr_carea' id='block_1_26' title="bbox 426 2404 1979 2475">
    <p class='ocr_par' dir='ltr' id='par_1_26' title="bbox 426 2404 1979 2475">
     <span class='ocr_line' id='line_1_26' title="bbox 426 2404 1979 2475; baseline -0.001 -17"><span class='ocrx_word' id='word_1_194' title='bbox 426 2413 550 2458; x_wconf 88' lang='lat' dir='ltr'><strong>sunt</strong></span> <span class='ocrx_word' id='word_1_195' title='bbox 574 2406 808 2463; x_wconf 89' lang='lat' dir='ltr'><strong>credenti</strong></span> <span class='ocrx_word' id='word_1_196' title='bbox 833 2423 847 2469; x_wconf 93' lang='lat'><strong>;</strong></span> <span class='ocrx_word' id='word_1_197' title='bbox 880 2408 969 2475; x_wconf 86' lang='lat' dir='ltr'><strong>qui</strong></span> <span class='ocrx_word' id='word_1_198' title='bbox 1000 2407 1254 2461; x_wconf 87' lang='lat' dir='ltr'><strong>creditam</strong></span> <span class='ocrx_word' id='word_1_199' title='bbox 1294 2422 1403 2460; x_wconf 70' lang='lat' dir='ltr'><strong>sua:</strong></span> <span class='ocrx_word' id='word_1_200' title='bbox 1433 2408 1582 2461; x_wconf 89' lang='lat' dir='ltr'><strong>nobis</strong></span> <span class='ocrx_word' id='word_1_201' title='bbox 1608 2407 1843 2475; x_wconf 70' lang='lat' dir='ltr'><strong>pecunim</strong></span> <span class='ocrx_word' id='word_1_202' title='bbox 1878 2404 1979 2457; x_wconf 86' lang='lat' dir='ltr'><strong>lar-</strong></span> 
     </span>
    </p>
   </div>
   <div class='ocr_carea' id='block_1_27' title="bbox 426 2493 1977 2564">
    <p class='ocr_par' dir='ltr' id='par_1_27' title="bbox 426 2493 1977 2564">
     <span class='ocr_line' id='line_1_27' title="bbox 426 2493 1977 2564; baseline -0.001 -18"><span class='ocrx_word' id='word_1_203' title='bbox 426 2493 697 2562; x_wconf 82' lang='lat' dir='ltr'><strong>gitionem,</strong></span> <span class='ocrx_word' id='word_1_204' title='bbox 729 2498 781 2548; x_wconf 89' lang='lat' dir='ltr'><strong>in</strong></span> <span class='ocrx_word' id='word_1_205' title='bbox 805 2495 1011 2550; x_wconf 89' lang='lat' dir='ltr'><strong>laudem</strong></span> <span class='ocrx_word' id='word_1_206' title='bbox 1042 2511 1137 2550; x_wconf 84' lang='lat' dir='ltr'><strong>nos</strong></span> <span class='ocrx_word' id='word_1_207' title='bbox 1163 2504 1216 2549; x_wconf 89' lang='lat' dir='ltr'><strong>et</strong></span> <span class='ocrx_word' id='word_1_208' title='bbox 1237 2495 1458 2564; x_wconf 81' lang='lat' dir='ltr'><strong>gloriam</strong></span> <span class='ocrx_word' id='word_1_209' title='bbox 1487 2497 1568 2548; x_wconf 87' lang='lat' dir='ltr'><strong>sui</strong></span> <span class='ocrx_word' id='word_1_210' title='bbox 1593 2494 1818 2548; x_wconf 81' lang='lat' dir='ltr'><strong>nominis</strong></span> <span class='ocrx_word' id='word_1_211' title='bbox 1848 2494 1977 2548; x_wconf 84' lang='lat' dir='ltr'><strong>inul-</strong></span> 
     </span>
    </p>
   </div>
   <div class='ocr_carea' id='block_1_28' title="bbox 429 2581 875 2651">
    <p class='ocr_par' dir='ltr' id='par_1_28' title="bbox 429 2581 875 2651">
     <span class='ocr_line' id='line_1_28' title="bbox 429 2581 875 2651; baseline 0.011 -19"><span class='ocrx_word' id='word_1_212' title='bbox 429 2581 666 2651; x_wconf 85' lang='lat' dir='ltr'><strong>tiplicare</strong></span> <span class='ocrx_word' id='word_1_213' title='bbox 695 2582 875 2637; x_wconf 85' lang='lat' dir='ltr'><strong>faciat.</strong></span> 
     </span>
    </p>
   </div>
   <div class='ocr_carea' id='block_1_29' title="bbox 497 2670 1975 2745">
    <p class='ocr_par' dir='ltr' id='par_1_29' title="bbox 497 2670 1975 2745">
     <span class='ocr_line' id='line_1_29' title="bbox 497 2670 1975 2745; baseline 0.004 -21"><span class='ocrx_word' id='word_1_214' title='bbox 497 2670 839 2743; x_wconf 73' lang='lat' dir='ltr'><strong>Interrogatio</strong></span> <span class='ocrx_word' id='word_1_215' title='bbox 876 2676 925 2731; x_wconf 80' lang='grc' dir='ltr'><strong>Ι.</strong></span> <span class='ocrx_word' id='word_1_216' title='bbox 953 2674 1224 2741; x_wconf 87' lang='lat' dir='ltr'><strong>Quomodo</strong></span> <span class='ocrx_word' id='word_1_217' title='bbox 1262 2678 1507 2731; x_wconf 87' lang='lat' dir='ltr'><strong>convenit</strong></span> <span class='ocrx_word' id='word_1_218' title='bbox 1538 2678 1677 2745; x_wconf 88' lang='lat' dir='ltr'><strong>quod</strong></span> <span class='ocrx_word' id='word_1_219' title='bbox 1707 2678 1756 2729; x_wconf 92' lang='lat' dir='ltr'><strong>in</strong></span> <span class='ocrx_word' id='word_1_220' title='bbox 1783 2676 1975 2731; x_wconf 72' lang='lat' dir='ltr'><strong>Genesi</strong></span> 
     </span>
    </p>
   </div>
   <div class='ocr_carea' id='block_1_30' title="bbox 428 2762 1976 2835">
    <p class='ocr_par' dir='ltr' id='par_1_30' title="bbox 428 2762 1976 2835">
     <span class='ocr_line' id='line_1_30' title="bbox 428 2762 1976 2835; baseline 0.004 -22"><span class='ocrx_word' id='word_1_221' title='bbox 428 2762 653 2831; x_wconf 89' lang='lat' dir='ltr'><strong>legitur:</strong></span> <span class='ocrx_word' id='word_1_222' title='bbox 684 2762 940 2828; x_wconf 79' lang='lat' dir='ltr'><strong>Requievit</strong></span> <span class='ocrx_word' id='word_1_223' title='bbox 970 2765 1107 2818; x_wconf 86' lang='lat' dir='ltr'><strong>Deus</strong></span> <span class='ocrx_word' id='word_1_224' title='bbox 1145 2766 1226 2818; x_wconf 86' lang='lat' dir='ltr'><strong>die</strong></span> <span class='ocrx_word' id='word_1_225' title='bbox 1254 2769 1466 2835; x_wconf 85' lang='lat' dir='ltr'><strong>septimo</strong></span> <span class='ocrx_word' id='word_1_226' title='bbox 1500 2768 1562 2819; x_wconf 82' lang='lat' dir='ltr'><strong>ab</strong></span> <span class='ocrx_word' id='word_1_227' title='bbox 1593 2767 1825 2819; x_wconf 81' lang='lat' dir='ltr'><strong>omnibus</strong></span> <span class='ocrx_word' id='word_1_228' title='bbox 1862 2783 1976 2834; x_wconf 64' lang='lat' dir='ltr'><strong>ope-</strong></span> 
     </span>
    </p>
   </div>
   <div class='ocr_carea' id='block_1_31' title="bbox 427 2851 1976 2925">
    <p class='ocr_par' dir='ltr' id='par_1_31' title="bbox 427 2851 1976 2925">
     <span class='ocr_line' id='line_1_31' title="bbox 427 2851 1976 2925; baseline 0.005 -24"><span class='ocrx_word' id='word_1_229' title='bbox 427 2851 567 2903; x_wconf 83' lang='lat' dir='ltr'><strong>ribus</strong></span> <span class='ocrx_word' id='word_1_230' title='bbox 590 2853 696 2904; x_wconf 87' lang='lat' dir='ltr'><strong>suis</strong></span> <span class='ocrx_word' id='word_1_231' title='bbox 729 2852 876 2921; x_wconf 83' lang='lat' dir='ltr'><strong>(Cen.</strong></span> <span class='ocrx_word' id='word_1_232' title='bbox 910 2870 970 2917; x_wconf 85' lang='lat' dir='ltr'><strong>ii,</strong></span> <span class='ocrx_word' id='word_1_233' title='bbox 1010 2854 1087 2925; x_wconf 78' lang='lat'><strong>9.),</strong></span> <span class='ocrx_word' id='word_1_234' title='bbox 1119 2864 1173 2908; x_wconf 92' lang='lat' dir='ltr'><strong>et</strong></span> <span class='ocrx_word' id='word_1_235' title='bbox 1200 2856 1250 2908; x_wconf 92' lang='lat' dir='ltr'><strong>in</strong></span> <span class='ocrx_word' id='word_1_236' title='bbox 1291 2856 1607 2925; x_wconf 80' lang='lat' dir='ltr'><strong>Evangelio-</strong></span> <span class='ocrx_word' id='word_1_237' title='bbox 1654 2857 1811 2908; x_wconf 63' lang='lat' dir='ltr'><strong>Pater</strong></span> <span class='ocrx_word' id='word_1_238' title='bbox 1836 2874 1976 2909; x_wconf 82' lang='lat' dir='ltr'><strong>meus</strong></span> 
     </span>
    </p>
   </div>
   <div class='ocr_carea' id='block_1_32' title="bbox 429 2941 1978 3019">
    <p class='ocr_par' dir='ltr' id='par_1_32' title="bbox 429 2941 1978 3019">
     <span class='ocr_line' id='line_1_32' title="bbox 429 2941 1978 3019; baseline 0.006 -29"><span class='ocrx_word' id='word_1_239' title='bbox 429 2956 585 3008; x_wconf 77' lang='lat' dir='ltr'><strong>usque</strong></span> <span class='ocrx_word' id='word_1_240' title='bbox 609 2941 760 2993; x_wconf 87' lang='lat' dir='ltr'><strong>modo</strong></span> <span class='ocrx_word' id='word_1_241' title='bbox 787 2953 1027 3011; x_wconf 86' lang='lat' dir='ltr'><strong>aperatur</strong></span> <span class='ocrx_word' id='word_1_242' title='bbox 1052 2953 1097 2997; x_wconf 88' lang='lat' dir='ltr'><strong>et</strong></span> <span class='ocrx_word' id='word_1_243' title='bbox 1126 2962 1215 3013; x_wconf 85' lang='lat' dir='ltr'><strong>ego</strong></span> <span class='ocrx_word' id='word_1_244' title='bbox 1243 2962 1424 3015; x_wconf 85' lang='lat' dir='ltr'><strong>operor</strong></span> <span class='ocrx_word' id='word_1_245' title='bbox 1454 2947 1628 3016; x_wconf 75' lang='lat' dir='ltr'><strong>(Idan.</strong></span> <span class='ocrx_word' id='word_1_246' title='bbox 1665 2962 1693 2998; x_wconf 90' lang='lat' dir='ltr'><strong>v</strong></span> <span class='ocrx_word' id='word_1_247' title='bbox 1712 2987 1726 3009; x_wconf 94' lang='lat'><strong>,</strong></span> <span class='ocrx_word' id='word_1_248' title='bbox 1764 2948 1842 3019; x_wconf 74' lang='lat' dir='ltr'><strong>l7)</strong></span> <span class='ocrx_word' id='word_1_249' title='bbox 1868 2949 1888 3000; x_wconf 76' lang='lat'><strong>‘3</strong></span> <span class='ocrx_word' id='word_1_250' title='bbox 1911 2978 1978 2987; x_wconf 89' lang='lat'><strong>--</strong></span> 
     </span>
    </p>
   </div>
   <div class='ocr_carea' id='block_1_33' title="bbox 2083 515 3638 585">
    <p class='ocr_par' dir='ltr' id='par_1_33' title="bbox 2083 515 3638 585">
     <span class='ocr_line' id='line_1_33' title="bbox 2083 515 3638 585; baseline 0.005 -17"><span class='ocrx_word' id='word_1_251' title='bbox 2083 526 2186 568; x_wconf 89' lang='lat' dir='ltr'><strong>tcm</strong></span> <span class='ocrx_word' id='word_1_252' title='bbox 2217 516 2455 569; x_wconf 65' lang='lat' dir='ltr'><strong>scientiae</strong></span> <span class='ocrx_word' id='word_1_253' title='bbox 2481 515 2602 569; x_wconf 91' lang='lat' dir='ltr'><strong>boni</strong></span> <span class='ocrx_word' id='word_1_254' title='bbox 2627 527 2684 569; x_wconf 87' lang='lat' dir='ltr'><strong>et</strong></span> <span class='ocrx_word' id='word_1_255' title='bbox 2707 517 2855 580; x_wconf 82' lang='lat' dir='ltr'><strong>mali,</strong></span> <span class='ocrx_word' id='word_1_256' title='bbox 2884 519 3034 585; x_wconf 77' lang='lat' dir='ltr'><strong>quasi</strong></span> <span class='ocrx_word' id='word_1_257' title='bbox 3076 528 3130 571; x_wconf 88' lang='lat' dir='ltr'><strong>ut</strong></span> <span class='ocrx_word' id='word_1_258' title='bbox 3166 534 3397 580; x_wconf 58' lang='lat' dir='ltr'><strong>veneno,</strong></span> <span class='ocrx_word' id='word_1_259' title='bbox 3442 529 3496 573; x_wconf 90' lang='lat' dir='ltr'><strong>nt</strong></span> <span class='ocrx_word' id='word_1_260' title='bbox 3526 536 3638 575; x_wconf 86' lang='lat' dir='ltr'><strong>rno-</strong></span> 
     </span>
    </p>
   </div>
   <div class='ocr_carea' id='block_1_34' title="bbox 2081 617 3044 665">
    <p class='ocr_par' dir='ltr' id='par_1_34' title="bbox 2081 617 3044 665">
     <span class='ocr_line' id='line_1_34' title="bbox 2081 617 3044 665; baseline 0.003 -7"><span class='ocrx_word' id='word_1_261' title='bbox 2081 617 2306 660; x_wconf 73' lang='lat' dir='ltr'><strong>rerctur.</strong></span> <span class='ocrx_word' id='word_1_262' title='bbox 3041 662 3044 665; x_wconf 33' lang='grc' dir='ltr'>λ</span> 
     </span>
    </p>
   </div>
   <div class='ocr_carea' id='block_1_35' title="bbox 2150 698 3641 779">
    <p class='ocr_par' dir='ltr' id='par_1_35' title="bbox 2150 698 3641 779">
     <span class='ocr_line' id='line_1_35' title="bbox 2150 698 3641 779; baseline 0.004 -28"><span class='ocrx_word' id='word_1_263' title='bbox 2150 698 2313 752; x_wconf 87' lang='lat' dir='ltr'><strong>Inter.</strong></span> <span class='ocrx_word' id='word_1_264' title='bbox 2341 701 2389 753; x_wconf 87' lang='lat'><strong>7.</strong></span> <span class='ocrx_word' id='word_1_265' title='bbox 2414 700 2591 767; x_wconf 81' lang='lat' dir='ltr'><strong>Quare</strong></span> <span class='ocrx_word' id='word_1_266' title='bbox 2620 701 2787 755; x_wconf 79' lang='lat' dir='ltr'><strong>Adam</strong></span> <span class='ocrx_word' id='word_1_267' title='bbox 2814 705 2991 756; x_wconf 87' lang='lat' dir='ltr'><strong>mundi</strong></span> <span class='ocrx_word' id='word_1_268' title='bbox 3028 704 3271 757; x_wconf 80' lang='lat' dir='ltr'><strong>dtnninus</strong></span> <span class='ocrx_word' id='word_1_269' title='bbox 3295 702 3460 779; x_wconf 73' lang='lat' dir='ltr'><strong>legent</strong></span> <span class='ocrx_word' id='word_1_270' title='bbox 3492 721 3641 761; x_wconf 20' lang='lat' dir='ltr'><strong>acer.-</strong></span> 
     </span>
    </p>
   </div>
   <div class='ocr_carea' id='block_1_36' title="bbox 2079 790 3640 860">
    <p class='ocr_par' dir='ltr' id='par_1_36' title="bbox 2079 790 3640 860">
     <span class='ocr_line' id='line_1_36' title="bbox 2079 790 3640 860; baseline 0.004 -18"><span class='ocrx_word' id='word_1_271' title='bbox 2079 791 2196 857; x_wconf 84' lang='lat' dir='ltr'><strong>pit?</strong></span> <span class='ocrx_word' id='word_1_272' title='bbox 2225 821 2291 828; x_wconf 91' lang='lat'><strong><em>—</em></strong></span> <span class='ocrx_word' id='word_1_273' title='bbox 2324 790 2477 860; x_wconf 85' lang='lat' dir='ltr'><strong>Resp.</strong></span> <span class='ocrx_word' id='word_1_274' title='bbox 2514 793 2581 847; x_wconf 79' lang='lat' dir='ltr'><strong>Ut</strong></span> <span class='ocrx_word' id='word_1_275' title='bbox 2600 809 2700 845; x_wconf 89' lang='lat' dir='ltr'><strong>non</strong></span> <span class='ocrx_word' id='word_1_276' title='bbox 2731 802 2877 845; x_wconf 88' lang='lat' dir='ltr'><strong>tanto</strong></span> <span class='ocrx_word' id='word_1_277' title='bbox 2905 793 3249 846; x_wconf 63' lang='lat' dir='ltr'><strong>cunila-retur</strong></span> <span class='ocrx_word' id='word_1_278' title='bbox 3270 795 3524 857; x_wconf 83' lang='lat' dir='ltr'><strong>dominio,</strong></span> <span class='ocrx_word' id='word_1_279' title='bbox 3547 794 3640 848; x_wconf 57' lang='grc' dir='ltr'><strong>βίλιὶ</strong></span> 
     </span>
    </p>
   </div>
   <div class='ocr_carea' id='block_1_37' title="bbox 2082 877 3637 950">
    <p class='ocr_par' dir='ltr' id='par_1_37' title="bbox 2082 877 3637 950">
     <span class='ocr_line' id='line_1_37' title="bbox 2082 877 3637 950; baseline 0.005 -21"><span class='ocrx_word' id='word_1_280' title='bbox 2082 878 2133 930; x_wconf 92' lang='lat' dir='ltr'><strong>in</strong></span> <span class='ocrx_word' id='word_1_281' title='bbox 2168 877 2537 935; x_wconf 76' lang='lat' dir='ltr'><strong>observatione</strong></span> <span class='ocrx_word' id='word_1_282' title='bbox 2563 882 2798 935; x_wconf 83' lang='lat' dir='ltr'><strong>mandati</strong></span> <span class='ocrx_word' id='word_1_283' title='bbox 2825 882 2983 934; x_wconf 68' lang='lat' dir='ltr'><strong>sciret</strong></span> <span class='ocrx_word' id='word_1_284' title='bbox 3005 898 3061 935; x_wconf 85' lang='lat' dir='ltr'><strong>se</strong></span> <span class='ocrx_word' id='word_1_285' title='bbox 3083 883 3377 950; x_wconf 82' lang='lat' dir='ltr'><strong>subjectum</strong></span> <span class='ocrx_word' id='word_1_286' title='bbox 3401 885 3637 937; x_wconf 70' lang='lat' dir='ltr'><strong>Creatori</strong></span> 
     </span>
    </p>
   </div>
   <div class='ocr_carea' id='block_1_38' title="bbox 2082 958 2701 1041">
    <p class='ocr_par' dir='ltr' id='par_1_38' title="bbox 2082 958 2701 1041">
     <span class='ocr_line' id='line_1_38' title="bbox 2082 958 2701 1041; baseline 0 -20"><span class='ocrx_word' id='word_1_287' title='bbox 2082 969 2232 1041; x_wconf 68' lang='lat' dir='ltr'><strong>[.lls.,</strong></span> <span class='ocrx_word' id='word_1_288' title='bbox 2264 958 2558 1041; x_wconf 79' lang='lat' dir='ltr'><strong>Conditori]</strong></span> <span class='ocrx_word' id='word_1_289' title='bbox 2585 988 2701 1024; x_wconf 89' lang='lat' dir='ltr'><strong>suo.</strong></span> 
     </span>
    </p>
   </div>
   <div class='ocr_carea' id='block_1_39' title="bbox 2152 1058 3634 1130">
    <p class='ocr_par' dir='ltr' id='par_1_39' title="bbox 2152 1058 3634 1130">
     <span class='ocr_line' id='line_1_39' title="bbox 2152 1058 3634 1130; baseline 0.003 -20"><span class='ocrx_word' id='word_1_290' title='bbox 2152 1058 2313 1111; x_wconf 88' lang='lat' dir='ltr'><strong>Inter.</strong></span> <span class='ocrx_word' id='word_1_291' title='bbox 2347 1062 2397 1113; x_wconf 91' lang='lat'><strong>8.</strong></span> <span class='ocrx_word' id='word_1_292' title='bbox 2429 1060 2565 1125; x_wconf 86' lang='lat' dir='ltr'><strong>Quid</strong></span> <span class='ocrx_word' id='word_1_293' title='bbox 2593 1069 2694 1122; x_wconf 78' lang='lat' dir='ltr'><strong>est,</strong></span> <span class='ocrx_word' id='word_1_294' title='bbox 2726 1061 2865 1127; x_wconf 89' lang='lat' dir='ltr'><strong>quod</strong></span> <span class='ocrx_word' id='word_1_295' title='bbox 2906 1061 3042 1114; x_wconf 80' lang='lat' dir='ltr'><strong>Dens</strong></span> <span class='ocrx_word' id='word_1_296' title='bbox 3082 1063 3344 1129; x_wconf 67' lang='lat' dir='ltr'><strong>inspfrm&#39;it</strong></span> <span class='ocrx_word' id='word_1_297' title='bbox 3372 1065 3422 1114; x_wconf 89' lang='lat' dir='ltr'><strong>iu</strong></span> <span class='ocrx_word' id='word_1_298' title='bbox 3451 1063 3634 1130; x_wconf 71' lang='lat' dir='ltr'><strong>faciem</strong></span> 
     </span>
    </p>
   </div>
   <div class='ocr_carea' id='block_1_40' title="bbox 2082 1148 3642 1221">
    <p class='ocr_par' dir='ltr' id='par_1_40' title="bbox 2082 1148 3642 1221">
     <span class='ocr_line' id='line_1_40' title="bbox 2082 1148 3642 1221; baseline 0.003 -20"><span class='ocrx_word' id='word_1_299' title='bbox 2082 1148 2208 1203; x_wconf 74' lang='lat' dir='ltr'><strong>Atla!</strong></span> <span class='ocrx_word' id='word_1_300' title='bbox 2229 1150 2542 1219; x_wconf 77' lang='lat' dir='ltr'><strong>spiraculum</strong></span> <span class='ocrx_word' id='word_1_301' title='bbox 2572 1153 2685 1203; x_wconf 80' lang='lat' dir='ltr'><strong>rittv</strong></span> <span class='ocrx_word' id='word_1_302' title='bbox 2710 1151 2857 1220; x_wconf 76' lang='lat' dir='ltr'><strong>(Cen.</strong></span> <span class='ocrx_word' id='word_1_303' title='bbox 2894 1168 2953 1212; x_wconf 88' lang='lat' dir='ltr'><strong>tt,</strong></span> <span class='ocrx_word' id='word_1_304' title='bbox 2983 1152 3159 1221; x_wconf 79' lang='lat'><strong>7)?—</strong></span> <span class='ocrx_word' id='word_1_305' title='bbox 3186 1152 3336 1221; x_wconf 84' lang='lat' dir='ltr'><strong>Resp.</strong></span> <span class='ocrx_word' id='word_1_306' title='bbox 3364 1155 3642 1221; x_wconf 72' lang='lat' dir='ltr'><strong>lnspiratio</strong></span> 
     </span>
    </p>
   </div>
   <div class='ocr_carea' id='block_1_41' title="bbox 2083 1231 3636 1314">
    <p class='ocr_par' dir='ltr' id='par_1_41' title="bbox 2083 1231 3636 1314">
     <span class='ocr_line' id='line_1_41' title="bbox 2083 1231 3636 1314; baseline 0.001 -21"><span class='ocrx_word' id='word_1_307' title='bbox 2083 1241 2176 1294; x_wconf 87' lang='lat' dir='ltr'><strong>Dei</strong></span> <span class='ocrx_word' id='word_1_308' title='bbox 2220 1240 2319 1312; x_wconf 83' lang='lat' dir='ltr'><strong>[in]</strong></span> <span class='ocrx_word' id='word_1_309' title='bbox 2350 1239 2540 1295; x_wconf 84' lang='lat' dir='ltr'><strong>faciem</strong></span> <span class='ocrx_word' id='word_1_310' title='bbox 2580 1243 2809 1296; x_wconf 71' lang='lat' dir='ltr'><strong>hominis</strong></span> <span class='ocrx_word' id='word_1_311' title='bbox 2837 1243 3051 1295; x_wconf 84' lang='lat' dir='ltr'><strong>traditio</strong></span> <span class='ocrx_word' id='word_1_312' title='bbox 3079 1241 3228 1311; x_wconf 78' lang='lat' dir='ltr'><strong>[.lls..</strong></span> <span class='ocrx_word' id='word_1_313' title='bbox 3268 1246 3521 1314; x_wconf 73' lang='lat' dir='ltr'><strong>conditio}</strong></span> <span class='ocrx_word' id='word_1_314' title='bbox 3561 1231 3636 1297; x_wconf 60' lang='lat' dir='ltr'><strong>est</strong></span> 
     </span>
    </p>
   </div>
   <div class='ocr_carea' id='block_1_42' title="bbox 2086 1318 2600 1387">
    <p class='ocr_par' dir='ltr' id='par_1_42' title="bbox 2086 1318 2600 1387">
     <span class='ocr_line' id='line_1_42' title="bbox 2086 1318 2600 1387; baseline 0 -2"><span class='ocrx_word' id='word_1_315' title='bbox 2086 1334 2273 1386; x_wconf 77' lang='lat' dir='ltr'><strong>animte</strong></span> <span class='ocrx_word' id='word_1_316' title='bbox 2306 1318 2600 1387; x_wconf 81' lang='lat' dir='ltr'><strong>rationalis.</strong></span> 
     </span>
    </p>
   </div>
   <div class='ocr_carea' id='block_1_43' title="bbox 2153 1423 3639 1494">
    <p class='ocr_par' dir='ltr' id='par_1_43' title="bbox 2153 1423 3639 1494">
     <span class='ocr_line' id='line_1_43' title="bbox 2153 1423 3639 1494; baseline 0.003 -20"><span class='ocrx_word' id='word_1_317' title='bbox 2153 1424 2315 1494; x_wconf 79' lang='lat'><strong>306</strong></span> <span class='ocrx_word' id='word_1_318' title='bbox 2354 1423 2515 1476; x_wconf 86' lang='lat' dir='ltr'><strong>Inter.</strong></span> <span class='ocrx_word' id='word_1_319' title='bbox 2557 1424 2609 1477; x_wconf 90' lang='lat'><strong>9.</strong></span> <span class='ocrx_word' id='word_1_320' title='bbox 2650 1424 2759 1475; x_wconf 88' lang='lat' dir='ltr'><strong>Cur</strong></span> <span class='ocrx_word' id='word_1_321' title='bbox 2789 1423 2945 1476; x_wconf 90' lang='lat' dir='ltr'><strong>homo</strong></span> <span class='ocrx_word' id='word_1_322' title='bbox 2980 1432 3135 1476; x_wconf 72' lang='lat' dir='ltr'><strong>sexto</strong></span> <span class='ocrx_word' id='word_1_323' title='bbox 3162 1423 3247 1477; x_wconf 87' lang='lat' dir='ltr'><strong>die</strong></span> <span class='ocrx_word' id='word_1_324' title='bbox 3276 1432 3487 1475; x_wconf 77' lang='lat' dir='ltr'><strong>creatus</strong></span> <span class='ocrx_word' id='word_1_325' title='bbox 3524 1433 3639 1485; x_wconf 86' lang='lat' dir='ltr'><strong>est,</strong></span> 
     </span>
    </p>
   </div>
   <div class='ocr_carea' id='block_1_44' title="bbox 2085 1511 3640 1583">
    <p class='ocr_par' dir='ltr' id='par_1_44' title="bbox 2085 1511 3640 1583">
     <span class='ocr_line' id='line_1_44' title="bbox 2085 1511 3640 1583; baseline -0.001 -17"><span class='ocrx_word' id='word_1_326' title='bbox 2085 1529 2205 1568; x_wconf 88' lang='lat' dir='ltr'><strong>cum</strong></span> <span class='ocrx_word' id='word_1_327' title='bbox 2234 1522 2448 1583; x_wconf 80' lang='lat' dir='ltr'><strong>propter</strong></span> <span class='ocrx_word' id='word_1_328' title='bbox 2475 1514 2729 1565; x_wconf 87' lang='lat' dir='ltr'><strong>rationem</strong></span> <span class='ocrx_word' id='word_1_329' title='bbox 2767 1511 2991 1565; x_wconf 87' lang='lat' dir='ltr'><strong>nobilior</strong></span> <span class='ocrx_word' id='word_1_330' title='bbox 3029 1512 3238 1565; x_wconf 67' lang='lat' dir='ltr'><strong>ca‘tt‘ris</strong></span> <span class='ocrx_word' id='word_1_331' title='bbox 3262 1521 3403 1566; x_wconf 77' lang='lat' dir='ltr'><strong>esset</strong></span> <span class='ocrx_word' id='word_1_332' title='bbox 3428 1520 3640 1565; x_wconf 85' lang='lat' dir='ltr'><strong>creatu-</strong></span> 
     </span>
    </p>
   </div>
   <div class='ocr_carea' id='block_1_45' title="bbox 2089 1597 3657 1672">
    <p class='ocr_par' dir='ltr' id='par_1_45' title="bbox 2089 1597 3657 1672">
     <span class='ocr_line' id='line_1_45' title="bbox 2089 1597 3657 1672; baseline -0.003 -15"><span class='ocrx_word' id='word_1_333' title='bbox 2089 1606 2179 1667; x_wconf 89' lang='lat' dir='ltr'><strong>ris,</strong></span> <span class='ocrx_word' id='word_1_334' title='bbox 2205 1619 2321 1671; x_wconf 72' lang='lat' dir='ltr'><strong>qute</strong></span> <span class='ocrx_word' id='word_1_335' title='bbox 2352 1612 2475 1655; x_wconf 90' lang='lat' dir='ltr'><strong>ante</strong></span> <span class='ocrx_word' id='word_1_336' title='bbox 2500 1602 2688 1672; x_wconf 72' lang='lat' dir='ltr'><strong>[Edit.,</strong></span> <span class='ocrx_word' id='word_1_337' title='bbox 2719 1601 2797 1671; x_wconf 89' lang='lat' dir='ltr'><strong>se]</strong></span> <span class='ocrx_word' id='word_1_338' title='bbox 2824 1602 2935 1670; x_wconf 76' lang='lat' dir='ltr'><strong>[sex</strong></span> <span class='ocrx_word' id='word_1_339' title='bbox 2967 1601 3174 1670; x_wconf 79' lang='lat' dir='ltr'><strong>diebus]</strong></span> <span class='ocrx_word' id='word_1_340' title='bbox 3207 1600 3357 1653; x_wconf 72' lang='lat' dir='ltr'><strong>facta:</strong></span> <span class='ocrx_word' id='word_1_341' title='bbox 3382 1600 3547 1653; x_wconf 87' lang='lat' dir='ltr'><strong>sunt?</strong></span> <span class='ocrx_word' id='word_1_342' title='bbox 3571 1597 3657 1639; x_wconf 81' lang='grc'><strong>--’</strong></span> 
     </span>
    </p>
   </div>
   <div class='ocr_carea' id='block_1_46' title="bbox 2091 1692 3643 1763">
    <p class='ocr_par' dir='ltr' id='par_1_46' title="bbox 2091 1692 3643 1763">
     <span class='ocr_line' id='line_1_46' title="bbox 2091 1692 3643 1763; baseline -0.001 -17"><span class='ocrx_word' id='word_1_343' title='bbox 2091 1696 2238 1763; x_wconf 73' lang='lat' dir='ltr'><strong>Resp.</strong></span> <span class='ocrx_word' id='word_1_344' title='bbox 2263 1695 2329 1749; x_wconf 85' lang='lat' dir='ltr'><strong>Ut</strong></span> <span class='ocrx_word' id='word_1_345' title='bbox 2348 1696 2571 1763; x_wconf 86' lang='lat' dir='ltr'><strong>primum</strong></span> <span class='ocrx_word' id='word_1_346' title='bbox 2586 1694 2810 1746; x_wconf 83' lang='lat' dir='ltr'><strong>Creator</strong></span> <span class='ocrx_word' id='word_1_347' title='bbox 2830 1694 3081 1745; x_wconf 87' lang='lat' dir='ltr'><strong>mundum</strong></span> <span class='ocrx_word' id='word_1_348' title='bbox 3108 1693 3258 1759; x_wconf 87' lang='lat' dir='ltr'><strong>quasi</strong></span> <span class='ocrx_word' id='word_1_349' title='bbox 3287 1692 3497 1745; x_wconf 88' lang='lat' dir='ltr'><strong>donnnn</strong></span> <span class='ocrx_word' id='word_1_350' title='bbox 3514 1707 3643 1760; x_wconf 47' lang='lat' dir='ltr'><strong>pra;-</strong></span> 
     </span>
    </p>
   </div>
   <div class='ocr_carea' id='block_1_47' title="bbox 2082 1780 3634 1852">
    <p class='ocr_par' dir='ltr' id='par_1_47' title="bbox 2082 1780 3634 1852">
     <span class='ocr_line' id='line_1_47' title="bbox 2082 1780 3634 1852; baseline -0.002 -16"><span class='ocrx_word' id='word_1_351' title='bbox 2082 1792 2314 1852; x_wconf 87' lang='lat' dir='ltr'><strong>pararet,</strong></span> <span class='ocrx_word' id='word_1_352' title='bbox 2362 1791 2417 1835; x_wconf 82' lang='lat' dir='ltr'><strong>et</strong></span> <span class='ocrx_word' id='word_1_353' title='bbox 2460 1790 2582 1850; x_wconf 86' lang='lat' dir='ltr'><strong>post</strong></span> <span class='ocrx_word' id='word_1_354' title='bbox 2611 1781 2973 1834; x_wconf 85' lang='lat' dir='ltr'><strong>introduceret</strong></span> <span class='ocrx_word' id='word_1_355' title='bbox 3019 1780 3392 1842; x_wconf 85' lang='lat' dir='ltr'><strong>habitatorem,</strong></span> <span class='ocrx_word' id='word_1_356' title='bbox 3444 1780 3495 1833; x_wconf 94' lang='lat' dir='ltr'><strong>id</strong></span> <span class='ocrx_word' id='word_1_357' title='bbox 3536 1791 3634 1833; x_wconf 70' lang='lat' dir='ltr'><strong>est.</strong></span> 
     </span>
    </p>
   </div>
   <div class='ocr_carea' id='block_1_48' title="bbox 2077 1874 2578 1928">
    <p class='ocr_par' dir='ltr' id='par_1_48' title="bbox 2077 1874 2578 1928">
     <span class='ocr_line' id='line_1_48' title="bbox 2077 1874 2578 1928; baseline -0.008 0"><span class='ocrx_word' id='word_1_358' title='bbox 2077 1875 2347 1928; x_wconf 90' lang='lat' dir='ltr'><strong>dominum</strong></span> <span class='ocrx_word' id='word_1_359' title='bbox 2370 1874 2578 1927; x_wconf 89' lang='lat' dir='ltr'><strong>domus.</strong></span> 
     </span>
    </p>
   </div>
   <div class='ocr_carea' id='block_1_49' title="bbox 2151 1959 3636 2030">
    <p class='ocr_par' dir='ltr' id='par_1_49' title="bbox 2151 1959 3636 2030">
     <span class='ocr_line' id='line_1_49' title="bbox 2151 1959 3636 2030; baseline -0.004 -14"><span class='ocrx_word' id='word_1_360' title='bbox 2151 1963 2310 2016; x_wconf 84' lang='lat' dir='ltr'><strong>Inter.</strong></span> <span class='ocrx_word' id='word_1_361' title='bbox 2344 1960 2425 2013; x_wconf 78' lang='grc'><strong>10.</strong></span> <span class='ocrx_word' id='word_1_362' title='bbox 2459 1961 2635 2026; x_wconf 85' lang='lat' dir='ltr'><strong>Quare</strong></span> <span class='ocrx_word' id='word_1_363' title='bbox 2663 1960 2883 2014; x_wconf 83' lang='lat' dir='ltr'><strong>Creator</strong></span> <span class='ocrx_word' id='word_1_364' title='bbox 2924 1962 2973 2013; x_wconf 92' lang='lat' dir='ltr'><strong>in</strong></span> <span class='ocrx_word' id='word_1_365' title='bbox 3021 1961 3145 2014; x_wconf 77' lang='lat' dir='ltr'><strong>Adte</strong></span> <span class='ocrx_word' id='word_1_366' title='bbox 3186 1960 3399 2030; x_wconf 78' lang='lat' dir='ltr'><strong>[delicto</strong></span> <span class='ocrx_word' id='word_1_367' title='bbox 3441 1959 3636 2029; x_wconf 74' lang='lat' dir='ltr'><strong>(Edit.,</strong></span> 
     </span>
    </p>
   </div>
   <div class='ocr_carea' id='block_1_50' title="bbox 2079 2050 3635 2121">
    <p class='ocr_par' dir='ltr' id='par_1_50' title="bbox 2079 2050 3635 2121">
     <span class='ocr_line' id='line_1_50' title="bbox 2079 2050 3635 2121; baseline -0.004 -14"><span class='ocrx_word' id='word_1_368' title='bbox 2079 2052 2381 2121; x_wconf 89' lang='lat' dir='ltr'><strong>maledicto)</strong></span> <span class='ocrx_word' id='word_1_369' title='bbox 2408 2051 2424 2121; x_wconf 90' lang='lat'>]</span> <span class='ocrx_word' id='word_1_370' title='bbox 2462 2061 2617 2105; x_wconf 78' lang='lat' dir='ltr'><strong>terra:</strong></span> <span class='ocrx_word' id='word_1_371' title='bbox 2646 2052 2919 2105; x_wconf 72' lang='lat' dir='ltr'><strong>maledixit</strong></span> <span class='ocrx_word' id='word_1_372' title='bbox 2947 2061 2999 2103; x_wconf 84' lang='lat' dir='ltr'><strong>et</strong></span> <span class='ocrx_word' id='word_1_373' title='bbox 3026 2068 3129 2103; x_wconf 92' lang='lat' dir='ltr'><strong>non</strong></span> <span class='ocrx_word' id='word_1_374' title='bbox 3174 2052 3326 2117; x_wconf 83' lang='lat' dir='ltr'><strong>aquis</strong></span> <span class='ocrx_word' id='word_1_375' title='bbox 3358 2050 3505 2117; x_wconf 71' lang='grc' dir='ltr'>((ἰιιιι.</span> <span class='ocrx_word' id='word_1_376' title='bbox 3539 2065 3598 2103; x_wconf 88' lang='lat' dir='ltr'><strong>tu</strong></span> <span class='ocrx_word' id='word_1_377' title='bbox 3619 2089 3635 2113; x_wconf 91' lang='lat'><strong>,</strong></span> 
     </span>
    </p>
   </div>
   <div class='ocr_carea' id='block_1_51' title="bbox 2082 2139 3637 2210">
    <p class='ocr_par' dir='ltr' id='par_1_51' title="bbox 2082 2139 3637 2210">
     <span class='ocr_line' id='line_1_51' title="bbox 2082 2139 3637 2210; baseline -0.001 -16"><span class='ocrx_word' id='word_1_378' title='bbox 2082 2142 2299 2210; x_wconf 80' lang='lat' dir='ltr'><strong>l7)?-—</strong></span> <span class='ocrx_word' id='word_1_379' title='bbox 2328 2141 2480 2208; x_wconf 83' lang='lat' dir='ltr'><strong>Resp.</strong></span> <span class='ocrx_word' id='word_1_380' title='bbox 2520 2140 2653 2205; x_wconf 86' lang='lat' dir='ltr'><strong>Quia</strong></span> <span class='ocrx_word' id='word_1_381' title='bbox 2699 2142 2764 2194; x_wconf 85' lang='lat' dir='ltr'><strong>tle</strong></span> <span class='ocrx_word' id='word_1_382' title='bbox 2806 2151 2959 2193; x_wconf 81' lang='lat' dir='ltr'><strong>terra:</strong></span> <span class='ocrx_word' id='word_1_383' title='bbox 2990 2139 3161 2192; x_wconf 78' lang='lat' dir='ltr'><strong>fructu</strong></span> <span class='ocrx_word' id='word_1_384' title='bbox 3206 2139 3353 2207; x_wconf 63' lang='lat' dir='ltr'><strong>His,</strong></span> <span class='ocrx_word' id='word_1_385' title='bbox 3386 2139 3451 2191; x_wconf 75' lang='lat' dir='ltr'><strong>de</strong></span> <span class='ocrx_word' id='word_1_386' title='bbox 3497 2148 3637 2192; x_wconf 75' lang='lat' dir='ltr'><strong>terra</strong></span> 
     </span>
    </p>
   </div>
   <div class='ocr_carea' id='block_1_52' title="bbox 2079 2228 3633 2300">
    <p class='ocr_par' dir='ltr' id='par_1_52' title="bbox 2079 2228 3633 2300">
     <span class='ocr_line' id='line_1_52' title="bbox 2079 2228 3633 2300; baseline -0.002 -18"><span class='ocrx_word' id='word_1_387' title='bbox 2079 2229 2329 2300; x_wconf 83' lang='lat' dir='ltr'><strong>fructum]</strong></span> <span class='ocrx_word' id='word_1_388' title='bbox 2361 2238 2545 2283; x_wconf 89' lang='lat' dir='ltr'><strong>contra</strong></span> <span class='ocrx_word' id='word_1_389' title='bbox 2576 2230 2912 2284; x_wconf 88' lang='lat' dir='ltr'><strong>interdictum</strong></span> <span class='ocrx_word' id='word_1_390' title='bbox 2954 2229 3287 2281; x_wconf 83' lang='lat' dir='ltr'><strong>inanducavil</strong></span> <span class='ocrx_word' id='word_1_391' title='bbox 3321 2228 3494 2288; x_wconf 89' lang='lat' dir='ltr'><strong>homo,</strong></span> <span class='ocrx_word' id='word_1_392' title='bbox 3532 2245 3633 2280; x_wconf 87' lang='lat' dir='ltr'><strong>non</strong></span> 
     </span>
    </p>
   </div>
   <div class='ocr_carea' id='block_1_53' title="bbox 2078 2318 3638 2389">
    <p class='ocr_par' dir='ltr' id='par_1_53' title="bbox 2078 2318 3638 2389">
     <span class='ocr_line' id='line_1_53' title="bbox 2078 2318 3638 2389; baseline -0.003 -16"><span class='ocrx_word' id='word_1_393' title='bbox 2078 2320 2143 2373; x_wconf 82' lang='lat' dir='ltr'><strong>de</strong></span> <span class='ocrx_word' id='word_1_394' title='bbox 2188 2319 2341 2389; x_wconf 83' lang='lat' dir='ltr'><strong>aquis</strong></span> <span class='ocrx_word' id='word_1_395' title='bbox 2385 2318 2549 2379; x_wconf 85' lang='lat' dir='ltr'><strong>bibit;</strong></span> <span class='ocrx_word' id='word_1_396' title='bbox 2586 2326 2639 2371; x_wconf 88' lang='lat' dir='ltr'><strong>et</strong></span> <span class='ocrx_word' id='word_1_397' title='bbox 2676 2320 2815 2387; x_wconf 84' lang='lat' dir='ltr'><strong>quod</strong></span> <span class='ocrx_word' id='word_1_398' title='bbox 2855 2318 2980 2388; x_wconf 82' lang='lat' dir='ltr'><strong>[.lls.</strong></span> <span class='ocrx_word' id='word_1_399' title='bbox 3008 2360 3021 2380; x_wconf 96' lang='lat'><strong>,</strong></span> <span class='ocrx_word' id='word_1_400' title='bbox 3064 2318 3209 2386; x_wconf 76' lang='lat' dir='ltr'><strong>quia]</strong></span> <span class='ocrx_word' id='word_1_401' title='bbox 3242 2318 3638 2386; x_wconf 65' lang='lat' dir='ltr'><strong>praalcstinavit</strong></span> 
     </span>
    </p>
   </div>
   <div class='ocr_carea' id='block_1_54' title="bbox 2080 2406 3635 2477">
    <p class='ocr_par' dir='ltr' id='par_1_54' title="bbox 2080 2406 3635 2477">
     <span class='ocr_line' id='line_1_54' title="bbox 2080 2406 3635 2477; baseline -0.001 -18"><span class='ocrx_word' id='word_1_402' title='bbox 2080 2408 2217 2461; x_wconf 84' lang='lat' dir='ltr'><strong>Deus</strong></span> <span class='ocrx_word' id='word_1_403' title='bbox 2243 2408 2293 2459; x_wconf 91' lang='lat' dir='ltr'><strong>in</strong></span> <span class='ocrx_word' id='word_1_404' title='bbox 2316 2407 2467 2474; x_wconf 85' lang='lat' dir='ltr'><strong>aquis</strong></span> <span class='ocrx_word' id='word_1_405' title='bbox 2489 2406 2699 2460; x_wconf 88' lang='lat' dir='ltr'><strong>abluere</strong></span> <span class='ocrx_word' id='word_1_406' title='bbox 2720 2416 3013 2477; x_wconf 87' lang='lat' dir='ltr'><strong>peccatum,</strong></span> <span class='ocrx_word' id='word_1_407' title='bbox 3035 2408 3175 2475; x_wconf 91' lang='lat' dir='ltr'><strong>quod</strong></span> <span class='ocrx_word' id='word_1_408' title='bbox 3198 2409 3261 2457; x_wconf 79' lang='grc' dir='ltr'>ιΙι·</span> <span class='ocrx_word' id='word_1_409' title='bbox 3283 2406 3454 2458; x_wconf 76' lang='lat' dir='ltr'><strong>fructu</strong></span> <span class='ocrx_word' id='word_1_410' title='bbox 3481 2415 3635 2459; x_wconf 64' lang='lat' dir='ltr'><strong>terrm</strong></span> 
     </span>
    </p>
   </div>
   <div class='ocr_carea' id='block_1_55' title="bbox 2080 2497 2546 2548">
    <p class='ocr_par' dir='ltr' id='par_1_55' title="bbox 2080 2497 2546 2548">
     <span class='ocr_line' id='line_1_55' title="bbox 2080 2497 2546 2548; baseline 0.002 -1"><span class='ocrx_word' id='word_1_411' title='bbox 2080 2497 2347 2547; x_wconf 75' lang='lat' dir='ltr'><strong>contraxit</strong></span> <span class='ocrx_word' id='word_1_412' title='bbox 2369 2497 2546 2548; x_wconf 91' lang='lat' dir='ltr'><strong>homo.</strong></span> 
     </span>
    </p>
   </div>
   <div class='ocr_carea' id='block_1_56' title="bbox 2149 2583 3634 2654">
    <p class='ocr_par' dir='ltr' id='par_1_56' title="bbox 2149 2583 3634 2654">
     <span class='ocr_line' id='line_1_56' title="bbox 2149 2583 3634 2654; baseline 0 -19"><span class='ocrx_word' id='word_1_413' title='bbox 2149 2583 2308 2635; x_wconf 83' lang='lat' dir='ltr'><strong>Inter.</strong></span> <span class='ocrx_word' id='word_1_414' title='bbox 2342 2584 2423 2635; x_wconf 89' lang='lat' dir='ltr'><strong>ll.</strong></span> <span class='ocrx_word' id='word_1_415' title='bbox 2456 2585 2629 2649; x_wconf 86' lang='lat' dir='ltr'><strong>Quare</strong></span> <span class='ocrx_word' id='word_1_416' title='bbox 2667 2585 2940 2638; x_wconf 83' lang='lat' dir='ltr'><strong>terrestria</strong></span> <span class='ocrx_word' id='word_1_417' title='bbox 2982 2585 3227 2638; x_wconf 83' lang='lat' dir='ltr'><strong>animalia</strong></span> <span class='ocrx_word' id='word_1_418' title='bbox 3270 2586 3385 2654; x_wconf 82' lang='lat' dir='ltr'><strong>plus</strong></span> <span class='ocrx_word' id='word_1_419' title='bbox 3416 2584 3634 2638; x_wconf 76' lang='lat' dir='ltr'><strong>malcdi~</strong></span> 
     </span>
    </p>
   </div>
   <div class='ocr_carea' id='block_1_57' title="bbox 2076 2673 3638 2743">
    <p class='ocr_par' dir='ltr' id='par_1_57' title="bbox 2076 2673 3638 2743">
     <span class='ocr_line' id='line_1_57' title="bbox 2076 2673 3638 2743; baseline -0.001 -17"><span class='ocrx_word' id='word_1_420' title='bbox 2076 2674 2267 2726; x_wconf 85' lang='lat' dir='ltr'><strong>ctionis</strong></span> <span class='ocrx_word' id='word_1_421' title='bbox 2306 2674 2501 2726; x_wconf 85' lang='lat' dir='ltr'><strong>habent</strong></span> <span class='ocrx_word' id='word_1_422' title='bbox 2536 2690 2696 2741; x_wconf 86' lang='lat' dir='ltr'><strong>quam</strong></span> <span class='ocrx_word' id='word_1_423' title='bbox 2732 2675 3027 2743; x_wconf 87' lang='lat' dir='ltr'><strong>aquatilia?</strong></span> <span class='ocrx_word' id='word_1_424' title='bbox 3056 2706 3120 2713; x_wconf 93' lang='lat'><strong>-—-</strong></span> <span class='ocrx_word' id='word_1_425' title='bbox 3157 2674 3307 2743; x_wconf 71' lang='lat' dir='ltr'><strong>Iit&#39;sp.</strong></span> <span class='ocrx_word' id='word_1_426' title='bbox 3341 2674 3471 2738; x_wconf 81' lang='lat' dir='ltr'><strong>Quia</strong></span> <span class='ocrx_word' id='word_1_427' title='bbox 3520 2673 3638 2742; x_wconf 85' lang='lat' dir='ltr'><strong>plus</strong></span> 
     </span>
    </p>
   </div>
   <div class='ocr_carea' id='block_1_58' title="bbox 2078 2748 3634 2833">
    <p class='ocr_par' dir='ltr' id='par_1_58' title="bbox 2078 2748 3634 2833">
     <span class='ocr_line' id='line_1_58' title="bbox 2078 2748 3634 2833; baseline -0.001 -17"><span class='ocrx_word' id='word_1_428' title='bbox 2078 2766 2140 2816; x_wconf 93' lang='lat' dir='ltr'><strong>dc</strong></span> <span class='ocrx_word' id='word_1_429' title='bbox 2170 2764 2449 2816; x_wconf 80' lang='lat' dir='ltr'><strong>maledicta</strong></span> <span class='ocrx_word' id='word_1_430' title='bbox 2496 2772 2635 2815; x_wconf 77' lang='lat' dir='ltr'><strong>terra</strong></span> <span class='ocrx_word' id='word_1_431' title='bbox 2678 2766 2861 2817; x_wconf 86' lang='lat' dir='ltr'><strong>vivunt</strong></span> <span class='ocrx_word' id='word_1_432' title='bbox 2887 2781 3046 2833; x_wconf 87' lang='lat' dir='ltr'><strong>quam</strong></span> <span class='ocrx_word' id='word_1_433' title='bbox 3097 2766 3386 2832; x_wconf 85' lang='lat' dir='ltr'><strong>aquatilia;</strong></span> <span class='ocrx_word' id='word_1_434' title='bbox 3428 2748 3480 2815; x_wconf 73' lang='lat' dir='ltr'><strong>et</strong></span> <span class='ocrx_word' id='word_1_435' title='bbox 3519 2763 3634 2815; x_wconf 73' lang='lat' dir='ltr'><strong>ideo</strong></span> 
     </span>
    </p>
   </div>
   <div class='ocr_carea' id='block_1_59' title="bbox 2077 2842 3637 2921">
    <p class='ocr_par' dir='ltr' id='par_1_59' title="bbox 2077 2842 3637 2921">
     <span class='ocr_line' id='line_1_59' title="bbox 2077 2842 3637 2921; baseline -0.001 -18"><span class='ocrx_word' id='word_1_436' title='bbox 2077 2851 2321 2904; x_wconf 80' lang='lat' dir='ltr'><strong>Christus</strong></span> <span class='ocrx_word' id='word_1_437' title='bbox 2370 2862 2488 2919; x_wconf 79' lang='lat' dir='ltr'><strong>post</strong></span> <span class='ocrx_word' id='word_1_438' title='bbox 2530 2842 2995 2906; x_wconf 66' lang='lat' dir='ltr'><strong>resurrectionem</strong></span> <span class='ocrx_word' id='word_1_439' title='bbox 3026 2854 3090 2905; x_wconf 86' lang='lat' dir='ltr'><strong>de</strong></span> <span class='ocrx_word' id='word_1_440' title='bbox 3135 2855 3278 2921; x_wconf 69' lang='grc' dir='ltr'>ιιίςιιυ</span> <span class='ocrx_word' id='word_1_441' title='bbox 3318 2853 3637 2905; x_wconf 83' lang='lat' dir='ltr'><strong>manducare</strong></span> 
     </span>
    </p>
   </div>
   <div class='ocr_carea' id='block_1_60' title="bbox 2076 2939 3632 3009">
    <p class='ocr_par' dir='ltr' id='par_1_60' title="bbox 2076 2939 3632 3009">
     <span class='ocr_line' id='line_1_60' title="bbox 2076 2939 3632 3009; baseline -0.001 -17"><span class='ocrx_word' id='word_1_442' title='bbox 2076 2940 2255 3000; x_wconf 85' lang='lat' dir='ltr'><strong>voluit,</strong></span> <span class='ocrx_word' id='word_1_443' title='bbox 2277 2955 2379 2993; x_wconf 89' lang='lat' dir='ltr'><strong>non</strong></span> <span class='ocrx_word' id='word_1_444' title='bbox 2405 2941 2468 2993; x_wconf 87' lang='lat' dir='ltr'><strong>dc</strong></span> <span class='ocrx_word' id='word_1_445' title='bbox 2493 2940 2669 3009; x_wconf 88' lang='lat' dir='ltr'><strong>aliquo</strong></span> <span class='ocrx_word' id='word_1_446' title='bbox 2692 2941 2903 2994; x_wconf 85' lang='lat' dir='ltr'><strong>animali</strong></span> <span class='ocrx_word' id='word_1_447' title='bbox 2924 2940 3165 2996; x_wconf 78' lang='lat' dir='ltr'><strong>terrestri</strong></span> <span class='ocrx_word' id='word_1_448' title='bbox 3190 2941 3341 3006; x_wconf 83' lang='lat' dir='ltr'><strong>(Luc.</strong></span> <span class='ocrx_word' id='word_1_449' title='bbox 3364 2956 3506 3001; x_wconf 71' lang='lat' dir='ltr'><strong>xxiv,</strong></span> <span class='ocrx_word' id='word_1_450' title='bbox 3524 2939 3632 3008; x_wconf 65' lang='grc'><strong>45).</strong></span> 
     </span>
    </p>
   </div>
   <div class='ocr_carea' id='block_1_61' title="bbox 430 3028 2111 3135">
    <p class='ocr_par' dir='ltr' id='par_1_61' title="bbox 430 3032 2050 3135">
     <span class='ocr_line' id='line_1_61' title="bbox 430 3032 2050 3135; baseline 0.006 -52"><span class='ocrx_word' id='word_1_451' title='bbox 430 3032 727 3101; x_wconf 80' lang='lat' dir='ltr'><strong>Responsio.</strong></span> <span class='ocrx_word' id='word_1_452' title='bbox 757 3034 1034 3102; x_wconf 83' lang='lat' dir='ltr'><strong>Reqnicvit</strong></span> <span class='ocrx_word' id='word_1_453' title='bbox 1056 3051 1085 3089; x_wconf 91' lang='lat' dir='ltr'><strong>a</strong></span> <span class='ocrx_word' id='word_1_454' title='bbox 1108 3052 1362 3091; x_wconf 86' lang='lat' dir='ltr'><strong>novarum</strong></span> <span class='ocrx_word' id='word_1_455' title='bbox 1384 3039 1684 3092; x_wconf 86' lang='lat' dir='ltr'><strong>conditione</strong></span> <span class='ocrx_word' id='word_1_456' title='bbox 1707 3054 1730 3077; x_wconf 69' lang='grc' dir='ltr'><strong>εί</strong></span> <span class='ocrx_word' id='word_1_457' title='bbox 1752 3048 1809 3093; x_wconf 89' lang='lat' dir='ltr'><strong>et</strong></span> <span class='ocrx_word' id='word_1_458' title='bbox 1829 3056 1975 3095; x_wconf 80' lang='lat' dir='ltr'><strong>crea-</strong></span> <span class='ocrx_word' id='word_1_459' title='bbox 2005 3075 2050 3135; x_wconf 68' lang='grc' dir='ltr'><strong>Ο</strong></span> 
     </span>
    </p>
   </div>
   <div class='ocr_carea' id='block_1_62' title="bbox 1952 3028 3633 3135">
    <p class='ocr_par' dir='ltr' id='par_1_62' title="bbox 1955 3028 3633 3135">
     <span class='ocr_line' id='line_1_62' title="bbox 1955 3028 3633 3135; baseline 0 -55"><span class='ocrx_word' id='word_1_460' title='bbox 1955 3072 1975 3080; x_wconf 87' lang='grc'><strong>-</strong></span> <span class='ocrx_word' id='word_1_461' title='bbox 2005 3075 2050 3135; x_wconf 81' lang='lat' dir='ltr'>C</span> <span class='ocrx_word' id='word_1_462' title='bbox 2150 3028 2312 3083; x_wconf 80' lang='lat' dir='ltr'><strong>Inter.</strong></span> <span class='ocrx_word' id='word_1_463' title='bbox 2344 3029 2427 3083; x_wconf 75' lang='lat'><strong>12.</strong></span> <span class='ocrx_word' id='word_1_464' title='bbox 2474 3029 2648 3094; x_wconf 77' lang='lat' dir='ltr'><strong>Quart-</strong></span> <span class='ocrx_word' id='word_1_465' title='bbox 2693 3030 2803 3097; x_wconf 83' lang='lat' dir='ltr'><strong>ipse</strong></span> <span class='ocrx_word' id='word_1_466' title='bbox 2836 3030 3058 3083; x_wconf 87' lang='lat' dir='ltr'><strong>Creator</strong></span> <span class='ocrx_word' id='word_1_467' title='bbox 3088 3031 3317 3083; x_wconf 78' lang='lat' dir='ltr'><strong>hominis</strong></span> <span class='ocrx_word' id='word_1_468' title='bbox 3362 3038 3633 3098; x_wconf 84' lang='lat' dir='ltr'><strong>peccatum</strong></span> 
     </span>
    </p>
   </div>
   <div class='ocr_carea' id='block_1_63' title="bbox 430 3122 1972 3195">
    <p class='ocr_par' dir='ltr' id='par_1_63' title="bbox 430 3122 1972 3195">
     <span class='ocr_line' id='line_1_63' title="bbox 430 3122 1972 3195; baseline 0.007 -25"><span class='ocrx_word' id='word_1_469' title='bbox 430 3122 571 3176; x_wconf 87' lang='lat' dir='ltr'><strong>tione</strong></span> <span class='ocrx_word' id='word_1_470' title='bbox 599 3130 984 3188; x_wconf 79' lang='lat' dir='ltr'><strong>creaturarum,</strong></span> <span class='ocrx_word' id='word_1_471' title='bbox 1009 3140 1112 3177; x_wconf 89' lang='lat' dir='ltr'><strong>non</strong></span> <span class='ocrx_word' id='word_1_472' title='bbox 1144 3140 1174 3178; x_wconf 90' lang='lat' dir='ltr'><strong>a</strong></span> <span class='ocrx_word' id='word_1_473' title='bbox 1204 3125 1535 3179; x_wconf 87' lang='lat' dir='ltr'><strong>conditarum</strong></span> <span class='ocrx_word' id='word_1_474' title='bbox 1572 3128 1972 3195; x_wconf 83' lang='lat' dir='ltr'><strong>gubernatione.</strong></span> 
     </span>
    </p>
   </div>
   <div class='ocr_carea' id='block_1_64' title="bbox 395 3199 1977 3285">
    <p class='ocr_par' dir='ltr' id='par_1_64' title="bbox 395 3199 1977 3285">
     <span class='ocr_line' id='line_1_64' title="bbox 395 3199 1977 3285; baseline 0.005 -21"><span class='ocrx_word' id='word_1_475' title='bbox 395 3199 494 3265; x_wconf 77' lang='lat' dir='ltr'><strong>/Et</strong></span> <span class='ocrx_word' id='word_1_476' title='bbox 520 3213 639 3267; x_wconf 84' lang='lat' dir='ltr'><strong>ideo</strong></span> <span class='ocrx_word' id='word_1_477' title='bbox 668 3212 807 3266; x_wconf 87' lang='lat' dir='ltr'><strong>Deus</strong></span> <span class='ocrx_word' id='word_1_478' title='bbox 833 3213 1001 3285; x_wconf 91' lang='lat' dir='ltr'><strong>[tunc]</strong></span> <span class='ocrx_word' id='word_1_479' title='bbox 1034 3224 1245 3269; x_wconf 87' lang='lat' dir='ltr'><strong>creator</strong></span> <span class='ocrx_word' id='word_1_480' title='bbox 1270 3218 1321 3270; x_wconf 89' lang='lat' dir='ltr'><strong>in</strong></span> <span class='ocrx_word' id='word_1_481' title='bbox 1347 3232 1438 3270; x_wconf 77' lang='lat' dir='ltr'><strong>ses</strong></span> <span class='ocrx_word' id='word_1_482' title='bbox 1467 3217 1672 3271; x_wconf 89' lang='lat' dir='ltr'><strong>dierum</strong></span> <span class='ocrx_word' id='word_1_483' title='bbox 1704 3218 1977 3273; x_wconf 88' lang='lat' dir='ltr'><strong>creatione</strong></span> 
     </span>
    </p>
   </div>
   <div class='ocr_carea' id='block_1_65' title="bbox 429 3303 1977 3377">
    <p class='ocr_par' dir='ltr' id='par_1_65' title="bbox 429 3303 1977 3377">
     <span class='ocr_line' id='line_1_65' title="bbox 429 3303 1977 3377; baseline 0.006 -24"><span class='ocrx_word' id='word_1_484' title='bbox 429 3303 690 3369; x_wconf 88' lang='lat' dir='ltr'><strong>putandus</strong></span> <span class='ocrx_word' id='word_1_485' title='bbox 717 3311 818 3366; x_wconf 90' lang='lat' dir='ltr'><strong>est,</strong></span> <span class='ocrx_word' id='word_1_486' title='bbox 851 3318 989 3357; x_wconf 90' lang='lat' dir='ltr'><strong>nunc</strong></span> <span class='ocrx_word' id='word_1_487' title='bbox 1013 3319 1140 3359; x_wconf 88' lang='lat' dir='ltr'><strong>vero</strong></span> <span class='ocrx_word' id='word_1_488' title='bbox 1167 3306 1489 3377; x_wconf 81' lang='lat' dir='ltr'><strong>gubernator</strong></span> <span class='ocrx_word' id='word_1_489' title='bbox 1525 3307 1577 3360; x_wconf 91' lang='lat' dir='ltr'><strong>in</strong></span> <span class='ocrx_word' id='word_1_490' title='bbox 1611 3307 1767 3362; x_wconf 88' lang='lat' dir='ltr'><strong>totius</strong></span> <span class='ocrx_word' id='word_1_491' title='bbox 1796 3310 1977 3363; x_wconf 91' lang='lat' dir='ltr'><strong>mundi</strong></span> 
     </span>
    </p>
   </div>
   <div class='ocr_carea' id='block_1_66' title="bbox 429 3384 1269 3466">
    <p class='ocr_par' dir='ltr' id='par_1_66' title="bbox 429 3384 1269 3466">
     <span class='ocr_line' id='line_1_66' title="bbox 429 3384 1269 3466; baseline 0.005 -22"><span class='ocrx_word' id='word_1_492' title='bbox 429 3394 691 3447; x_wconf 90' lang='lat' dir='ltr'><strong>creaturis</strong></span> <span class='ocrx_word' id='word_1_493' title='bbox 714 3392 865 3464; x_wconf 62' lang='grc' dir='ltr'><strong>μη,</strong></span> <span class='ocrx_word' id='word_1_494' title='bbox 894 3394 1142 3466; x_wconf 89' lang='lat' dir='ltr'><strong>naturis].</strong></span> <span class='ocrx_word' id='word_1_495' title='bbox 1248 3384 1269 3431; x_wconf 65' lang='grc' dir='ltr'><em>ί</em></span> 
     </span>
    </p>
   </div>
   <div class='ocr_carea' id='block_1_67' title="bbox 497 3480 1975 3563">
    <p class='ocr_par' dir='ltr' id='par_1_67' title="bbox 497 3480 1975 3563">
     <span class='ocr_line' id='line_1_67' title="bbox 497 3480 1975 3563; baseline 0.008 -32"><span class='ocrx_word' id='word_1_496' title='bbox 497 3480 661 3533; x_wconf 87' lang='lat' dir='ltr'><strong>Inter.</strong></span> <span class='ocrx_word' id='word_1_497' title='bbox 692 3482 745 3535; x_wconf 72' lang='lat'><strong>2.</strong></span> <span class='ocrx_word' id='word_1_498' title='bbox 776 3483 914 3548; x_wconf 86' lang='lat' dir='ltr'><strong>Quot</strong></span> <span class='ocrx_word' id='word_1_499' title='bbox 939 3494 1215 3563; x_wconf 78' lang='lat' dir='ltr'><strong>creaturas</strong></span> <span class='ocrx_word' id='word_1_500' title='bbox 1251 3487 1535 3542; x_wconf 87' lang='lat' dir='ltr'><strong>rationales</strong></span> <span class='ocrx_word' id='word_1_501' title='bbox 1561 3487 1708 3559; x_wconf 77' lang='lat' dir='ltr'><strong>[Hs.,</strong></span> <span class='ocrx_word' id='word_1_502' title='bbox 1740 3490 1975 3543; x_wconf 85' lang='lat' dir='ltr'><strong>rationa-</strong></span> 
     </span>
    </p>
   </div>
   <div class='ocr_carea' id='block_1_68' title="bbox 430 3568 1975 3647">
    <p class='ocr_par' dir='ltr' id='par_1_68' title="bbox 430 3568 1975 3647">
     <span class='ocr_line' id='line_1_68' title="bbox 430 3568 1975 3647; baseline 0.007 -24"><span class='ocrx_word' id='word_1_503' title='bbox 430 3568 582 3639; x_wconf 84' lang='lat' dir='ltr'><strong>biles]</strong></span> <span class='ocrx_word' id='word_1_504' title='bbox 609 3572 848 3625; x_wconf 91' lang='lat' dir='ltr'><strong>condidit</strong></span> <span class='ocrx_word' id='word_1_505' title='bbox 868 3573 1005 3626; x_wconf 89' lang='lat' dir='ltr'><strong>Deus</strong></span> <span class='ocrx_word' id='word_1_506' title='bbox 1025 3575 1126 3627; x_wconf 87' lang='lat'><strong>?—</strong></span> <span class='ocrx_word' id='word_1_507' title='bbox 1167 3575 1318 3645; x_wconf 84' lang='lat' dir='ltr'><strong>Resp.</strong></span> <span class='ocrx_word' id='word_1_508' title='bbox 1350 3578 1510 3632; x_wconf 80' lang='lat' dir='ltr'><strong>Duas.</strong></span> <span class='ocrx_word' id='word_1_509' title='bbox 1540 3578 1769 3647; x_wconf 82' lang='lat' dir='ltr'><strong>Angelos</strong></span> <span class='ocrx_word' id='word_1_510' title='bbox 1798 3589 1852 3633; x_wconf 92' lang='lat' dir='ltr'><strong>et</strong></span> <span class='ocrx_word' id='word_1_511' title='bbox 1878 3582 1975 3634; x_wconf 85' lang='lat' dir='ltr'><strong>ho-</strong></span> 
     </span>
    </p>
   </div>
   <div class='ocr_carea' id='block_1_69' title="bbox 378 3662 1976 3738">
    <p class='ocr_par' dir='ltr' id='par_1_69' title="bbox 378 3662 1976 3738">
     <span class='ocr_line' id='line_1_69' title="bbox 378 3662 1976 3738; baseline 0.004 -22"><span class='ocrx_word' id='word_1_512' title='bbox 378 3662 381 3667; x_wconf 57' lang='grc'><em>⁴</em></span> <span class='ocrx_word' id='word_1_513' title='bbox 430 3662 634 3716; x_wconf 89' lang='lat' dir='ltr'><strong>mines:</strong></span> <span class='ocrx_word' id='word_1_514' title='bbox 676 3670 730 3738; x_wconf 72' lang='lat' dir='ltr'><strong>et</strong></span> <span class='ocrx_word' id='word_1_515' title='bbox 773 3663 964 3719; x_wconf 73' lang='lat' dir='ltr'><strong>cmlum</strong></span> <span class='ocrx_word' id='word_1_516' title='bbox 1004 3665 1228 3734; x_wconf 88' lang='lat' dir='ltr'><strong>angelis,</strong></span> <span class='ocrx_word' id='word_1_517' title='bbox 1252 3676 1306 3720; x_wconf 94' lang='lat' dir='ltr'><strong>ct</strong></span> <span class='ocrx_word' id='word_1_518' title='bbox 1327 3676 1525 3722; x_wconf 84' lang='lat' dir='ltr'><strong>terram</strong></span> <span class='ocrx_word' id='word_1_519' title='bbox 1551 3669 1851 3722; x_wconf 88' lang='lat' dir='ltr'><strong>hominibus</strong></span> <span class='ocrx_word' id='word_1_520' title='bbox 1877 3671 1976 3723; x_wconf 85' lang='lat' dir='ltr'><strong>ha-</strong></span> 
     </span>
    </p>
   </div>
   <div class='ocr_carea' id='block_1_70' title="bbox 431 3749 761 3806">
    <p class='ocr_par' dir='ltr' id='par_1_70' title="bbox 431 3749 761 3806">
     <span class='ocr_line' id='line_1_70' title="bbox 431 3749 761 3806; baseline 0.006 -5"><span class='ocrx_word' id='word_1_521' title='bbox 431 3749 761 3806; x_wconf 89' lang='lat' dir='ltr'><strong>bitationem.</strong></span> 
     </span>
    </p>
   </div>
   <div class='ocr_carea' id='block_1_71' title="bbox 500 3840 1975 3917">
    <p class='ocr_par' dir='ltr' id='par_1_71' title="bbox 500 3840 1975 3917">
     <span class='ocr_line' id='line_1_71' title="bbox 500 3840 1975 3917; baseline 0.007 -25"><span class='ocrx_word' id='word_1_522' title='bbox 500 3840 658 3894; x_wconf 81' lang='lat' dir='ltr'><strong>Inter.</strong></span> <span class='ocrx_word' id='word_1_523' title='bbox 695 3844 747 3896; x_wconf 81' lang='lat'><strong>5.</strong></span> <span class='ocrx_word' id='word_1_524' title='bbox 791 3842 966 3909; x_wconf 88' lang='lat' dir='ltr'><strong>Quare</strong></span> <span class='ocrx_word' id='word_1_525' title='bbox 1010 3846 1303 3915; x_wconf 86' lang='lat' dir='ltr'><strong>angelicum</strong></span> <span class='ocrx_word' id='word_1_526' title='bbox 1351 3856 1629 3917; x_wconf 88' lang='lat' dir='ltr'><strong>peccatum</strong></span> <span class='ocrx_word' id='word_1_527' title='bbox 1673 3849 1882 3903; x_wconf 91' lang='lat' dir='ltr'><strong>silentio</strong></span> <span class='ocrx_word' id='word_1_528' title='bbox 1925 3850 1975 3903; x_wconf 91' lang='lat' dir='ltr'><strong>in</strong></span> 
     </span>
    </p>
   </div>
   <div class='ocr_carea' id='block_1_72' title="bbox 431 3929 1977 4006">
    <p class='ocr_par' dir='ltr' id='par_1_72' title="bbox 431 3929 1977 4006">
     <span class='ocr_line' id='line_1_72' title="bbox 431 3929 1977 4006; baseline 0.008 -26"><span class='ocrx_word' id='word_1_529' title='bbox 431 3929 621 3983; x_wconf 75' lang='lat' dir='ltr'><strong>Genesi</strong></span> <span class='ocrx_word' id='word_1_530' title='bbox 648 3931 1014 3986; x_wconf 89' lang='lat' dir='ltr'><strong>absconditum</strong></span> <span class='ocrx_word' id='word_1_531' title='bbox 1042 3943 1132 4002; x_wconf 73' lang='lat' dir='ltr'><strong>est</strong></span> <span class='ocrx_word' id='word_1_532' title='bbox 1171 3944 1225 3988; x_wconf 91' lang='lat' dir='ltr'><strong>et</strong></span> <span class='ocrx_word' id='word_1_533' title='bbox 1258 3938 1483 3991; x_wconf 89' lang='lat' dir='ltr'><strong>hominis</strong></span> <span class='ocrx_word' id='word_1_534' title='bbox 1511 3936 1875 4006; x_wconf 84' lang='lat' dir='ltr'><strong>patefactum?</strong></span> <span class='ocrx_word' id='word_1_535' title='bbox 1908 3971 1977 3979; x_wconf 92' lang='lat'><strong><em>—</em></strong></span> 
     </span>
    </p>
   </div>
   <div class='ocr_carea' id='block_1_73' title="bbox 440 4017 1977 4093">
    <p class='ocr_par' dir='ltr' id='par_1_73' title="bbox 440 4017 1977 4093">
     <span class='ocr_line' id='line_1_73' title="bbox 440 4017 1977 4093; baseline 0.007 -24"><span class='ocrx_word' id='word_1_536' title='bbox 440 4017 587 4087; x_wconf 87' lang='lat' dir='ltr'><strong>Resp.</strong></span> <span class='ocrx_word' id='word_1_537' title='bbox 620 4018 750 4082; x_wconf 86' lang='lat' dir='ltr'><strong>Quia</strong></span> <span class='ocrx_word' id='word_1_538' title='bbox 786 4020 1079 4087; x_wconf 90' lang='lat' dir='ltr'><strong>angelicum</strong></span> <span class='ocrx_word' id='word_1_539' title='bbox 1114 4022 1302 4075; x_wconf 80' lang='lat' dir='ltr'><strong>vulnus</strong></span> <span class='ocrx_word' id='word_1_540' title='bbox 1330 4024 1467 4077; x_wconf 88' lang='lat' dir='ltr'><strong>Deus</strong></span> <span class='ocrx_word' id='word_1_541' title='bbox 1504 4041 1607 4077; x_wconf 91' lang='lat' dir='ltr'><strong>non</strong></span> <span class='ocrx_word' id='word_1_542' title='bbox 1637 4028 1977 4093; x_wconf 72' lang='lat' dir='ltr'><strong>prmdestiua-</strong></span> 
     </span>
    </p>
   </div>
   <div class='ocr_carea' id='block_1_74' title="bbox 438 4108 1786 4180">
    <p class='ocr_par' dir='ltr' id='par_1_74' title="bbox 438 4108 1786 4180">
     <span class='ocr_line' id='line_1_74' title="bbox 438 4108 1786 4180; baseline 0.006 -22"><span class='ocrx_word' id='word_1_543' title='bbox 438 4108 509 4160; x_wconf 81' lang='lat' dir='ltr'><strong>vit</strong></span> <span class='ocrx_word' id='word_1_544' title='bbox 528 4123 733 4171; x_wconf 89' lang='lat' dir='ltr'><strong>curare,</strong></span> <span class='ocrx_word' id='word_1_545' title='bbox 758 4109 985 4163; x_wconf 87' lang='lat' dir='ltr'><strong>hominis</strong></span> <span class='ocrx_word' id='word_1_546' title='bbox 1008 4125 1132 4165; x_wconf 88' lang='lat' dir='ltr'><strong>vero</strong></span> <span class='ocrx_word' id='word_1_547' title='bbox 1157 4126 1345 4165; x_wconf 90' lang='lat' dir='ltr'><strong>sanare</strong></span> <span class='ocrx_word' id='word_1_548' title='bbox 1373 4114 1786 4180; x_wconf 60' lang='lat' dir='ltr'><strong>prtedestiuavit.</strong></span> 
     </span>
    </p>
   </div>
   <div class='ocr_carea' id='block_1_75' title="bbox 504 4195 1976 4270">
    <p class='ocr_par' dir='ltr' id='par_1_75' title="bbox 504 4195 1976 4270">
     <span class='ocr_line' id='line_1_75' title="bbox 504 4195 1976 4270; baseline 0.006 -22"><span class='ocrx_word' id='word_1_549' title='bbox 504 4195 665 4261; x_wconf 80' lang='lat' dir='ltr'><strong>Inter.</strong></span> <span class='ocrx_word' id='word_1_550' title='bbox 706 4197 757 4249; x_wconf 72' lang='grc'><strong>4.</strong></span> <span class='ocrx_word' id='word_1_551' title='bbox 801 4196 909 4251; x_wconf 88' lang='lat' dir='ltr'><strong>Cur</strong></span> <span class='ocrx_word' id='word_1_552' title='bbox 942 4200 1128 4253; x_wconf 89' lang='lat' dir='ltr'><strong>summi</strong></span> <span class='ocrx_word' id='word_1_553' title='bbox 1164 4200 1330 4270; x_wconf 86' lang='lat' dir='ltr'><strong>angeli</strong></span> <span class='ocrx_word' id='word_1_554' title='bbox 1372 4210 1645 4269; x_wconf 87' lang='lat' dir='ltr'><strong>peccatum</strong></span> <span class='ocrx_word' id='word_1_555' title='bbox 1685 4204 1976 4259; x_wconf 81' lang='lat' dir='ltr'><strong>insanabile</strong></span> 
     </span>
    </p>
   </div>
   <div class='ocr_carea' id='block_1_76' title="bbox 437 4290 1977 4366">
    <p class='ocr_par' dir='ltr' id='par_1_76' title="bbox 437 4290 1977 4366">
     <span class='ocr_line' id='line_1_76' title="bbox 437 4290 1977 4366; baseline 0.006 -25"><span class='ocrx_word' id='word_1_556' title='bbox 437 4290 563 4353; x_wconf 90' lang='lat' dir='ltr'><strong>fuit,</strong></span> <span class='ocrx_word' id='word_1_557' title='bbox 612 4299 665 4344; x_wconf 90' lang='lat' dir='ltr'><strong>et</strong></span> <span class='ocrx_word' id='word_1_558' title='bbox 713 4292 939 4345; x_wconf 90' lang='lat' dir='ltr'><strong>hominis</strong></span> <span class='ocrx_word' id='word_1_559' title='bbox 973 4293 1247 4347; x_wconf 88' lang='lat' dir='ltr'><strong>sanabile?</strong></span> <span class='ocrx_word' id='word_1_560' title='bbox 1273 4325 1339 4332; x_wconf 91' lang='lat'>—</span> <span class='ocrx_word' id='word_1_561' title='bbox 1366 4293 1514 4362; x_wconf 85' lang='lat' dir='ltr'><strong>Resp.</strong></span> <span class='ocrx_word' id='word_1_562' title='bbox 1549 4294 1725 4366; x_wconf 83' lang='lat' dir='ltr'><strong>[Quia]</strong></span> <span class='ocrx_word' id='word_1_563' title='bbox 1762 4298 1977 4364; x_wconf 82' lang='lat' dir='ltr'><strong>angelus</strong></span> 
     </span>
    </p>
   </div>
   <div class='ocr_carea' id='block_1_77' title="bbox 2079 3120 3635 3190">
    <p class='ocr_par' dir='ltr' id='par_1_77' title="bbox 2079 3120 3635 3190">
     <span class='ocr_line' id='line_1_77' title="bbox 2079 3120 3635 3190; baseline -0.002 -16"><span class='ocrx_word' id='word_1_564' title='bbox 2079 3137 2173 3190; x_wconf 87' lang='lat' dir='ltr'><strong>per</strong></span> <span class='ocrx_word' id='word_1_565' title='bbox 2196 3122 2426 3190; x_wconf 85' lang='lat' dir='ltr'><strong>seipsum</strong></span> <span class='ocrx_word' id='word_1_566' title='bbox 2454 3122 2668 3189; x_wconf 73' lang='lat' dir='ltr'><strong>expiare</strong></span> <span class='ocrx_word' id='word_1_567' title='bbox 2710 3121 2894 3183; x_wconf 90' lang='lat' dir='ltr'><strong>voluit,</strong></span> <span class='ocrx_word' id='word_1_568' title='bbox 2926 3128 2981 3173; x_wconf 90' lang='lat' dir='ltr'><strong>et</strong></span> <span class='ocrx_word' id='word_1_569' title='bbox 3018 3135 3119 3173; x_wconf 89' lang='lat' dir='ltr'><strong>non</strong></span> <span class='ocrx_word' id='word_1_570' title='bbox 3150 3137 3244 3189; x_wconf 79' lang='lat' dir='ltr'><strong>per</strong></span> <span class='ocrx_word' id='word_1_571' title='bbox 3273 3120 3635 3189; x_wconf 76' lang='lat' dir='ltr'><strong>angelum?———</strong></span> 
     </span>
    </p>
   </div>
   <div class='ocr_carea' id='block_1_78' title="bbox 2082 3209 3635 3279">
    <p class='ocr_par' dir='ltr' id='par_1_78' title="bbox 2082 3209 3635 3279">
     <span class='ocr_line' id='line_1_78' title="bbox 2082 3209 3635 3279; baseline 0 -17"><span class='ocrx_word' id='word_1_572' title='bbox 2082 3210 2232 3278; x_wconf 82' lang='lat' dir='ltr'><strong>Resp.</strong></span> <span class='ocrx_word' id='word_1_573' title='bbox 2264 3209 2394 3275; x_wconf 89' lang='lat' dir='ltr'><strong>Quia</strong></span> <span class='ocrx_word' id='word_1_574' title='bbox 2436 3226 2539 3262; x_wconf 88' lang='lat' dir='ltr'><strong>non</strong></span> <span class='ocrx_word' id='word_1_575' title='bbox 2582 3209 2881 3262; x_wconf 82' lang='lat' dir='ltr'><strong>sufﬁciebat</strong></span> <span class='ocrx_word' id='word_1_576' title='bbox 2913 3210 3067 3263; x_wconf 87' lang='lat' dir='ltr'><strong>unius</strong></span> <span class='ocrx_word' id='word_1_577' title='bbox 3093 3209 3259 3279; x_wconf 76' lang='lat' dir='ltr'><strong>angeli</strong></span> <span class='ocrx_word' id='word_1_578' title='bbox 3294 3212 3538 3263; x_wconf 83' lang='lat' dir='ltr'><strong>turritum</strong></span> <span class='ocrx_word' id='word_1_579' title='bbox 3570 3212 3635 3263; x_wconf 92' lang='lat' dir='ltr'><strong>ad</strong></span> 
     </span>
    </p>
   </div>
   <div class='ocr_carea' id='block_1_79' title="bbox 2078 3299 3633 3368">
    <p class='ocr_par' dir='ltr' id='par_1_79' title="bbox 2078 3299 3633 3368">
     <span class='ocr_line' id='line_1_79' title="bbox 2078 3299 3633 3368; baseline 0 -17"><span class='ocrx_word' id='word_1_580' title='bbox 2078 3299 2491 3368; x_wconf 79' lang='lat' dir='ltr'><strong>redemptionem</strong></span> <span class='ocrx_word' id='word_1_581' title='bbox 2546 3300 2706 3351; x_wconf 88' lang='lat' dir='ltr'><strong>totius</strong></span> <span class='ocrx_word' id='word_1_582' title='bbox 2748 3300 2960 3368; x_wconf 85' lang='lat' dir='ltr'><strong>generis</strong></span> <span class='ocrx_word' id='word_1_583' title='bbox 2988 3301 3241 3364; x_wconf 85' lang='lat' dir='ltr'><strong>humani;</strong></span> <span class='ocrx_word' id='word_1_584' title='bbox 3284 3315 3380 3353; x_wconf 87' lang='lat' dir='ltr'><strong>nec</strong></span> <span class='ocrx_word' id='word_1_585' title='bbox 3432 3309 3633 3352; x_wconf 67' lang='lat' dir='ltr'><strong>tantum</strong></span> 
     </span>
    </p>
   </div>
   <div class='ocr_carea' id='block_1_80' title="bbox 2078 3386 3633 3459">
    <p class='ocr_par' dir='ltr' id='par_1_80' title="bbox 2078 3386 3633 3459">
     <span class='ocr_line' id='line_1_80' title="bbox 2078 3386 3633 3459; baseline -0.001 -17"><span class='ocrx_word' id='word_1_586' title='bbox 2078 3388 2295 3442; x_wconf 90' lang='lat' dir='ltr'><strong>sceleris</strong></span> <span class='ocrx_word' id='word_1_587' title='bbox 2320 3386 2680 3459; x_wconf 63' lang='lat' dir='ltr'><strong>[.l!s.,seclus]</strong></span> <span class='ocrx_word' id='word_1_588' title='bbox 2713 3388 3024 3443; x_wconf 86' lang='lat' dir='ltr'><strong>incurrisset</strong></span> <span class='ocrx_word' id='word_1_589' title='bbox 3045 3388 3283 3441; x_wconf 89' lang='lat' dir='ltr'><strong>diabolus</strong></span> <span class='ocrx_word' id='word_1_590' title='bbox 3311 3388 3361 3441; x_wconf 91' lang='lat' dir='ltr'><strong>in</strong></span> <span class='ocrx_word' id='word_1_591' title='bbox 3390 3404 3520 3442; x_wconf 87' lang='lat' dir='ltr'><strong>nece</strong></span> <span class='ocrx_word' id='word_1_592' title='bbox 3542 3405 3633 3442; x_wconf 89' lang='lat' dir='ltr'><strong>an-</strong></span> 
     </span>
    </p>
   </div>
   <div class='ocr_carea' id='block_1_81' title="bbox 2078 3476 3293 3553">
    <p class='ocr_par' dir='ltr' id='par_1_81' title="bbox 2078 3476 3293 3553">
     <span class='ocr_line' id='line_1_81' title="bbox 2078 3476 3293 3553; baseline 0.002 -24"><span class='ocrx_word' id='word_1_593' title='bbox 2078 3476 2196 3553; x_wconf 83' lang='lat' dir='ltr'><strong>geli,</strong></span> <span class='ocrx_word' id='word_1_594' title='bbox 2228 3486 2479 3545; x_wconf 90' lang='lat' dir='ltr'><strong>qnantum</strong></span> <span class='ocrx_word' id='word_1_595' title='bbox 2518 3478 2737 3530; x_wconf 73' lang='lat' dir='ltr'><strong>incurrit</strong></span> <span class='ocrx_word' id='word_1_596' title='bbox 2768 3478 2819 3530; x_wconf 90' lang='lat' dir='ltr'><strong>in</strong></span> <span class='ocrx_word' id='word_1_597' title='bbox 2852 3493 2982 3530; x_wconf 90' lang='lat' dir='ltr'><strong>nece</strong></span> <span class='ocrx_word' id='word_1_598' title='bbox 3007 3478 3293 3531; x_wconf 88' lang='lat' dir='ltr'><strong>Creatoris.</strong></span> 
     </span>
    </p>
   </div>
   <div class='ocr_carea' id='block_1_82' title="bbox 2148 3552 3631 3623">
    <p class='ocr_par' dir='ltr' id='par_1_82' title="bbox 2148 3552 3631 3623">
     <span class='ocr_line' id='line_1_82' title="bbox 2148 3552 3631 3623; baseline 0.003 -5"><span class='ocrx_word' id='word_1_599' title='bbox 2148 3567 2311 3619; x_wconf 84' lang='lat' dir='ltr'><strong>Inter.</strong></span> <span class='ocrx_word' id='word_1_600' title='bbox 2345 3568 2427 3621; x_wconf 73' lang='grc'><strong>15.</strong></span> <span class='ocrx_word' id='word_1_601' title='bbox 2458 3566 2565 3619; x_wconf 87' lang='lat' dir='ltr'><strong>Cur</strong></span> <span class='ocrx_word' id='word_1_602' title='bbox 2592 3567 2829 3621; x_wconf 87' lang='lat' dir='ltr'><strong>diabolus</strong></span> <span class='ocrx_word' id='word_1_603' title='bbox 2858 3576 2963 3622; x_wconf 73' lang='lat' dir='ltr'><strong>tam</strong></span> <span class='ocrx_word' id='word_1_604' title='bbox 3001 3567 3223 3623; x_wconf 79' lang='lat' dir='ltr'><strong>infestus</strong></span> <span class='ocrx_word' id='word_1_605' title='bbox 3251 3578 3335 3622; x_wconf 88' lang='lat' dir='ltr'><strong>est</strong></span> <span class='ocrx_word' id='word_1_606' title='bbox 3361 3552 3631 3623; x_wconf 73' lang='lat' dir='ltr'><strong>ltontinitttt</strong></span> 
     </span>
    </p>
   </div>
   <div class='ocr_carea' id='block_1_83' title="bbox 2078 3656 3630 3729">
    <p class='ocr_par' dir='ltr' id='par_1_83' title="bbox 2078 3656 3630 3729">
     <span class='ocr_line' id='line_1_83' title="bbox 2078 3656 3630 3729; baseline 0.004 -20"><span class='ocrx_word' id='word_1_607' title='bbox 2078 3658 2272 3729; x_wconf 79' lang='lat' dir='ltr'><strong>saluti?</strong></span> <span class='ocrx_word' id='word_1_608' title='bbox 2298 3688 2363 3697; x_wconf 90' lang='lat'><strong>——</strong></span> <span class='ocrx_word' id='word_1_609' title='bbox 2397 3656 2547 3726; x_wconf 87' lang='lat' dir='ltr'><strong>Resp.</strong></span> <span class='ocrx_word' id='word_1_610' title='bbox 2579 3659 2800 3727; x_wconf 83' lang='lat' dir='ltr'><strong>PrOpter</strong></span> <span class='ocrx_word' id='word_1_611' title='bbox 2828 3660 3005 3712; x_wconf 90' lang='lat' dir='ltr'><strong>odium</strong></span> <span class='ocrx_word' id='word_1_612' title='bbox 3048 3661 3098 3712; x_wconf 89' lang='lat' dir='ltr'><strong>in</strong></span> <span class='ocrx_word' id='word_1_613' title='bbox 3133 3659 3437 3713; x_wconf 86' lang='lat' dir='ltr'><strong>Creatorem</strong></span> <span class='ocrx_word' id='word_1_614' title='bbox 3468 3668 3521 3713; x_wconf 88' lang='lat' dir='ltr'><strong>et</strong></span> <span class='ocrx_word' id='word_1_615' title='bbox 3550 3663 3630 3715; x_wconf 89' lang='lat' dir='ltr'><strong>in-</strong></span> 
     </span>
    </p>
   </div>
   <div class='ocr_carea' id='block_1_84' title="bbox 2076 3747 3559 3818">
    <p class='ocr_par' dir='ltr' id='par_1_84' title="bbox 2076 3747 3559 3818">
     <span class='ocr_line' id='line_1_84' title="bbox 2076 3747 3559 3818; baseline 0.004 -19"><span class='ocrx_word' id='word_1_616' title='bbox 2076 3747 2271 3800; x_wconf 85' lang='lat' dir='ltr'><strong>vidiam</strong></span> <span class='ocrx_word' id='word_1_617' title='bbox 2299 3748 2349 3800; x_wconf 90' lang='lat' dir='ltr'><strong>in</strong></span> <span class='ocrx_word' id='word_1_618' title='bbox 2378 3748 2663 3812; x_wconf 90' lang='lat' dir='ltr'><strong>hominem,</strong></span> <span class='ocrx_word' id='word_1_619' title='bbox 2690 3758 2740 3803; x_wconf 86' lang='lat' dir='ltr'><strong>et</strong></span> <span class='ocrx_word' id='word_1_620' title='bbox 2766 3749 3188 3818; x_wconf 81' lang='lat' dir='ltr'><strong>desperationem</strong></span> <span class='ocrx_word' id='word_1_621' title='bbox 3217 3766 3324 3803; x_wconf 77' lang='lat' dir='ltr'><strong>sua:</strong></span> <span class='ocrx_word' id='word_1_622' title='bbox 3354 3750 3559 3805; x_wconf 87' lang='lat' dir='ltr'><strong>salutis.</strong></span> 
     </span>
    </p>
   </div>
   <div class='ocr_carea' id='block_1_85' title="bbox 2149 3857 3630 3932">
    <p class='ocr_par' dir='ltr' id='par_1_85' title="bbox 2149 3857 3630 3932">
     <span class='ocr_line' id='line_1_85' title="bbox 2149 3857 3630 3932; baseline 0.003 -22"><span class='ocrx_word' id='word_1_623' title='bbox 2149 3857 2309 3911; x_wconf 80' lang='lat' dir='ltr'><strong>Inter.</strong></span> <span class='ocrx_word' id='word_1_624' title='bbox 2344 3857 2425 3909; x_wconf 63' lang='lat' dir='ltr'><strong>l4.</strong></span> <span class='ocrx_word' id='word_1_625' title='bbox 2459 3858 2634 3923; x_wconf 85' lang='lat' dir='ltr'><strong>Quare</strong></span> <span class='ocrx_word' id='word_1_626' title='bbox 2677 3859 2817 3912; x_wconf 89' lang='lat' dir='ltr'><strong>Deus</strong></span> <span class='ocrx_word' id='word_1_627' title='bbox 2853 3862 2905 3914; x_wconf 91' lang='lat' dir='ltr'><strong>in</strong></span> <span class='ocrx_word' id='word_1_628' title='bbox 2952 3862 3210 3929; x_wconf 81' lang='lat' dir='ltr'><strong>principio</strong></span> <span class='ocrx_word' id='word_1_629' title='bbox 3249 3863 3502 3932; x_wconf 89' lang='lat' dir='ltr'><strong>[humano</strong></span> <span class='ocrx_word' id='word_1_630' title='bbox 3540 3882 3630 3931; x_wconf 69' lang='lat' dir='ltr'><strong>go-</strong></span> 
     </span>
    </p>
   </div>
   <div class='ocr_carea' id='block_1_86' title="bbox 2078 3948 3627 4023">
    <p class='ocr_par' dir='ltr' id='par_1_86' title="bbox 2078 3948 3627 4023">
     <span class='ocr_line' id='line_1_86' title="bbox 2078 3948 3627 4023; baseline 0.004 -22"><span class='ocrx_word' id='word_1_631' title='bbox 2078 3948 2215 4020; x_wconf 89' lang='lat' dir='ltr'><strong>neri]</strong></span> <span class='ocrx_word' id='word_1_632' title='bbox 2240 3949 2408 4018; x_wconf 83' lang='lat' dir='ltr'><strong>legent</strong></span> <span class='ocrx_word' id='word_1_633' title='bbox 2434 3965 2536 4002; x_wconf 87' lang='lat' dir='ltr'><strong>non</strong></span> <span class='ocrx_word' id='word_1_634' title='bbox 2567 3949 2710 4003; x_wconf 85' lang='lat' dir='ltr'><strong>dedit</strong></span> <span class='ocrx_word' id='word_1_635' title='bbox 2735 3966 2892 4017; x_wconf 88' lang='lat' dir='ltr'><strong>quam</strong></span> <span class='ocrx_word' id='word_1_636' title='bbox 2922 3960 3101 4018; x_wconf 72' lang='lat' dir='ltr'><strong>postea</strong></span> <span class='ocrx_word' id='word_1_637' title='bbox 3146 3968 3239 4020; x_wconf 87' lang='lat' dir='ltr'><strong>per</strong></span> <span class='ocrx_word' id='word_1_638' title='bbox 3280 3952 3487 4023; x_wconf 66' lang='lat' dir='ltr'><strong>Moysen</strong></span> <span class='ocrx_word' id='word_1_639' title='bbox 3522 3964 3627 4007; x_wconf 87' lang='lat' dir='ltr'><strong>tra-</strong></span> 
     </span>
    </p>
   </div>
   <div class='ocr_carea' id='block_1_87' title="bbox 2077 4038 3627 4108">
    <p class='ocr_par' dir='ltr' id='par_1_87' title="bbox 2077 4038 3627 4108">
     <span class='ocr_line' id='line_1_87' title="bbox 2077 4038 3627 4108; baseline 0.005 -20"><span class='ocrx_word' id='word_1_640' title='bbox 2077 4040 2244 4091; x_wconf 87' lang='lat' dir='ltr'><strong>didit?</strong></span> <span class='ocrx_word' id='word_1_641' title='bbox 2280 4070 2349 4077; x_wconf 98' lang='lat'><strong>—</strong></span> <span class='ocrx_word' id='word_1_642' title='bbox 2380 4038 2533 4106; x_wconf 85' lang='lat' dir='ltr'><strong>Resp.</strong></span> <span class='ocrx_word' id='word_1_643' title='bbox 2574 4039 2705 4103; x_wconf 88' lang='lat' dir='ltr'><strong>Quia</strong></span> <span class='ocrx_word' id='word_1_644' title='bbox 2756 4041 2804 4092; x_wconf 90' lang='lat' dir='ltr'><strong>in</strong></span> <span class='ocrx_word' id='word_1_645' title='bbox 2855 4041 3152 4094; x_wconf 86' lang='lat' dir='ltr'><strong>hominibus</strong></span> <span class='ocrx_word' id='word_1_646' title='bbox 3196 4043 3380 4108; x_wconf 87' lang='lat' dir='ltr'><strong>primis</strong></span> <span class='ocrx_word' id='word_1_647' title='bbox 3420 4044 3504 4095; x_wconf 70' lang='lat' dir='ltr'><strong>diu</strong></span> <span class='ocrx_word' id='word_1_648' title='bbox 3549 4045 3627 4095; x_wconf 71' lang='lat' dir='ltr'><strong>lrv</strong></span> 
     </span>
    </p>
   </div>
   <div class='ocr_carea' id='block_1_88' title="bbox 2076 4126 3628 4192">
    <p class='ocr_par' dir='ltr' id='par_1_88' title="bbox 2076 4126 3628 4192">
     <span class='ocr_line' id='line_1_88' title="bbox 2076 4126 3628 4192; baseline 0.002 -14"><span class='ocrx_word' id='word_1_649' title='bbox 2076 4126 2225 4178; x_wconf 76' lang='lat' dir='ltr'><strong>bona:</strong></span> <span class='ocrx_word' id='word_1_650' title='bbox 2254 4136 2454 4179; x_wconf 68' lang='lat' dir='ltr'><strong>naturte</strong></span> <span class='ocrx_word' id='word_1_651' title='bbox 2484 4128 2831 4192; x_wconf 88' lang='lat' dir='ltr'><strong>servabatur;</strong></span> <span class='ocrx_word' id='word_1_652' title='bbox 2867 4137 2920 4179; x_wconf 90' lang='lat' dir='ltr'><strong>at</strong></span> <span class='ocrx_word' id='word_1_653' title='bbox 2964 4129 3048 4183; x_wconf 85' lang='lat' dir='ltr'><strong>ubi</strong></span> <span class='ocrx_word' id='word_1_654' title='bbox 3089 4130 3346 4182; x_wconf 85' lang='lat' dir='ltr'><strong>naturalis</strong></span> <span class='ocrx_word' id='word_1_655' title='bbox 3388 4130 3465 4181; x_wconf 74' lang='lat' dir='ltr'><strong>lex</strong></span> <span class='ocrx_word' id='word_1_656' title='bbox 3504 4147 3628 4181; x_wconf 78' lang='lat' dir='ltr'><strong>cva-</strong></span> 
     </span>
    </p>
   </div>
   <div class='ocr_carea' id='block_1_89' title="bbox 2078 4214 3628 4283">
    <p class='ocr_par' dir='ltr' id='par_1_89' title="bbox 2078 4214 3628 4283">
     <span class='ocr_line' id='line_1_89' title="bbox 2078 4214 3628 4283; baseline 0.002 -17"><span class='ocrx_word' id='word_1_657' title='bbox 2078 4215 2207 4274; x_wconf 91' lang='lat' dir='ltr'><strong>nuit,</strong></span> <span class='ocrx_word' id='word_1_658' title='bbox 2237 4214 2411 4267; x_wconf 86' lang='lat' dir='ltr'><strong>oblata</strong></span> <span class='ocrx_word' id='word_1_659' title='bbox 2443 4216 2819 4268; x_wconf 85' lang='lat' dir='ltr'><strong>consuetudine</strong></span> <span class='ocrx_word' id='word_1_660' title='bbox 2856 4218 3129 4283; x_wconf 77' lang='lat' dir='ltr'><strong>peccandi,</strong></span> <span class='ocrx_word' id='word_1_661' title='bbox 3172 4219 3291 4269; x_wconf 83' lang='lat' dir='ltr'><strong>data</strong></span> <span class='ocrx_word' id='word_1_662' title='bbox 3318 4229 3398 4270; x_wconf 73' lang='lat' dir='ltr'><strong>est</strong></span> <span class='ocrx_word' id='word_1_663' title='bbox 3438 4219 3515 4270; x_wconf 63' lang='lat' dir='ltr'><strong>lt&#39;x</strong></span> <span class='ocrx_word' id='word_1_664' title='bbox 3550 4220 3628 4270; x_wconf 86' lang='lat' dir='ltr'><strong>lit-</strong></span> 
     </span>
    </p>
   </div>
   <div class='ocr_carea' id='block_1_90' title="bbox 2079 4305 3627 4373">
    <p class='ocr_par' dir='ltr' id='par_1_90' title="bbox 2079 4305 3627 4373">
     <span class='ocr_line' id='line_1_90' title="bbox 2079 4305 3627 4373; baseline 0 -18"><span class='ocrx_word' id='word_1_665' title='bbox 2079 4312 2205 4356; x_wconf 68' lang='lat' dir='ltr'><strong>lCl‘tL‘</strong></span> <span class='ocrx_word' id='word_1_666' title='bbox 2230 4320 2322 4372; x_wconf 83' lang='lat' dir='ltr'><strong>per</strong></span> <span class='ocrx_word' id='word_1_667' title='bbox 2346 4305 2580 4373; x_wconf 62' lang='lat' dir='ltr'><strong>Moysen,</strong></span> <span class='ocrx_word' id='word_1_668' title='bbox 2610 4314 2666 4357; x_wconf 90' lang='lat' dir='ltr'><strong>ut</strong></span> <span class='ocrx_word' id='word_1_669' title='bbox 2703 4306 2838 4359; x_wconf 90' lang='lat' dir='ltr'><strong>bona</strong></span> <span class='ocrx_word' id='word_1_670' title='bbox 2860 4322 2975 4373; x_wconf 73' lang='lat' dir='ltr'><strong>quae</strong></span> <span class='ocrx_word' id='word_1_671' title='bbox 3002 4307 3305 4360; x_wconf 87' lang='lat' dir='ltr'><strong>sciebantur</strong></span> <span class='ocrx_word' id='word_1_672' title='bbox 3335 4310 3627 4361; x_wconf 51' lang='lat' dir='ltr'><strong>auctorita—</strong></span> 
     </span>
    </p>
   </div>
   <div class='ocr_carea' id='block_1_91' title="bbox 436 4380 3623 4475">
    <p class='ocr_par' dir='ltr' id='par_1_91' title="bbox 436 4380 3623 4475">
     <span class='ocr_line' id='line_1_91' title="bbox 436 4380 3623 4475; baseline 0.005 -43"><span class='ocrx_word' id='word_1_673' title='bbox 436 4380 514 4432; x_wconf 87' lang='lat' dir='ltr'><strong>sui</strong></span> <span class='ocrx_word' id='word_1_674' title='bbox 551 4381 765 4435; x_wconf 86' lang='lat' dir='ltr'><strong>sceleris</strong></span> <span class='ocrx_word' id='word_1_675' title='bbox 802 4383 1042 4438; x_wconf 86' lang='lat' dir='ltr'><strong>inventor</strong></span> <span class='ocrx_word' id='word_1_676' title='bbox 1069 4386 1188 4449; x_wconf 88' lang='lat' dir='ltr'><strong>fuit,</strong></span> <span class='ocrx_word' id='word_1_677' title='bbox 1214 4386 1371 4439; x_wconf 89' lang='lat' dir='ltr'><strong>homo</strong></span> <span class='ocrx_word' id='word_1_678' title='bbox 1400 4403 1524 4441; x_wconf 86' lang='lat' dir='ltr'><strong>vero</strong></span> <span class='ocrx_word' id='word_1_679' title='bbox 1552 4388 1768 4442; x_wconf 86' lang='lat' dir='ltr'><strong>alterius</strong></span> <span class='ocrx_word' id='word_1_680' title='bbox 1791 4388 1974 4442; x_wconf 88' lang='lat' dir='ltr'><strong>fraude</strong></span> <span class='ocrx_word' id='word_1_681' title='bbox 2003 4416 2056 4475; x_wconf 69' lang='grc' dir='ltr'><strong><em>Β</em></strong></span> <span class='ocrx_word' id='word_1_682' title='bbox 2080 4398 2185 4447; x_wconf 89' lang='lat' dir='ltr'><strong>tem</strong></span> <span class='ocrx_word' id='word_1_683' title='bbox 2216 4396 2497 4457; x_wconf 87' lang='lat' dir='ltr'><strong>haberent,</strong></span> <span class='ocrx_word' id='word_1_684' title='bbox 2529 4404 2582 4447; x_wconf 90' lang='lat' dir='ltr'><strong>et</strong></span> <span class='ocrx_word' id='word_1_685' title='bbox 2623 4410 2739 4462; x_wconf 79' lang='lat' dir='ltr'><strong>quae</strong></span> <span class='ocrx_word' id='word_1_686' title='bbox 2784 4395 2943 4447; x_wconf 81' lang='lat' dir='ltr'><strong>latere</strong></span> <span class='ocrx_word' id='word_1_687' title='bbox 2982 4404 3284 4461; x_wconf 65' lang='lat' dir='ltr'><strong>eruperant,</strong></span> <span class='ocrx_word' id='word_1_688' title='bbox 3317 4396 3623 4449; x_wconf 75' lang='lat' dir='ltr'><strong>manifesta-</strong></span> 
     </span>
    </p>
   </div>
   <div class='ocr_carea' id='block_1_92' title="bbox 434 4471 1970 4547">
    <p class='ocr_par' dir='ltr' id='par_1_92' title="bbox 434 4471 1970 4547">
     <span class='ocr_line' id='line_1_92' title="bbox 434 4471 1970 4547; baseline 0.005 -24"><span class='ocrx_word' id='word_1_689' title='bbox 434 4471 679 4525; x_wconf 87' lang='lat' dir='ltr'><strong>seductus</strong></span> <span class='ocrx_word' id='word_1_690' title='bbox 706 4471 867 4544; x_wconf 88' lang='lat' dir='ltr'><strong>[fuit].</strong></span> <span class='ocrx_word' id='word_1_691' title='bbox 917 4473 1081 4539; x_wconf 84' lang='lat' dir='ltr'><strong>Item,</strong></span> <span class='ocrx_word' id='word_1_692' title='bbox 1108 4484 1306 4543; x_wconf 89' lang='lat' dir='ltr'><strong>quanto</strong></span> <span class='ocrx_word' id='word_1_693' title='bbox 1342 4477 1615 4531; x_wconf 89' lang='lat' dir='ltr'><strong>sublimior</strong></span> <span class='ocrx_word' id='word_1_694' title='bbox 1662 4480 1878 4547; x_wconf 88' lang='lat' dir='ltr'><strong>angelus</strong></span> <span class='ocrx_word' id='word_1_695' title='bbox 1919 4481 1970 4532; x_wconf 89' lang='lat' dir='ltr'><strong>in</strong></span> 
     </span>
    </p>
   </div>
   <div class='ocr_carea' id='block_1_93' title="bbox 435 4561 1971 4634">
    <p class='ocr_par' dir='ltr' id='par_1_93' title="bbox 435 4561 1971 4634">
     <span class='ocr_line' id='line_1_93' title="bbox 435 4561 1971 4634; baseline 0.006 -22"><span class='ocrx_word' id='word_1_696' title='bbox 435 4561 621 4629; x_wconf 84' lang='lat' dir='ltr'><strong>gloria,</strong></span> <span class='ocrx_word' id='word_1_697' title='bbox 646 4570 790 4615; x_wconf 90' lang='lat' dir='ltr'><strong>tanto</strong></span> <span class='ocrx_word' id='word_1_698' title='bbox 822 4562 988 4631; x_wconf 83' lang='lat' dir='ltr'><strong>major</strong></span> <span class='ocrx_word' id='word_1_699' title='bbox 1016 4564 1069 4616; x_wconf 88' lang='lat' dir='ltr'><strong>in</strong></span> <span class='ocrx_word' id='word_1_700' title='bbox 1096 4566 1277 4617; x_wconf 89' lang='lat' dir='ltr'><strong>ruina:</strong></span> <span class='ocrx_word' id='word_1_701' title='bbox 1312 4567 1467 4618; x_wconf 92' lang='lat' dir='ltr'><strong>homo</strong></span> <span class='ocrx_word' id='word_1_702' title='bbox 1489 4582 1614 4620; x_wconf 90' lang='lat' dir='ltr'><strong>vero</strong></span> <span class='ocrx_word' id='word_1_703' title='bbox 1642 4577 1839 4634; x_wconf 87' lang='lat' dir='ltr'><strong>quanto</strong></span> <span class='ocrx_word' id='word_1_704' title='bbox 1864 4567 1971 4621; x_wconf 85' lang='lat' dir='ltr'><strong>fra-</strong></span> 
     </span>
    </p>
   </div>
   <div class='ocr_carea' id='block_1_94' title="bbox 435 4650 1640 4721">
    <p class='ocr_par' dir='ltr' id='par_1_94' title="bbox 435 4650 1640 4721">
     <span class='ocr_line' id='line_1_94' title="bbox 435 4650 1640 4721; baseline 0.002 -18"><span class='ocrx_word' id='word_1_705' title='bbox 435 4650 584 4721; x_wconf 83' lang='lat' dir='ltr'><strong>gilior</strong></span> <span class='ocrx_word' id='word_1_706' title='bbox 606 4651 659 4705; x_wconf 84' lang='lat' dir='ltr'><strong>in</strong></span> <span class='ocrx_word' id='word_1_707' title='bbox 688 4660 895 4718; x_wconf 90' lang='lat' dir='ltr'><strong>natura,</strong></span> <span class='ocrx_word' id='word_1_708' title='bbox 927 4660 1071 4707; x_wconf 89' lang='lat' dir='ltr'><strong>tanto</strong></span> <span class='ocrx_word' id='word_1_709' title='bbox 1092 4652 1296 4708; x_wconf 87' lang='lat' dir='ltr'><strong>facilior</strong></span> <span class='ocrx_word' id='word_1_710' title='bbox 1321 4655 1385 4708; x_wconf 92' lang='lat' dir='ltr'><strong>ad</strong></span> <span class='ocrx_word' id='word_1_711' title='bbox 1415 4654 1640 4707; x_wconf 88' lang='lat' dir='ltr'><strong>veniam.</strong></span> 
     </span>
    </p>
   </div>
   <div class='ocr_carea' id='block_1_95' title="bbox 500 4759 1974 4835">
    <p class='ocr_par' dir='ltr' id='par_1_95' title="bbox 500 4759 1974 4835">
     <span class='ocr_line' id='line_1_95' title="bbox 500 4759 1974 4835; baseline 0.007 -22"><span class='ocrx_word' id='word_1_712' title='bbox 500 4759 664 4813; x_wconf 80' lang='lat' dir='ltr'><strong>Inter.</strong></span> <span class='ocrx_word' id='word_1_713' title='bbox 691 4761 743 4813; x_wconf 80' lang='lat'><strong>5.</strong></span> <span class='ocrx_word' id='word_1_714' title='bbox 766 4762 873 4815; x_wconf 87' lang='lat' dir='ltr'><strong>Cur</strong></span> <span class='ocrx_word' id='word_1_715' title='bbox 893 4764 1051 4817; x_wconf 85' lang='lat' dir='ltr'><strong>homo</strong></span> <span class='ocrx_word' id='word_1_716' title='bbox 1074 4780 1183 4820; x_wconf 67' lang='lat' dir='ltr'><strong>sua:</strong></span> <span class='ocrx_word' id='word_1_717' title='bbox 1210 4767 1484 4835; x_wconf 87' lang='lat' dir='ltr'><strong>potestatis</strong></span> <span class='ocrx_word' id='word_1_718' title='bbox 1503 4776 1688 4821; x_wconf 88' lang='lat' dir='ltr'><strong>auctor</strong></span> <span class='ocrx_word' id='word_1_719' title='bbox 1714 4778 1795 4822; x_wconf 90' lang='lat' dir='ltr'><strong>cst</strong></span> <span class='ocrx_word' id='word_1_720' title='bbox 1821 4784 1974 4823; x_wconf 90' lang='lat' dir='ltr'><strong>erea-</strong></span> 
     </span>
    </p>
   </div>
   <div class='ocr_carea' id='block_1_96' title="bbox 438 4850 1973 4929">
    <p class='ocr_par' dir='ltr' id='par_1_96' title="bbox 438 4850 1973 4929">
     <span class='ocr_line' id='line_1_96' title="bbox 438 4850 1973 4929; baseline 0.007 -26"><span class='ocrx_word' id='word_1_721' title='bbox 438 4851 560 4903; x_wconf 90' lang='lat' dir='ltr'><strong>tus?</strong></span> <span class='ocrx_word' id='word_1_722' title='bbox 585 4880 657 4891; x_wconf 91' lang='lat'><strong>—</strong></span> <span class='ocrx_word' id='word_1_723' title='bbox 686 4850 837 4921; x_wconf 84' lang='lat' dir='ltr'><strong>Resp.</strong></span> <span class='ocrx_word' id='word_1_724' title='bbox 871 4852 939 4906; x_wconf 88' lang='lat' dir='ltr'><strong>Ut</strong></span> <span class='ocrx_word' id='word_1_725' title='bbox 975 4854 1071 4907; x_wconf 90' lang='lat' dir='ltr'><strong>sibi</strong></span> <span class='ocrx_word' id='word_1_726' title='bbox 1095 4856 1206 4923; x_wconf 89' lang='lat' dir='ltr'><strong>ipse</strong></span> <span class='ocrx_word' id='word_1_727' title='bbox 1232 4866 1415 4911; x_wconf 90' lang='lat' dir='ltr'><strong>auctor</strong></span> <span class='ocrx_word' id='word_1_728' title='bbox 1452 4866 1595 4911; x_wconf 88' lang='lat' dir='ltr'><strong>esset</strong></span> <span class='ocrx_word' id='word_1_729' title='bbox 1627 4858 1780 4929; x_wconf 85' lang='lat' dir='ltr'><strong>[sive]</strong></span> <span class='ocrx_word' id='word_1_730' title='bbox 1810 4860 1873 4912; x_wconf 89' lang='lat' dir='ltr'><strong>ad</strong></span> <span class='ocrx_word' id='word_1_731' title='bbox 1897 4862 1973 4913; x_wconf 86' lang='lat' dir='ltr'><strong>vi-</strong></span> 
     </span>
    </p>
   </div>
   <div class='ocr_carea' id='block_1_97' title="bbox 440 4941 1975 5016">
    <p class='ocr_par' dir='ltr' id='par_1_97' title="bbox 440 4941 1975 5016">
     <span class='ocr_line' id='line_1_97' title="bbox 440 4941 1975 5016; baseline 0.007 -26"><span class='ocrx_word' id='word_1_732' title='bbox 440 4946 563 5003; x_wconf 87' lang='lat' dir='ltr'><strong>tam,</strong></span> <span class='ocrx_word' id='word_1_733' title='bbox 591 4942 700 4994; x_wconf 87' lang='lat' dir='ltr'><strong>sive</strong></span> <span class='ocrx_word' id='word_1_734' title='bbox 722 4942 788 4995; x_wconf 91' lang='lat' dir='ltr'><strong>ad</strong></span> <span class='ocrx_word' id='word_1_735' title='bbox 825 4950 1066 4995; x_wconf 88' lang='lat' dir='ltr'><strong>mortem.</strong></span> <span class='ocrx_word' id='word_1_736' title='bbox 1107 4941 1162 4995; x_wconf 91' lang='lat' dir='ltr'><strong>Si</strong></span> <span class='ocrx_word' id='word_1_737' title='bbox 1192 4959 1316 4996; x_wconf 87' lang='lat' dir='ltr'><strong>vero</strong></span> <span class='ocrx_word' id='word_1_738' title='bbox 1353 4947 1670 5000; x_wconf 87' lang='lat' dir='ltr'><strong>necessitate</strong></span> <span class='ocrx_word' id='word_1_739' title='bbox 1700 4946 1847 5016; x_wconf 75' lang='lat' dir='ltr'><strong>[Ms.,</strong></span> <span class='ocrx_word' id='word_1_740' title='bbox 1881 4963 1975 5000; x_wconf 89' lang='lat' dir='ltr'><strong>ne-</strong></span> 
     </span>
    </p>
   </div>
   <div class='ocr_carea' id='block_1_98' title="bbox 436 5031 1977 5105">
    <p class='ocr_par' dir='ltr' id='par_1_98' title="bbox 436 5031 1977 5105">
     <span class='ocr_line' id='line_1_98' title="bbox 436 5031 1977 5105; baseline 0.006 -24"><span class='ocrx_word' id='word_1_741' title='bbox 436 5031 692 5102; x_wconf 85' lang='lat' dir='ltr'><strong>cessitati]</strong></span> <span class='ocrx_word' id='word_1_742' title='bbox 718 5041 861 5085; x_wconf 83' lang='lat' dir='ltr'><strong>esset</strong></span> <span class='ocrx_word' id='word_1_743' title='bbox 881 5033 1165 5100; x_wconf 88' lang='lat' dir='ltr'><strong>subjectus,</strong></span> <span class='ocrx_word' id='word_1_744' title='bbox 1192 5040 1317 5086; x_wconf 90' lang='lat' dir='ltr'><strong>tunc</strong></span> <span class='ocrx_word' id='word_1_745' title='bbox 1338 5049 1434 5087; x_wconf 89' lang='lat' dir='ltr'><strong>nec</strong></span> <span class='ocrx_word' id='word_1_746' title='bbox 1463 5035 1586 5089; x_wconf 91' lang='lat' dir='ltr'><strong>boni</strong></span> <span class='ocrx_word' id='word_1_747' title='bbox 1616 5038 1793 5105; x_wconf 81' lang='lat' dir='ltr'><strong>Operis</strong></span> <span class='ocrx_word' id='word_1_748' title='bbox 1816 5038 1977 5090; x_wconf 89' lang='lat' dir='ltr'><strong>habe-</strong></span> 
     </span>
    </p>
   </div>
   <div class='ocr_carea' id='block_1_99' title="bbox 436 5116 1978 5193">
    <p class='ocr_par' dir='ltr' id='par_1_99' title="bbox 436 5116 1978 5193">
     <span class='ocr_line' id='line_1_99' title="bbox 436 5116 1978 5193; baseline 0.005 -22"><span class='ocrx_word' id='word_1_749' title='bbox 436 5128 518 5172; x_wconf 90' lang='lat' dir='ltr'><strong>ret</strong></span> <span class='ocrx_word' id='word_1_750' title='bbox 548 5116 792 5188; x_wconf 74' lang='lat' dir='ltr'><strong>gloriam,</strong></span> <span class='ocrx_word' id='word_1_751' title='bbox 819 5138 915 5177; x_wconf 90' lang='lat' dir='ltr'><strong>nec</strong></span> <span class='ocrx_word' id='word_1_752' title='bbox 937 5124 1057 5176; x_wconf 90' lang='lat' dir='ltr'><strong>mali</strong></span> <span class='ocrx_word' id='word_1_753' title='bbox 1078 5139 1323 5191; x_wconf 74' lang='lat' dir='ltr'><strong>pmnam:</strong></span> <span class='ocrx_word' id='word_1_754' title='bbox 1354 5126 1445 5180; x_wconf 86' lang='lat' dir='ltr'><strong>sed</strong></span> <span class='ocrx_word' id='word_1_755' title='bbox 1486 5133 1629 5179; x_wconf 84' lang='lat' dir='ltr'><strong>esset</strong></span> <span class='ocrx_word' id='word_1_756' title='bbox 1668 5127 1817 5193; x_wconf 90' lang='lat' dir='ltr'><strong>quasi</strong></span> <span class='ocrx_word' id='word_1_757' title='bbox 1843 5142 1978 5179; x_wconf 89' lang='lat' dir='ltr'><strong>unus</strong></span> 
     </span>
    </p>
   </div>
   <div class='ocr_carea' id='block_1_100' title="bbox 438 5207 1191 5279">
    <p class='ocr_par' dir='ltr' id='par_1_100' title="bbox 438 5207 1191 5279">
     <span class='ocr_line' id='line_1_100' title="bbox 438 5207 1191 5279; baseline 0.007 -21"><span class='ocrx_word' id='word_1_758' title='bbox 438 5207 564 5277; x_wconf 73' lang='lat' dir='ltr'><strong>(AL,</strong></span> <span class='ocrx_word' id='word_1_759' title='bbox 588 5211 773 5279; x_wconf 85' lang='lat' dir='ltr'><strong>unum]</strong></span> <span class='ocrx_word' id='word_1_760' title='bbox 803 5227 865 5264; x_wconf 85' lang='lat' dir='ltr'><strong>ex</strong></span> <span class='ocrx_word' id='word_1_761' title='bbox 894 5211 1191 5279; x_wconf 87' lang='lat' dir='ltr'><strong>pecoribus.</strong></span> 
     </span>
    </p>
   </div>
   <div class='ocr_carea' id='block_1_101' title="bbox 506 5297 1975 5374">
    <p class='ocr_par' dir='ltr' id='par_1_101' title="bbox 506 5297 1975 5374">
     <span class='ocr_line' id='line_1_101' title="bbox 506 5297 1975 5374; baseline 0.007 -25"><span class='ocrx_word' id='word_1_762' title='bbox 506 5297 665 5351; x_wconf 83' lang='lat' dir='ltr'><strong>Inter.</strong></span> <span class='ocrx_word' id='word_1_763' title='bbox 692 5298 744 5351; x_wconf 86' lang='lat'><strong>6.</strong></span> <span class='ocrx_word' id='word_1_764' title='bbox 768 5298 875 5353; x_wconf 85' lang='lat' dir='ltr'><strong>Cur</strong></span> <span class='ocrx_word' id='word_1_765' title='bbox 899 5300 1082 5370; x_wconf 82' lang='lat' dir='ltr'><strong>[enim]</strong></span> <span class='ocrx_word' id='word_1_766' title='bbox 1109 5301 1159 5352; x_wconf 89' lang='lat' dir='ltr'><strong>in</strong></span> <span class='ocrx_word' id='word_1_767' title='bbox 1190 5304 1436 5369; x_wconf 89' lang='lat' dir='ltr'><strong>paradiso</strong></span> <span class='ocrx_word' id='word_1_768' title='bbox 1460 5306 1659 5374; x_wconf 87' lang='lat' dir='ltr'><strong>lignum</strong></span> <span class='ocrx_word' id='word_1_769' title='bbox 1692 5307 1812 5359; x_wconf 71' lang='lat' dir='ltr'><strong>vitm</strong></span> <span class='ocrx_word' id='word_1_770' title='bbox 1839 5314 1893 5360; x_wconf 91' lang='lat' dir='ltr'><strong>et</strong></span> <span class='ocrx_word' id='word_1_771' title='bbox 1912 5306 1975 5359; x_wconf 85' lang='lat' dir='ltr'><strong>li-</strong></span> 
     </span>
    </p>
   </div>
   <div class='ocr_carea' id='block_1_102' title="bbox 442 5388 1980 5465">
    <p class='ocr_par' dir='ltr' id='par_1_102' title="bbox 442 5388 1980 5465">
     <span class='ocr_line' id='line_1_102' title="bbox 442 5388 1980 5465; baseline 0.006 -27"><span class='ocrx_word' id='word_1_772' title='bbox 442 5402 597 5455; x_wconf 85' lang='lat' dir='ltr'><strong>gnum</strong></span> <span class='ocrx_word' id='word_1_773' title='bbox 621 5388 853 5442; x_wconf 66' lang='lat' dir='ltr'><strong>scientiae</strong></span> <span class='ocrx_word' id='word_1_774' title='bbox 874 5390 997 5443; x_wconf 80' lang='lat' dir='ltr'><strong>boni</strong></span> <span class='ocrx_word' id='word_1_775' title='bbox 1023 5400 1075 5443; x_wconf 89' lang='lat' dir='ltr'><strong>et</strong></span> <span class='ocrx_word' id='word_1_776' title='bbox 1096 5390 1216 5443; x_wconf 90' lang='lat' dir='ltr'><strong>mali</strong></span> <span class='ocrx_word' id='word_1_777' title='bbox 1238 5397 1477 5444; x_wconf 86' lang='lat' dir='ltr'><strong>creatum</strong></span> <span class='ocrx_word' id='word_1_778' title='bbox 1499 5396 1621 5446; x_wconf 83' lang='lat' dir='ltr'><strong>est?</strong></span> <span class='ocrx_word' id='word_1_779' title='bbox 1645 5424 1712 5435; x_wconf 92' lang='lat'><strong>—-</strong></span> <span class='ocrx_word' id='word_1_780' title='bbox 1733 5396 1885 5465; x_wconf 82' lang='lat' dir='ltr'><strong>Resp.</strong></span> <span class='ocrx_word' id='word_1_781' title='bbox 1914 5396 1980 5449; x_wconf 89' lang='lat' dir='ltr'><strong>Ut</strong></span> 
     </span>
    </p>
   </div>
   <div class='ocr_carea' id='block_1_103' title="bbox 443 5476 1977 5550">
    <p class='ocr_par' dir='ltr' id='par_1_103' title="bbox 443 5476 1977 5550">
     <span class='ocr_line' id='line_1_103' title="bbox 443 5476 1977 5550; baseline 0.006 -21"><span class='ocrx_word' id='word_1_782' title='bbox 443 5494 534 5544; x_wconf 77' lang='lat' dir='ltr'><strong>per</strong></span> <span class='ocrx_word' id='word_1_783' title='bbox 560 5476 681 5530; x_wconf 90' lang='lat' dir='ltr'><strong>illud</strong></span> <span class='ocrx_word' id='word_1_784' title='bbox 706 5480 961 5545; x_wconf 87' lang='lat' dir='ltr'><strong>potuisset</strong></span> <span class='ocrx_word' id='word_1_785' title='bbox 1004 5480 1159 5533; x_wconf 90' lang='lat' dir='ltr'><strong>homo</strong></span> <span class='ocrx_word' id='word_1_786' title='bbox 1190 5480 1499 5535; x_wconf 87' lang='lat' dir='ltr'><strong>immortalis</strong></span> <span class='ocrx_word' id='word_1_787' title='bbox 1542 5497 1695 5546; x_wconf 87' lang='lat' dir='ltr'><strong>esse,</strong></span> <span class='ocrx_word' id='word_1_788' title='bbox 1740 5500 1835 5550; x_wconf 88' lang='lat' dir='ltr'><strong>per</strong></span> <span class='ocrx_word' id='word_1_789' title='bbox 1878 5486 1977 5538; x_wconf 90' lang='lat' dir='ltr'><strong>hoc</strong></span> 
     </span>
    </p>
   </div>
   <div class='ocr_carea' id='block_1_104' title="bbox 442 5566 1978 5635">
    <p class='ocr_par' dir='ltr' id='par_1_104' title="bbox 442 5566 1978 5635">
     <span class='ocr_line' id='line_1_104' title="bbox 442 5566 1978 5635; baseline 0.004 -18"><span class='ocrx_word' id='word_1_790' title='bbox 442 5581 565 5618; x_wconf 83' lang='lat' dir='ltr'><strong>vero</strong></span> <span class='ocrx_word' id='word_1_791' title='bbox 590 5566 853 5631; x_wconf 89' lang='lat' dir='ltr'><strong>mortalis;</strong></span> <span class='ocrx_word' id='word_1_792' title='bbox 890 5568 1029 5634; x_wconf 88' lang='lat' dir='ltr'><strong>ligno</strong></span> <span class='ocrx_word' id='word_1_793' title='bbox 1056 5569 1175 5621; x_wconf 70' lang='lat' dir='ltr'><strong>vita:</strong></span> <span class='ocrx_word' id='word_1_794' title='bbox 1216 5569 1367 5635; x_wconf 86' lang='lat' dir='ltr'><strong>quasi</strong></span> <span class='ocrx_word' id='word_1_795' title='bbox 1398 5568 1683 5627; x_wconf 86' lang='lat' dir='ltr'><strong>medicina,</strong></span> <span class='ocrx_word' id='word_1_796' title='bbox 1718 5578 1775 5621; x_wconf 91' lang='lat' dir='ltr'><strong>ut</strong></span> <span class='ocrx_word' id='word_1_797' title='bbox 1804 5572 1978 5623; x_wconf 87' lang='lat' dir='ltr'><strong>incor-</strong></span> 
     </span>
    </p>
   </div>
   <div class='ocr_carea' id='block_1_105' title="bbox 514 5680 1829 5733">
    <p class='ocr_par' dir='ltr' id='par_1_105' title="bbox 514 5680 1829 5733">
     <span class='ocr_line' id='line_1_105' title="bbox 514 5680 1829 5733; baseline 0 -2"><span class='ocrx_word' id='word_1_798' title='bbox 514 5690 535 5716; x_wconf 79' lang='grc' dir='ltr'><strong>ι</strong></span> <span class='ocrx_word' id='word_1_799' title='bbox 564 5680 728 5731; x_wconf 79' lang='lat' dir='ltr'><strong>Verba</strong></span> <span class='ocrx_word' id='word_1_800' title='bbox 759 5690 802 5732; x_wconf 83' lang='lat' dir='ltr'><strong>et</strong></span> <span class='ocrx_word' id='word_1_801' title='bbox 826 5682 1078 5733; x_wconf 77' lang='lat' dir='ltr'><strong>creatione</strong></span> <span class='ocrx_word' id='word_1_802' title='bbox 1102 5682 1413 5733; x_wconf 77' lang='lat' dir='ltr'><strong>omittuntur</strong></span> <span class='ocrx_word' id='word_1_803' title='bbox 1441 5681 1489 5733; x_wconf 90' lang='lat' dir='ltr'><strong>in</strong></span> <span class='ocrx_word' id='word_1_804' title='bbox 1523 5680 1671 5733; x_wconf 83' lang='lat' dir='ltr'><strong>codd.</strong></span> <span class='ocrx_word' id='word_1_805' title='bbox 1705 5696 1829 5732; x_wconf 73' lang='lat' dir='ltr'><strong>mss.</strong></span> 
     </span>
    </p>
   </div>
   <div class='ocr_carea' id='block_1_106' title="bbox 2077 4481 3624 4553">
    <p class='ocr_par' dir='ltr' id='par_1_106' title="bbox 2077 4481 3624 4553">
     <span class='ocr_line' id='line_1_106' title="bbox 2077 4481 3624 4553; baseline 0.003 -19"><span class='ocrx_word' id='word_1_806' title='bbox 2077 4490 2296 4546; x_wconf 88' lang='lat' dir='ltr'><strong>rentur;</strong></span> <span class='ocrx_word' id='word_1_807' title='bbox 2328 4492 2380 4533; x_wconf 89' lang='lat' dir='ltr'><strong>et</strong></span> <span class='ocrx_word' id='word_1_808' title='bbox 2412 4488 2469 4533; x_wconf 89' lang='lat' dir='ltr'><strong>ut</strong></span> <span class='ocrx_word' id='word_1_809' title='bbox 2491 4490 2661 4533; x_wconf 88' lang='lat' dir='ltr'><strong>terror</strong></span> <span class='ocrx_word' id='word_1_810' title='bbox 2684 4481 2972 4549; x_wconf 70' lang='lat' dir='ltr'><strong>disciplince</strong></span> <span class='ocrx_word' id='word_1_811' title='bbox 3000 4483 3290 4551; x_wconf 83' lang='lat' dir='ltr'><strong>corrigeret</strong></span> <span class='ocrx_word' id='word_1_812' title='bbox 3316 4484 3624 4553; x_wconf 83' lang='lat' dir='ltr'><strong>delinquen-</strong></span> 
     </span>
    </p>
   </div>
   <div class='ocr_carea' id='block_1_107' title="bbox 2078 4570 3401 4634">
    <p class='ocr_par' dir='ltr' id='par_1_107' title="bbox 2078 4570 3401 4634">
     <span class='ocr_line' id='line_1_107' title="bbox 2078 4570 3401 4634; baseline 0.002 -10"><span class='ocrx_word' id='word_1_813' title='bbox 2078 4581 2173 4634; x_wconf 79' lang='lat' dir='ltr'><strong>tes,</strong></span> <span class='ocrx_word' id='word_1_814' title='bbox 2205 4580 2258 4624; x_wconf 86' lang='lat' dir='ltr'><strong>et</strong></span> <span class='ocrx_word' id='word_1_815' title='bbox 2282 4571 2435 4625; x_wconf 74' lang='lat' dir='ltr'><strong>[idem</strong></span> <span class='ocrx_word' id='word_1_816' title='bbox 2464 4570 2777 4625; x_wconf 79' lang='lat' dir='ltr'><strong>reforrnarct</strong></span> <span class='ocrx_word' id='word_1_817' title='bbox 2805 4574 2855 4624; x_wconf 90' lang='lat' dir='ltr'><strong>in</strong></span> <span class='ocrx_word' id='word_1_818' title='bbox 2886 4572 3072 4625; x_wconf 85' lang='lat' dir='ltr'><strong>Deum.</strong></span> <span class='ocrx_word' id='word_1_819' title='bbox 3398 4632 3401 4633; x_wconf 23' lang='grc' dir='ltr'><em>ν</em></span> 
     </span>
    </p>
   </div>
   <div class='ocr_carea' id='block_1_108' title="bbox 2146 4661 3621 4730">
    <p class='ocr_par' dir='ltr' id='par_1_108' title="bbox 2146 4661 3621 4730">
     <span class='ocr_line' id='line_1_108' title="bbox 2146 4661 3621 4730; baseline 0.002 -16"><span class='ocrx_word' id='word_1_820' title='bbox 2146 4662 2306 4715; x_wconf 83' lang='lat' dir='ltr'><strong>Inter.</strong></span> <span class='ocrx_word' id='word_1_821' title='bbox 2336 4662 2419 4714; x_wconf 81' lang='grc'><strong>15.</strong></span> <span class='ocrx_word' id='word_1_822' title='bbox 2455 4661 2521 4715; x_wconf 90' lang='lat' dir='ltr'><strong>Ut</strong></span> <span class='ocrx_word' id='word_1_823' title='bbox 2541 4662 2664 4729; x_wconf 90' lang='lat' dir='ltr'><strong>quid</strong></span> <span class='ocrx_word' id='word_1_824' title='bbox 2692 4661 2819 4715; x_wconf 82' lang='lat' dir='ltr'><strong>Abel</strong></span> <span class='ocrx_word' id='word_1_825' title='bbox 2848 4662 3166 4714; x_wconf 84' lang='lat' dir='ltr'><strong>sacrificium</strong></span> <span class='ocrx_word' id='word_1_826' title='bbox 3198 4672 3497 4730; x_wconf 84' lang='lat' dir='ltr'><strong>susceptum</strong></span> <span class='ocrx_word' id='word_1_827' title='bbox 3521 4671 3621 4727; x_wconf 80' lang='lat' dir='ltr'><strong>est,</strong></span> 
     </span>
    </p>
   </div>
   <div class='ocr_carea' id='block_1_109' title="bbox 2074 4749 3623 4821">
    <p class='ocr_par' dir='ltr' id='par_1_109' title="bbox 2074 4749 3623 4821">
     <span class='ocr_line' id='line_1_109' title="bbox 2074 4749 3623 4821; baseline 0.001 -16"><span class='ocrx_word' id='word_1_828' title='bbox 2074 4760 2127 4805; x_wconf 91' lang='lat' dir='ltr'><strong>et</strong></span> <span class='ocrx_word' id='word_1_829' title='bbox 2149 4752 2275 4807; x_wconf 88' lang='lat' dir='ltr'><strong>Cain</strong></span> <span class='ocrx_word' id='word_1_830' title='bbox 2303 4750 2758 4818; x_wconf 54' lang='lat' dir='ltr'><strong>refutatuthen.</strong></span> <span class='ocrx_word' id='word_1_831' title='bbox 2785 4768 2854 4813; x_wconf 85' lang='lat' dir='ltr'><strong>Iv,</strong></span> <span class='ocrx_word' id='word_1_832' title='bbox 2888 4750 2979 4819; x_wconf 68' lang='lat'><strong>4)?</strong></span> <span class='ocrx_word' id='word_1_833' title='bbox 3008 4782 3073 4789; x_wconf 92' lang='lat'><strong>-—</strong></span> <span class='ocrx_word' id='word_1_834' title='bbox 3106 4749 3253 4819; x_wconf 74' lang='lat' dir='ltr'><strong>Resp.</strong></span> <span class='ocrx_word' id='word_1_835' title='bbox 3292 4751 3469 4821; x_wconf 66' lang='lat' dir='ltr'><strong>[Quia]</strong></span> <span class='ocrx_word' id='word_1_836' title='bbox 3496 4752 3623 4806; x_wconf 80' lang='lat' dir='ltr'><strong>Abel</strong></span> 
     </span>
    </p>
   </div>
   <div class='ocr_carea' id='block_1_110' title="bbox 2076 4830 3622 4909">
    <p class='ocr_par' dir='ltr' id='par_1_110' title="bbox 2076 4830 3622 4909">
     <span class='ocr_line' id='line_1_110' title="bbox 2076 4830 3622 4909; baseline -0.001 -14"><span class='ocrx_word' id='word_1_837' title='bbox 2076 4842 2185 4895; x_wconf 90' lang='lat' dir='ltr'><strong>Deo</strong></span> <span class='ocrx_word' id='word_1_838' title='bbox 2208 4843 2404 4909; x_wconf 89' lang='lat' dir='ltr'><strong>optima</strong></span> <span class='ocrx_word' id='word_1_839' title='bbox 2432 4851 2484 4893; x_wconf 91' lang='lat' dir='ltr'><strong>et</strong></span> <span class='ocrx_word' id='word_1_840' title='bbox 2525 4841 2779 4894; x_wconf 88' lang='lat' dir='ltr'><strong>naturalia</strong></span> <span class='ocrx_word' id='word_1_841' title='bbox 2818 4839 3091 4900; x_wconf 83' lang='lat' dir='ltr'><strong>offerebat,</strong></span> <span class='ocrx_word' id='word_1_842' title='bbox 3124 4840 3251 4891; x_wconf 89' lang='lat' dir='ltr'><strong>Cain</strong></span> <span class='ocrx_word' id='word_1_843' title='bbox 3286 4856 3408 4893; x_wconf 82' lang='lat' dir='ltr'><strong>vero</strong></span> <span class='ocrx_word' id='word_1_844' title='bbox 3440 4830 3622 4894; x_wconf 79' lang='lat' dir='ltr'><strong>viliora</strong></span> 
     </span>
    </p>
   </div>
   <div class='ocr_carea' id='block_1_111' title="bbox 2076 4928 3386 4995">
    <p class='ocr_par' dir='ltr' id='par_1_111' title="bbox 2076 4928 3386 4995">
     <span class='ocr_line' id='line_1_111' title="bbox 2076 4928 3386 4995; baseline -0.001 -14"><span class='ocrx_word' id='word_1_845' title='bbox 2076 4939 2128 4981; x_wconf 92' lang='lat' dir='ltr'><strong>et</strong></span> <span class='ocrx_word' id='word_1_846' title='bbox 2162 4930 2389 4981; x_wconf 89' lang='lat' dir='ltr'><strong>humana</strong></span> <span class='ocrx_word' id='word_1_847' title='bbox 2414 4929 2709 4981; x_wconf 89' lang='lat' dir='ltr'><strong>inventione</strong></span> <span class='ocrx_word' id='word_1_848' title='bbox 2732 4928 3046 4995; x_wconf 70' lang='lat' dir='ltr'><strong>excogitata,</strong></span> <span class='ocrx_word' id='word_1_849' title='bbox 3078 4936 3131 4977; x_wconf 92' lang='lat' dir='ltr'><strong>ut</strong></span> <span class='ocrx_word' id='word_1_850' title='bbox 3156 4936 3386 4995; x_wconf 84' lang='lat' dir='ltr'><strong>putatur.</strong></span> 
     </span>
    </p>
   </div>
   <div class='ocr_carea' id='block_1_112' title="bbox 2147 5034 3621 5103">
    <p class='ocr_par' dir='ltr' id='par_1_112' title="bbox 2147 5034 3621 5103">
     <span class='ocr_line' id='line_1_112' title="bbox 2147 5034 3621 5103; baseline 0.001 -16"><span class='ocrx_word' id='word_1_851' title='bbox 2147 5036 2307 5087; x_wconf 82' lang='lat' dir='ltr'><strong>Inter.</strong></span> <span class='ocrx_word' id='word_1_852' title='bbox 2342 5035 2421 5087; x_wconf 84' lang='grc'><strong>16.</strong></span> <span class='ocrx_word' id='word_1_853' title='bbox 2445 5034 2549 5088; x_wconf 89' lang='lat' dir='ltr'><strong>Cur</strong></span> <span class='ocrx_word' id='word_1_854' title='bbox 2570 5034 2698 5086; x_wconf 83' lang='lat' dir='ltr'><strong>Abel</strong></span> <span class='ocrx_word' id='word_1_855' title='bbox 2721 5035 2769 5085; x_wconf 91' lang='lat' dir='ltr'><strong>in</strong></span> <span class='ocrx_word' id='word_1_856' title='bbox 2794 5034 3074 5102; x_wconf 82' lang='lat' dir='ltr'><strong>Evangelio</strong></span> <span class='ocrx_word' id='word_1_857' title='bbox 3100 5035 3621 5103; x_wconf 79' lang='lat' dir='ltr'><strong>singulariterjustus</strong></span> 
     </span>
    </p>
   </div>
   <div class='ocr_carea' id='block_1_113' title="bbox 2077 5122 3619 5194">
    <p class='ocr_par' dir='ltr' id='par_1_113' title="bbox 2077 5122 3619 5194">
     <span class='ocr_line' id='line_1_113' title="bbox 2077 5122 3619 5194; baseline -0.003 -15"><span class='ocrx_word' id='word_1_858' title='bbox 2077 5129 2377 5179; x_wconf 87' lang='lat' dir='ltr'><strong>nominatur</strong></span> <span class='ocrx_word' id='word_1_859' title='bbox 2424 5124 2633 5194; x_wconf 76' lang='lat' dir='ltr'><strong>(Matth.</strong></span> <span class='ocrx_word' id='word_1_860' title='bbox 2679 5140 2807 5176; x_wconf 74' lang='grc' dir='ltr'>χχιιι</span> <span class='ocrx_word' id='word_1_861' title='bbox 2831 5164 2845 5186; x_wconf 86' lang='grc'>,</span> <span class='ocrx_word' id='word_1_862' title='bbox 2875 5125 3004 5192; x_wconf 73' lang='lat'><strong>35)?</strong></span> <span class='ocrx_word' id='word_1_863' title='bbox 3034 5154 3101 5163; x_wconf 90' lang='lat'><strong>—</strong></span> <span class='ocrx_word' id='word_1_864' title='bbox 3131 5122 3278 5189; x_wconf 81' lang='lat' dir='ltr'><strong>Resp.</strong></span> <span class='ocrx_word' id='word_1_865' title='bbox 3313 5122 3489 5192; x_wconf 69' lang='lat' dir='ltr'><strong>[Quia]</strong></span> <span class='ocrx_word' id='word_1_866' title='bbox 3523 5127 3619 5176; x_wconf 89' lang='lat' dir='ltr'><strong>tria</strong></span> 
     </span>
    </p>
   </div>
   <div class='ocr_carea' id='block_1_114' title="bbox 2077 5211 3622 5284">
    <p class='ocr_par' dir='ltr' id='par_1_114' title="bbox 2077 5211 3622 5284">
     <span class='ocr_line' id='line_1_114' title="bbox 2077 5211 3622 5284; baseline -0.006 -14"><span class='ocrx_word' id='word_1_867' title='bbox 2077 5218 2306 5270; x_wconf 77' lang='lat' dir='ltr'><strong>maxima</strong></span> <span class='ocrx_word' id='word_1_868' title='bbox 2337 5215 2464 5284; x_wconf 79' lang='lat' dir='ltr'><strong>[Al.,</strong></span> <span class='ocrx_word' id='word_1_869' title='bbox 2488 5211 2999 5281; x_wconf 71' lang='lat' dir='ltr'><strong>maximae]-justitiaz</strong></span> <span class='ocrx_word' id='word_1_870' title='bbox 3030 5212 3290 5277; x_wconf 70' lang='lat' dir='ltr'><strong>pta-conia</strong></span> <span class='ocrx_word' id='word_1_871' title='bbox 3326 5213 3375 5264; x_wconf 92' lang='lat' dir='ltr'><strong>in</strong></span> <span class='ocrx_word' id='word_1_872' title='bbox 3406 5227 3469 5263; x_wconf 90' lang='lat' dir='ltr'><strong>eo</strong></span> <span class='ocrx_word' id='word_1_873' title='bbox 3506 5229 3622 5265; x_wconf 79' lang='lat' dir='ltr'><strong>esse</strong></span> 
     </span>
    </p>
   </div>
   <div class='ocr_carea' id='block_1_115' title="bbox 2076 5302 3619 5377">
    <p class='ocr_par' dir='ltr' id='par_1_115' title="bbox 2076 5302 3619 5377">
     <span class='ocr_line' id='line_1_115' title="bbox 2076 5302 3619 5377; baseline -0.006 -16"><span class='ocrx_word' id='word_1_874' title='bbox 2076 5308 2350 5377; x_wconf 87' lang='lat' dir='ltr'><strong>leguntur,</strong></span> <span class='ocrx_word' id='word_1_875' title='bbox 2378 5305 2683 5372; x_wconf 86' lang='lat' dir='ltr'><strong>virginitas,</strong></span> <span class='ocrx_word' id='word_1_876' title='bbox 2730 5304 3083 5356; x_wconf 84' lang='lat' dir='ltr'><strong>sacerdotium</strong></span> <span class='ocrx_word' id='word_1_877' title='bbox 3131 5302 3263 5373; x_wconf 75' lang='lat' dir='ltr'><strong>[et]</strong></span> <span class='ocrx_word' id='word_1_878' title='bbox 3310 5302 3619 5367; x_wconf 78' lang='lat' dir='ltr'><strong>martyrium</strong></span> 
     </span>
    </p>
   </div>
   <div class='ocr_carea' id='block_1_116' title="bbox 2042 5390 3621 5468">
    <p class='ocr_par' dir='ltr' id='par_1_116' title="bbox 2042 5390 3621 5468">
     <span class='ocr_line' id='line_1_116' title="bbox 2042 5390 3621 5468; baseline -0.007 -17"><span class='ocrx_word' id='word_1_879' title='bbox 2042 5422 2045 5425; x_wconf 48' lang='grc' dir='ltr'><strong>ι</strong></span> <span class='ocrx_word' id='word_1_880' title='bbox 2080 5399 2207 5468; x_wconf 72' lang='lat' dir='ltr'><strong>ML,</strong></span> <span class='ocrx_word' id='word_1_881' title='bbox 2233 5395 2548 5464; x_wconf 79' lang='lat' dir='ltr'><strong>virginitatis</strong></span> <span class='ocrx_word' id='word_1_882' title='bbox 2591 5395 2925 5447; x_wconf 87' lang='lat' dir='ltr'><strong>sacerdotum</strong></span> <span class='ocrx_word' id='word_1_883' title='bbox 2955 5403 3007 5447; x_wconf 89' lang='lat' dir='ltr'><strong>et</strong></span> <span class='ocrx_word' id='word_1_884' title='bbox 3044 5390 3383 5462; x_wconf 72' lang='lat' dir='ltr'><strong>martyrum],</strong></span> <span class='ocrx_word' id='word_1_885' title='bbox 3411 5392 3462 5443; x_wconf 90' lang='lat' dir='ltr'><strong>in</strong></span> <span class='ocrx_word' id='word_1_886' title='bbox 3499 5390 3621 5459; x_wconf 84' lang='lat' dir='ltr'><strong>qui-</strong></span> 
     </span>
    </p>
   </div>
   <div class='ocr_carea' id='block_1_117' title="bbox 2077 5478 3623 5555">
    <p class='ocr_par' dir='ltr' id='par_1_117' title="bbox 2077 5478 3623 5555">
     <span class='ocr_line' id='line_1_117' title="bbox 2077 5478 3623 5555; baseline -0.006 -14"><span class='ocrx_word' id='word_1_887' title='bbox 2077 5490 2175 5541; x_wconf 91' lang='lat' dir='ltr'><strong>hns</strong></span> <span class='ocrx_word' id='word_1_888' title='bbox 2196 5487 2396 5555; x_wconf 88' lang='lat' dir='ltr'><strong>primus</strong></span> <span class='ocrx_word' id='word_1_889' title='bbox 2419 5482 2613 5534; x_wconf 83' lang='lat' dir='ltr'><strong>Christi</strong></span> <span class='ocrx_word' id='word_1_890' title='bbox 2642 5484 2860 5552; x_wconf 83' lang='lat' dir='ltr'><strong>tiguram</strong></span> <span class='ocrx_word' id='word_1_891' title='bbox 2883 5484 3062 5551; x_wconf 82' lang='lat' dir='ltr'><strong>gessit,</strong></span> <span class='ocrx_word' id='word_1_892' title='bbox 3089 5480 3177 5549; x_wconf 89' lang='lat' dir='ltr'><strong>qui</strong></span> <span class='ocrx_word' id='word_1_893' title='bbox 3214 5478 3311 5533; x_wconf 89' lang='lat' dir='ltr'><strong>fuit</strong></span> <span class='ocrx_word' id='word_1_894' title='bbox 3340 5480 3507 5548; x_wconf 85' lang='lat' dir='ltr'><strong>virgo,</strong></span> <span class='ocrx_word' id='word_1_895' title='bbox 3532 5491 3623 5532; x_wconf 85' lang='lat' dir='ltr'><strong>sa-</strong></span> 
     </span>
    </p>
   </div>
   <div class='ocr_carea' id='block_1_118' title="bbox 2079 5578 2591 5640">
    <p class='ocr_par' dir='ltr' id='par_1_118' title="bbox 2079 5578 2591 5640">
     <span class='ocr_line' id='line_1_118' title="bbox 2079 5578 2591 5640; baseline -0.008 -13"><span class='ocrx_word' id='word_1_896' title='bbox 2079 5578 2263 5629; x_wconf 77' lang='lat' dir='ltr'><strong>cerdos</strong></span> <span class='ocrx_word' id='word_1_897' title='bbox 2290 5582 2336 5624; x_wconf 84' lang='lat' dir='ltr'><strong>ct</strong></span> <span class='ocrx_word' id='word_1_898' title='bbox 2376 5582 2591 5640; x_wconf 70' lang='lat' dir='ltr'><strong>martyr.</strong></span> 
     </span>
    </p>
   </div>
  </div>
