  <div class='ocr_page' id='page_1' title='image "/cluster/home/n/w/nwhite01/storage/ocr_20150623/100/uva.x000827058/267.png"; bbox 0 0 4258 6198; ppageno 0'>
   <div class='ocr_carea' id='block_1_1' title="bbox 610 313 712 368">
    <p class='ocr_par' dir='ltr' id='par_1_1' title="bbox 610 313 712 368">
     <span class='ocr_line' id='line_1_1' title="bbox 610 313 712 368; baseline -0.02 0"><span class='ocrx_word' id='word_1_1' title='bbox 610 313 712 368; x_wconf 66' lang='lat' dir='ltr'><strong>dli!</strong></span> 
     </span>
    </p>
   </div>
   <div class='ocr_carea' id='block_1_2' title="bbox 1476 281 2992 362">
    <p class='ocr_par' dir='ltr' id='par_1_2' title="bbox 1476 281 2992 362">
     <span class='ocr_line' id='line_1_2' title="bbox 1476 281 2992 362; baseline -0.001 -3"><span class='ocrx_word' id='word_1_2' title='bbox 1476 304 1533 359; x_wconf 72' lang='grc' dir='ltr'>ιι.</span> <span class='ocrx_word' id='word_1_3' title='bbox 1572 304 1633 360; x_wconf 69' lang='grc' dir='ltr'><strong>ιν.</strong></span> <span class='ocrx_word' id='word_1_4' title='bbox 1673 303 1895 359; x_wconf 61' lang='grc' dir='ltr'>Αιιιιιςι</span> <span class='ocrx_word' id='word_1_5' title='bbox 1932 302 2064 360; x_wconf 74' lang='lat' dir='ltr'><strong>seu</strong></span> <span class='ocrx_word' id='word_1_6' title='bbox 2100 300 2370 359; x_wconf 79' lang='lat' dir='ltr'><strong>ALCUINI</strong></span> <span class='ocrx_word' id='word_1_7' title='bbox 2404 301 2684 362; x_wconf 71' lang='lat' dir='ltr'><strong>orntum</strong></span> <span class='ocrx_word' id='word_1_8' title='bbox 2722 281 2899 361; x_wconf 66' lang='lat' dir='ltr'><strong>esas</strong></span> <span class='ocrx_word' id='word_1_9' title='bbox 2932 302 2992 359; x_wconf 86' lang='grc' dir='ltr'>ιι.</span> 
     </span>
    </p>
   </div>
   <div class='ocr_carea' id='block_1_3' title="bbox 3636 302 3815 360">
    <p class='ocr_par' dir='ltr' id='par_1_3' title="bbox 3636 302 3815 360">
     <span class='ocr_line' id='line_1_3' title="bbox 3636 302 3815 360; baseline 0 0"><span class='ocrx_word' id='word_1_10' title='bbox 3636 336 3646 343; x_wconf 87' lang='lat'><strong>-</strong></span> <span class='ocrx_word' id='word_1_11' title='bbox 3710 302 3815 360; x_wconf 73' lang='lat'><strong>520</strong></span> 
     </span>
    </p>
   </div>
   <div class='ocr_carea' id='block_1_4' title="bbox 683 439 3819 516">
    <p class='ocr_par' dir='ltr' id='par_1_4' title="bbox 683 439 3819 516">
     <span class='ocr_line' id='line_1_4' title="bbox 683 439 3819 516; baseline -0.001 -16"><span class='ocrx_word' id='word_1_12' title='bbox 683 447 842 500; x_wconf 88' lang='lat' dir='ltr'><strong><em>Inter.</em></strong></span> <span class='ocrx_word' id='word_1_13' title='bbox 877 447 956 500; x_wconf 80' lang='grc' dir='ltr'><strong>Π.</strong></span> <span class='ocrx_word' id='word_1_14' title='bbox 989 446 1164 514; x_wconf 88' lang='lat' dir='ltr'><strong>Quare</strong></span> <span class='ocrx_word' id='word_1_15' title='bbox 1194 447 1372 500; x_wconf 80' lang='lat' dir='ltr'><strong>Enocli</strong></span> <span class='ocrx_word' id='word_1_16' title='bbox 1410 454 1558 501; x_wconf 85' lang='lat' dir='ltr'><strong>tanto</strong></span> <span class='ocrx_word' id='word_1_17' title='bbox 1579 450 1829 516; x_wconf 86' lang='lat' dir='ltr'><strong>tempore</strong></span> <span class='ocrx_word' id='word_1_18' title='bbox 1848 442 2160 500; x_wconf 70' lang='lat' dir='ltr'><strong>servabatur</strong></span> <span class='ocrx_word' id='word_1_19' title='bbox 2186 443 2234 504; x_wconf 74' lang='grc' dir='ltr'>Α</span> <span class='ocrx_word' id='word_1_20' title='bbox 2259 445 2595 514; x_wconf 85' lang='lat' dir='ltr'><strong>incomposita</strong></span> <span class='ocrx_word' id='word_1_21' title='bbox 2628 444 2787 515; x_wconf 79' lang='lat' dir='ltr'><strong>(Ibid.</strong></span> <span class='ocrx_word' id='word_1_22' title='bbox 2810 460 2875 497; x_wconf 79' lang='lat' dir='ltr'><strong>ea:</strong></span> <span class='ocrx_word' id='word_1_23' title='bbox 2900 458 3028 497; x_wconf 71' lang='lat' dir='ltr'><strong><em>vers.</em></strong></span> <span class='ocrx_word' id='word_1_24' title='bbox 3060 439 3258 510; x_wconf 69' lang='lat' dir='ltr'><strong>LXX)?</strong></span> <span class='ocrx_word' id='word_1_25' title='bbox 3295 470 3361 479; x_wconf 87' lang='lat'><strong>—-</strong></span> <span class='ocrx_word' id='word_1_26' title='bbox 3395 439 3547 509; x_wconf 84' lang='lat' dir='ltr'><strong><em>Resp.</em></strong></span> <span class='ocrx_word' id='word_1_27' title='bbox 3574 439 3819 498; x_wconf 75' lang='lat' dir='ltr'><strong>Invisibi-</strong></span> 
     </span>
    </p>
   </div>
   <div class='ocr_carea' id='block_1_5' title="bbox 610 530 2162 610">
    <p class='ocr_par' dir='ltr' id='par_1_5' title="bbox 610 530 2162 610">
     <span class='ocr_line' id='line_1_5' title="bbox 610 530 2162 610; baseline -0.006 -17"><span class='ocrx_word' id='word_1_28' title='bbox 610 554 641 593; x_wconf 75' lang='grc' dir='ltr'><strong>ι</strong></span> <span class='ocrx_word' id='word_1_29' title='bbox 662 545 831 593; x_wconf 84' lang='lat' dir='ltr'><strong>morte</strong></span> <span class='ocrx_word' id='word_1_30' title='bbox 857 534 1007 610; x_wconf 82' lang='lat' dir='ltr'><strong><em>(Gen.</em></strong></span> <span class='ocrx_word' id='word_1_31' title='bbox 1037 553 1087 601; x_wconf 89' lang='lat' dir='ltr'><strong>v,</strong></span> <span class='ocrx_word' id='word_1_32' title='bbox 1115 536 1205 608; x_wconf 77' lang='lat'><strong>25)</strong></span> <span class='ocrx_word' id='word_1_33' title='bbox 1227 536 1250 589; x_wconf 85' lang='lat'><strong>?</strong></span> <span class='ocrx_word' id='word_1_34' title='bbox 1276 564 1341 574; x_wconf 89' lang='lat'><strong>--</strong></span> <span class='ocrx_word' id='word_1_35' title='bbox 1364 534 1516 605; x_wconf 85' lang='lat' dir='ltr'><strong><em>Resp.</em></strong></span> <span class='ocrx_word' id='word_1_36' title='bbox 1547 533 1617 589; x_wconf 86' lang='lat' dir='ltr'><strong>Ut</strong></span> <span class='ocrx_word' id='word_1_37' title='bbox 1643 534 2013 589; x_wconf 69' lang='lat' dir='ltr'><strong>ostenderetur</strong></span> <span class='ocrx_word' id='word_1_38' title='bbox 2036 530 2162 601; x_wconf 86' lang='lat' dir='ltr'><strong>quid</strong></span> 
     </span>
    </p>
   </div>
   <div class='ocr_carea' id='block_1_6' title="bbox 607 628 1969 698">
    <p class='ocr_par' dir='ltr' id='par_1_6' title="bbox 607 628 1969 698">
     <span class='ocr_line' id='line_1_6' title="bbox 607 628 1969 698; baseline -0.006 -12"><span class='ocrx_word' id='word_1_39' title='bbox 607 642 793 686; x_wconf 85' lang='lat' dir='ltr'><strong>omnes</strong></span> <span class='ocrx_word' id='word_1_40' title='bbox 822 628 1063 684; x_wconf 81' lang='lat' dir='ltr'><strong>homines</strong></span> <span class='ocrx_word' id='word_1_41' title='bbox 1087 628 1404 698; x_wconf 87' lang='lat' dir='ltr'><strong>potuissent,</strong></span> <span class='ocrx_word' id='word_1_42' title='bbox 1427 628 1472 680; x_wconf 87' lang='lat' dir='ltr'><strong>si</strong></span> <span class='ocrx_word' id='word_1_43' title='bbox 1500 641 1606 680; x_wconf 90' lang='lat' dir='ltr'><strong>non</strong></span> <span class='ocrx_word' id='word_1_44' title='bbox 1634 634 1969 695; x_wconf 80' lang='lat' dir='ltr'><strong>peccassent.</strong></span> 
     </span>
    </p>
   </div>
   <div class='ocr_carea' id='block_1_7' title="bbox 680 713 2159 784">
    <p class='ocr_par' dir='ltr' id='par_1_7' title="bbox 680 713 2159 784">
     <span class='ocr_line' id='line_1_7' title="bbox 680 713 2159 784; baseline -0.005 -10"><span class='ocrx_word' id='word_1_45' title='bbox 680 719 844 774; x_wconf 80' lang='lat' dir='ltr'><strong>Inter.</strong></span> <span class='ocrx_word' id='word_1_46' title='bbox 877 718 961 775; x_wconf 80' lang='grc'><strong>18.</strong></span> <span class='ocrx_word' id='word_1_47' title='bbox 995 720 1103 773; x_wconf 88' lang='lat' dir='ltr'><strong>Cur</strong></span> <span class='ocrx_word' id='word_1_48' title='bbox 1132 717 1268 771; x_wconf 90' lang='lat' dir='ltr'><strong>idem</strong></span> <span class='ocrx_word' id='word_1_49' title='bbox 1308 716 1492 771; x_wconf 83' lang='lat' dir='ltr'><strong>Enoch</strong></span> <span class='ocrx_word' id='word_1_50' title='bbox 1524 716 1813 769; x_wconf 88' lang='lat' dir='ltr'><strong>moriturus</strong></span> <span class='ocrx_word' id='word_1_51' title='bbox 1856 723 1939 769; x_wconf 91' lang='lat' dir='ltr'><strong>est</strong></span> <span class='ocrx_word' id='word_1_52' title='bbox 1969 713 2159 784; x_wconf 80' lang='lat' dir='ltr'><strong><em>(Apoc.</em></strong></span> 
     </span>
    </p>
   </div>
   <div class='ocr_carea' id='block_1_8' title="bbox 2266 526 3819 601">
    <p class='ocr_par' dir='ltr' id='par_1_8' title="bbox 2266 526 3819 601">
     <span class='ocr_line' id='line_1_8' title="bbox 2266 526 3819 601; baseline -0.003 -14"><span class='ocrx_word' id='word_1_53' title='bbox 2266 533 2332 587; x_wconf 89' lang='lat' dir='ltr'><strong>lis</strong></span> <span class='ocrx_word' id='word_1_54' title='bbox 2350 539 2567 601; x_wconf 80' lang='lat' dir='ltr'><strong>propter</strong></span> <span class='ocrx_word' id='word_1_55' title='bbox 2589 532 2995 595; x_wconf 71' lang='lat' dir='ltr'><strong>obscuritatem;</strong></span> <span class='ocrx_word' id='word_1_56' title='bbox 3030 528 3377 598; x_wconf 84' lang='lat' dir='ltr'><strong>incomposita</strong></span> <span class='ocrx_word' id='word_1_57' title='bbox 3403 534 3621 597; x_wconf 77' lang='lat' dir='ltr'><strong>propter</strong></span> <span class='ocrx_word' id='word_1_58' title='bbox 3643 526 3819 584; x_wconf 85' lang='lat' dir='ltr'><strong>defor-</strong></span> 
     </span>
    </p>
   </div>
   <div class='ocr_carea' id='block_1_9' title="bbox 2266 624 3561 678">
    <p class='ocr_par' dir='ltr' id='par_1_9' title="bbox 2266 624 3561 678">
     <span class='ocr_line' id='line_1_9' title="bbox 2266 624 3561 678; baseline -0.001 0"><span class='ocrx_word' id='word_1_59' title='bbox 2266 624 2531 678; x_wconf 85' lang='lat' dir='ltr'><strong>mitatem.</strong></span> <span class='ocrx_word' id='word_1_60' title='bbox 3552 630 3561 643; x_wconf 95' lang='lat'>&#39;</span> 
     </span>
    </p>
   </div>
   <div class='ocr_carea' id='block_1_10' title="bbox 2334 703 3816 779">
    <p class='ocr_par' dir='ltr' id='par_1_10' title="bbox 2334 703 3816 779">
     <span class='ocr_line' id='line_1_10' title="bbox 2334 703 3816 779; baseline -0.001 -14"><span class='ocrx_word' id='word_1_61' title='bbox 2334 709 2499 765; x_wconf 82' lang='lat' dir='ltr'><strong><em>Inter.</em></strong></span> <span class='ocrx_word' id='word_1_62' title='bbox 2534 710 2622 765; x_wconf 75' lang='lat'><strong>31.</strong></span> <span class='ocrx_word' id='word_1_63' title='bbox 2652 703 2789 776; x_wconf 82' lang='lat' dir='ltr'><strong>Quid</strong></span> <span class='ocrx_word' id='word_1_64' title='bbox 2836 718 2920 765; x_wconf 88' lang='lat' dir='ltr'><strong>est</strong></span> <span class='ocrx_word' id='word_1_65' title='bbox 2969 708 3109 779; x_wconf 88' lang='lat' dir='ltr'><strong>quod</strong></span> <span class='ocrx_word' id='word_1_66' title='bbox 3153 708 3351 763; x_wconf 89' lang='lat' dir='ltr'><strong>dicitur</strong></span> <span class='ocrx_word' id='word_1_67' title='bbox 3388 717 3403 759; x_wconf 69' lang='grc' dir='ltr'>ξ</span> <span class='ocrx_word' id='word_1_68' title='bbox 3450 705 3595 760; x_wconf 70' lang='lat' dir='ltr'><strong>Dixit</strong></span> <span class='ocrx_word' id='word_1_69' title='bbox 3643 704 3816 775; x_wconf 76' lang='lat' dir='ltr'><strong><em>Deus,</em></strong></span> 
     </span>
    </p>
   </div>
   <div class='ocr_carea' id='block_1_11' title="bbox 611 797 3819 880">
    <p class='ocr_par' dir='ltr' id='par_1_11' title="bbox 611 797 3819 880">
     <span class='ocr_line' id='line_1_11' title="bbox 611 797 3819 880; baseline -0.004 -15"><span class='ocrx_word' id='word_1_70' title='bbox 611 826 689 875; x_wconf 79' lang='lat' dir='ltr'><strong>xi,</strong></span> <span class='ocrx_word' id='word_1_71' title='bbox 718 808 782 880; x_wconf 78' lang='grc'><strong>5)</strong></span> <span class='ocrx_word' id='word_1_72' title='bbox 803 810 827 862; x_wconf 68' lang='grc'><strong><em>2</em></strong></span> <span class='ocrx_word' id='word_1_73' title='bbox 852 838 920 849; x_wconf 89' lang='grc'><strong><em>-</em></strong></span> <span class='ocrx_word' id='word_1_74' title='bbox 946 807 1098 877; x_wconf 84' lang='lat' dir='ltr'><strong><em>Resp.</em></strong></span> <span class='ocrx_word' id='word_1_75' title='bbox 1127 805 1196 861; x_wconf 90' lang='lat' dir='ltr'><strong>Ut</strong></span> <span class='ocrx_word' id='word_1_76' title='bbox 1213 804 1447 859; x_wconf 84' lang='lat' dir='ltr'><strong>debitum</strong></span> <span class='ocrx_word' id='word_1_77' title='bbox 1472 803 1644 859; x_wconf 86' lang='lat' dir='ltr'><strong>solvat</strong></span> <span class='ocrx_word' id='word_1_78' title='bbox 1667 803 1914 856; x_wconf 71' lang='lat' dir='ltr'><strong>humana:</strong></span> <span class='ocrx_word' id='word_1_79' title='bbox 1940 808 2162 863; x_wconf 66' lang='lat' dir='ltr'><strong>naturae.</strong></span> <span class='ocrx_word' id='word_1_80' title='bbox 2262 803 2355 870; x_wconf 79' lang='lat' dir='ltr'><strong>ﬁat</strong></span> <span class='ocrx_word' id='word_1_81' title='bbox 2380 800 2473 855; x_wconf 74' lang='lat' dir='ltr'><strong>tua:</strong></span> <span class='ocrx_word' id='word_1_82' title='bbox 2510 799 2659 872; x_wconf 81' lang='lat' dir='ltr'><strong><em>(vers.</em></strong></span> <span class='ocrx_word' id='word_1_83' title='bbox 2690 800 2779 872; x_wconf 77' lang='lat'><strong>3)?</strong></span> <span class='ocrx_word' id='word_1_84' title='bbox 2804 830 2870 840; x_wconf 89' lang='lat'><strong><em>—</em></strong></span> <span class='ocrx_word' id='word_1_85' title='bbox 2897 800 3053 871; x_wconf 93' lang='lat' dir='ltr'><strong><em>Resp.</em></strong></span> <span class='ocrx_word' id='word_1_86' title='bbox 3080 800 3245 864; x_wconf 74' lang='lat' dir='ltr'><strong>Dixit,</strong></span> <span class='ocrx_word' id='word_1_87' title='bbox 3271 815 3371 869; x_wconf 88' lang='lat' dir='ltr'><strong>pro</strong></span> <span class='ocrx_word' id='word_1_88' title='bbox 3397 797 3544 863; x_wconf 79' lang='lat' dir='ltr'><strong>fecit,</strong></span> <span class='ocrx_word' id='word_1_89' title='bbox 3591 800 3819 870; x_wconf 82' lang='lat' dir='ltr'><strong>scriptor</strong></span> 
     </span>
    </p>
   </div>
   <div class='ocr_carea' id='block_1_12' title="bbox 610 885 3819 968">
    <p class='ocr_par' dir='ltr' id='par_1_12' title="bbox 610 885 3819 968">
     <span class='ocr_line' id='line_1_12' title="bbox 610 885 3819 968; baseline -0.002 -16"><span class='ocrx_word' id='word_1_90' title='bbox 610 906 667 952; x_wconf 92' lang='lat' dir='ltr'><strong>et</strong></span> <span class='ocrx_word' id='word_1_91' title='bbox 688 897 829 968; x_wconf 88' lang='lat' dir='ltr'><strong>quod</strong></span> <span class='ocrx_word' id='word_1_92' title='bbox 848 895 1087 951; x_wconf 75' lang='lat' dir='ltr'><strong>Christus</strong></span> <span class='ocrx_word' id='word_1_93' title='bbox 1111 893 1275 948; x_wconf 86' lang='lat' dir='ltr'><strong>voluit</strong></span> <span class='ocrx_word' id='word_1_94' title='bbox 1295 891 1446 964; x_wconf 79' lang='lat' dir='ltr'><strong><em>[Ms.,</em></strong></span> <span class='ocrx_word' id='word_1_95' title='bbox 1470 888 1680 961; x_wconf 86' lang='lat' dir='ltr'><strong>noluit],</strong></span> <span class='ocrx_word' id='word_1_96' title='bbox 1702 886 1881 944; x_wconf 80' lang='lat' dir='ltr'><strong>nullus</strong></span> <span class='ocrx_word' id='word_1_97' title='bbox 1898 888 2085 959; x_wconf 83' lang='lat' dir='ltr'><strong>possit,</strong></span> <span class='ocrx_word' id='word_1_98' title='bbox 2113 885 2167 942; x_wconf 87' lang='lat' dir='ltr'><strong>id</strong></span> <span class='ocrx_word' id='word_1_99' title='bbox 2263 893 2459 963; x_wconf 86' lang='lat' dir='ltr'><strong>posuit,</strong></span> <span class='ocrx_word' id='word_1_100' title='bbox 2475 900 2533 945; x_wconf 90' lang='lat' dir='ltr'><strong>ut</strong></span> <span class='ocrx_word' id='word_1_101' title='bbox 2556 891 2881 947; x_wconf 86' lang='lat' dir='ltr'><strong>celeritatem</strong></span> <span class='ocrx_word' id='word_1_102' title='bbox 2903 891 2986 947; x_wconf 87' lang='lat' dir='ltr'><strong>vel</strong></span> <span class='ocrx_word' id='word_1_103' title='bbox 3011 890 3319 946; x_wconf 79' lang='lat' dir='ltr'><strong>facilitatem</strong></span> <span class='ocrx_word' id='word_1_104' title='bbox 3339 891 3516 962; x_wconf 88' lang='lat' dir='ltr'><strong>operis</strong></span> <span class='ocrx_word' id='word_1_105' title='bbox 3528 891 3621 945; x_wconf 87' lang='lat' dir='ltr'><strong>Dei</strong></span> <span class='ocrx_word' id='word_1_106' title='bbox 3645 899 3819 946; x_wconf 80' lang='lat' dir='ltr'><strong>osten-</strong></span> 
     </span>
    </p>
   </div>
   <div class='ocr_carea' id='block_1_13' title="bbox 612 986 1031 1051">
    <p class='ocr_par' dir='ltr' id='par_1_13' title="bbox 612 986 1031 1051">
     <span class='ocr_line' id='line_1_13' title="bbox 612 986 1031 1051; baseline -0.01 -8"><span class='ocrx_word' id='word_1_107' title='bbox 612 994 715 1051; x_wconf 87' lang='lat' dir='ltr'><strong>est,</strong></span> <span class='ocrx_word' id='word_1_108' title='bbox 742 1002 851 1042; x_wconf 87' lang='lat' dir='ltr'><strong>non</strong></span> <span class='ocrx_word' id='word_1_109' title='bbox 874 986 1031 1041; x_wconf 91' lang='lat' dir='ltr'><strong>mori.</strong></span> 
     </span>
    </p>
   </div>
   <div class='ocr_carea' id='block_1_14' title="bbox 682 1067 2165 1142">
    <p class='ocr_par' dir='ltr' id='par_1_14' title="bbox 682 1067 2165 1142">
     <span class='ocr_line' id='line_1_14' title="bbox 682 1067 2165 1142; baseline -0.007 -11"><span class='ocrx_word' id='word_1_110' title='bbox 682 1077 845 1132; x_wconf 82' lang='lat' dir='ltr'><strong><em>Inter.</em></strong></span> <span class='ocrx_word' id='word_1_111' title='bbox 872 1077 953 1131; x_wconf 83' lang='lat' dir='ltr'><strong>l9.</strong></span> <span class='ocrx_word' id='word_1_112' title='bbox 979 1075 1119 1141; x_wconf 85' lang='lat' dir='ltr'><strong>Quot</strong></span> <span class='ocrx_word' id='word_1_113' title='bbox 1141 1073 1312 1128; x_wconf 89' lang='lat' dir='ltr'><strong>modis</strong></span> <span class='ocrx_word' id='word_1_114' title='bbox 1331 1080 1414 1127; x_wconf 90' lang='lat' dir='ltr'><strong>est</strong></span> <span class='ocrx_word' id='word_1_115' title='bbox 1431 1072 1673 1142; x_wconf 86' lang='lat' dir='ltr'><strong>operatio</strong></span> <span class='ocrx_word' id='word_1_116' title='bbox 1693 1069 1903 1124; x_wconf 81' lang='lat' dir='ltr'><strong>divina?</strong></span> <span class='ocrx_word' id='word_1_117' title='bbox 1924 1099 1992 1109; x_wconf 92' lang='lat'><strong><em>—</em></strong></span> <span class='ocrx_word' id='word_1_118' title='bbox 2014 1067 2165 1136; x_wconf 89' lang='lat' dir='ltr'><strong><em>Resp.</em></strong></span> 
     </span>
    </p>
   </div>
   <div class='ocr_carea' id='block_1_15' title="bbox 611 1158 2171 1237">
    <p class='ocr_par' dir='ltr' id='par_1_15' title="bbox 611 1158 2171 1237">
     <span class='ocr_line' id='line_1_15' title="bbox 611 1158 2171 1237; baseline -0.007 -14"><span class='ocrx_word' id='word_1_119' title='bbox 611 1169 869 1237; x_wconf 82' lang='lat' dir='ltr'><strong>Quatuor.</strong></span> <span class='ocrx_word' id='word_1_120' title='bbox 895 1166 1074 1220; x_wconf 88' lang='lat' dir='ltr'><strong>Primo</strong></span> <span class='ocrx_word' id='word_1_121' title='bbox 1095 1206 1109 1229; x_wconf 94' lang='lat'><strong>,</strong></span> <span class='ocrx_word' id='word_1_122' title='bbox 1145 1164 1287 1235; x_wconf 87' lang='lat' dir='ltr'><strong>quod</strong></span> <span class='ocrx_word' id='word_1_123' title='bbox 1328 1164 1382 1217; x_wconf 91' lang='lat' dir='ltr'><strong>in</strong></span> <span class='ocrx_word' id='word_1_124' title='bbox 1421 1163 1569 1217; x_wconf 80' lang='lat' dir='ltr'><strong>verbi</strong></span> <span class='ocrx_word' id='word_1_125' title='bbox 1602 1159 1742 1233; x_wconf 87' lang='lat' dir='ltr'><strong>[Dei]</strong></span> <span class='ocrx_word' id='word_1_126' title='bbox 1777 1158 2171 1230; x_wconf 82' lang='lat' dir='ltr'><strong>diSpensatione</strong></span> 
     </span>
    </p>
   </div>
   <div class='ocr_carea' id='block_1_16' title="bbox 610 1246 2170 1323">
    <p class='ocr_par' dir='ltr' id='par_1_16' title="bbox 610 1246 2170 1323">
     <span class='ocr_line' id='line_1_16' title="bbox 610 1246 2170 1323; baseline -0.007 -12"><span class='ocrx_word' id='word_1_127' title='bbox 610 1257 792 1313; x_wconf 87' lang='lat' dir='ltr'><strong>omnia</strong></span> <span class='ocrx_word' id='word_1_128' title='bbox 811 1263 1009 1323; x_wconf 71' lang='lat' dir='ltr'><strong>aeterna</strong></span> <span class='ocrx_word' id='word_1_129' title='bbox 1030 1262 1172 1308; x_wconf 85' lang='lat' dir='ltr'><strong>sunt.</strong></span> <span class='ocrx_word' id='word_1_130' title='bbox 1189 1252 1455 1314; x_wconf 86' lang='lat' dir='ltr'><strong>Secundo,</strong></span> <span class='ocrx_word' id='word_1_131' title='bbox 1475 1250 1614 1319; x_wconf 84' lang='lat' dir='ltr'><strong>quod</strong></span> <span class='ocrx_word' id='word_1_132' title='bbox 1635 1249 1689 1303; x_wconf 92' lang='lat' dir='ltr'><strong>in</strong></span> <span class='ocrx_word' id='word_1_133' title='bbox 1711 1247 1935 1303; x_wconf 82' lang='lat' dir='ltr'><strong>materia</strong></span> <span class='ocrx_word' id='word_1_134' title='bbox 1956 1246 2170 1301; x_wconf 81' lang='lat' dir='ltr'><strong>informi</strong></span> 
     </span>
    </p>
   </div>
   <div class='ocr_carea' id='block_1_17' title="bbox 610 1334 2167 1419">
    <p class='ocr_par' dir='ltr' id='par_1_17' title="bbox 610 1334 2167 1419">
     <span class='ocr_line' id='line_1_17' title="bbox 610 1334 2167 1419; baseline -0.006 -19"><span class='ocrx_word' id='word_1_135' title='bbox 610 1347 701 1419; x_wconf 76' lang='lat' dir='ltr'><strong>qui</strong></span> <span class='ocrx_word' id='word_1_136' title='bbox 745 1346 863 1400; x_wconf 70' lang='lat' dir='ltr'><strong><em>vivit</em></strong></span> <span class='ocrx_word' id='word_1_137' title='bbox 902 1346 957 1397; x_wconf 89' lang='lat' dir='ltr'><strong>in</strong></span> <span class='ocrx_word' id='word_1_138' title='bbox 1000 1352 1249 1397; x_wconf 80' lang='lat' dir='ltr'><strong><em>teternum</em></strong></span> <span class='ocrx_word' id='word_1_139' title='bbox 1275 1379 1290 1406; x_wconf 94' lang='lat'><strong>,</strong></span> <span class='ocrx_word' id='word_1_140' title='bbox 1341 1340 1527 1394; x_wconf 83' lang='lat' dir='ltr'><strong><em>ereavit</em></strong></span> <span class='ocrx_word' id='word_1_141' title='bbox 1570 1339 1743 1392; x_wconf 83' lang='lat' dir='ltr'><strong>omnia</strong></span> <span class='ocrx_word' id='word_1_142' title='bbox 1786 1337 1941 1391; x_wconf 84' lang='lat' dir='ltr'><strong>simul</strong></span> <span class='ocrx_word' id='word_1_143' title='bbox 1983 1334 2167 1410; x_wconf 81' lang='lat' dir='ltr'><strong>(Eccl.</strong></span> 
     </span>
    </p>
   </div>
   <div class='ocr_carea' id='block_1_18' title="bbox 611 1428 2173 1506">
    <p class='ocr_par' dir='ltr' id='par_1_18' title="bbox 611 1428 2173 1506">
     <span class='ocr_line' id='line_1_18' title="bbox 611 1428 2173 1506; baseline -0.005 -14"><span class='ocrx_word' id='word_1_144' title='bbox 611 1452 765 1500; x_wconf 84' lang='lat' dir='ltr'><strong>xvm,</strong></span> <span class='ocrx_word' id='word_1_145' title='bbox 799 1434 872 1506; x_wconf 82' lang='lat' dir='ltr'><strong>i).</strong></span> <span class='ocrx_word' id='word_1_146' title='bbox 899 1432 1100 1496; x_wconf 82' lang='lat' dir='ltr'><strong>Tertio,</strong></span> <span class='ocrx_word' id='word_1_147' title='bbox 1134 1430 1275 1501; x_wconf 88' lang='lat' dir='ltr'><strong>quod</strong></span> <span class='ocrx_word' id='word_1_148' title='bbox 1316 1444 1411 1501; x_wconf 90' lang='lat' dir='ltr'><strong>per</strong></span> <span class='ocrx_word' id='word_1_149' title='bbox 1446 1444 1607 1500; x_wconf 85' lang='lat' dir='ltr'><strong>opera</strong></span> <span class='ocrx_word' id='word_1_150' title='bbox 1635 1429 1840 1484; x_wconf 90' lang='lat' dir='ltr'><strong>dierum</strong></span> <span class='ocrx_word' id='word_1_151' title='bbox 1879 1441 1971 1482; x_wconf 87' lang='lat' dir='ltr'><strong>sex</strong></span> <span class='ocrx_word' id='word_1_152' title='bbox 1995 1428 2173 1484; x_wconf 84' lang='lat' dir='ltr'><strong>varias</strong></span> 
     </span>
    </p>
   </div>
   <div class='ocr_carea' id='block_1_19' title="bbox 613 1518 2173 1589">
    <p class='ocr_par' dir='ltr' id='par_1_19' title="bbox 613 1518 2173 1589">
     <span class='ocr_line' id='line_1_19' title="bbox 613 1518 2173 1589; baseline -0.004 -9"><span class='ocrx_word' id='word_1_153' title='bbox 613 1526 856 1582; x_wconf 75' lang='lat' dir='ltr'><strong>distinxit</strong></span> <span class='ocrx_word' id='word_1_154' title='bbox 886 1529 1177 1578; x_wconf 87' lang='lat' dir='ltr'><strong>creaturas.</strong></span> <span class='ocrx_word' id='word_1_155' title='bbox 1204 1520 1440 1587; x_wconf 87' lang='lat' dir='ltr'><strong>Quarto,</strong></span> <span class='ocrx_word' id='word_1_156' title='bbox 1470 1519 1612 1589; x_wconf 91' lang='lat' dir='ltr'><strong>quod</strong></span> <span class='ocrx_word' id='word_1_157' title='bbox 1640 1534 1706 1573; x_wconf 92' lang='lat' dir='ltr'><strong>ex</strong></span> <span class='ocrx_word' id='word_1_158' title='bbox 1743 1518 2173 1589; x_wconf 76' lang='lat' dir='ltr'><strong>primordialibus</strong></span> 
     </span>
    </p>
   </div>
   <div class='ocr_carea' id='block_1_20' title="bbox 604 1592 2173 1681">
    <p class='ocr_par' dir='ltr' id='par_1_20' title="bbox 604 1592 2173 1681">
     <span class='ocr_line' id='line_1_20' title="bbox 604 1592 2173 1681; baseline -0.006 -9"><span class='ocrx_word' id='word_1_159' title='bbox 604 1592 906 1672; x_wconf 72' lang='lat' dir='ltr'><strong>seminibus</strong></span> <span class='ocrx_word' id='word_1_160' title='bbox 932 1628 1035 1667; x_wconf 91' lang='lat' dir='ltr'><strong>non</strong></span> <span class='ocrx_word' id='word_1_161' title='bbox 1065 1610 1347 1681; x_wconf 70' lang='lat' dir='ltr'><strong>incognitae</strong></span> <span class='ocrx_word' id='word_1_162' title='bbox 1374 1609 1621 1663; x_wconf 90' lang='lat' dir='ltr'><strong>oriuntur</strong></span> <span class='ocrx_word' id='word_1_163' title='bbox 1654 1617 1875 1672; x_wconf 65' lang='lat' dir='ltr'><strong>naturae,</strong></span> <span class='ocrx_word' id='word_1_164' title='bbox 1909 1609 2004 1662; x_wconf 87' lang='lat' dir='ltr'><strong>sed</strong></span> <span class='ocrx_word' id='word_1_165' title='bbox 2033 1615 2173 1663; x_wconf 74' lang='lat' dir='ltr'><strong>nota:</strong></span> 
     </span>
    </p>
   </div>
   <div class='ocr_carea' id='block_1_21' title="bbox 614 1699 1584 1777">
    <p class='ocr_par' dir='ltr' id='par_1_21' title="bbox 614 1699 1584 1777">
     <span class='ocr_line' id='line_1_21' title="bbox 614 1699 1584 1777; baseline -0.01 -15"><span class='ocrx_word' id='word_1_166' title='bbox 614 1706 825 1777; x_wconf 64' lang='lat' dir='ltr'><strong>saepius,</strong></span> <span class='ocrx_word' id='word_1_167' title='bbox 855 1719 920 1758; x_wconf 92' lang='lat' dir='ltr'><strong>ne</strong></span> <span class='ocrx_word' id='word_1_168' title='bbox 944 1701 1184 1773; x_wconf 75' lang='lat' dir='ltr'><strong>pereant,</strong></span> <span class='ocrx_word' id='word_1_169' title='bbox 1209 1699 1584 1755; x_wconf 80' lang='lat' dir='ltr'><strong>reformantur.</strong></span> 
     </span>
    </p>
   </div>
   <div class='ocr_carea' id='block_1_22' title="bbox 2267 981 2435 1037">
    <p class='ocr_par' dir='ltr' id='par_1_22' title="bbox 2267 981 2435 1037">
     <span class='ocr_line' id='line_1_22' title="bbox 2267 981 2435 1037; baseline -0.006 -1"><span class='ocrx_word' id='word_1_170' title='bbox 2267 981 2435 1037; x_wconf 82' lang='lat' dir='ltr'><strong>deret.</strong></span> 
     </span>
    </p>
   </div>
   <div class='ocr_carea' id='block_1_23' title="bbox 2337 1071 3819 1145">
    <p class='ocr_par' dir='ltr' id='par_1_23' title="bbox 2337 1071 3819 1145">
     <span class='ocr_line' id='line_1_23' title="bbox 2337 1071 3819 1145; baseline 0 -18"><span class='ocrx_word' id='word_1_171' title='bbox 2337 1071 2499 1127; x_wconf 82' lang='lat' dir='ltr'><strong><em>Inter.</em></strong></span> <span class='ocrx_word' id='word_1_172' title='bbox 2535 1073 2623 1127; x_wconf 78' lang='lat'><strong>32.</strong></span> <span class='ocrx_word' id='word_1_173' title='bbox 2664 1074 2801 1141; x_wconf 85' lang='lat' dir='ltr'><strong>Quid</strong></span> <span class='ocrx_word' id='word_1_174' title='bbox 2843 1082 2926 1129; x_wconf 89' lang='lat' dir='ltr'><strong>est</strong></span> <span class='ocrx_word' id='word_1_175' title='bbox 2958 1094 2970 1127; x_wconf 93' lang='lat'><strong>:</strong></span> <span class='ocrx_word' id='word_1_176' title='bbox 3002 1072 3286 1145; x_wconf 79' lang='lat' dir='ltr'><strong><em>Appellavit</em></strong></span> <span class='ocrx_word' id='word_1_177' title='bbox 3316 1074 3452 1129; x_wconf 86' lang='lat' dir='ltr'><strong><em>Deus</em></strong></span> <span class='ocrx_word' id='word_1_178' title='bbox 3484 1073 3649 1129; x_wconf 84' lang='lat' dir='ltr'><strong>lucem</strong></span> <span class='ocrx_word' id='word_1_179' title='bbox 3685 1074 3819 1127; x_wconf 75' lang='lat' dir='ltr'><strong>diem</strong></span> 
     </span>
    </p>
   </div>
   <div class='ocr_carea' id='block_1_24' title="bbox 2269 1160 3470 1234">
    <p class='ocr_par' dir='ltr' id='par_1_24' title="bbox 2269 1160 3470 1234">
     <span class='ocr_line' id='line_1_24' title="bbox 2269 1160 3470 1234; baseline 0 -17"><span class='ocrx_word' id='word_1_180' title='bbox 2269 1160 2421 1233; x_wconf 83' lang='lat' dir='ltr'><strong><em>(vers.</em></strong></span> <span class='ocrx_word' id='word_1_181' title='bbox 2452 1160 2544 1234; x_wconf 85' lang='lat'><strong>5)?</strong></span> <span class='ocrx_word' id='word_1_182' title='bbox 2569 1194 2641 1203; x_wconf 93' lang='lat'><strong><em>—</em></strong></span> <span class='ocrx_word' id='word_1_183' title='bbox 2668 1164 2823 1234; x_wconf 88' lang='lat' dir='ltr'><strong><em>Resp.</em></strong></span> <span class='ocrx_word' id='word_1_184' title='bbox 2847 1164 2903 1219; x_wconf 90' lang='lat' dir='ltr'><strong><em>Id</em></strong></span> <span class='ocrx_word' id='word_1_185' title='bbox 2928 1172 3028 1229; x_wconf 90' lang='lat' dir='ltr'><strong>est,</strong></span> <span class='ocrx_word' id='word_1_186' title='bbox 3054 1164 3303 1234; x_wconf 89' lang='lat' dir='ltr'><strong>appellari</strong></span> <span class='ocrx_word' id='word_1_187' title='bbox 3324 1164 3470 1219; x_wconf 86' lang='lat' dir='ltr'><strong>fecit.</strong></span> 
     </span>
    </p>
   </div>
   <div class='ocr_carea' id='block_1_25' title="bbox 2338 1251 3824 1329">
    <p class='ocr_par' dir='ltr' id='par_1_25' title="bbox 2338 1251 3824 1329">
     <span class='ocr_line' id='line_1_25' title="bbox 2338 1251 3824 1329; baseline 0.002 -24"><span class='ocrx_word' id='word_1_188' title='bbox 2338 1251 2501 1329; x_wconf 79' lang='lat' dir='ltr'><strong><em>Inter.</em></strong></span> <span class='ocrx_word' id='word_1_189' title='bbox 2531 1254 2615 1307; x_wconf 75' lang='lat'><strong>53.</strong></span> <span class='ocrx_word' id='word_1_190' title='bbox 2659 1253 2833 1320; x_wconf 87' lang='lat' dir='ltr'><strong>Quare</strong></span> <span class='ocrx_word' id='word_1_191' title='bbox 2869 1256 3038 1323; x_wconf 91' lang='lat' dir='ltr'><strong>prima</strong></span> <span class='ocrx_word' id='word_1_192' title='bbox 3070 1255 3156 1310; x_wconf 87' lang='lat' dir='ltr'><strong>die</strong></span> <span class='ocrx_word' id='word_1_193' title='bbox 3180 1254 3267 1310; x_wconf 83' lang='lat' dir='ltr'><strong>lux</strong></span> <span class='ocrx_word' id='word_1_194' title='bbox 3290 1264 3469 1309; x_wconf 77' lang='lat' dir='ltr'><strong>creata</strong></span> <span class='ocrx_word' id='word_1_195' title='bbox 3498 1254 3721 1323; x_wconf 75' lang='lat' dir='ltr'><strong>legitur?</strong></span> <span class='ocrx_word' id='word_1_196' title='bbox 3754 1282 3824 1296; x_wconf 77' lang='grc' dir='ltr'><strong>-ο</strong></span> 
     </span>
    </p>
   </div>
   <div class='ocr_carea' id='block_1_26' title="bbox 2272 1341 3822 1421">
    <p class='ocr_par' dir='ltr' id='par_1_26' title="bbox 2272 1341 3822 1421">
     <span class='ocr_line' id='line_1_26' title="bbox 2272 1341 3822 1421; baseline 0.003 -26"><span class='ocrx_word' id='word_1_197' title='bbox 2272 1341 2427 1412; x_wconf 88' lang='lat' dir='ltr'><strong><em>Resp.</em></strong></span> <span class='ocrx_word' id='word_1_198' title='bbox 2454 1342 2708 1413; x_wconf 89' lang='lat' dir='ltr'><strong>Congruit</strong></span> <span class='ocrx_word' id='word_1_199' title='bbox 2727 1345 2975 1412; x_wconf 83' lang='lat' dir='ltr'><strong>operibus</strong></span> <span class='ocrx_word' id='word_1_200' title='bbox 2997 1343 3109 1408; x_wconf 89' lang='lat' dir='ltr'><strong>Dei,</strong></span> <span class='ocrx_word' id='word_1_201' title='bbox 3128 1352 3185 1421; x_wconf 85' lang='lat' dir='ltr'><strong>ut</strong></span> <span class='ocrx_word' id='word_1_202' title='bbox 3205 1344 3375 1413; x_wconf 88' lang='lat' dir='ltr'><strong>prima</strong></span> <span class='ocrx_word' id='word_1_203' title='bbox 3396 1343 3483 1398; x_wconf 89' lang='lat' dir='ltr'><strong>die</strong></span> <span class='ocrx_word' id='word_1_204' title='bbox 3500 1360 3529 1397; x_wconf 91' lang='lat' dir='ltr'><strong>a</strong></span> <span class='ocrx_word' id='word_1_205' title='bbox 3557 1342 3705 1415; x_wconf 76' lang='lat' dir='ltr'><strong><em>[Ms.,</em></strong></span> <span class='ocrx_word' id='word_1_206' title='bbox 3733 1342 3822 1418; x_wconf 79' lang='lat' dir='ltr'><strong>de]</strong></span> 
     </span>
    </p>
   </div>
   <div class='ocr_carea' id='block_1_27' title="bbox 2271 1430 3826 1503">
    <p class='ocr_par' dir='ltr' id='par_1_27' title="bbox 2271 1430 3826 1503">
     <span class='ocr_line' id='line_1_27' title="bbox 2271 1430 3826 1503; baseline 0.002 -19"><span class='ocrx_word' id='word_1_207' title='bbox 2271 1430 2389 1485; x_wconf 90' lang='lat' dir='ltr'><strong>luce</strong></span> <span class='ocrx_word' id='word_1_208' title='bbox 2409 1438 2606 1487; x_wconf 69' lang='lat' dir='ltr'><strong>aeterna</strong></span> <span class='ocrx_word' id='word_1_209' title='bbox 2624 1431 2710 1486; x_wconf 75' lang='lat' dir='ltr'><strong>lux</strong></span> <span class='ocrx_word' id='word_1_210' title='bbox 2734 1433 3037 1502; x_wconf 86' lang='lat' dir='ltr'><strong>temporalis</strong></span> <span class='ocrx_word' id='word_1_211' title='bbox 3057 1434 3229 1503; x_wconf 88' lang='lat' dir='ltr'><strong>primo</strong></span> <span class='ocrx_word' id='word_1_212' title='bbox 3255 1431 3425 1497; x_wconf 80' lang='lat' dir='ltr'><strong>ﬂeret,</strong></span> <span class='ocrx_word' id='word_1_213' title='bbox 3438 1441 3498 1487; x_wconf 92' lang='lat' dir='ltr'><strong>ut</strong></span> <span class='ocrx_word' id='word_1_214' title='bbox 3520 1442 3663 1488; x_wconf 86' lang='lat' dir='ltr'><strong>esset</strong></span> <span class='ocrx_word' id='word_1_215' title='bbox 3684 1433 3826 1488; x_wconf 81' lang='lat' dir='ltr'><strong>unde</strong></span> 
     </span>
    </p>
   </div>
   <div class='ocr_carea' id='block_1_28' title="bbox 2270 1530 3233 1595">
    <p class='ocr_par' dir='ltr' id='par_1_28' title="bbox 2270 1530 3233 1595">
     <span class='ocr_line' id='line_1_28' title="bbox 2270 1530 3233 1595; baseline -0.001 -20"><span class='ocrx_word' id='word_1_216' title='bbox 2270 1530 2463 1576; x_wconf 66' lang='lat' dir='ltr'><strong>cetera</strong></span> <span class='ocrx_word' id='word_1_217' title='bbox 2639 1530 2863 1586; x_wconf 86' lang='lat' dir='ltr'><strong>crearet,</strong></span> <span class='ocrx_word' id='word_1_218' title='bbox 2901 1530 3233 1592; x_wconf 88' lang='lat' dir='ltr'><strong>apparerent.</strong></span> 
     </span>
    </p>
   </div>
   <div class='ocr_carea' id='block_1_29' title="bbox 2340 1608 3857 1679">
    <p class='ocr_par' dir='ltr' id='par_1_29' title="bbox 2340 1608 3857 1679">
     <span class='ocr_line' id='line_1_29' title="bbox 2340 1608 3857 1679; baseline 0.002 -17"><span class='ocrx_word' id='word_1_219' title='bbox 2340 1608 2501 1663; x_wconf 82' lang='lat' dir='ltr'><strong><em>Inter.</em></strong></span> <span class='ocrx_word' id='word_1_220' title='bbox 2530 1610 2613 1664; x_wconf 71' lang='lat'><strong>54.</strong></span> <span class='ocrx_word' id='word_1_221' title='bbox 2646 1609 2781 1675; x_wconf 77' lang='lat' dir='ltr'><strong>Quid</strong></span> <span class='ocrx_word' id='word_1_222' title='bbox 2819 1619 2900 1665; x_wconf 88' lang='lat' dir='ltr'><strong>est</strong></span> <span class='ocrx_word' id='word_1_223' title='bbox 2944 1630 2954 1663; x_wconf 90' lang='lat'><strong>:</strong></span> <span class='ocrx_word' id='word_1_224' title='bbox 3009 1610 3231 1664; x_wconf 84' lang='lat' dir='ltr'><strong>Factum</strong></span> <span class='ocrx_word' id='word_1_225' title='bbox 3268 1620 3341 1665; x_wconf 90' lang='lat' dir='ltr'><strong>est</strong></span> <span class='ocrx_word' id='word_1_226' title='bbox 3370 1626 3570 1679; x_wconf 84' lang='lat' dir='ltr'><strong><em>vespere</em></strong></span> <span class='ocrx_word' id='word_1_227' title='bbox 3598 1620 3645 1664; x_wconf 89' lang='lat' dir='ltr'><strong>et</strong></span> <span class='ocrx_word' id='word_1_228' title='bbox 3676 1626 3827 1665; x_wconf 81' lang='lat' dir='ltr'><strong><em>mane</em></strong></span> <span class='ocrx_word' id='word_1_229' title='bbox 3854 1630 3857 1631; x_wconf 65' lang='lat'><strong><em>&#39;</em></strong></span> 
     </span>
    </p>
   </div>
   <div class='ocr_carea' id='block_1_30' title="bbox 2270 1698 3828 1770">
    <p class='ocr_par' dir='ltr' id='par_1_30' title="bbox 2270 1698 3828 1770">
     <span class='ocr_line' id='line_1_30' title="bbox 2270 1698 3828 1770; baseline 0.001 -18"><span class='ocrx_word' id='word_1_230' title='bbox 2270 1699 2379 1752; x_wconf 83' lang='lat' dir='ltr'><strong><em>dies</em></strong></span> <span class='ocrx_word' id='word_1_231' title='bbox 2407 1715 2539 1753; x_wconf 85' lang='lat' dir='ltr'><strong>unus</strong></span> <span class='ocrx_word' id='word_1_232' title='bbox 2564 1698 2715 1770; x_wconf 73' lang='lat' dir='ltr'><strong><em>(vers.</em></strong></span> <span class='ocrx_word' id='word_1_233' title='bbox 2743 1699 2833 1769; x_wconf 79' lang='lat'><strong>5)?</strong></span> <span class='ocrx_word' id='word_1_234' title='bbox 2860 1706 2928 1739; x_wconf 89' lang='lat'><strong>—&#39;-</strong></span> <span class='ocrx_word' id='word_1_235' title='bbox 2961 1700 3109 1770; x_wconf 90' lang='lat' dir='ltr'><strong><em>Resp.</em></strong></span> <span class='ocrx_word' id='word_1_236' title='bbox 3134 1701 3189 1754; x_wconf 89' lang='lat' dir='ltr'><strong>id</strong></span> <span class='ocrx_word' id='word_1_237' title='bbox 3219 1709 3299 1755; x_wconf 84' lang='lat' dir='ltr'><strong>est</strong></span> <span class='ocrx_word' id='word_1_238' title='bbox 3326 1700 3447 1753; x_wconf 76' lang='lat' dir='ltr'><strong>linis</strong></span> <span class='ocrx_word' id='word_1_239' title='bbox 3488 1700 3667 1768; x_wconf 85' lang='lat' dir='ltr'><strong>operis</strong></span> <span class='ocrx_word' id='word_1_240' title='bbox 3706 1714 3828 1769; x_wconf 88' lang='lat' dir='ltr'><strong>per—</strong></span> 
     </span>
    </p>
   </div>
   <div class='ocr_carea' id='block_1_31' title="bbox 686 1772 3194 1862">
    <p class='ocr_par' dir='ltr' id='par_1_31' title="bbox 686 1772 3194 1862">
     <span class='ocr_line' id='line_1_31' title="bbox 686 1772 3194 1862; baseline -0.002 -13"><span class='ocrx_word' id='word_1_241' title='bbox 686 1772 848 1851; x_wconf 83' lang='lat' dir='ltr'><strong><em>Inter.</em></strong></span> <span class='ocrx_word' id='word_1_242' title='bbox 875 1772 965 1850; x_wconf 74' lang='lat'><strong>20.</strong></span> <span class='ocrx_word' id='word_1_243' title='bbox 994 1796 1122 1862; x_wconf 77' lang='lat' dir='ltr'><strong>Qua:</strong></span> <span class='ocrx_word' id='word_1_244' title='bbox 1149 1803 1413 1850; x_wconf 63' lang='lat' dir='ltr'><strong>creaturae</strong></span> <span class='ocrx_word' id='word_1_245' title='bbox 1437 1796 1503 1849; x_wconf 89' lang='lat' dir='ltr'><strong>de</strong></span> <span class='ocrx_word' id='word_1_246' title='bbox 1538 1795 1703 1849; x_wconf 83' lang='lat' dir='ltr'><strong>nihilo</strong></span> <span class='ocrx_word' id='word_1_247' title='bbox 1737 1793 1888 1850; x_wconf 63' lang='lat' dir='ltr'><strong>factae</strong></span> <span class='ocrx_word' id='word_1_248' title='bbox 1914 1796 2080 1849; x_wconf 80' lang='lat' dir='ltr'><strong>sunt?</strong></span> <span class='ocrx_word' id='word_1_249' title='bbox 2099 1824 2168 1834; x_wconf 92' lang='grc'><strong><em>-</em></strong></span> <span class='ocrx_word' id='word_1_250' title='bbox 2198 1772 2241 1832; x_wconf 71' lang='grc' dir='ltr'><strong>Β</strong></span> <span class='ocrx_word' id='word_1_251' title='bbox 2270 1788 2417 1854; x_wconf 90' lang='lat' dir='ltr'><strong>fecti,</strong></span> <span class='ocrx_word' id='word_1_252' title='bbox 2440 1797 2493 1843; x_wconf 92' lang='lat' dir='ltr'><strong>et</strong></span> <span class='ocrx_word' id='word_1_253' title='bbox 2520 1790 2731 1844; x_wconf 87' lang='lat' dir='ltr'><strong>initium</strong></span> <span class='ocrx_word' id='word_1_254' title='bbox 2760 1791 2936 1858; x_wconf 90' lang='lat' dir='ltr'><strong>operis</strong></span> <span class='ocrx_word' id='word_1_255' title='bbox 2958 1791 3194 1859; x_wconf 73' lang='lat' dir='ltr'><strong>incoepti.</strong></span> 
     </span>
    </p>
   </div>
   <div class='ocr_carea' id='block_1_32' title="bbox 618 1888 2167 1961">
    <p class='ocr_par' dir='ltr' id='par_1_32' title="bbox 618 1888 2167 1961">
     <span class='ocr_line' id='line_1_32' title="bbox 618 1888 2167 1961; baseline -0.001 -17"><span class='ocrx_word' id='word_1_256' title='bbox 618 1890 771 1961; x_wconf 88' lang='lat' dir='ltr'><strong><em>Resp.</em></strong></span> <span class='ocrx_word' id='word_1_257' title='bbox 794 1889 1015 1953; x_wconf 73' lang='lat' dir='ltr'><strong>leum,</strong></span> <span class='ocrx_word' id='word_1_258' title='bbox 1040 1897 1201 1955; x_wconf 88' lang='lat' dir='ltr'><strong>terra,</strong></span> <span class='ocrx_word' id='word_1_259' title='bbox 1226 1889 1415 1959; x_wconf 88' lang='lat' dir='ltr'><strong>angeli,</strong></span> <span class='ocrx_word' id='word_1_260' title='bbox 1438 1890 1548 1954; x_wconf 81' lang='lat' dir='ltr'><strong>lux,</strong></span> <span class='ocrx_word' id='word_1_261' title='bbox 1571 1904 1682 1954; x_wconf 89' lang='lat' dir='ltr'><strong>aer,</strong></span> <span class='ocrx_word' id='word_1_262' title='bbox 1708 1904 1845 1959; x_wconf 86' lang='lat' dir='ltr'><strong>aqua</strong></span> <span class='ocrx_word' id='word_1_263' title='bbox 1870 1888 1965 1961; x_wconf 90' lang='lat' dir='ltr'><strong>[et]</strong></span> <span class='ocrx_word' id='word_1_264' title='bbox 1989 1890 2167 1943; x_wconf 86' lang='lat' dir='ltr'><strong>anima</strong></span> 
     </span>
    </p>
   </div>
   <div class='ocr_carea' id='block_1_33' title="bbox 618 1980 868 2035">
    <p class='ocr_par' dir='ltr' id='par_1_33' title="bbox 618 1980 868 2035">
     <span class='ocr_line' id='line_1_33' title="bbox 618 1980 868 2035; baseline -0.004 -1"><span class='ocrx_word' id='word_1_265' title='bbox 618 1980 868 2035; x_wconf 89' lang='lat' dir='ltr'><strong>hominis.</strong></span> 
     </span>
    </p>
   </div>
   <div class='ocr_carea' id='block_1_34' title="bbox 688 2067 2172 2135">
    <p class='ocr_par' dir='ltr' id='par_1_34' title="bbox 688 2067 2172 2135">
     <span class='ocr_line' id='line_1_34' title="bbox 688 2067 2172 2135; baseline -0.003 -11"><span class='ocrx_word' id='word_1_266' title='bbox 688 2069 850 2124; x_wconf 86' lang='lat' dir='ltr'><strong><em>Inter.</em></strong></span> <span class='ocrx_word' id='word_1_267' title='bbox 900 2069 987 2123; x_wconf 87' lang='lat' dir='ltr'><strong>2i.</strong></span> <span class='ocrx_word' id='word_1_268' title='bbox 1034 2068 1174 2135; x_wconf 88' lang='lat' dir='ltr'><strong>Quot</strong></span> <span class='ocrx_word' id='word_1_269' title='bbox 1218 2068 1495 2124; x_wconf 89' lang='lat' dir='ltr'><strong>elementis</strong></span> <span class='ocrx_word' id='word_1_270' title='bbox 1543 2069 1770 2123; x_wconf 89' lang='lat' dir='ltr'><strong>mundus</strong></span> <span class='ocrx_word' id='word_1_271' title='bbox 1815 2067 2064 2122; x_wconf 78' lang='lat' dir='ltr'><strong>constat?</strong></span> <span class='ocrx_word' id='word_1_272' title='bbox 2104 2096 2172 2107; x_wconf 91' lang='lat'><strong>--</strong></span> 
     </span>
    </p>
   </div>
   <div class='ocr_carea' id='block_1_35' title="bbox 620 2157 1815 2229">
    <p class='ocr_par' dir='ltr' id='par_1_35' title="bbox 620 2157 1815 2229">
     <span class='ocr_line' id='line_1_35' title="bbox 620 2157 1815 2229; baseline -0.002 -16"><span class='ocrx_word' id='word_1_273' title='bbox 620 2157 772 2229; x_wconf 85' lang='lat' dir='ltr'><strong><em>Resp.</em></strong></span> <span class='ocrx_word' id='word_1_274' title='bbox 802 2157 1073 2224; x_wconf 90' lang='lat' dir='ltr'><strong>Quatuor:</strong></span> <span class='ocrx_word' id='word_1_275' title='bbox 1111 2160 1252 2229; x_wconf 84' lang='lat' dir='ltr'><strong>igne,</strong></span> <span class='ocrx_word' id='word_1_276' title='bbox 1290 2174 1434 2223; x_wconf 90' lang='lat' dir='ltr'><strong>aere,</strong></span> <span class='ocrx_word' id='word_1_277' title='bbox 1465 2174 1624 2228; x_wconf 90' lang='lat' dir='ltr'><strong>aqua,</strong></span> <span class='ocrx_word' id='word_1_278' title='bbox 1653 2168 1815 2212; x_wconf 84' lang='lat' dir='ltr'><strong>terra.</strong></span> 
     </span>
    </p>
   </div>
   <div class='ocr_carea' id='block_1_36' title="bbox 688 2247 2173 2318">
    <p class='ocr_par' dir='ltr' id='par_1_36' title="bbox 688 2247 2173 2318">
     <span class='ocr_line' id='line_1_36' title="bbox 688 2247 2173 2318; baseline -0.002 -13"><span class='ocrx_word' id='word_1_279' title='bbox 688 2249 850 2305; x_wconf 84' lang='lat' dir='ltr'><strong><em>Inter.</em></strong></span> <span class='ocrx_word' id='word_1_280' title='bbox 891 2250 978 2304; x_wconf 86' lang='lat'><strong>22.</strong></span> <span class='ocrx_word' id='word_1_281' title='bbox 1014 2248 1140 2315; x_wconf 68' lang='lat' dir='ltr'><strong>Qua:</strong></span> <span class='ocrx_word' id='word_1_282' title='bbox 1176 2260 1261 2304; x_wconf 90' lang='lat' dir='ltr'><strong>est</strong></span> <span class='ocrx_word' id='word_1_283' title='bbox 1298 2249 1626 2318; x_wconf 88' lang='lat' dir='ltr'><strong>singulorum</strong></span> <span class='ocrx_word' id='word_1_284' title='bbox 1656 2256 1849 2301; x_wconf 89' lang='lat' dir='ltr'><strong>natura</strong></span> <span class='ocrx_word' id='word_1_285' title='bbox 1882 2247 2173 2302; x_wconf 85' lang='lat' dir='ltr'><strong>elemento—</strong></span> 
     </span>
    </p>
   </div>
   <div class='ocr_carea' id='block_1_37' title="bbox 618 2338 2177 2410">
    <p class='ocr_par' dir='ltr' id='par_1_37' title="bbox 618 2338 2177 2410">
     <span class='ocr_line' id='line_1_37' title="bbox 618 2338 2177 2410; baseline -0.004 -15"><span class='ocrx_word' id='word_1_286' title='bbox 618 2341 783 2395; x_wconf 81' lang='lat' dir='ltr'><strong>rum?</strong></span> <span class='ocrx_word' id='word_1_287' title='bbox 806 2370 875 2379; x_wconf 89' lang='lat'><strong><em>—</em></strong></span> <span class='ocrx_word' id='word_1_288' title='bbox 905 2338 1059 2410; x_wconf 84' lang='lat' dir='ltr'><strong><em>Resp.</em></strong></span> <span class='ocrx_word' id='word_1_289' title='bbox 1090 2339 1233 2410; x_wconf 88' lang='lat' dir='ltr'><strong>Ignis</strong></span> <span class='ocrx_word' id='word_1_290' title='bbox 1253 2338 1438 2393; x_wconf 69' lang='lat' dir='ltr'><strong>calida:</strong></span> <span class='ocrx_word' id='word_1_291' title='bbox 1458 2346 1512 2393; x_wconf 89' lang='lat' dir='ltr'><strong>et</strong></span> <span class='ocrx_word' id='word_1_292' title='bbox 1534 2338 1696 2393; x_wconf 72' lang='lat' dir='ltr'><strong>arida:</strong></span> <span class='ocrx_word' id='word_1_293' title='bbox 1718 2344 1801 2393; x_wconf 89' lang='lat' dir='ltr'><strong>est</strong></span> <span class='ocrx_word' id='word_1_294' title='bbox 1824 2344 2054 2400; x_wconf 72' lang='lat' dir='ltr'><strong>naturae;</strong></span> <span class='ocrx_word' id='word_1_295' title='bbox 2083 2350 2177 2390; x_wconf 90' lang='lat' dir='ltr'><strong>aer</strong></span> 
     </span>
    </p>
   </div>
   <div class='ocr_carea' id='block_1_38' title="bbox 621 2426 2173 2503">
    <p class='ocr_par' dir='ltr' id='par_1_38' title="bbox 621 2426 2173 2503">
     <span class='ocr_line' id='line_1_38' title="bbox 621 2426 2173 2503; baseline -0.002 -19"><span class='ocrx_word' id='word_1_296' title='bbox 621 2429 793 2503; x_wconf 83' lang='lat' dir='ltr'><strong>[vero]</strong></span> <span class='ocrx_word' id='word_1_297' title='bbox 821 2428 1007 2484; x_wconf 71' lang='lat' dir='ltr'><strong>calidae</strong></span> <span class='ocrx_word' id='word_1_298' title='bbox 1030 2436 1084 2483; x_wconf 91' lang='lat' dir='ltr'><strong>et</strong></span> <span class='ocrx_word' id='word_1_299' title='bbox 1108 2428 1367 2492; x_wconf 63' lang='lat' dir='ltr'><strong>humidae;</strong></span> <span class='ocrx_word' id='word_1_300' title='bbox 1409 2442 1546 2497; x_wconf 86' lang='lat' dir='ltr'><strong>aqua</strong></span> <span class='ocrx_word' id='word_1_301' title='bbox 1586 2426 1813 2482; x_wconf 73' lang='lat' dir='ltr'><strong>humida:</strong></span> <span class='ocrx_word' id='word_1_302' title='bbox 1848 2435 1903 2481; x_wconf 88' lang='lat' dir='ltr'><strong>et</strong></span> <span class='ocrx_word' id='word_1_303' title='bbox 1932 2426 2173 2497; x_wconf 60' lang='lat' dir='ltr'><strong>frigidae;</strong></span> 
     </span>
    </p>
   </div>
   <div class='ocr_carea' id='block_1_39' title="bbox 620 2516 2007 2591">
    <p class='ocr_par' dir='ltr' id='par_1_39' title="bbox 620 2516 2007 2591">
     <span class='ocr_line' id='line_1_39' title="bbox 620 2516 2007 2591; baseline -0.004 -17"><span class='ocrx_word' id='word_1_304' title='bbox 620 2530 764 2575; x_wconf 90' lang='lat' dir='ltr'><strong>terra</strong></span> <span class='ocrx_word' id='word_1_305' title='bbox 783 2517 986 2591; x_wconf 61' lang='lat' dir='ltr'><strong>frigidae</strong></span> <span class='ocrx_word' id='word_1_306' title='bbox 1012 2526 1066 2573; x_wconf 90' lang='lat' dir='ltr'><strong>et</strong></span> <span class='ocrx_word' id='word_1_307' title='bbox 1087 2519 1247 2573; x_wconf 73' lang='lat' dir='ltr'><strong>arida:</strong></span> <span class='ocrx_word' id='word_1_308' title='bbox 1270 2516 1419 2589; x_wconf 83' lang='lat' dir='ltr'><strong>[Ed.,</strong></span> <span class='ocrx_word' id='word_1_309' title='bbox 1448 2516 1653 2588; x_wconf 77' lang='lat' dir='ltr'><strong>aqueze]</strong></span> <span class='ocrx_word' id='word_1_310' title='bbox 1676 2524 1759 2571; x_wconf 91' lang='lat' dir='ltr'><strong>est</strong></span> <span class='ocrx_word' id='word_1_311' title='bbox 1784 2524 2007 2570; x_wconf 63' lang='lat' dir='ltr'><strong>naturae.</strong></span> 
     </span>
    </p>
   </div>
   <div class='ocr_carea' id='block_1_40' title="bbox 690 2600 2179 2677">
    <p class='ocr_par' dir='ltr' id='par_1_40' title="bbox 690 2600 2179 2677">
     <span class='ocr_line' id='line_1_40' title="bbox 690 2600 2179 2677; baseline -0.005 -12"><span class='ocrx_word' id='word_1_312' title='bbox 690 2610 853 2665; x_wconf 81' lang='lat' dir='ltr'><strong><em>Inter.</em></strong></span> <span class='ocrx_word' id='word_1_313' title='bbox 893 2600 989 2664; x_wconf 52' lang='lat'><strong>&#39;25.</strong></span> <span class='ocrx_word' id='word_1_314' title='bbox 1039 2609 1201 2677; x_wconf 86' lang='lat' dir='ltr'><strong>Cujus</strong></span> <span class='ocrx_word' id='word_1_315' title='bbox 1242 2617 1447 2663; x_wconf 71' lang='lat' dir='ltr'><strong>natura:</strong></span> <span class='ocrx_word' id='word_1_316' title='bbox 1493 2608 1686 2662; x_wconf 76' lang='lat' dir='ltr'><strong>omium</strong></span> <span class='ocrx_word' id='word_1_317' title='bbox 1733 2622 1851 2661; x_wconf 88' lang='lat' dir='ltr'><strong>esse</strong></span> <span class='ocrx_word' id='word_1_318' title='bbox 1877 2606 2179 2660; x_wconf 79' lang='lat' dir='ltr'><strong>fertur?—</strong></span> 
     </span>
    </p>
   </div>
   <div class='ocr_carea' id='block_1_41' title="bbox 627 2697 1761 2770">
    <p class='ocr_par' dir='ltr' id='par_1_41' title="bbox 627 2697 1761 2770">
     <span class='ocr_line' id='line_1_41' title="bbox 627 2697 1761 2770; baseline -0.004 -16"><span class='ocrx_word' id='word_1_319' title='bbox 627 2699 782 2769; x_wconf 88' lang='lat' dir='ltr'><strong><em>Resp.</em></strong></span> <span class='ocrx_word' id='word_1_320' title='bbox 810 2700 1003 2770; x_wconf 78' lang='lat' dir='ltr'><strong>lgneae,</strong></span> <span class='ocrx_word' id='word_1_321' title='bbox 1040 2700 1279 2753; x_wconf 73' lang='lat' dir='ltr'><strong>rotunda:</strong></span> <span class='ocrx_word' id='word_1_322' title='bbox 1313 2706 1468 2767; x_wconf 89' lang='lat' dir='ltr'><strong>atque</strong></span> <span class='ocrx_word' id='word_1_323' title='bbox 1497 2697 1761 2751; x_wconf 76' lang='lat' dir='ltr'><strong>volubilis.</strong></span> 
     </span>
    </p>
   </div>
   <div class='ocr_carea' id='block_1_42' title="bbox 691 2803 2175 2878">
    <p class='ocr_par' dir='ltr' id='par_1_42' title="bbox 691 2803 2175 2878">
     <span class='ocr_line' id='line_1_42' title="bbox 691 2803 2175 2878; baseline -0.001 -16"><span class='ocrx_word' id='word_1_324' title='bbox 691 2809 855 2862; x_wconf 87' lang='lat' dir='ltr'><strong><em>Inter.</em></strong></span> <span class='ocrx_word' id='word_1_325' title='bbox 885 2807 975 2861; x_wconf 72' lang='grc'><strong>24.</strong></span> <span class='ocrx_word' id='word_1_326' title='bbox 1002 2805 1059 2861; x_wconf 91' lang='lat' dir='ltr'><strong>Si</strong></span> <span class='ocrx_word' id='word_1_327' title='bbox 1088 2806 1314 2861; x_wconf 75' lang='lat' dir='ltr'><strong>volubile</strong></span> <span class='ocrx_word' id='word_1_328' title='bbox 1336 2804 1461 2878; x_wconf 90' lang='lat' dir='ltr'><strong>[est]</strong></span> <span class='ocrx_word' id='word_1_329' title='bbox 1485 2822 1581 2861; x_wconf 90' lang='lat' dir='ltr'><strong>cur</strong></span> <span class='ocrx_word' id='word_1_330' title='bbox 1604 2822 1708 2860; x_wconf 90' lang='lat' dir='ltr'><strong>non</strong></span> <span class='ocrx_word' id='word_1_331' title='bbox 1731 2806 1913 2861; x_wconf 85' lang='lat' dir='ltr'><strong>cadit?</strong></span> <span class='ocrx_word' id='word_1_332' title='bbox 1936 2836 2001 2847; x_wconf 65' lang='grc' dir='ltr'><strong>-η</strong></span> <span class='ocrx_word' id='word_1_333' title='bbox 2026 2803 2175 2877; x_wconf 82' lang='lat' dir='ltr'><strong><em>Resp.</em></strong></span> 
     </span>
    </p>
   </div>
   <div class='ocr_carea' id='block_1_43' title="bbox 622 2886 2183 2970">
    <p class='ocr_par' dir='ltr' id='par_1_43' title="bbox 622 2886 2183 2970">
     <span class='ocr_line' id='line_1_43' title="bbox 622 2886 2183 2970; baseline -0.002 -16"><span class='ocrx_word' id='word_1_334' title='bbox 622 2886 823 2954; x_wconf 70' lang='lat' dir='ltr'><strong>ﬂueret</strong></span> <span class='ocrx_word' id='word_1_335' title='bbox 841 2897 1010 2970; x_wconf 87' lang='lat' dir='ltr'><strong>[vero]</strong></span> <span class='ocrx_word' id='word_1_336' title='bbox 1038 2906 1254 2968; x_wconf 86' lang='lat' dir='ltr'><strong>propter</strong></span> <span class='ocrx_word' id='word_1_337' title='bbox 1274 2898 1491 2951; x_wconf 89' lang='lat' dir='ltr'><strong>nimiam</strong></span> <span class='ocrx_word' id='word_1_338' title='bbox 1514 2898 1863 2961; x_wconf 84' lang='lat' dir='ltr'><strong>celeritatem,</strong></span> <span class='ocrx_word' id='word_1_339' title='bbox 1891 2906 1952 2951; x_wconf 90' lang='lat' dir='ltr'><strong>ut</strong></span> <span class='ocrx_word' id='word_1_340' title='bbox 1974 2898 2183 2966; x_wconf 89' lang='lat' dir='ltr'><strong>sapien-</strong></span> 
     </span>
    </p>
   </div>
   <div class='ocr_carea' id='block_1_44' title="bbox 625 2985 2178 3057">
    <p class='ocr_par' dir='ltr' id='par_1_44' title="bbox 625 2985 2178 3057">
     <span class='ocr_line' id='line_1_44' title="bbox 625 2985 2178 3057; baseline -0.003 -14"><span class='ocrx_word' id='word_1_341' title='bbox 625 2999 705 3044; x_wconf 89' lang='lat' dir='ltr'><strong>tes</strong></span> <span class='ocrx_word' id='word_1_342' title='bbox 723 2988 901 3042; x_wconf 90' lang='lat' dir='ltr'><strong>mundi</strong></span> <span class='ocrx_word' id='word_1_343' title='bbox 926 2987 1191 3051; x_wconf 80' lang='lat' dir='ltr'><strong>dixerunt,</strong></span> <span class='ocrx_word' id='word_1_344' title='bbox 1217 2987 1261 3041; x_wconf 91' lang='lat' dir='ltr'><strong>si</strong></span> <span class='ocrx_word' id='word_1_345' title='bbox 1283 3001 1386 3041; x_wconf 90' lang='lat' dir='ltr'><strong>non</strong></span> <span class='ocrx_word' id='word_1_346' title='bbox 1411 2988 1741 3057; x_wconf 86' lang='lat' dir='ltr'><strong>planetarum</strong></span> <span class='ocrx_word' id='word_1_347' title='bbox 1765 3001 1989 3041; x_wconf 90' lang='lat' dir='ltr'><strong>occursu</strong></span> <span class='ocrx_word' id='word_1_348' title='bbox 2013 2985 2178 3057; x_wconf 61' lang='lat' dir='ltr'><strong>[Edin</strong></span> 
     </span>
    </p>
   </div>
   <div class='ocr_carea' id='block_1_45' title="bbox 624 3076 1357 3149">
    <p class='ocr_par' dir='ltr' id='par_1_45' title="bbox 624 3076 1357 3149">
     <span class='ocr_line' id='line_1_45' title="bbox 624 3076 1357 3149; baseline -0.003 -18"><span class='ocrx_word' id='word_1_349' title='bbox 624 3078 726 3131; x_wconf 90' lang='lat' dir='ltr'><strong>hoc</strong></span> <span class='ocrx_word' id='word_1_350' title='bbox 754 3076 938 3149; x_wconf 86' lang='lat' dir='ltr'><strong>cursu]</strong></span> <span class='ocrx_word' id='word_1_351' title='bbox 970 3077 1357 3130; x_wconf 88' lang='lat' dir='ltr'><strong>moderaretur.</strong></span> 
     </span>
    </p>
   </div>
   <div class='ocr_carea' id='block_1_46' title="bbox 696 3164 2177 3238">
    <p class='ocr_par' dir='ltr' id='par_1_46' title="bbox 696 3164 2177 3238">
     <span class='ocr_line' id='line_1_46' title="bbox 696 3164 2177 3238; baseline 0.001 -20"><span class='ocrx_word' id='word_1_352' title='bbox 696 3164 857 3219; x_wconf 86' lang='lat' dir='ltr'><strong><em>Inter.</em></strong></span> <span class='ocrx_word' id='word_1_353' title='bbox 884 3164 972 3218; x_wconf 86' lang='lat'><strong>25.</strong></span> <span class='ocrx_word' id='word_1_354' title='bbox 1013 3164 1119 3238; x_wconf 87' lang='lat' dir='ltr'><strong>Cur</strong></span> <span class='ocrx_word' id='word_1_355' title='bbox 1156 3164 1296 3219; x_wconf 87' lang='lat' dir='ltr'><strong>Deus</strong></span> <span class='ocrx_word' id='word_1_356' title='bbox 1336 3166 1543 3219; x_wconf 87' lang='lat' dir='ltr'><strong>senario</strong></span> <span class='ocrx_word' id='word_1_357' title='bbox 1568 3180 1790 3220; x_wconf 90' lang='lat' dir='ltr'><strong>numero</strong></span> <span class='ocrx_word' id='word_1_358' title='bbox 1818 3166 1997 3220; x_wconf 90' lang='lat' dir='ltr'><strong>mundi</strong></span> <span class='ocrx_word' id='word_1_359' title='bbox 2027 3182 2177 3221; x_wconf 89' lang='lat' dir='ltr'><strong>crea-</strong></span> 
     </span>
    </p>
   </div>
   <div class='ocr_carea' id='block_1_47' title="bbox 626 3252 2179 3327">
    <p class='ocr_par' dir='ltr' id='par_1_47' title="bbox 626 3252 2179 3327">
     <span class='ocr_line' id='line_1_47' title="bbox 626 3252 2179 3327; baseline 0.001 -19"><span class='ocrx_word' id='word_1_360' title='bbox 626 3255 823 3309; x_wconf 89' lang='lat' dir='ltr'><strong>tionem</strong></span> <span class='ocrx_word' id='word_1_361' title='bbox 852 3252 1002 3325; x_wconf 77' lang='lat' dir='ltr'><strong>[Ms.,</strong></span> <span class='ocrx_word' id='word_1_362' title='bbox 1034 3253 1330 3327; x_wconf 87' lang='lat' dir='ltr'><strong>creaturas]</strong></span> <span class='ocrx_word' id='word_1_363' title='bbox 1364 3253 1624 3324; x_wconf 84' lang='lat' dir='ltr'><strong>perfecit?</strong></span> <span class='ocrx_word' id='word_1_364' title='bbox 1648 3286 1715 3294; x_wconf 93' lang='lat'><strong>—</strong></span> <span class='ocrx_word' id='word_1_365' title='bbox 1744 3255 1895 3326; x_wconf 85' lang='lat' dir='ltr'><strong><em>Resp.</em></strong></span> <span class='ocrx_word' id='word_1_366' title='bbox 1924 3256 2058 3322; x_wconf 87' lang='lat' dir='ltr'><strong>Quia</strong></span> <span class='ocrx_word' id='word_1_367' title='bbox 2095 3257 2179 3311; x_wconf 91' lang='lat' dir='ltr'><strong>ille</strong></span> 
     </span>
    </p>
   </div>
   <div class='ocr_carea' id='block_1_48' title="bbox 627 3341 2181 3413">
    <p class='ocr_par' dir='ltr' id='par_1_48' title="bbox 627 3341 2181 3413">
     <span class='ocr_line' id='line_1_48' title="bbox 627 3341 2181 3413; baseline 0.001 -17"><span class='ocrx_word' id='word_1_368' title='bbox 627 3358 878 3397; x_wconf 89' lang='lat' dir='ltr'><strong>numerus</strong></span> <span class='ocrx_word' id='word_1_369' title='bbox 902 3341 1168 3412; x_wconf 81' lang='lat' dir='ltr'><strong>perfectus</strong></span> <span class='ocrx_word' id='word_1_370' title='bbox 1199 3344 1349 3413; x_wconf 83' lang='lat' dir='ltr'><strong>juxta</strong></span> <span class='ocrx_word' id='word_1_371' title='bbox 1389 3345 1738 3398; x_wconf 66' lang='lat' dir='ltr'><strong>arithmeticze</strong></span> <span class='ocrx_word' id='word_1_372' title='bbox 1772 3345 2064 3413; x_wconf 81' lang='lat' dir='ltr'><strong>disciplinae</strong></span> <span class='ocrx_word' id='word_1_373' title='bbox 2094 3361 2181 3397; x_wconf 90' lang='lat' dir='ltr'><strong>ra-</strong></span> 
     </span>
    </p>
   </div>
   <div class='ocr_carea' id='block_1_49' title="bbox 628 3433 2185 3504">
    <p class='ocr_par' dir='ltr' id='par_1_49' title="bbox 628 3433 2185 3504">
     <span class='ocr_line' id='line_1_49' title="bbox 628 3433 2185 3504; baseline 0 -15"><span class='ocrx_word' id='word_1_374' title='bbox 628 3434 823 3489; x_wconf 88' lang='lat' dir='ltr'><strong>tionem</strong></span> <span class='ocrx_word' id='word_1_375' title='bbox 846 3436 1033 3504; x_wconf 70' lang='lat' dir='ltr'><strong>legitur</strong></span> <span class='ocrx_word' id='word_1_376' title='bbox 1053 3450 1200 3499; x_wconf 87' lang='lat' dir='ltr'><strong>esse;</strong></span> <span class='ocrx_word' id='word_1_377' title='bbox 1228 3443 1283 3487; x_wconf 91' lang='lat' dir='ltr'><strong>et</strong></span> <span class='ocrx_word' id='word_1_378' title='bbox 1300 3443 1359 3487; x_wconf 90' lang='lat' dir='ltr'><strong>ut</strong></span> <span class='ocrx_word' id='word_1_379' title='bbox 1376 3433 1678 3488; x_wconf 86' lang='lat' dir='ltr'><strong>ostenderet</strong></span> <span class='ocrx_word' id='word_1_380' title='bbox 1704 3434 1845 3488; x_wconf 90' lang='lat' dir='ltr'><strong>Deus</strong></span> <span class='ocrx_word' id='word_1_381' title='bbox 1865 3436 2042 3488; x_wconf 76' lang='lat' dir='ltr'><strong>omnia</strong></span> <span class='ocrx_word' id='word_1_382' title='bbox 2071 3450 2185 3504; x_wconf 86' lang='lat' dir='ltr'><strong>per-</strong></span> 
     </span>
    </p>
   </div>
   <div class='ocr_carea' id='block_1_50' title="bbox 626 3522 1637 3593">
    <p class='ocr_par' dir='ltr' id='par_1_50' title="bbox 626 3522 1637 3593">
     <span class='ocr_line' id='line_1_50' title="bbox 626 3522 1637 3593; baseline -0.001 -14"><span class='ocrx_word' id='word_1_383' title='bbox 626 3522 771 3593; x_wconf 82' lang='lat' dir='ltr'><strong>fecta</strong></span> <span class='ocrx_word' id='word_1_384' title='bbox 795 3533 849 3579; x_wconf 91' lang='lat' dir='ltr'><strong>et</strong></span> <span class='ocrx_word' id='word_1_385' title='bbox 876 3526 1027 3578; x_wconf 85' lang='lat' dir='ltr'><strong>valde</strong></span> <span class='ocrx_word' id='word_1_386' title='bbox 1054 3526 1192 3579; x_wconf 87' lang='lat' dir='ltr'><strong>bona</strong></span> <span class='ocrx_word' id='word_1_387' title='bbox 1228 3540 1283 3578; x_wconf 90' lang='lat' dir='ltr'><strong>se</strong></span> <span class='ocrx_word' id='word_1_388' title='bbox 1316 3526 1637 3580; x_wconf 81' lang='lat' dir='ltr'><strong>condidisse.</strong></span> 
     </span>
    </p>
   </div>
   <div class='ocr_carea' id='block_1_51' title="bbox 701 3613 2184 3687">
    <p class='ocr_par' dir='ltr' id='par_1_51' title="bbox 701 3613 2184 3687">
     <span class='ocr_line' id='line_1_51' title="bbox 701 3613 2184 3687; baseline 0.001 -18"><span class='ocrx_word' id='word_1_389' title='bbox 701 3616 858 3684; x_wconf 81' lang='lat'><strong>307</strong></span> <span class='ocrx_word' id='word_1_390' title='bbox 897 3613 1057 3668; x_wconf 85' lang='lat' dir='ltr'><strong><em>Inter.</em></strong></span> <span class='ocrx_word' id='word_1_391' title='bbox 1102 3614 1188 3668; x_wconf 85' lang='lat'><strong>26.</strong></span> <span class='ocrx_word' id='word_1_392' title='bbox 1235 3614 1373 3681; x_wconf 83' lang='lat' dir='ltr'><strong>Quid</strong></span> <span class='ocrx_word' id='word_1_393' title='bbox 1419 3627 1499 3669; x_wconf 87' lang='lat' dir='ltr'><strong>est</strong></span> <span class='ocrx_word' id='word_1_394' title='bbox 1542 3630 1555 3669; x_wconf 91' lang='lat'><strong>:</strong></span> <span class='ocrx_word' id='word_1_395' title='bbox 1606 3616 1672 3671; x_wconf 87' lang='lat' dir='ltr'><strong>In</strong></span> <span class='ocrx_word' id='word_1_396' title='bbox 1710 3619 1961 3687; x_wconf 84' lang='lat' dir='ltr'><strong>principio</strong></span> <span class='ocrx_word' id='word_1_397' title='bbox 1998 3622 2184 3673; x_wconf 80' lang='lat' dir='ltr'><strong>crearit</strong></span> 
     </span>
    </p>
   </div>
   <div class='ocr_carea' id='block_1_52' title="bbox 636 3703 2185 3775">
    <p class='ocr_par' dir='ltr' id='par_1_52' title="bbox 636 3703 2185 3775">
     <span class='ocr_line' id='line_1_52' title="bbox 636 3703 2185 3775; baseline 0.003 -18"><span class='ocrx_word' id='word_1_398' title='bbox 636 3704 773 3758; x_wconf 85' lang='lat' dir='ltr'><strong><em>Deus</em></strong></span> <span class='ocrx_word' id='word_1_399' title='bbox 798 3703 977 3757; x_wconf 66' lang='lat' dir='ltr'><strong>calum</strong></span> <span class='ocrx_word' id='word_1_400' title='bbox 1005 3713 1051 3757; x_wconf 91' lang='lat' dir='ltr'><strong>et</strong></span> <span class='ocrx_word' id='word_1_401' title='bbox 1082 3705 1310 3757; x_wconf 82' lang='lat' dir='ltr'><strong><em>terram?</em></strong></span> <span class='ocrx_word' id='word_1_402' title='bbox 1355 3734 1425 3743; x_wconf 94' lang='lat'><strong>—</strong></span> <span class='ocrx_word' id='word_1_403' title='bbox 1473 3703 1626 3772; x_wconf 88' lang='lat' dir='ltr'><strong><em>Resp.</em></strong></span> <span class='ocrx_word' id='word_1_404' title='bbox 1686 3705 1744 3757; x_wconf 88' lang='lat' dir='ltr'><strong><em>In</em></strong></span> <span class='ocrx_word' id='word_1_405' title='bbox 1774 3705 1911 3759; x_wconf 88' lang='lat' dir='ltr'><strong>Filio</strong></span> <span class='ocrx_word' id='word_1_406' title='bbox 1964 3706 2185 3775; x_wconf 81' lang='lat' dir='ltr'><strong>perfecit</strong></span> 
     </span>
    </p>
   </div>
   <div class='ocr_carea' id='block_1_53' title="bbox 639 3792 1678 3865">
    <p class='ocr_par' dir='ltr' id='par_1_53' title="bbox 639 3792 1678 3865">
     <span class='ocr_line' id='line_1_53' title="bbox 639 3792 1678 3865; baseline -0.001 -18"><span class='ocrx_word' id='word_1_407' title='bbox 639 3792 786 3865; x_wconf 59' lang='grc' dir='ltr'><strong>[ιι.</strong></span> <span class='ocrx_word' id='word_1_408' title='bbox 818 3793 962 3865; x_wconf 80' lang='lat' dir='ltr'><strong>fecit]</strong></span> <span class='ocrx_word' id='word_1_409' title='bbox 986 3794 1124 3847; x_wconf 89' lang='lat' dir='ltr'><strong>Deus</strong></span> <span class='ocrx_word' id='word_1_410' title='bbox 1144 3792 1334 3847; x_wconf 75' lang='lat' dir='ltr'><strong>ccelum</strong></span> <span class='ocrx_word' id='word_1_411' title='bbox 1362 3802 1415 3846; x_wconf 90' lang='lat' dir='ltr'><strong>et</strong></span> <span class='ocrx_word' id='word_1_412' title='bbox 1443 3795 1678 3846; x_wconf 85' lang='lat' dir='ltr'><strong>terram?</strong></span> 
     </span>
    </p>
   </div>
   <div class='ocr_carea' id='block_1_54' title="bbox 712 3883 2187 3955">
    <p class='ocr_par' dir='ltr' id='par_1_54' title="bbox 712 3883 2187 3955">
     <span class='ocr_line' id='line_1_54' title="bbox 712 3883 2187 3955; baseline 0.003 -19"><span class='ocrx_word' id='word_1_413' title='bbox 712 3884 875 3936; x_wconf 88' lang='lat' dir='ltr'><strong><em>Inter.</em></strong></span> <span class='ocrx_word' id='word_1_414' title='bbox 905 3885 993 3937; x_wconf 86' lang='lat'><strong>27.</strong></span> <span class='ocrx_word' id='word_1_415' title='bbox 1021 3884 1127 3939; x_wconf 89' lang='lat' dir='ltr'><strong>Cur</strong></span> <span class='ocrx_word' id='word_1_416' title='bbox 1153 3884 1352 3939; x_wconf 84' lang='lat' dir='ltr'><strong>dictum</strong></span> <span class='ocrx_word' id='word_1_417' title='bbox 1382 3894 1483 3949; x_wconf 90' lang='lat' dir='ltr'><strong>est,</strong></span> <span class='ocrx_word' id='word_1_418' title='bbox 1514 3883 1833 3952; x_wconf 83' lang='lat' dir='ltr'><strong><em>plantaverat</em></strong></span> <span class='ocrx_word' id='word_1_419' title='bbox 1861 3886 1998 3940; x_wconf 82' lang='lat' dir='ltr'><strong><em>Deus</em></strong></span> <span class='ocrx_word' id='word_1_420' title='bbox 2033 3905 2187 3955; x_wconf 83' lang='lat' dir='ltr'><strong><em>para-</em></strong></span> 
     </span>
    </p>
   </div>
   <div class='ocr_carea' id='block_1_55' title="bbox 638 3970 2187 4044">
    <p class='ocr_par' dir='ltr' id='par_1_55' title="bbox 638 3970 2187 4044">
     <span class='ocr_line' id='line_1_55' title="bbox 638 3970 2187 4044; baseline 0.001 -18"><span class='ocrx_word' id='word_1_421' title='bbox 638 3974 809 4026; x_wconf 81' lang='lat' dir='ltr'><strong>disum</strong></span> <span class='ocrx_word' id='word_1_422' title='bbox 840 3989 869 4023; x_wconf 92' lang='lat' dir='ltr'><strong>a</strong></span> <span class='ocrx_word' id='word_1_423' title='bbox 889 3972 1139 4042; x_wconf 86' lang='lat' dir='ltr'><strong>principio</strong></span> <span class='ocrx_word' id='word_1_424' title='bbox 1164 3970 1319 4041; x_wconf 80' lang='lat' dir='ltr'><strong><em>(Gen.</em></strong></span> <span class='ocrx_word' id='word_1_425' title='bbox 1354 3988 1412 4036; x_wconf 83' lang='grc' dir='ltr'>ιι,</span> <span class='ocrx_word' id='word_1_426' title='bbox 1444 3972 1536 4039; x_wconf 86' lang='lat'><strong>8)?</strong></span> <span class='ocrx_word' id='word_1_427' title='bbox 1558 4002 1628 4011; x_wconf 89' lang='lat'><strong>—-</strong></span> <span class='ocrx_word' id='word_1_428' title='bbox 1658 3972 1811 4042; x_wconf 89' lang='lat' dir='ltr'><strong><em>Resp.</em></strong></span> <span class='ocrx_word' id='word_1_429' title='bbox 1836 3972 2187 4044; x_wconf 78' lang='lat' dir='ltr'><strong>Hieronymus</strong></span> 
     </span>
    </p>
   </div>
   <div class='ocr_carea' id='block_1_56' title="bbox 642 4060 2186 4134">
    <p class='ocr_par' dir='ltr' id='par_1_56' title="bbox 642 4060 2186 4134">
     <span class='ocr_line' id='line_1_56' title="bbox 642 4060 2186 4134; baseline 0.002 -19"><span class='ocrx_word' id='word_1_430' title='bbox 642 4063 753 4116; x_wconf 77' lang='lat' dir='ltr'><strong>vult</strong></span> <span class='ocrx_word' id='word_1_431' title='bbox 784 4060 968 4134; x_wconf 84' lang='lat' dir='ltr'><strong>[quod]</strong></span> <span class='ocrx_word' id='word_1_432' title='bbox 994 4070 1117 4115; x_wconf 88' lang='lat' dir='ltr'><strong>ante</strong></span> <span class='ocrx_word' id='word_1_433' title='bbox 1140 4060 1499 4114; x_wconf 87' lang='lat' dir='ltr'><strong>conditionem</strong></span> <span class='ocrx_word' id='word_1_434' title='bbox 1530 4063 1649 4117; x_wconf 69' lang='lat' dir='ltr'><strong>caeli</strong></span> <span class='ocrx_word' id='word_1_435' title='bbox 1678 4071 1731 4116; x_wconf 92' lang='lat' dir='ltr'><strong>et</strong></span> <span class='ocrx_word' id='word_1_436' title='bbox 1776 4072 1931 4117; x_wconf 79' lang='lat' dir='ltr'><strong>terra:</strong></span> <span class='ocrx_word' id='word_1_437' title='bbox 1974 4066 2186 4133; x_wconf 80' lang='lat' dir='ltr'><strong>paradi-</strong></span> 
     </span>
    </p>
   </div>
   <div class='ocr_carea' id='block_1_57' title="bbox 639 4150 1643 4223">
    <p class='ocr_par' dir='ltr' id='par_1_57' title="bbox 639 4150 1643 4223">
     <span class='ocr_line' id='line_1_57' title="bbox 639 4150 1643 4223; baseline -0.002 -16"><span class='ocrx_word' id='word_1_438' title='bbox 639 4168 755 4207; x_wconf 84' lang='lat' dir='ltr'><strong>sum</strong></span> <span class='ocrx_word' id='word_1_439' title='bbox 780 4153 1075 4222; x_wconf 89' lang='lat' dir='ltr'><strong>plantatum</strong></span> <span class='ocrx_word' id='word_1_440' title='bbox 1094 4159 1234 4205; x_wconf 88' lang='lat' dir='ltr'><strong>esset</strong></span> <span class='ocrx_word' id='word_1_441' title='bbox 1263 4150 1451 4221; x_wconf 77' lang='lat' dir='ltr'><strong>[Edit.,</strong></span> <span class='ocrx_word' id='word_1_442' title='bbox 1484 4152 1643 4223; x_wconf 86' lang='lat' dir='ltr'><strong>esse].</strong></span> 
     </span>
    </p>
   </div>
   <div class='ocr_carea' id='block_1_58' title="bbox 707 4240 2185 4313">
    <p class='ocr_par' dir='ltr' id='par_1_58' title="bbox 707 4240 2185 4313">
     <span class='ocr_line' id='line_1_58' title="bbox 707 4240 2185 4313; baseline 0.003 -18"><span class='ocrx_word' id='word_1_443' title='bbox 707 4242 871 4295; x_wconf 89' lang='lat' dir='ltr'><strong><em>Inter.</em></strong></span> <span class='ocrx_word' id='word_1_444' title='bbox 900 4242 985 4295; x_wconf 83' lang='lat'><strong>28.</strong></span> <span class='ocrx_word' id='word_1_445' title='bbox 1016 4241 1152 4306; x_wconf 90' lang='lat' dir='ltr'><strong>Quid</strong></span> <span class='ocrx_word' id='word_1_446' title='bbox 1176 4240 1226 4294; x_wconf 90' lang='lat' dir='ltr'><strong>in</strong></span> <span class='ocrx_word' id='word_1_447' title='bbox 1253 4241 1371 4295; x_wconf 57' lang='grc' dir='ltr'><strong>θαέιὶ</strong></span> <span class='ocrx_word' id='word_1_448' title='bbox 1396 4251 1657 4310; x_wconf 83' lang='lat' dir='ltr'><strong>temeque</strong></span> <span class='ocrx_word' id='word_1_449' title='bbox 1684 4245 1895 4297; x_wconf 87' lang='lat' dir='ltr'><strong>nomine</strong></span> <span class='ocrx_word' id='word_1_450' title='bbox 1917 4245 2185 4313; x_wconf 78' lang='lat' dir='ltr'><strong>signiﬁca-</strong></span> 
     </span>
    </p>
   </div>
   <div class='ocr_carea' id='block_1_59' title="bbox 638 4327 2181 4398">
    <p class='ocr_par' dir='ltr' id='par_1_59' title="bbox 638 4327 2181 4398">
     <span class='ocr_line' id='line_1_59' title="bbox 638 4327 2181 4398; baseline 0.002 -14"><span class='ocrx_word' id='word_1_451' title='bbox 638 4340 755 4394; x_wconf 89' lang='lat' dir='ltr'><strong>tur,</strong></span> <span class='ocrx_word' id='word_1_452' title='bbox 782 4328 993 4398; x_wconf 87' lang='lat' dir='ltr'><strong>quando</strong></span> <span class='ocrx_word' id='word_1_453' title='bbox 1019 4329 1215 4382; x_wconf 86' lang='lat' dir='ltr'><strong>dicitur</strong></span> <span class='ocrx_word' id='word_1_454' title='bbox 1242 4345 1254 4381; x_wconf 91' lang='lat'>:</span> <span class='ocrx_word' id='word_1_455' title='bbox 1292 4327 1357 4380; x_wconf 91' lang='lat' dir='ltr'><strong><em>In</em></strong></span> <span class='ocrx_word' id='word_1_456' title='bbox 1390 4330 1639 4397; x_wconf 86' lang='lat' dir='ltr'><strong>principio</strong></span> <span class='ocrx_word' id='word_1_457' title='bbox 1667 4330 1784 4397; x_wconf 80' lang='lat' dir='ltr'><strong>fecit</strong></span> <span class='ocrx_word' id='word_1_458' title='bbox 1830 4330 1969 4385; x_wconf 85' lang='lat' dir='ltr'><strong><em>Deus</em></strong></span> <span class='ocrx_word' id='word_1_459' title='bbox 2002 4334 2181 4387; x_wconf 68' lang='lat' dir='ltr'><strong>caelum</strong></span> 
     </span>
    </p>
   </div>
   <div class='ocr_carea' id='block_1_60' title="bbox 2341 1838 3830 1951">
    <p class='ocr_par' dir='ltr' id='par_1_60' title="bbox 2341 1838 3830 1951">
     <span class='ocr_line' id='line_1_60' title="bbox 2341 1838 3830 1951; baseline 0 -19"><span class='ocrx_word' id='word_1_460' title='bbox 2521 1838 2933 1944; x_wconf 58' lang='grc' dir='ltr'><strong>ἓξῖἶ</strong></span> <span class='ocrx_word' id='word_1_461' title='bbox 3294 1880 3430 1951; x_wconf 85' lang='lat' dir='ltr'><strong>quod</strong></span> <span class='ocrx_word' id='word_1_462' title='bbox 3452 1891 3581 1934; x_wconf 87' lang='lat' dir='ltr'><strong><em>esset</em></strong></span> <span class='ocrx_word' id='word_1_463' title='bbox 3605 1838 3830 1935; x_wconf 69' lang='lat' dir='ltr'><strong>bonum?</strong></span> 
     </span>
    </p>
   </div>
   <div class='ocr_carea' id='block_1_61' title="bbox 2270 1967 3827 2038">
    <p class='ocr_par' dir='ltr' id='par_1_61' title="bbox 2270 1967 3827 2038">
     <span class='ocr_line' id='line_1_61' title="bbox 2270 1967 3827 2038; baseline 0.002 -18"><span class='ocrx_word' id='word_1_464' title='bbox 2270 1997 2339 2007; x_wconf 89' lang='lat'><strong>--</strong></span> <span class='ocrx_word' id='word_1_465' title='bbox 2365 1967 2516 2038; x_wconf 85' lang='lat' dir='ltr'><strong><em>Resp.</em></strong></span> <span class='ocrx_word' id='word_1_466' title='bbox 2552 1968 2606 2023; x_wconf 92' lang='lat' dir='ltr'><strong>ld</strong></span> <span class='ocrx_word' id='word_1_467' title='bbox 2633 1975 2731 2031; x_wconf 89' lang='lat' dir='ltr'><strong>est,</strong></span> <span class='ocrx_word' id='word_1_468' title='bbox 2764 1968 2817 2021; x_wconf 89' lang='lat' dir='ltr'><strong>in</strong></span> <span class='ocrx_word' id='word_1_469' title='bbox 2847 1983 2907 2021; x_wconf 90' lang='lat' dir='ltr'><strong>ea</strong></span> <span class='ocrx_word' id='word_1_470' title='bbox 2931 1968 3167 2023; x_wconf 89' lang='lat' dir='ltr'><strong>bonitate</strong></span> <span class='ocrx_word' id='word_1_471' title='bbox 3187 1969 3384 2037; x_wconf 88' lang='lat' dir='ltr'><strong>placuit</strong></span> <span class='ocrx_word' id='word_1_472' title='bbox 3409 1978 3467 2023; x_wconf 91' lang='lat' dir='ltr'><strong>ut</strong></span> <span class='ocrx_word' id='word_1_473' title='bbox 3492 1977 3752 2033; x_wconf 87' lang='lat' dir='ltr'><strong>maneret,</strong></span> <span class='ocrx_word' id='word_1_474' title='bbox 3771 1968 3827 2023; x_wconf 87' lang='lat' dir='ltr'><strong>in</strong></span> 
     </span>
    </p>
   </div>
   <div class='ocr_carea' id='block_1_62' title="bbox 2273 2056 3221 2126">
    <p class='ocr_par' dir='ltr' id='par_1_62' title="bbox 2273 2056 3221 2126">
     <span class='ocr_line' id='line_1_62' title="bbox 2273 2056 3221 2126; baseline -0.001 -16"><span class='ocrx_word' id='word_1_475' title='bbox 2273 2072 2375 2126; x_wconf 84' lang='lat' dir='ltr'><strong>qua</strong></span> <span class='ocrx_word' id='word_1_476' title='bbox 2400 2056 2599 2126; x_wconf 84' lang='lat' dir='ltr'><strong>placuit</strong></span> <span class='ocrx_word' id='word_1_477' title='bbox 2627 2064 2685 2110; x_wconf 91' lang='lat' dir='ltr'><strong>ut</strong></span> <span class='ocrx_word' id='word_1_478' title='bbox 2712 2056 2879 2122; x_wconf 73' lang='lat' dir='ltr'><strong>fleret,</strong></span> <span class='ocrx_word' id='word_1_479' title='bbox 2908 2058 3047 2126; x_wconf 88' lang='lat' dir='ltr'><strong>quod</strong></span> <span class='ocrx_word' id='word_1_480' title='bbox 3078 2057 3221 2111; x_wconf 78' lang='lat' dir='ltr'><strong>fecit.</strong></span> 
     </span>
    </p>
   </div>
   <div class='ocr_carea' id='block_1_63' title="bbox 2344 2145 3831 2212">
    <p class='ocr_par' dir='ltr' id='par_1_63' title="bbox 2344 2145 3831 2212">
     <span class='ocr_line' id='line_1_63' title="bbox 2344 2145 3831 2212; baseline 0.001 -13"><span class='ocrx_word' id='word_1_481' title='bbox 2344 2146 2507 2200; x_wconf 83' lang='lat' dir='ltr'><strong><em>Inter.</em></strong></span> <span class='ocrx_word' id='word_1_482' title='bbox 2536 2146 2622 2199; x_wconf 76' lang='lat'><strong>56.</strong></span> <span class='ocrx_word' id='word_1_483' title='bbox 2654 2145 2831 2212; x_wconf 88' lang='lat' dir='ltr'><strong>Quare</strong></span> <span class='ocrx_word' id='word_1_484' title='bbox 2867 2148 2931 2201; x_wconf 90' lang='lat' dir='ltr'><strong>de</strong></span> <span class='ocrx_word' id='word_1_485' title='bbox 2957 2148 3069 2202; x_wconf 90' lang='lat' dir='ltr'><strong>solo</strong></span> <span class='ocrx_word' id='word_1_486' title='bbox 3096 2150 3309 2203; x_wconf 89' lang='lat' dir='ltr'><strong>homine</strong></span> <span class='ocrx_word' id='word_1_487' title='bbox 3336 2149 3538 2203; x_wconf 87' lang='lat' dir='ltr'><strong>dictum</strong></span> <span class='ocrx_word' id='word_1_488' title='bbox 3565 2156 3647 2202; x_wconf 89' lang='lat' dir='ltr'><strong>est</strong></span> <span class='ocrx_word' id='word_1_489' title='bbox 3672 2164 3685 2202; x_wconf 91' lang='lat'><strong>:</strong></span> <span class='ocrx_word' id='word_1_490' title='bbox 3722 2145 3831 2201; x_wconf 72' lang='lat' dir='ltr'><strong>Fa-</strong></span> 
     </span>
    </p>
   </div>
   <div class='ocr_carea' id='block_1_64' title="bbox 2276 2236 3831 2309">
    <p class='ocr_par' dir='ltr' id='par_1_64' title="bbox 2276 2236 3831 2309">
     <span class='ocr_line' id='line_1_64' title="bbox 2276 2236 3831 2309; baseline 0.001 -20"><span class='ocrx_word' id='word_1_491' title='bbox 2276 2237 2473 2289; x_wconf 84' lang='lat' dir='ltr'><strong>ciamus</strong></span> <span class='ocrx_word' id='word_1_492' title='bbox 2502 2237 2756 2291; x_wconf 81' lang='lat' dir='ltr'><strong>hominem</strong></span> <span class='ocrx_word' id='word_1_493' title='bbox 2788 2236 2937 2307; x_wconf 85' lang='lat' dir='ltr'><strong><em>(Gen.</em></strong></span> <span class='ocrx_word' id='word_1_494' title='bbox 2962 2255 2999 2302; x_wconf 89' lang='grc' dir='ltr'>ι,</span> <span class='ocrx_word' id='word_1_495' title='bbox 3020 2238 3143 2309; x_wconf 88' lang='grc'><strong>26);</strong></span> <span class='ocrx_word' id='word_1_496' title='bbox 3175 2239 3240 2292; x_wconf 90' lang='lat' dir='ltr'><strong>de</strong></span> <span class='ocrx_word' id='word_1_497' title='bbox 3269 2239 3389 2293; x_wconf 89' lang='lat' dir='ltr'><strong>aliis</strong></span> <span class='ocrx_word' id='word_1_498' title='bbox 3419 2246 3831 2293; x_wconf 57' lang='lat' dir='ltr'><strong>autem-creatuo</strong></span> 
     </span>
    </p>
   </div>
   <div class='ocr_carea' id='block_1_65' title="bbox 2277 2328 3833 2399">
    <p class='ocr_par' dir='ltr' id='par_1_65' title="bbox 2277 2328 3833 2399">
     <span class='ocr_line' id='line_1_65' title="bbox 2277 2328 3833 2399; baseline 0.002 -18"><span class='ocrx_word' id='word_1_499' title='bbox 2277 2329 2352 2382; x_wconf 88' lang='lat' dir='ltr'><strong>ris</strong></span> <span class='ocrx_word' id='word_1_500' title='bbox 2376 2328 2566 2398; x_wconf 75' lang='lat' dir='ltr'><strong>legitur</strong></span> <span class='ocrx_word' id='word_1_501' title='bbox 2594 2344 2607 2382; x_wconf 88' lang='lat'><strong>:</strong></span> <span class='ocrx_word' id='word_1_502' title='bbox 2642 2328 2786 2382; x_wconf 68' lang='lat' dir='ltr'><strong>Dixit</strong></span> <span class='ocrx_word' id='word_1_503' title='bbox 2821 2328 3001 2382; x_wconf 83' lang='lat' dir='ltr'><strong><em>Deus?</em></strong></span> <span class='ocrx_word' id='word_1_504' title='bbox 3032 2360 3100 2367; x_wconf 98' lang='lat'><strong>—</strong></span> <span class='ocrx_word' id='word_1_505' title='bbox 3129 2329 3281 2399; x_wconf 84' lang='lat' dir='ltr'><strong><em>Resp.</em></strong></span> <span class='ocrx_word' id='word_1_506' title='bbox 3324 2329 3395 2385; x_wconf 89' lang='lat' dir='ltr'><strong>Ut</strong></span> <span class='ocrx_word' id='word_1_507' title='bbox 3420 2329 3681 2393; x_wconf 82' lang='lat' dir='ltr'><strong>videlicet,</strong></span> <span class='ocrx_word' id='word_1_508' title='bbox 3712 2344 3833 2398; x_wconf 77' lang='lat' dir='ltr'><strong>qnte</strong></span> 
     </span>
    </p>
   </div>
   <div class='ocr_carea' id='block_1_66' title="bbox 2280 2414 3830 2488">
    <p class='ocr_par' dir='ltr' id='par_1_66' title="bbox 2280 2414 3830 2488">
     <span class='ocr_line' id='line_1_66' title="bbox 2280 2414 3830 2488; baseline 0.002 -19"><span class='ocrx_word' id='word_1_509' title='bbox 2280 2414 2441 2487; x_wconf 72' lang='lat' dir='ltr'><strong><em>[Ms.,</em></strong></span> <span class='ocrx_word' id='word_1_510' title='bbox 2469 2416 2625 2488; x_wconf 89' lang='lat' dir='ltr'><strong>quia]</strong></span> <span class='ocrx_word' id='word_1_511' title='bbox 2670 2418 2999 2473; x_wconf 87' lang='lat' dir='ltr'><strong>rationabilis</strong></span> <span class='ocrx_word' id='word_1_512' title='bbox 3042 2427 3284 2473; x_wconf 85' lang='lat' dir='ltr'><strong>creatura</strong></span> <span class='ocrx_word' id='word_1_513' title='bbox 3335 2418 3683 2485; x_wconf 89' lang='lat' dir='ltr'><strong>condebatur,</strong></span> <span class='ocrx_word' id='word_1_514' title='bbox 3709 2433 3830 2475; x_wconf 83' lang='lat' dir='ltr'><strong>cum</strong></span> 
     </span>
    </p>
   </div>
   <div class='ocr_carea' id='block_1_67' title="bbox 2277 2506 3833 2579">
    <p class='ocr_par' dir='ltr' id='par_1_67' title="bbox 2277 2506 3833 2579">
     <span class='ocr_line' id='line_1_67' title="bbox 2277 2506 3833 2579; baseline 0.002 -18"><span class='ocrx_word' id='word_1_515' title='bbox 2277 2506 2499 2561; x_wconf 84' lang='lat' dir='ltr'><strong>consilio</strong></span> <span class='ocrx_word' id='word_1_516' title='bbox 2524 2506 2668 2562; x_wconf 87' lang='lat' dir='ltr'><strong>facta</strong></span> <span class='ocrx_word' id='word_1_517' title='bbox 2692 2507 2983 2573; x_wconf 82' lang='lat' dir='ltr'><strong>videretur,</strong></span> <span class='ocrx_word' id='word_1_518' title='bbox 3019 2519 3073 2562; x_wconf 88' lang='lat' dir='ltr'><strong>et</strong></span> <span class='ocrx_word' id='word_1_519' title='bbox 3118 2518 3175 2562; x_wconf 91' lang='lat' dir='ltr'><strong>ut</strong></span> <span class='ocrx_word' id='word_1_520' title='bbox 3217 2510 3332 2579; x_wconf 85' lang='lat' dir='ltr'><strong>ejus</strong></span> <span class='ocrx_word' id='word_1_521' title='bbox 3365 2509 3610 2564; x_wconf 88' lang='lat' dir='ltr'><strong>nobilitas</strong></span> <span class='ocrx_word' id='word_1_522' title='bbox 3653 2516 3833 2564; x_wconf 84' lang='lat' dir='ltr'><strong>osten-</strong></span> 
     </span>
    </p>
   </div>
   <div class='ocr_carea' id='block_1_68' title="bbox 2278 2594 2516 2648">
    <p class='ocr_par' dir='ltr' id='par_1_68' title="bbox 2278 2594 2516 2648">
     <span class='ocr_line' id='line_1_68' title="bbox 2278 2594 2516 2648; baseline 0 0"><span class='ocrx_word' id='word_1_523' title='bbox 2278 2594 2516 2648; x_wconf 85' lang='lat' dir='ltr'><strong>deretur.</strong></span> 
     </span>
    </p>
   </div>
   <div class='ocr_carea' id='block_1_69' title="bbox 2348 2663 3834 2761">
    <p class='ocr_par' dir='ltr' id='par_1_69' title="bbox 2348 2663 3834 2761">
     <span class='ocr_line' id='line_1_69' title="bbox 2348 2663 3834 2761; baseline 0.001 -25"><span class='ocrx_word' id='word_1_524' title='bbox 2348 2682 2513 2761; x_wconf 81' lang='lat' dir='ltr'><strong><em>Inter.</em></strong></span> <span class='ocrx_word' id='word_1_525' title='bbox 2543 2682 2630 2737; x_wconf 78' lang='lat'><strong>&#39;57.</strong></span> <span class='ocrx_word' id='word_1_526' title='bbox 2660 2684 2766 2739; x_wconf 90' lang='lat' dir='ltr'><strong>Cur</strong></span> <span class='ocrx_word' id='word_1_527' title='bbox 2786 2685 2978 2755; x_wconf 89' lang='lat' dir='ltr'><strong>plurali</strong></span> <span class='ocrx_word' id='word_1_528' title='bbox 3004 2701 3226 2741; x_wconf 90' lang='lat' dir='ltr'><strong>numero</strong></span> <span class='ocrx_word' id='word_1_529' title='bbox 3253 2673 3400 2741; x_wconf 83' lang='lat' dir='ltr'><strong>dixit</strong></span> <span class='ocrx_word' id='word_1_530' title='bbox 3435 2663 3459 2739; x_wconf 53' lang='grc' dir='ltr'>ἐ</span> <span class='ocrx_word' id='word_1_531' title='bbox 3508 2683 3834 2739; x_wconf 72' lang='lat' dir='ltr'><strong>Faciamus!</strong></span> 
     </span>
    </p>
   </div>
   <div class='ocr_carea' id='block_1_70' title="bbox 2278 2776 3833 2847">
    <p class='ocr_par' dir='ltr' id='par_1_70' title="bbox 2278 2776 3833 2847">
     <span class='ocr_line' id='line_1_70' title="bbox 2278 2776 3833 2847; baseline -0.001 -17"><span class='ocrx_word' id='word_1_532' title='bbox 2278 2806 2346 2819; x_wconf 66' lang='grc' dir='ltr'><strong>η-</strong></span> <span class='ocrx_word' id='word_1_533' title='bbox 2368 2776 2523 2846; x_wconf 86' lang='lat' dir='ltr'><strong><em>Resp.</em></strong></span> <span class='ocrx_word' id='word_1_534' title='bbox 2554 2776 2623 2831; x_wconf 90' lang='lat' dir='ltr'><strong>Ut</strong></span> <span class='ocrx_word' id='word_1_535' title='bbox 2652 2778 3025 2832; x_wconf 89' lang='lat' dir='ltr'><strong>ostenderetur</strong></span> <span class='ocrx_word' id='word_1_536' title='bbox 3049 2779 3210 2831; x_wconf 91' lang='lat' dir='ltr'><strong>trium</strong></span> <span class='ocrx_word' id='word_1_537' title='bbox 3246 2793 3351 2831; x_wconf 90' lang='lat' dir='ltr'><strong>una</strong></span> <span class='ocrx_word' id='word_1_538' title='bbox 3378 2778 3619 2847; x_wconf 90' lang='lat' dir='ltr'><strong>operatio</strong></span> <span class='ocrx_word' id='word_1_539' title='bbox 3647 2791 3833 2845; x_wconf 79' lang='lat' dir='ltr'><strong>perso-</strong></span> 
     </span>
    </p>
   </div>
   <div class='ocr_carea' id='block_1_71' title="bbox 2280 2882 2489 2922">
    <p class='ocr_par' dir='ltr' id='par_1_71' title="bbox 2280 2882 2489 2922">
     <span class='ocr_line' id='line_1_71' title="bbox 2280 2882 2489 2922; baseline -0.01 0"><span class='ocrx_word' id='word_1_540' title='bbox 2280 2882 2489 2922; x_wconf 80' lang='lat' dir='ltr'><strong>narum.</strong></span> 
     </span>
    </p>
   </div>
   <div class='ocr_carea' id='block_1_72' title="bbox 2352 2955 3832 3028">
    <p class='ocr_par' dir='ltr' id='par_1_72' title="bbox 2352 2955 3832 3028">
     <span class='ocr_line' id='line_1_72' title="bbox 2352 2955 3832 3028; baseline 0.001 -20"><span class='ocrx_word' id='word_1_541' title='bbox 2352 2955 2514 3009; x_wconf 82' lang='lat' dir='ltr'><strong><em>Inter.</em></strong></span> <span class='ocrx_word' id='word_1_542' title='bbox 2550 2955 2640 3012; x_wconf 75' lang='lat'><strong>38.</strong></span> <span class='ocrx_word' id='word_1_543' title='bbox 2680 2956 2737 3009; x_wconf 85' lang='lat' dir='ltr'><strong><em>In</em></strong></span> <span class='ocrx_word' id='word_1_544' title='bbox 2776 2972 2881 3025; x_wconf 92' lang='lat' dir='ltr'><strong>quo</strong></span> <span class='ocrx_word' id='word_1_545' title='bbox 2911 2966 2991 3011; x_wconf 88' lang='lat' dir='ltr'><strong>est</strong></span> <span class='ocrx_word' id='word_1_546' title='bbox 3020 2958 3177 3012; x_wconf 86' lang='lat' dir='ltr'><strong>homo</strong></span> <span class='ocrx_word' id='word_1_547' title='bbox 3205 2959 3497 3013; x_wconf 89' lang='lat' dir='ltr'><strong>conditoris</strong></span> <span class='ocrx_word' id='word_1_548' title='bbox 3524 2958 3602 3012; x_wconf 89' lang='lat' dir='ltr'><strong>sui</strong></span> <span class='ocrx_word' id='word_1_549' title='bbox 3627 2956 3832 3028; x_wconf 79' lang='lat' dir='ltr'><strong>imago?</strong></span> 
     </span>
    </p>
   </div>
   <div class='ocr_carea' id='block_1_73' title="bbox 2282 3043 3153 3114">
    <p class='ocr_par' dir='ltr' id='par_1_73' title="bbox 2282 3043 3153 3114">
     <span class='ocr_line' id='line_1_73' title="bbox 2282 3043 3153 3114; baseline 0.003 -17"><span class='ocrx_word' id='word_1_550' title='bbox 2282 3074 2350 3084; x_wconf 89' lang='lat'><strong>——</strong></span> <span class='ocrx_word' id='word_1_551' title='bbox 2388 3043 2543 3114; x_wconf 86' lang='lat' dir='ltr'><strong><em>Resp.</em></strong></span> <span class='ocrx_word' id='word_1_552' title='bbox 2568 3045 2627 3099; x_wconf 89' lang='lat' dir='ltr'><strong><em>In</em></strong></span> <span class='ocrx_word' id='word_1_553' title='bbox 2656 3045 2893 3099; x_wconf 89' lang='lat' dir='ltr'><strong>interiori</strong></span> <span class='ocrx_word' id='word_1_554' title='bbox 2920 3046 3153 3113; x_wconf 87' lang='lat' dir='ltr'><strong>homine.</strong></span> 
     </span>
    </p>
   </div>
   <div class='ocr_carea' id='block_1_74' title="bbox 2202 3095 3835 3206">
    <p class='ocr_par' dir='ltr' id='par_1_74' title="bbox 2202 3095 3835 3206">
     <span class='ocr_line' id='line_1_74' title="bbox 2202 3095 3835 3206; baseline 0.001 -18"><span class='ocrx_word' id='word_1_555' title='bbox 2202 3095 2250 3157; x_wconf 75' lang='lat' dir='ltr'>c</span> <span class='ocrx_word' id='word_1_556' title='bbox 2352 3095 2517 3189; x_wconf 54' lang='lat' dir='ltr'><strong><em>Inter:</em></strong></span> <span class='ocrx_word' id='word_1_557' title='bbox 2545 3135 2631 3189; x_wconf 85' lang='lat'><strong>59.</strong></span> <span class='ocrx_word' id='word_1_558' title='bbox 2678 3132 2785 3188; x_wconf 90' lang='lat' dir='ltr'><strong>Cur</strong></span> <span class='ocrx_word' id='word_1_559' title='bbox 2828 3110 3136 3203; x_wconf 85' lang='lat' dir='ltr'><strong>utrumque,</strong></span> <span class='ocrx_word' id='word_1_560' title='bbox 3174 3138 3349 3206; x_wconf 85' lang='lat' dir='ltr'><strong>imago</strong></span> <span class='ocrx_word' id='word_1_561' title='bbox 3402 3145 3455 3190; x_wconf 91' lang='lat' dir='ltr'><strong>et</strong></span> <span class='ocrx_word' id='word_1_562' title='bbox 3506 3135 3835 3190; x_wconf 80' lang='lat' dir='ltr'><strong>similitudo?</strong></span> 
     </span>
    </p>
   </div>
   <div class='ocr_carea' id='block_1_75' title="bbox 2278 3223 3830 3294">
    <p class='ocr_par' dir='ltr' id='par_1_75' title="bbox 2278 3223 3830 3294">
     <span class='ocr_line' id='line_1_75' title="bbox 2278 3223 3830 3294; baseline 0.003 -18"><span class='ocrx_word' id='word_1_563' title='bbox 2278 3254 2348 3264; x_wconf 92' lang='lat'><strong>-—</strong></span> <span class='ocrx_word' id='word_1_564' title='bbox 2377 3223 2530 3294; x_wconf 87' lang='lat' dir='ltr'><strong><em>Resp.</em></strong></span> <span class='ocrx_word' id='word_1_565' title='bbox 2576 3224 2759 3293; x_wconf 85' lang='lat' dir='ltr'><strong>Imago</strong></span> <span class='ocrx_word' id='word_1_566' title='bbox 2805 3225 2857 3278; x_wconf 90' lang='lat' dir='ltr'><strong>in</strong></span> <span class='ocrx_word' id='word_1_567' title='bbox 2910 3228 3243 3289; x_wconf 81' lang='lat' dir='ltr'><strong>:eternitate,</strong></span> <span class='ocrx_word' id='word_1_568' title='bbox 3274 3225 3562 3279; x_wconf 88' lang='lat' dir='ltr'><strong>similitudo</strong></span> <span class='ocrx_word' id='word_1_569' title='bbox 3610 3226 3663 3279; x_wconf 90' lang='lat' dir='ltr'><strong>in</strong></span> <span class='ocrx_word' id='word_1_570' title='bbox 3717 3240 3830 3281; x_wconf 85' lang='lat' dir='ltr'><strong>mo-</strong></span> 
     </span>
    </p>
   </div>
   <div class='ocr_carea' id='block_1_76' title="bbox 2282 3314 2446 3366">
    <p class='ocr_par' dir='ltr' id='par_1_76' title="bbox 2282 3314 2446 3366">
     <span class='ocr_line' id='line_1_76' title="bbox 2282 3314 2446 3366; baseline -0.006 0"><span class='ocrx_word' id='word_1_571' title='bbox 2282 3314 2446 3366; x_wconf 86' lang='lat' dir='ltr'><strong>ribus.</strong></span> 
     </span>
    </p>
   </div>
   <div class='ocr_carea' id='block_1_77' title="bbox 2356 3402 3835 3459">
    <p class='ocr_par' dir='ltr' id='par_1_77' title="bbox 2356 3402 3835 3459">
     <span class='ocr_line' id='line_1_77' title="bbox 2356 3402 3835 3459; baseline 0.003 -4"><span class='ocrx_word' id='word_1_572' title='bbox 2356 3402 2515 3455; x_wconf 74' lang='lat' dir='ltr'><strong>luteo.</strong></span> <span class='ocrx_word' id='word_1_573' title='bbox 2545 3403 2629 3457; x_wconf 67' lang='grc'><strong>40.</strong></span> <span class='ocrx_word' id='word_1_574' title='bbox 2663 3402 2771 3457; x_wconf 89' lang='lat' dir='ltr'><strong>Cur</strong></span> <span class='ocrx_word' id='word_1_575' title='bbox 2804 3404 2994 3458; x_wconf 82' lang='lat' dir='ltr'><strong>iterum</strong></span> <span class='ocrx_word' id='word_1_576' title='bbox 3038 3405 3171 3459; x_wconf 83' lang='lat' dir='ltr'><strong>dixit</strong></span> <span class='ocrx_word' id='word_1_577' title='bbox 3202 3420 3215 3457; x_wconf 91' lang='lat'>:</span> <span class='ocrx_word' id='word_1_578' title='bbox 3250 3404 3449 3459; x_wconf 80' lang='lat' dir='ltr'><strong><em>Creavit</em></strong></span> <span class='ocrx_word' id='word_1_579' title='bbox 3485 3403 3624 3459; x_wconf 78' lang='lat' dir='ltr'><strong><em>Dens</em></strong></span> <span class='ocrx_word' id='word_1_580' title='bbox 3671 3406 3835 3459; x_wconf 81' lang='lat' dir='ltr'><strong>homi-</strong></span> 
     </span>
    </p>
   </div>
   <div class='ocr_carea' id='block_1_78' title="bbox 2284 3490 3830 3563">
    <p class='ocr_par' dir='ltr' id='par_1_78' title="bbox 2284 3490 3830 3563">
     <span class='ocr_line' id='line_1_78' title="bbox 2284 3490 3830 3563; baseline 0.003 -20"><span class='ocrx_word' id='word_1_581' title='bbox 2284 3506 2395 3543; x_wconf 87' lang='lat' dir='ltr'><strong><em>nem</em></strong></span> <span class='ocrx_word' id='word_1_582' title='bbox 2424 3491 2491 3543; x_wconf 73' lang='grc' dir='ltr'><strong>(τά</strong></span> <span class='ocrx_word' id='word_1_583' title='bbox 2514 3492 2787 3559; x_wconf 85' lang='lat' dir='ltr'><strong>imaginem</strong></span> <span class='ocrx_word' id='word_1_584' title='bbox 2809 3495 2957 3546; x_wconf 68' lang='lat' dir='ltr'><strong>suam</strong></span> <span class='ocrx_word' id='word_1_585' title='bbox 2987 3490 3135 3563; x_wconf 87' lang='lat' dir='ltr'><strong><em>(vers.</em></strong></span> <span class='ocrx_word' id='word_1_586' title='bbox 3159 3493 3282 3563; x_wconf 85' lang='lat'><strong>27);</strong></span> <span class='ocrx_word' id='word_1_587' title='bbox 3314 3508 3436 3547; x_wconf 91' lang='lat' dir='ltr'><strong>cum</strong></span> <span class='ocrx_word' id='word_1_588' title='bbox 3470 3501 3627 3548; x_wconf 89' lang='lat' dir='ltr'><strong>antea</strong></span> <span class='ocrx_word' id='word_1_589' title='bbox 3664 3493 3830 3548; x_wconf 85' lang='lat' dir='ltr'><strong>dixis-</strong></span> 
     </span>
    </p>
   </div>
   <div class='ocr_carea' id='block_1_79' title="bbox 2280 3580 3830 3653">
    <p class='ocr_par' dir='ltr' id='par_1_79' title="bbox 2280 3580 3830 3653">
     <span class='ocr_line' id='line_1_79' title="bbox 2280 3580 3830 3653; baseline 0.004 -20"><span class='ocrx_word' id='word_1_590' title='bbox 2280 3589 2399 3633; x_wconf 88' lang='lat' dir='ltr'><strong>set:</strong></span> <span class='ocrx_word' id='word_1_591' title='bbox 2426 3580 2493 3632; x_wconf 85' lang='lat' dir='ltr'><strong>ad</strong></span> <span class='ocrx_word' id='word_1_592' title='bbox 2518 3582 2791 3647; x_wconf 84' lang='lat' dir='ltr'><strong>imaginem</strong></span> <span class='ocrx_word' id='word_1_593' title='bbox 2821 3584 3086 3635; x_wconf 77' lang='lat' dir='ltr'><strong>nostram?</strong></span> <span class='ocrx_word' id='word_1_594' title='bbox 3111 3612 3180 3622; x_wconf 90' lang='lat'><strong>-—</strong></span> <span class='ocrx_word' id='word_1_595' title='bbox 3216 3582 3370 3653; x_wconf 87' lang='lat' dir='ltr'><strong><em>Resp.</em></strong></span> <span class='ocrx_word' id='word_1_596' title='bbox 3414 3583 3484 3638; x_wconf 93' lang='lat' dir='ltr'><strong>Ut</strong></span> <span class='ocrx_word' id='word_1_597' title='bbox 3524 3592 3830 3653; x_wconf 88' lang='lat' dir='ltr'><strong>utrumque.</strong></span> 
     </span>
    </p>
   </div>
   <div class='ocr_carea' id='block_1_80' title="bbox 2282 3667 3830 3736">
    <p class='ocr_par' dir='ltr' id='par_1_80' title="bbox 2282 3667 3830 3736">
     <span class='ocr_line' id='line_1_80' title="bbox 2282 3667 3830 3736; baseline 0.006 -18"><span class='ocrx_word' id='word_1_598' title='bbox 2282 3676 2336 3718; x_wconf 84' lang='lat' dir='ltr'><strong>et</strong></span> <span class='ocrx_word' id='word_1_599' title='bbox 2369 3667 2645 3735; x_wconf 83' lang='lat' dir='ltr'><strong>pluralitas</strong></span> <span class='ocrx_word' id='word_1_600' title='bbox 2669 3683 3037 3736; x_wconf 89' lang='lat' dir='ltr'><strong>personarum,</strong></span> <span class='ocrx_word' id='word_1_601' title='bbox 3068 3678 3121 3723; x_wconf 89' lang='lat' dir='ltr'><strong>et</strong></span> <span class='ocrx_word' id='word_1_602' title='bbox 3150 3670 3325 3725; x_wconf 85' lang='lat' dir='ltr'><strong>unitas</strong></span> <span class='ocrx_word' id='word_1_603' title='bbox 3346 3672 3655 3725; x_wconf 73' lang='lat' dir='ltr'><strong>substantia:</strong></span> <span class='ocrx_word' id='word_1_604' title='bbox 3698 3672 3830 3727; x_wconf 83' lang='lat' dir='ltr'><strong>insi-</strong></span> 
     </span>
    </p>
   </div>
   <div class='ocr_carea' id='block_1_81' title="bbox 2286 3762 2558 3809">
    <p class='ocr_par' dir='ltr' id='par_1_81' title="bbox 2286 3762 2558 3809">
     <span class='ocr_line' id='line_1_81' title="bbox 2286 3762 2558 3809; baseline 0.004 -1"><span class='ocrx_word' id='word_1_605' title='bbox 2286 3762 2558 3809; x_wconf 83' lang='lat' dir='ltr'><strong>nuaretur.</strong></span> 
     </span>
    </p>
   </div>
   <div class='ocr_carea' id='block_1_82' title="bbox 2356 3865 3944 3932">
    <p class='ocr_par' dir='ltr' id='par_1_82' title="bbox 2356 3865 3944 3932">
     <span class='ocr_line' id='line_1_82' title="bbox 2356 3865 3944 3932; baseline 0.008 -16"><span class='ocrx_word' id='word_1_606' title='bbox 2356 3865 2517 3918; x_wconf 82' lang='lat' dir='ltr'><strong><em>Inter.</em></strong></span> <span class='ocrx_word' id='word_1_607' title='bbox 2539 3867 2624 3919; x_wconf 76' lang='grc' dir='ltr'><strong>Μ.</strong></span> <span class='ocrx_word' id='word_1_608' title='bbox 2648 3867 2824 3932; x_wconf 85' lang='lat' dir='ltr'><strong>Quare</strong></span> <span class='ocrx_word' id='word_1_609' title='bbox 2847 3870 2913 3922; x_wconf 87' lang='lat' dir='ltr'><strong>de</strong></span> <span class='ocrx_word' id='word_1_610' title='bbox 2939 3871 3053 3924; x_wconf 86' lang='lat' dir='ltr'><strong>solo</strong></span> <span class='ocrx_word' id='word_1_611' title='bbox 3074 3872 3289 3927; x_wconf 86' lang='lat' dir='ltr'><strong>homine</strong></span> <span class='ocrx_word' id='word_1_612' title='bbox 3308 3882 3487 3927; x_wconf 85' lang='lat' dir='ltr'><strong>creato</strong></span> <span class='ocrx_word' id='word_1_613' title='bbox 3512 3888 3618 3927; x_wconf 90' lang='lat' dir='ltr'><strong>non</strong></span> <span class='ocrx_word' id='word_1_614' title='bbox 3642 3874 3835 3929; x_wconf 87' lang='lat' dir='ltr'><strong>dicitur</strong></span> <span class='ocrx_word' id='word_1_615' title='bbox 3934 3900 3944 3911; x_wconf 87' lang='grc'><strong>·</strong></span> 
     </span>
    </p>
   </div>
   <div class='ocr_carea' id='block_1_83' title="bbox 2285 3954 3833 4027">
    <p class='ocr_par' dir='ltr' id='par_1_83' title="bbox 2285 3954 3833 4027">
     <span class='ocr_line' id='line_1_83' title="bbox 2285 3954 3833 4027; baseline 0.007 -21"><span class='ocrx_word' id='word_1_616' title='bbox 2285 3954 2626 4022; x_wconf 80' lang='lat' dir='ltr'><strong>singulariter</strong></span> <span class='ocrx_word' id='word_1_617' title='bbox 2656 3973 2667 4007; x_wconf 91' lang='lat'><strong>:</strong></span> <span class='ocrx_word' id='word_1_618' title='bbox 2704 3954 2842 4009; x_wconf 77' lang='lat' dir='ltr'><strong>Vidit</strong></span> <span class='ocrx_word' id='word_1_619' title='bbox 2864 3957 2999 4011; x_wconf 85' lang='lat' dir='ltr'><strong><em>Deus</em></strong></span> <span class='ocrx_word' id='word_1_620' title='bbox 3019 3959 3156 4027; x_wconf 85' lang='lat' dir='ltr'><strong>quod</strong></span> <span class='ocrx_word' id='word_1_621' title='bbox 3191 3970 3317 4013; x_wconf 86' lang='lat' dir='ltr'><strong><em>esset</em></strong></span> <span class='ocrx_word' id='word_1_622' title='bbox 3348 3961 3554 4025; x_wconf 80' lang='lat' dir='ltr'><strong>bonum,</strong></span> <span class='ocrx_word' id='word_1_623' title='bbox 3586 3962 3721 4017; x_wconf 89' lang='lat' dir='ltr'><strong>sicut</strong></span> <span class='ocrx_word' id='word_1_624' title='bbox 3768 3964 3833 4017; x_wconf 89' lang='lat' dir='ltr'><strong>dc</strong></span> 
     </span>
    </p>
   </div>
   <div class='ocr_carea' id='block_1_84' title="bbox 2285 4046 3832 4123">
    <p class='ocr_par' dir='ltr' id='par_1_84' title="bbox 2285 4046 3832 4123">
     <span class='ocr_line' id='line_1_84' title="bbox 2285 4046 3832 4123; baseline 0.006 -24"><span class='ocrx_word' id='word_1_625' title='bbox 2285 4046 2491 4100; x_wconf 71' lang='lat' dir='ltr'><strong>czeteris</strong></span> <span class='ocrx_word' id='word_1_626' title='bbox 2509 4048 2768 4101; x_wconf 87' lang='lat' dir='ltr'><strong>creaturis</strong></span> <span class='ocrx_word' id='word_1_627' title='bbox 2783 4048 2983 4103; x_wconf 88' lang='lat' dir='ltr'><strong>dictum</strong></span> <span class='ocrx_word' id='word_1_628' title='bbox 3002 4051 3117 4104; x_wconf 84' lang='lat' dir='ltr'><strong>est?</strong></span> <span class='ocrx_word' id='word_1_629' title='bbox 3141 4049 3379 4121; x_wconf 58' lang='lat' dir='ltr'><strong><em>«Resp.</em></strong></span> <span class='ocrx_word' id='word_1_630' title='bbox 3399 4052 3530 4117; x_wconf 87' lang='lat' dir='ltr'><strong>Quia</strong></span> <span class='ocrx_word' id='word_1_631' title='bbox 3557 4061 3832 4123; x_wconf 84' lang='lat' dir='ltr'><strong>postquam</strong></span> 
     </span>
    </p>
   </div>
   <div class='ocr_carea' id='block_1_85' title="bbox 2286 4137 3829 4206">
    <p class='ocr_par' dir='ltr' id='par_1_85' title="bbox 2286 4137 3829 4206">
     <span class='ocr_line' id='line_1_85' title="bbox 2286 4137 3829 4206; baseline 0.005 -17"><span class='ocrx_word' id='word_1_632' title='bbox 2286 4137 2444 4191; x_wconf 90' lang='lat' dir='ltr'><strong>homo</strong></span> <span class='ocrx_word' id='word_1_633' title='bbox 2489 4146 2699 4204; x_wconf 79' lang='lat' dir='ltr'><strong>creatus</strong></span> <span class='ocrx_word' id='word_1_634' title='bbox 2746 4149 2857 4203; x_wconf 86' lang='lat' dir='ltr'><strong>est,</strong></span> <span class='ocrx_word' id='word_1_635' title='bbox 2894 4140 3205 4196; x_wconf 89' lang='lat' dir='ltr'><strong>dicebantur</strong></span> <span class='ocrx_word' id='word_1_636' title='bbox 3250 4144 3426 4204; x_wconf 85' lang='lat' dir='ltr'><strong>omnia</strong></span> <span class='ocrx_word' id='word_1_637' title='bbox 3473 4143 3624 4197; x_wconf 82' lang='lat' dir='ltr'><strong>valde</strong></span> <span class='ocrx_word' id='word_1_638' title='bbox 3672 4144 3829 4206; x_wconf 84' lang='lat' dir='ltr'><strong>bona,</strong></span> 
     </span>
    </p>
   </div>
   <div class='ocr_carea' id='block_1_86' title="bbox 2285 4227 3837 4299">
    <p class='ocr_par' dir='ltr' id='par_1_86' title="bbox 2285 4227 3837 4299">
     <span class='ocr_line' id='line_1_86' title="bbox 2285 4227 3837 4299; baseline 0.005 -21"><span class='ocrx_word' id='word_1_639' title='bbox 2285 4227 2437 4293; x_wconf 88' lang='lat' dir='ltr'><strong>quasi</strong></span> <span class='ocrx_word' id='word_1_640' title='bbox 2460 4231 2583 4280; x_wconf 85' lang='lat' dir='ltr'><strong>ante</strong></span> <span class='ocrx_word' id='word_1_641' title='bbox 2608 4236 2785 4280; x_wconf 84' lang='lat' dir='ltr'><strong>essent</strong></span> <span class='ocrx_word' id='word_1_642' title='bbox 2828 4230 3032 4297; x_wconf 83' lang='lat' dir='ltr'><strong>singula</strong></span> <span class='ocrx_word' id='word_1_643' title='bbox 3080 4233 3218 4285; x_wconf 89' lang='lat' dir='ltr'><strong>bona</strong></span> <span class='ocrx_word' id='word_1_644' title='bbox 3254 4246 3269 4283; x_wconf 90' lang='lat'><strong>:</strong></span> <span class='ocrx_word' id='word_1_645' title='bbox 3306 4240 3521 4299; x_wconf 84' lang='lat' dir='ltr'><strong>propter</strong></span> <span class='ocrx_word' id='word_1_646' title='bbox 3568 4232 3837 4285; x_wconf 88' lang='lat' dir='ltr'><strong>hominem</strong></span> 
     </span>
    </p>
   </div>
   <div class='ocr_carea' id='block_1_87' title="bbox 2286 4310 3836 4393">
    <p class='ocr_par' dir='ltr' id='par_1_87' title="bbox 2286 4310 3836 4393">
     <span class='ocr_line' id='line_1_87' title="bbox 2286 4310 3836 4393; baseline 0.006 -26"><span class='ocrx_word' id='word_1_647' title='bbox 2286 4310 2460 4367; x_wconf 79' lang='lat' dir='ltr'><strong>autem</strong></span> <span class='ocrx_word' id='word_1_648' title='bbox 2515 4316 2690 4369; x_wconf 89' lang='lat' dir='ltr'><strong>omnia</strong></span> <span class='ocrx_word' id='word_1_649' title='bbox 2744 4317 2893 4370; x_wconf 87' lang='lat' dir='ltr'><strong>valde</strong></span> <span class='ocrx_word' id='word_1_650' title='bbox 2938 4320 3095 4383; x_wconf 89' lang='lat' dir='ltr'><strong>bona,</strong></span> <span class='ocrx_word' id='word_1_651' title='bbox 3125 4320 3261 4386; x_wconf 75' lang='lat' dir='ltr'><strong>quod</strong></span> <span class='ocrx_word' id='word_1_652' title='bbox 3312 4319 3480 4391; x_wconf 81' lang='lat' dir='ltr'><strong><em>[Ms.,</em></strong></span> <span class='ocrx_word' id='word_1_653' title='bbox 3511 4321 3672 4393; x_wconf 82' lang='lat' dir='ltr'><strong>quia]</strong></span> <span class='ocrx_word' id='word_1_654' title='bbox 3724 4336 3836 4376; x_wconf 85' lang='lat' dir='ltr'><strong>om-</strong></span> 
     </span>
    </p>
   </div>
   <div class='ocr_carea' id='block_1_88' title="bbox 637 4404 2318 4492">
    <p class='ocr_par' dir='ltr' id='par_1_88' title="bbox 637 4418 2318 4492">
     <span class='ocr_line' id='line_1_88' title="bbox 637 4418 2318 4492; baseline -0.002 -14"><span class='ocrx_word' id='word_1_655' title='bbox 637 4432 684 4478; x_wconf 88' lang='lat' dir='ltr'><strong>et</strong></span> <span class='ocrx_word' id='word_1_656' title='bbox 709 4433 899 4477; x_wconf 90' lang='lat' dir='ltr'><strong><em>terram</em></strong></span> <span class='ocrx_word' id='word_1_657' title='bbox 924 4418 1073 4491; x_wconf 80' lang='lat' dir='ltr'><strong><em>(Cen.</em></strong></span> <span class='ocrx_word' id='word_1_658' title='bbox 1106 4436 1143 4483; x_wconf 82' lang='grc' dir='ltr'>ι,</span> <span class='ocrx_word' id='word_1_659' title='bbox 1174 4418 1267 4491; x_wconf 80' lang='lat' dir='ltr'><strong>l)?</strong></span> <span class='ocrx_word' id='word_1_660' title='bbox 1291 4450 1356 4459; x_wconf 89' lang='lat'><strong>—-</strong></span> <span class='ocrx_word' id='word_1_661' title='bbox 1384 4418 1536 4488; x_wconf 84' lang='lat' dir='ltr'><strong><em>Resp.</em></strong></span> <span class='ocrx_word' id='word_1_662' title='bbox 1559 4420 1803 4474; x_wconf 81' lang='lat' dir='ltr'><strong>Informis</strong></span> <span class='ocrx_word' id='word_1_663' title='bbox 1830 4421 1916 4475; x_wconf 88' lang='lat' dir='ltr'><strong>illa</strong></span> <span class='ocrx_word' id='word_1_664' title='bbox 1941 4424 2179 4488; x_wconf 88' lang='lat' dir='ltr'><strong>materia,</strong></span> <span class='ocrx_word' id='word_1_665' title='bbox 2213 4433 2263 4492; x_wconf 79' lang='grc' dir='ltr'>ι)</span> <span class='ocrx_word' id='word_1_666' title='bbox 2286 4421 2318 4466; x_wconf 71' lang='grc' dir='ltr'><strong>η</strong></span> 
     </span>
    </p>
   </div>
   <div class='ocr_carea' id='block_1_89' title="bbox 2150 4404 3831 4492">
    <p class='ocr_par' dir='ltr' id='par_1_89' title="bbox 2150 4404 3831 4492">
     <span class='ocr_line' id='line_1_89' title="bbox 2150 4404 3831 4492; baseline 0.005 -36"><span class='ocrx_word' id='word_1_667' title='bbox 2150 4440 2179 4488; x_wconf 58' lang='grc' dir='ltr'>ι,</span> <span class='ocrx_word' id='word_1_668' title='bbox 2213 4433 2263 4492; x_wconf 78' lang='lat' dir='ltr'><strong>D</strong></span> <span class='ocrx_word' id='word_1_669' title='bbox 2286 4406 2374 4466; x_wconf 85' lang='lat' dir='ltr'><strong>nia</strong></span> <span class='ocrx_word' id='word_1_670' title='bbox 2402 4404 2453 4457; x_wconf 94' lang='lat' dir='ltr'><strong>in</strong></span> <span class='ocrx_word' id='word_1_671' title='bbox 2492 4405 2733 4457; x_wconf 89' lang='lat' dir='ltr'><strong>decorem</strong></span> <span class='ocrx_word' id='word_1_672' title='bbox 2781 4406 3007 4459; x_wconf 88' lang='lat' dir='ltr'><strong>hominis</strong></span> <span class='ocrx_word' id='word_1_673' title='bbox 3044 4418 3221 4461; x_wconf 88' lang='lat' dir='ltr'><strong>creata</strong></span> <span class='ocrx_word' id='word_1_674' title='bbox 3264 4416 3441 4463; x_wconf 87' lang='lat' dir='ltr'><strong>essent</strong></span> <span class='ocrx_word' id='word_1_675' title='bbox 3481 4408 3629 4480; x_wconf 73' lang='lat' dir='ltr'><strong><em>[Ms.,</em></strong></span> <span class='ocrx_word' id='word_1_676' title='bbox 3654 4408 3831 4483; x_wconf 87' lang='lat' dir='ltr'><strong>sunt];</strong></span> 
     </span>
    </p>
   </div>
   <div class='ocr_carea' id='block_1_90' title="bbox 639 4508 2186 4581">
    <p class='ocr_par' dir='ltr' id='par_1_90' title="bbox 639 4508 2186 4581">
     <span class='ocr_line' id='line_1_90' title="bbox 639 4508 2186 4581; baseline 0.001 -15"><span class='ocrx_word' id='word_1_677' title='bbox 639 4527 798 4581; x_wconf 88' lang='lat' dir='ltr'><strong>quam</strong></span> <span class='ocrx_word' id='word_1_678' title='bbox 822 4510 888 4566; x_wconf 83' lang='lat' dir='ltr'><strong>de</strong></span> <span class='ocrx_word' id='word_1_679' title='bbox 911 4510 1079 4565; x_wconf 90' lang='lat' dir='ltr'><strong>nihilo</strong></span> <span class='ocrx_word' id='word_1_680' title='bbox 1103 4508 1227 4564; x_wconf 89' lang='lat' dir='ltr'><strong>fecit</strong></span> <span class='ocrx_word' id='word_1_681' title='bbox 1246 4510 1403 4574; x_wconf 86' lang='lat' dir='ltr'><strong>Deus,</strong></span> <span class='ocrx_word' id='word_1_682' title='bbox 1422 4510 1681 4578; x_wconf 88' lang='lat' dir='ltr'><strong>appellata</strong></span> <span class='ocrx_word' id='word_1_683' title='bbox 1702 4519 1784 4565; x_wconf 89' lang='lat' dir='ltr'><strong>est</strong></span> <span class='ocrx_word' id='word_1_684' title='bbox 1802 4512 1973 4580; x_wconf 85' lang='lat' dir='ltr'><strong>primo</strong></span> <span class='ocrx_word' id='word_1_685' title='bbox 1994 4512 2186 4567; x_wconf 73' lang='lat' dir='ltr'><strong>ctelum</strong></span> 
     </span>
    </p>
   </div>
   <div class='ocr_carea' id='block_1_91' title="bbox 638 4596 2190 4671">
    <p class='ocr_par' dir='ltr' id='par_1_91' title="bbox 638 4596 2190 4671">
     <span class='ocr_line' id='line_1_91' title="bbox 638 4596 2190 4671; baseline 0.001 -16"><span class='ocrx_word' id='word_1_686' title='bbox 638 4611 693 4656; x_wconf 88' lang='lat' dir='ltr'><strong>et</strong></span> <span class='ocrx_word' id='word_1_687' title='bbox 713 4610 857 4655; x_wconf 91' lang='lat' dir='ltr'><strong>terra</strong></span> <span class='ocrx_word' id='word_1_688' title='bbox 888 4617 902 4653; x_wconf 74' lang='grc' dir='ltr'><strong><em>τ</em></strong></span> <span class='ocrx_word' id='word_1_689' title='bbox 932 4615 1038 4654; x_wconf 91' lang='lat' dir='ltr'><strong>non</strong></span> <span class='ocrx_word' id='word_1_690' title='bbox 1065 4600 1188 4668; x_wconf 90' lang='lat' dir='ltr'><strong>quia</strong></span> <span class='ocrx_word' id='word_1_691' title='bbox 1207 4596 1316 4667; x_wconf 85' lang='lat' dir='ltr'><strong>jam</strong></span> <span class='ocrx_word' id='word_1_692' title='bbox 1348 4598 1450 4653; x_wconf 91' lang='lat' dir='ltr'><strong>hoc</strong></span> <span class='ocrx_word' id='word_1_693' title='bbox 1478 4608 1612 4663; x_wconf 84' lang='lat' dir='ltr'><strong>erat,</strong></span> <span class='ocrx_word' id='word_1_694' title='bbox 1652 4601 1745 4654; x_wconf 86' lang='lat' dir='ltr'><strong>sed</strong></span> <span class='ocrx_word' id='word_1_695' title='bbox 1773 4602 1897 4669; x_wconf 88' lang='lat' dir='ltr'><strong>quia</strong></span> <span class='ocrx_word' id='word_1_696' title='bbox 1935 4602 2045 4671; x_wconf 86' lang='lat' dir='ltr'><strong>jam</strong></span> <span class='ocrx_word' id='word_1_697' title='bbox 2088 4604 2190 4658; x_wconf 88' lang='lat' dir='ltr'><strong>hoc</strong></span> 
     </span>
    </p>
   </div>
   <div class='ocr_carea' id='block_1_92' title="bbox 643 4686 2187 4758">
    <p class='ocr_par' dir='ltr' id='par_1_92' title="bbox 643 4686 2187 4758">
     <span class='ocr_line' id='line_1_92' title="bbox 643 4686 2187 4758; baseline 0.001 -17"><span class='ocrx_word' id='word_1_698' title='bbox 643 4694 760 4742; x_wconf 80' lang='lat' dir='ltr'><strong>eSse</strong></span> <span class='ocrx_word' id='word_1_699' title='bbox 787 4696 1013 4758; x_wconf 87' lang='lat' dir='ltr'><strong>poterat.</strong></span> <span class='ocrx_word' id='word_1_700' title='bbox 1035 4686 1166 4741; x_wconf 81' lang='lat' dir='ltr'><strong>Nam</strong></span> <span class='ocrx_word' id='word_1_701' title='bbox 1189 4689 1422 4742; x_wconf 89' lang='lat' dir='ltr'><strong>secundo</strong></span> <span class='ocrx_word' id='word_1_702' title='bbox 1439 4689 1523 4743; x_wconf 89' lang='lat' dir='ltr'><strong>die</strong></span> <span class='ocrx_word' id='word_1_703' title='bbox 1546 4690 1738 4743; x_wconf 72' lang='lat' dir='ltr'><strong>coelum</strong></span> <span class='ocrx_word' id='word_1_704' title='bbox 1762 4690 1901 4743; x_wconf 90' lang='lat' dir='ltr'><strong>istud</strong></span> <span class='ocrx_word' id='word_1_705' title='bbox 1923 4690 2187 4746; x_wconf 81' lang='lat' dir='ltr'><strong>sidereum</strong></span> 
     </span>
    </p>
   </div>
   <div class='ocr_carea' id='block_1_93' title="bbox 645 4777 2191 4850">
    <p class='ocr_par' dir='ltr' id='par_1_93' title="bbox 645 4777 2191 4850">
     <span class='ocr_line' id='line_1_93' title="bbox 645 4777 2191 4850; baseline 0.001 -18"><span class='ocrx_word' id='word_1_706' title='bbox 645 4777 842 4839; x_wconf 78' lang='lat' dir='ltr'><strong>factum</strong></span> <span class='ocrx_word' id='word_1_707' title='bbox 866 4792 985 4832; x_wconf 86' lang='lat' dir='ltr'><strong>esse</strong></span> <span class='ocrx_word' id='word_1_708' title='bbox 1012 4778 1220 4847; x_wconf 83' lang='lat' dir='ltr'><strong>legitur,</strong></span> <span class='ocrx_word' id='word_1_709' title='bbox 1249 4786 1303 4830; x_wconf 91' lang='lat' dir='ltr'><strong>et</strong></span> <span class='ocrx_word' id='word_1_710' title='bbox 1330 4779 1487 4831; x_wconf 88' lang='lat' dir='ltr'><strong>tertio</strong></span> <span class='ocrx_word' id='word_1_711' title='bbox 1512 4779 1597 4831; x_wconf 89' lang='lat' dir='ltr'><strong>die</strong></span> <span class='ocrx_word' id='word_1_712' title='bbox 1639 4788 1838 4833; x_wconf 85' lang='lat' dir='ltr'><strong>terram</strong></span> <span class='ocrx_word' id='word_1_713' title='bbox 1884 4782 2191 4850; x_wconf 80' lang='lat' dir='ltr'><strong>apparuisse</strong></span> 
     </span>
    </p>
   </div>
   <div class='ocr_carea' id='block_1_94' title="bbox 646 4864 2191 4935">
    <p class='ocr_par' dir='ltr' id='par_1_94' title="bbox 646 4864 2191 4935">
     <span class='ocr_line' id='line_1_94' title="bbox 646 4864 2191 4935; baseline 0.001 -13"><span class='ocrx_word' id='word_1_714' title='bbox 646 4877 703 4923; x_wconf 87' lang='lat' dir='ltr'><strong>et</strong></span> <span class='ocrx_word' id='word_1_715' title='bbox 725 4866 907 4921; x_wconf 81' lang='lat' dir='ltr'><strong>vestiri</strong></span> <span class='ocrx_word' id='word_1_716' title='bbox 934 4864 1151 4920; x_wconf 78' lang='lat' dir='ltr'><strong>ﬂoribus</strong></span> <span class='ocrx_word' id='word_1_717' title='bbox 1200 4865 1440 4935; x_wconf 72' lang='lat' dir='ltr'><strong>cmpisse.</strong></span> <span class='ocrx_word' id='word_1_718' title='bbox 1496 4866 1645 4931; x_wconf 75' lang='lat' dir='ltr'><strong>Sive,</strong></span> <span class='ocrx_word' id='word_1_719' title='bbox 1673 4868 1725 4921; x_wconf 91' lang='lat' dir='ltr'><strong>in</strong></span> <span class='ocrx_word' id='word_1_720' title='bbox 1778 4868 1898 4922; x_wconf 64' lang='lat' dir='ltr'><strong>caeli</strong></span> <span class='ocrx_word' id='word_1_721' title='bbox 1944 4878 1999 4922; x_wconf 90' lang='lat' dir='ltr'><strong>et</strong></span> <span class='ocrx_word' id='word_1_722' title='bbox 2040 4878 2191 4923; x_wconf 74' lang='lat' dir='ltr'><strong>terra:</strong></span> 
     </span>
    </p>
   </div>
   <div class='ocr_carea' id='block_1_95' title="bbox 650 4953 2192 5028">
    <p class='ocr_par' dir='ltr' id='par_1_95' title="bbox 650 4953 2192 5028">
     <span class='ocr_line' id='line_1_95' title="bbox 650 4953 2192 5028; baseline -0.001 -16"><span class='ocrx_word' id='word_1_723' title='bbox 650 4956 866 5017; x_wconf 86' lang='lat' dir='ltr'><strong>nomine</strong></span> <span class='ocrx_word' id='word_1_724' title='bbox 891 4953 1191 5025; x_wconf 75' lang='lat' dir='ltr'><strong>spirituales</strong></span> <span class='ocrx_word' id='word_1_725' title='bbox 1211 4964 1263 5009; x_wconf 89' lang='lat' dir='ltr'><strong>et</strong></span> <span class='ocrx_word' id='word_1_726' title='bbox 1287 4964 1509 5009; x_wconf 79' lang='lat' dir='ltr'><strong>terrenae</strong></span> <span class='ocrx_word' id='word_1_727' title='bbox 1540 4966 1796 5010; x_wconf 73' lang='lat' dir='ltr'><strong>creatura:</strong></span> <span class='ocrx_word' id='word_1_728' title='bbox 1824 4956 2043 5028; x_wconf 88' lang='lat' dir='ltr'><strong>intelligi</strong></span> <span class='ocrx_word' id='word_1_729' title='bbox 2073 4973 2192 5027; x_wconf 78' lang='lat' dir='ltr'><strong>pos-</strong></span> 
     </span>
    </p>
   </div>
   <div class='ocr_carea' id='block_1_96' title="bbox 652 5052 795 5100">
    <p class='ocr_par' dir='ltr' id='par_1_96' title="bbox 652 5052 795 5100">
     <span class='ocr_line' id='line_1_96' title="bbox 652 5052 795 5100; baseline -0.007 -1"><span class='ocrx_word' id='word_1_730' title='bbox 652 5052 795 5100; x_wconf 80' lang='lat' dir='ltr'><strong>sunt.</strong></span> 
     </span>
    </p>
   </div>
   <div class='ocr_carea' id='block_1_97' title="bbox 721 5134 2193 5205">
    <p class='ocr_par' dir='ltr' id='par_1_97' title="bbox 721 5134 2193 5205">
     <span class='ocr_line' id='line_1_97' title="bbox 721 5134 2193 5205; baseline 0.002 -20"><span class='ocrx_word' id='word_1_731' title='bbox 721 5134 883 5186; x_wconf 76' lang='lat' dir='ltr'><strong><em>Inter.</em></strong></span> <span class='ocrx_word' id='word_1_732' title='bbox 912 5134 1000 5190; x_wconf 88' lang='lat'><strong>29.</strong></span> <span class='ocrx_word' id='word_1_733' title='bbox 1031 5135 1168 5201; x_wconf 87' lang='lat' dir='ltr'><strong>Quid</strong></span> <span class='ocrx_word' id='word_1_734' title='bbox 1195 5144 1275 5189; x_wconf 86' lang='lat' dir='ltr'><strong>est</strong></span> <span class='ocrx_word' id='word_1_735' title='bbox 1306 5150 1319 5188; x_wconf 86' lang='lat'><strong>:</strong></span> <span class='ocrx_word' id='word_1_736' title='bbox 1348 5136 1573 5205; x_wconf 76' lang='lat' dir='ltr'><strong><em>Spiritus</em></strong></span> <span class='ocrx_word' id='word_1_737' title='bbox 1602 5136 1805 5188; x_wconf 88' lang='lat' dir='ltr'><strong>Domini</strong></span> <span class='ocrx_word' id='word_1_738' title='bbox 1838 5137 2092 5205; x_wconf 70' lang='lat' dir='ltr'><strong><em>ferebatur</em></strong></span> <span class='ocrx_word' id='word_1_739' title='bbox 2114 5154 2193 5190; x_wconf 63' lang='lat' dir='ltr'><strong>suo</strong></span> 
     </span>
    </p>
   </div>
   <div class='ocr_carea' id='block_1_98' title="bbox 650 5222 2196 5295">
    <p class='ocr_par' dir='ltr' id='par_1_98' title="bbox 650 5222 2196 5295">
     <span class='ocr_line' id='line_1_98' title="bbox 650 5222 2196 5295; baseline 0.004 -22"><span class='ocrx_word' id='word_1_740' title='bbox 650 5238 741 5290; x_wconf 83' lang='lat' dir='ltr'><strong>per</strong></span> <span class='ocrx_word' id='word_1_741' title='bbox 766 5236 927 5290; x_wconf 75' lang='lat' dir='ltr'><strong>aquas</strong></span> <span class='ocrx_word' id='word_1_742' title='bbox 974 5223 1125 5294; x_wconf 81' lang='lat' dir='ltr'><strong><em>(Cen.</em></strong></span> <span class='ocrx_word' id='word_1_743' title='bbox 1156 5241 1195 5290; x_wconf 82' lang='grc' dir='ltr'>ι,</span> <span class='ocrx_word' id='word_1_744' title='bbox 1222 5224 1317 5295; x_wconf 84' lang='lat'><strong>2)?</strong></span> <span class='ocrx_word' id='word_1_745' title='bbox 1350 5255 1419 5265; x_wconf 94' lang='lat'>—</span> <span class='ocrx_word' id='word_1_746' title='bbox 1446 5224 1601 5293; x_wconf 84' lang='lat' dir='ltr'><strong><em>Resp.</em></strong></span> <span class='ocrx_word' id='word_1_747' title='bbox 1660 5222 1772 5276; x_wconf 82' lang='lat' dir='ltr'><strong>Non</strong></span> <span class='ocrx_word' id='word_1_748' title='bbox 1824 5226 2196 5292; x_wconf 77' lang='lat' dir='ltr'><strong>pervagatione</strong></span> 
     </span>
    </p>
   </div>
   <div class='ocr_carea' id='block_1_99' title="bbox 656 5308 2197 5383">
    <p class='ocr_par' dir='ltr' id='par_1_99' title="bbox 656 5308 2197 5383">
     <span class='ocr_line' id='line_1_99' title="bbox 656 5308 2197 5383; baseline 0.005 -22"><span class='ocrx_word' id='word_1_749' title='bbox 656 5308 846 5380; x_wconf 80' lang='lat' dir='ltr'><strong>[Edit.,</strong></span> <span class='ocrx_word' id='word_1_750' title='bbox 886 5323 981 5379; x_wconf 89' lang='lat' dir='ltr'><strong>per</strong></span> <span class='ocrx_word' id='word_1_751' title='bbox 1008 5312 1379 5383; x_wconf 80' lang='lat' dir='ltr'><strong>vagationem],</strong></span> <span class='ocrx_word' id='word_1_752' title='bbox 1424 5314 1518 5367; x_wconf 84' lang='lat' dir='ltr'><strong>sed</strong></span> <span class='ocrx_word' id='word_1_753' title='bbox 1557 5320 1836 5382; x_wconf 85' lang='lat' dir='ltr'><strong>potestate,</strong></span> <span class='ocrx_word' id='word_1_754' title='bbox 1864 5320 1919 5366; x_wconf 89' lang='lat' dir='ltr'><strong>et</strong></span> <span class='ocrx_word' id='word_1_755' title='bbox 1966 5316 2197 5381; x_wconf 82' lang='lat' dir='ltr'><strong>regentis</strong></span> 
     </span>
    </p>
   </div>
   <div class='ocr_carea' id='block_1_100' title="bbox 658 5397 2195 5466">
    <p class='ocr_par' dir='ltr' id='par_1_100' title="bbox 658 5397 2195 5466">
     <span class='ocr_line' id='line_1_100' title="bbox 658 5397 2195 5466; baseline 0.003 -15"><span class='ocrx_word' id='word_1_756' title='bbox 658 5398 901 5466; x_wconf 83' lang='lat' dir='ltr'><strong>imperio,</strong></span> <span class='ocrx_word' id='word_1_757' title='bbox 933 5397 999 5452; x_wconf 87' lang='lat' dir='ltr'><strong>ad</strong></span> <span class='ocrx_word' id='word_1_758' title='bbox 1042 5397 1378 5453; x_wconf 89' lang='lat' dir='ltr'><strong>formandum</strong></span> <span class='ocrx_word' id='word_1_759' title='bbox 1400 5410 1457 5454; x_wconf 84' lang='lat' dir='ltr'><strong>et</strong></span> <span class='ocrx_word' id='word_1_760' title='bbox 1493 5402 1863 5455; x_wconf 78' lang='lat' dir='ltr'><strong>viviﬁcandum</strong></span> <span class='ocrx_word' id='word_1_761' title='bbox 1919 5399 2195 5456; x_wconf 83' lang='lat' dir='ltr'><strong>informem</strong></span> 
     </span>
    </p>
   </div>
   <div class='ocr_carea' id='block_1_101' title="bbox 659 5488 2199 5562">
    <p class='ocr_par' dir='ltr' id='par_1_101' title="bbox 659 5488 2199 5562">
     <span class='ocr_line' id='line_1_101' title="bbox 659 5488 2199 5562; baseline 0.004 -23"><span class='ocrx_word' id='word_1_762' title='bbox 659 5488 956 5553; x_wconf 72' lang='lat' dir='ltr'><strong>materiam,</strong></span> <span class='ocrx_word' id='word_1_763' title='bbox 980 5503 1099 5559; x_wconf 73' lang='lat' dir='ltr'><strong>qua:</strong></span> <span class='ocrx_word' id='word_1_764' title='bbox 1133 5488 1232 5543; x_wconf 87' lang='lat' dir='ltr'><strong>hoc</strong></span> <span class='ocrx_word' id='word_1_765' title='bbox 1274 5490 1390 5545; x_wconf 84' lang='lat' dir='ltr'><strong>loco</strong></span> <span class='ocrx_word' id='word_1_766' title='bbox 1423 5505 1573 5558; x_wconf 69' lang='lat' dir='ltr'><strong>aqua</strong></span> <span class='ocrx_word' id='word_1_767' title='bbox 1610 5494 1822 5546; x_wconf 88' lang='lat' dir='ltr'><strong>nomine</strong></span> <span class='ocrx_word' id='word_1_768' title='bbox 1867 5490 2199 5562; x_wconf 79' lang='lat' dir='ltr'><strong>signiﬁcatur</strong></span> 
     </span>
    </p>
   </div>
   <div class='ocr_carea' id='block_1_102' title="bbox 662 5573 1368 5649">
    <p class='ocr_par' dir='ltr' id='par_1_102' title="bbox 662 5573 1368 5649">
     <span class='ocr_line' id='line_1_102' title="bbox 662 5573 1368 5649; baseline 0.004 -21"><span class='ocrx_word' id='word_1_769' title='bbox 662 5573 811 5641; x_wconf 75' lang='grc' dir='ltr'>μιι..</span> <span class='ocrx_word' id='word_1_770' title='bbox 838 5576 1129 5645; x_wconf 75' lang='lat' dir='ltr'><strong>signiﬁcari</strong></span> <span class='ocrx_word' id='word_1_771' title='bbox 1154 5577 1368 5649; x_wconf 84' lang='lat' dir='ltr'><strong>potest].</strong></span> 
     </span>
    </p>
   </div>
   <div class='ocr_carea' id='block_1_103' title="bbox 732 5662 2200 5733">
    <p class='ocr_par' dir='ltr' id='par_1_103' title="bbox 732 5662 2200 5733">
     <span class='ocr_line' id='line_1_103' title="bbox 732 5662 2200 5733; baseline 0.007 -18"><span class='ocrx_word' id='word_1_772' title='bbox 732 5662 889 5717; x_wconf 84' lang='lat' dir='ltr'><strong><em>Inter.</em></strong></span> <span class='ocrx_word' id='word_1_773' title='bbox 916 5668 999 5721; x_wconf 75' lang='lat'><strong>30.</strong></span> <span class='ocrx_word' id='word_1_774' title='bbox 1029 5667 1163 5733; x_wconf 88' lang='lat' dir='ltr'><strong>Quid</strong></span> <span class='ocrx_word' id='word_1_775' title='bbox 1194 5677 1274 5722; x_wconf 72' lang='lat' dir='ltr'><strong>est</strong></span> <span class='ocrx_word' id='word_1_776' title='bbox 1302 5687 1312 5721; x_wconf 89' lang='lat'><strong><em>:</em></strong></span> <span class='ocrx_word' id='word_1_777' title='bbox 1348 5669 1502 5723; x_wconf 80' lang='lat' dir='ltr'><strong><em>Terra</em></strong></span> <span class='ocrx_word' id='word_1_778' title='bbox 1532 5682 1699 5723; x_wconf 84' lang='lat' dir='ltr'><strong>autem</strong></span> <span class='ocrx_word' id='word_1_779' title='bbox 1728 5685 1837 5726; x_wconf 82' lang='lat' dir='ltr'><strong>erat</strong></span> <span class='ocrx_word' id='word_1_780' title='bbox 1860 5671 2127 5726; x_wconf 78' lang='lat' dir='ltr'><strong>invisibilis</strong></span> <span class='ocrx_word' id='word_1_781' title='bbox 2154 5681 2200 5725; x_wconf 88' lang='lat' dir='ltr'><strong>et</strong></span> 
     </span>
    </p>
   </div>
   <div class='ocr_carea' id='block_1_104' title="bbox 2288 4494 3839 4581">
    <p class='ocr_par' dir='ltr' id='par_1_104' title="bbox 2288 4494 3839 4581">
     <span class='ocr_line' id='line_1_104' title="bbox 2288 4494 3839 4581; baseline 0.005 -34"><span class='ocrx_word' id='word_1_782' title='bbox 2288 4494 2447 4548; x_wconf 86' lang='lat' dir='ltr'><strong>homo</strong></span> <span class='ocrx_word' id='word_1_783' title='bbox 2475 4509 2598 4548; x_wconf 71' lang='lat' dir='ltr'><strong>vero</strong></span> <span class='ocrx_word' id='word_1_784' title='bbox 2621 4495 2673 4547; x_wconf 88' lang='lat' dir='ltr'><strong>in</strong></span> <span class='ocrx_word' id='word_1_785' title='bbox 2696 4495 2913 4565; x_wconf 89' lang='lat' dir='ltr'><strong>gloriam</strong></span> <span class='ocrx_word' id='word_1_786' title='bbox 2950 4506 3001 4551; x_wconf 92' lang='lat' dir='ltr'><strong>et</strong></span> <span class='ocrx_word' id='word_1_787' title='bbox 3040 4495 3248 4551; x_wconf 91' lang='lat' dir='ltr'><strong>laudem</strong></span> <span class='ocrx_word' id='word_1_788' title='bbox 3296 4496 3596 4581; x_wconf 58' lang='lat' dir='ltr'><strong>Conditoris</strong></span> <span class='ocrx_word' id='word_1_789' title='bbox 3636 4500 3716 4554; x_wconf 87' lang='lat' dir='ltr'><strong>sui</strong></span> <span class='ocrx_word' id='word_1_790' title='bbox 3757 4499 3839 4555; x_wconf 80' lang='lat' dir='ltr'><strong>fa-</strong></span> 
     </span>
    </p>
   </div>
   <div class='ocr_carea' id='block_1_105' title="bbox 2289 4594 2548 4641">
    <p class='ocr_par' dir='ltr' id='par_1_105' title="bbox 2289 4594 2548 4641">
     <span class='ocr_line' id='line_1_105' title="bbox 2289 4594 2548 4641; baseline -0.004 -2"><span class='ocrx_word' id='word_1_791' title='bbox 2289 4594 2411 4639; x_wconf 72' lang='grc' dir='ltr'>οιιιε</span> <span class='ocrx_word' id='word_1_792' title='bbox 2446 4594 2548 4641; x_wconf 71' lang='grc' dir='ltr'><strong>εει.</strong></span> 
     </span>
    </p>
   </div>
   <div class='ocr_carea' id='block_1_106' title="bbox 2360 4694 3839 4772">
    <p class='ocr_par' dir='ltr' id='par_1_106' title="bbox 2360 4694 3839 4772">
     <span class='ocr_line' id='line_1_106' title="bbox 2360 4694 3839 4772; baseline 0.003 -23"><span class='ocrx_word' id='word_1_793' title='bbox 2360 4694 2520 4749; x_wconf 88' lang='lat' dir='ltr'><strong><em>Inter.</em></strong></span> <span class='ocrx_word' id='word_1_794' title='bbox 2548 4696 2634 4749; x_wconf 69' lang='grc'><strong>42.</strong></span> <span class='ocrx_word' id='word_1_795' title='bbox 2662 4695 2797 4762; x_wconf 90' lang='lat' dir='ltr'><strong>Quid</strong></span> <span class='ocrx_word' id='word_1_796' title='bbox 2825 4704 2906 4751; x_wconf 88' lang='lat' dir='ltr'><strong>est</strong></span> <span class='ocrx_word' id='word_1_797' title='bbox 2926 4697 3067 4765; x_wconf 87' lang='lat' dir='ltr'><strong>quod</strong></span> <span class='ocrx_word' id='word_1_798' title='bbox 3100 4696 3290 4767; x_wconf 83' lang='lat' dir='ltr'><strong>legitur</strong></span> <span class='ocrx_word' id='word_1_799' title='bbox 3325 4696 3474 4769; x_wconf 71' lang='lat' dir='ltr'><strong><em>[Ms.,</em></strong></span> <span class='ocrx_word' id='word_1_800' title='bbox 3498 4698 3651 4772; x_wconf 86' lang='lat' dir='ltr'><strong>dixit]</strong></span> <span class='ocrx_word' id='word_1_801' title='bbox 3684 4716 3697 4753; x_wconf 90' lang='lat'><strong>:</strong></span> <span class='ocrx_word' id='word_1_802' title='bbox 3742 4699 3839 4753; x_wconf 81' lang='lat' dir='ltr'><strong><em>Re-</em></strong></span> 
     </span>
    </p>
   </div>
   <div class='ocr_carea' id='block_1_107' title="bbox 2287 4784 3836 4859">
    <p class='ocr_par' dir='ltr' id='par_1_107' title="bbox 2287 4784 3836 4859">
     <span class='ocr_line' id='line_1_107' title="bbox 2287 4784 3836 4859; baseline 0.005 -24"><span class='ocrx_word' id='word_1_803' title='bbox 2287 4785 2472 4853; x_wconf 79' lang='lat' dir='ltr'><strong>quievit</strong></span> <span class='ocrx_word' id='word_1_804' title='bbox 2505 4784 2645 4837; x_wconf 80' lang='lat' dir='ltr'><strong><em>Deus</em></strong></span> <span class='ocrx_word' id='word_1_805' title='bbox 2688 4786 2771 4839; x_wconf 80' lang='lat' dir='ltr'><strong>die</strong></span> <span class='ocrx_word' id='word_1_806' title='bbox 2802 4788 3015 4855; x_wconf 91' lang='lat' dir='ltr'><strong><em>septimo</em></strong></span> <span class='ocrx_word' id='word_1_807' title='bbox 3058 4788 3120 4841; x_wconf 85' lang='lat' dir='ltr'><strong>ab</strong></span> <span class='ocrx_word' id='word_1_808' title='bbox 3162 4788 3392 4841; x_wconf 86' lang='lat' dir='ltr'><strong>omnibus</strong></span> <span class='ocrx_word' id='word_1_809' title='bbox 3447 4790 3683 4859; x_wconf 82' lang='lat' dir='ltr'><strong><em>operibus</em></strong></span> <span class='ocrx_word' id='word_1_810' title='bbox 3727 4790 3836 4847; x_wconf 77' lang='lat' dir='ltr'><strong><em>suis</em></strong></span> 
     </span>
    </p>
   </div>
   <div class='ocr_carea' id='block_1_108' title="bbox 2291 4870 3834 4949">
    <p class='ocr_par' dir='ltr' id='par_1_108' title="bbox 2291 4870 3834 4949">
     <span class='ocr_line' id='line_1_108' title="bbox 2291 4870 3834 4949; baseline 0.007 -25"><span class='ocrx_word' id='word_1_811' title='bbox 2291 4870 2440 4941; x_wconf 83' lang='lat' dir='ltr'><strong><em>(Cen.</em></strong></span> <span class='ocrx_word' id='word_1_812' title='bbox 2470 4889 2527 4937; x_wconf 86' lang='lat' dir='ltr'><strong>ll,</strong></span> <span class='ocrx_word' id='word_1_813' title='bbox 2560 4873 2647 4945; x_wconf 89' lang='lat'><strong>2)?</strong></span> <span class='ocrx_word' id='word_1_814' title='bbox 2665 4904 2734 4914; x_wconf 94' lang='lat'><strong>—</strong></span> <span class='ocrx_word' id='word_1_815' title='bbox 2760 4874 2911 4946; x_wconf 86' lang='lat' dir='ltr'><strong><em>Resp.</em></strong></span> <span class='ocrx_word' id='word_1_816' title='bbox 2938 4875 2994 4930; x_wconf 90' lang='lat' dir='ltr'><strong>Si</strong></span> <span class='ocrx_word' id='word_1_817' title='bbox 3023 4874 3207 4949; x_wconf 89' lang='lat' dir='ltr'><strong>[enim]</strong></span> <span class='ocrx_word' id='word_1_818' title='bbox 3247 4878 3450 4933; x_wconf 89' lang='lat' dir='ltr'><strong>dividas</strong></span> <span class='ocrx_word' id='word_1_819' title='bbox 3477 4880 3834 4949; x_wconf 69' lang='lat' dir='ltr'><strong>septenarius</strong></span> 
     </span>
    </p>
   </div>
   <div class='ocr_carea' id='block_1_109' title="bbox 2289 4963 3837 5035">
    <p class='ocr_par' dir='ltr' id='par_1_109' title="bbox 2289 4963 3837 5035">
     <span class='ocr_line' id='line_1_109' title="bbox 2289 4963 3837 5035; baseline 0.004 -20"><span class='ocrx_word' id='word_1_820' title='bbox 2289 4977 2569 5017; x_wconf 84' lang='lat' dir='ltr'><strong>numerum</strong></span> <span class='ocrx_word' id='word_1_821' title='bbox 2598 4963 2649 5017; x_wconf 90' lang='lat' dir='ltr'><strong>in</strong></span> <span class='ocrx_word' id='word_1_822' title='bbox 2686 4980 2847 5018; x_wconf 91' lang='lat' dir='ltr'><strong>unum</strong></span> <span class='ocrx_word' id='word_1_823' title='bbox 2875 4972 2927 5019; x_wconf 90' lang='lat' dir='ltr'><strong>et</strong></span> <span class='ocrx_word' id='word_1_824' title='bbox 2951 4980 3043 5021; x_wconf 88' lang='lat' dir='ltr'><strong>sex</strong></span> <span class='ocrx_word' id='word_1_825' title='bbox 3061 5008 3074 5030; x_wconf 94' lang='lat'><strong>,</strong></span> <span class='ocrx_word' id='word_1_826' title='bbox 3103 4975 3258 5021; x_wconf 88' lang='lat' dir='ltr'><strong>erunt</strong></span> <span class='ocrx_word' id='word_1_827' title='bbox 3285 4968 3388 5021; x_wconf 89' lang='lat' dir='ltr'><strong>duo</strong></span> <span class='ocrx_word' id='word_1_828' title='bbox 3428 4967 3583 5035; x_wconf 86' lang='lat' dir='ltr'><strong>primi</strong></span> <span class='ocrx_word' id='word_1_829' title='bbox 3629 4966 3837 5021; x_wconf 81' lang='lat' dir='ltr'><strong>numeri</strong></span> 
     </span>
    </p>
   </div>
   <div class='ocr_carea' id='block_1_110' title="bbox 2290 5050 3837 5123">
    <p class='ocr_par' dir='ltr' id='par_1_110' title="bbox 2290 5050 3837 5123">
     <span class='ocr_line' id='line_1_110' title="bbox 2290 5050 3837 5123; baseline 0.001 -18"><span class='ocrx_word' id='word_1_830' title='bbox 2290 5050 2551 5119; x_wconf 88' lang='lat' dir='ltr'><strong>perfecti:</strong></span> <span class='ocrx_word' id='word_1_831' title='bbox 2594 5051 2773 5106; x_wconf 86' lang='lat' dir='ltr'><strong>unitas</strong></span> <span class='ocrx_word' id='word_1_832' title='bbox 2793 5067 2921 5107; x_wconf 80' lang='lat' dir='ltr'><strong>vero</strong></span> <span class='ocrx_word' id='word_1_833' title='bbox 2944 5055 2997 5107; x_wconf 95' lang='lat' dir='ltr'><strong>in</strong></span> <span class='ocrx_word' id='word_1_834' title='bbox 3032 5054 3202 5123; x_wconf 88' lang='lat' dir='ltr'><strong>seipsa</strong></span> <span class='ocrx_word' id='word_1_835' title='bbox 3245 5062 3431 5108; x_wconf 84' lang='lat' dir='ltr'><strong>natura</strong></span> <span class='ocrx_word' id='word_1_836' title='bbox 3469 5061 3523 5107; x_wconf 91' lang='lat' dir='ltr'><strong>et</strong></span> <span class='ocrx_word' id='word_1_837' title='bbox 3576 5061 3837 5123; x_wconf 84' lang='lat' dir='ltr'><strong>potestate</strong></span> 
     </span>
    </p>
   </div>
   <div class='ocr_carea' id='block_1_111' title="bbox 2291 5140 3837 5215">
    <p class='ocr_par' dir='ltr' id='par_1_111' title="bbox 2291 5140 3837 5215">
     <span class='ocr_line' id='line_1_111' title="bbox 2291 5140 3837 5215; baseline 0.003 -21"><span class='ocrx_word' id='word_1_838' title='bbox 2291 5140 2525 5209; x_wconf 81' lang='lat' dir='ltr'><strong>perfecta</strong></span> <span class='ocrx_word' id='word_1_839' title='bbox 2559 5148 2672 5206; x_wconf 89' lang='lat' dir='ltr'><strong>est;</strong></span> <span class='ocrx_word' id='word_1_840' title='bbox 2731 5144 2971 5196; x_wconf 85' lang='lat' dir='ltr'><strong>senarius</strong></span> <span class='ocrx_word' id='word_1_841' title='bbox 3013 5156 3140 5195; x_wconf 87' lang='lat' dir='ltr'><strong>vero</strong></span> <span class='ocrx_word' id='word_1_842' title='bbox 3170 5156 3423 5198; x_wconf 83' lang='lat' dir='ltr'><strong>numerus</strong></span> <span class='ocrx_word' id='word_1_843' title='bbox 3445 5143 3647 5213; x_wconf 86' lang='lat' dir='ltr'><strong>primus</strong></span> <span class='ocrx_word' id='word_1_844' title='bbox 3677 5158 3837 5215; x_wconf 81' lang='lat' dir='ltr'><strong>opere</strong></span> 
     </span>
    </p>
   </div>
   <div class='ocr_carea' id='block_1_112' title="bbox 2292 5230 3835 5302">
    <p class='ocr_par' dir='ltr' id='par_1_112' title="bbox 2292 5230 3835 5302">
     <span class='ocr_line' id='line_1_112' title="bbox 2292 5230 3835 5302; baseline 0.003 -19"><span class='ocrx_word' id='word_1_845' title='bbox 2292 5237 2347 5283; x_wconf 86' lang='lat' dir='ltr'><strong>et</strong></span> <span class='ocrx_word' id='word_1_846' title='bbox 2373 5238 2492 5283; x_wconf 87' lang='lat' dir='ltr'><strong>actu</strong></span> <span class='ocrx_word' id='word_1_847' title='bbox 2515 5230 2777 5299; x_wconf 87' lang='lat' dir='ltr'><strong>perfectus</strong></span> <span class='ocrx_word' id='word_1_848' title='bbox 2801 5238 2903 5295; x_wconf 87' lang='lat' dir='ltr'><strong>est,</strong></span> <span class='ocrx_word' id='word_1_849' title='bbox 2929 5239 2983 5285; x_wconf 86' lang='lat' dir='ltr'><strong>et</strong></span> <span class='ocrx_word' id='word_1_850' title='bbox 3001 5233 3240 5301; x_wconf 83' lang='lat' dir='ltr'><strong>partibus</strong></span> <span class='ocrx_word' id='word_1_851' title='bbox 3264 5233 3374 5287; x_wconf 82' lang='lat' dir='ltr'><strong>suis</strong></span> <span class='ocrx_word' id='word_1_852' title='bbox 3396 5232 3683 5302; x_wconf 85' lang='lat' dir='ltr'><strong>impletur:</strong></span> <span class='ocrx_word' id='word_1_853' title='bbox 3715 5248 3835 5288; x_wconf 81' lang='lat' dir='ltr'><strong>nam</strong></span> 
     </span>
    </p>
   </div>
   <div class='ocr_carea' id='block_1_113' title="bbox 2295 5317 3832 5393">
    <p class='ocr_par' dir='ltr' id='par_1_113' title="bbox 2295 5317 3832 5393">
     <span class='ocr_line' id='line_1_113' title="bbox 2295 5317 3832 5393; baseline 0.007 -24"><span class='ocrx_word' id='word_1_854' title='bbox 2295 5332 2477 5380; x_wconf 87' lang='lat' dir='ltr'><strong>unum,</strong></span> <span class='ocrx_word' id='word_1_855' title='bbox 2506 5317 2628 5381; x_wconf 89' lang='lat' dir='ltr'><strong>duo,</strong></span> <span class='ocrx_word' id='word_1_856' title='bbox 2656 5318 2758 5372; x_wconf 86' lang='lat' dir='ltr'><strong>tria</strong></span> <span class='ocrx_word' id='word_1_857' title='bbox 2784 5317 2986 5373; x_wconf 76' lang='lat' dir='ltr'><strong>faciunt</strong></span> <span class='ocrx_word' id='word_1_858' title='bbox 3016 5335 3131 5377; x_wconf 83' lang='lat' dir='ltr'><strong>sex.</strong></span> <span class='ocrx_word' id='word_1_859' title='bbox 3165 5319 3506 5388; x_wconf 84' lang='lat' dir='ltr'><strong>Significatnr</strong></span> <span class='ocrx_word' id='word_1_860' title='bbox 3529 5335 3657 5391; x_wconf 82' lang='lat' dir='ltr'><strong>ergo</strong></span> <span class='ocrx_word' id='word_1_861' title='bbox 3683 5318 3832 5393; x_wconf 71' lang='grc' dir='ltr'>[ιιι.</span> 
     </span>
    </p>
   </div>
   <div class='ocr_carea' id='block_1_114' title="bbox 2293 5404 3838 5479">
    <p class='ocr_par' dir='ltr' id='par_1_114' title="bbox 2293 5404 3838 5479">
     <span class='ocr_line' id='line_1_114' title="bbox 2293 5404 3838 5479; baseline 0 -20"><span class='ocrx_word' id='word_1_862' title='bbox 2293 5404 2457 5479; x_wconf 76' lang='lat' dir='ltr'><strong>vero]</strong></span> <span class='ocrx_word' id='word_1_863' title='bbox 2495 5404 2594 5478; x_wconf 90' lang='lat' dir='ltr'><strong>[in]</strong></span> <span class='ocrx_word' id='word_1_864' title='bbox 2632 5408 2813 5477; x_wconf 86' lang='lat' dir='ltr'><strong>requie</strong></span> <span class='ocrx_word' id='word_1_865' title='bbox 2836 5408 2936 5464; x_wconf 85' lang='lat' dir='ltr'><strong>diei</strong></span> <span class='ocrx_word' id='word_1_866' title='bbox 2960 5407 3189 5478; x_wconf 85' lang='lat' dir='ltr'><strong>septimi,</strong></span> <span class='ocrx_word' id='word_1_867' title='bbox 3221 5409 3360 5478; x_wconf 82' lang='lat' dir='ltr'><strong>quod</strong></span> <span class='ocrx_word' id='word_1_868' title='bbox 3384 5408 3526 5464; x_wconf 87' lang='lat' dir='ltr'><strong><em>Deus</em></strong></span> <span class='ocrx_word' id='word_1_869' title='bbox 3548 5415 3672 5464; x_wconf 81' lang='lat' dir='ltr'><strong>ante</strong></span> <span class='ocrx_word' id='word_1_870' title='bbox 3694 5421 3838 5464; x_wconf 78' lang='lat' dir='ltr'><strong>crea-</strong></span> 
     </span>
    </p>
   </div>
   <div class='ocr_carea' id='block_1_115' title="bbox 2264 5496 3837 5569">
    <p class='ocr_par' dir='ltr' id='par_1_115' title="bbox 2264 5496 3837 5569">
     <span class='ocr_line' id='line_1_115' title="bbox 2264 5496 3837 5569; baseline 0.004 -19"><span class='ocrx_word' id='word_1_871' title='bbox 2264 5561 2271 5568; x_wconf 90' lang='lat'>_</span> <span class='ocrx_word' id='word_1_872' title='bbox 2296 5498 2494 5551; x_wconf 72' lang='lat' dir='ltr'><strong>tionem</strong></span> <span class='ocrx_word' id='word_1_873' title='bbox 2519 5498 2699 5552; x_wconf 87' lang='lat' dir='ltr'><strong>mundi</strong></span> <span class='ocrx_word' id='word_1_874' title='bbox 2725 5498 2778 5552; x_wconf 90' lang='lat' dir='ltr'><strong>in</strong></span> <span class='ocrx_word' id='word_1_875' title='bbox 2804 5496 2975 5568; x_wconf 77' lang='lat' dir='ltr'><strong>seipse</strong></span> <span class='ocrx_word' id='word_1_876' title='bbox 2994 5508 3183 5553; x_wconf 74' lang='lat' dir='ltr'><strong>natura</strong></span> <span class='ocrx_word' id='word_1_877' title='bbox 3209 5506 3263 5554; x_wconf 89' lang='lat' dir='ltr'><strong>ct</strong></span> <span class='ocrx_word' id='word_1_878' title='bbox 3281 5505 3542 5569; x_wconf 85' lang='lat' dir='ltr'><strong>potestate</strong></span> <span class='ocrx_word' id='word_1_879' title='bbox 3570 5496 3837 5568; x_wconf 70' lang='lat' dir='ltr'><strong>perfectus</strong></span> 
     </span>
    </p>
   </div>
   <div class='ocr_carea' id='block_1_116' title="bbox 2298 5586 3837 5658">
    <p class='ocr_par' dir='ltr' id='par_1_116' title="bbox 2298 5586 3837 5658">
     <span class='ocr_line' id='line_1_116' title="bbox 2298 5586 3837 5658; baseline 0.001 -20"><span class='ocrx_word' id='word_1_880' title='bbox 2298 5592 2401 5650; x_wconf 87' lang='lat' dir='ltr'><strong>est,</strong></span> <span class='ocrx_word' id='word_1_881' title='bbox 2416 5594 2470 5640; x_wconf 85' lang='lat' dir='ltr'><strong>et</strong></span> <span class='ocrx_word' id='word_1_882' title='bbox 2490 5586 2815 5640; x_wconf 75' lang='lat' dir='ltr'><strong>teternaliter</strong></span> <span class='ocrx_word' id='word_1_883' title='bbox 2833 5586 2885 5640; x_wconf 88' lang='lat' dir='ltr'><strong>in</strong></span> <span class='ocrx_word' id='word_1_884' title='bbox 2908 5587 3086 5658; x_wconf 79' lang='lat' dir='ltr'><strong>seipso</strong></span> <span class='ocrx_word' id='word_1_885' title='bbox 3104 5588 3264 5643; x_wconf 86' lang='lat' dir='ltr'><strong>habet</strong></span> <span class='ocrx_word' id='word_1_886' title='bbox 3288 5587 3550 5657; x_wconf 74' lang='lat' dir='ltr'><strong>requieta;</strong></span> <span class='ocrx_word' id='word_1_887' title='bbox 3581 5593 3837 5643; x_wconf 67' lang='lat' dir='ltr'><strong>creatura</strong></span> 
     </span>
    </p>
   </div>
   <div class='ocr_carea' id='block_1_117' title="bbox 2300 5675 3835 5748">
    <p class='ocr_par' dir='ltr' id='par_1_117' title="bbox 2300 5675 3835 5748">
     <span class='ocr_line' id='line_1_117' title="bbox 2300 5675 3835 5748; baseline 0.001 -23"><span class='ocrx_word' id='word_1_888' title='bbox 2300 5688 2425 5727; x_wconf 85' lang='lat' dir='ltr'><strong>vero</strong></span> <span class='ocrx_word' id='word_1_889' title='bbox 2452 5682 2568 5728; x_wconf 77' lang='lat' dir='ltr'><strong>artu</strong></span> <span class='ocrx_word' id='word_1_890' title='bbox 2594 5676 2657 5730; x_wconf 88' lang='lat' dir='ltr'><strong>ab</strong></span> <span class='ocrx_word' id='word_1_891' title='bbox 2690 5675 2803 5743; x_wconf 87' lang='lat' dir='ltr'><strong>ipso</strong></span> <span class='ocrx_word' id='word_1_892' title='bbox 2835 5676 3117 5730; x_wconf 67' lang='lat' dir='ltr'><strong>croitionis</strong></span> <span class='ocrx_word' id='word_1_893' title='bbox 3145 5685 3362 5748; x_wconf 81' lang='lat' dir='ltr'><strong>accepto</strong></span> <span class='ocrx_word' id='word_1_894' title='bbox 3392 5678 3588 5731; x_wconf 81' lang='lat' dir='ltr'><strong>habent</strong></span> <span class='ocrx_word' id='word_1_895' title='bbox 3620 5687 3717 5745; x_wconf 89' lang='lat' dir='ltr'><strong>per</strong></span> <span class='ocrx_word' id='word_1_896' title='bbox 3758 5675 3835 5742; x_wconf 87' lang='lat' dir='ltr'><strong>lp-</strong></span> 
     </span>
    </p>
   </div>
  </div>
