4258 6198
432 310 526 365 521

1033 263 1433 365 ΕΧΕϐέἨΕΑ.
1474 342 1554 355 -—-
1582 312 1945 366 lN'l‘EﬁROG.
1988 312 2072 365 ET
2110 312 2437 395 RESPONS.
2481 320 2545 372 ΚΝ
2581 319 2845 383 ϐῖΝΕδ..
2892 323 3035 376 Ιίῒιλ.

3541 329 3651 387 ’6ἳῖ

428 436 544 477 sum
569 421 621 475 in
647 421 759 474 suis
796 420 1000 475 naturis
1025 421 1403 489 perfectionem
1433 424 1737 490 quamdam,
1773 432 1825 477 et
1856 421 1979 495 [51s.
2014 434 2056 486 Α
2086 441 2203 495 qua:
2225 427 2361 480 Deus
2392 439 2664 482 creaverat
2690 431 2905 483 humani
2934 434 3111 500 operis
3156 433 3419 499 a-ljutorlo
3465 436 3638 492 lanius

426 509 611 562 amittit
631 506 705 579 et]
720 509 972 576 .requiem
997 509 1052 564 in
1074 512 1378 580 operatione
1399 511 1560 581 308
1582 513 1911 575 obedientite,
1932 525 1985 570 et

428 598 661 652 maxime
700 600 1042 654 rationabiles
1090 612 1347 657 creatura:
1396 604 1448 656 in
1502 602 1626 674 [.lls.
1660 620 1762 656 om.
1796 602 1872 675 in]
1919 619 1984 657 eo

426 689 565 744 bono
590 690 756 743 beatae
784 700 923 753 sunt,
954 703 1008 743 ut
1046 692 1096 744 in
1121 693 1396 747 conditore
1424 710 1520 745 suo
1546 695 1897 761 requiescant.

490 779 656 834 Inter.
683 780 769 837 45.
798 780 906 835 Cur
941 782 1006 834 de
1052 783 1137 836 dic
1183 783 1387 836 sabbati
1438 783 1630 836 dicitur
1667 799 1680 834 :
1712 784 1979 836 Denedia'it

422 869 559 924 Deus
586 870 689 923 diei
719 871 930 939 septimo
963 880 1010 922 et
1041 871 1375 940 sancti/icarit
1407 872 1553 923 illum
1581 874 1728 940 (vers.
1757 872 1833 941 3),
1859 887 1974 926 cum

422 959 486 1014 de
506 958 621 1013 aliis
641 960 825 1014 diebus
846 974 949 1013 non
978 960 1181 1029 legatur
1203 942 1301 1012 hoc
1331 975 1449 1013 eum
1470 961 1706 1014 dixisse?
1730 991 1795 999 ——
1823 960 1974 1028 Resp.

386 1112 393 1117 ﬁ
424 1049 491 1106 Ut
518 1050 823 1104 ostenderet
850 1064 1152 1104 sanetorum
1178 1050 1411 1118 requiem
1437 1059 1555 1117 post
1581 1065 1673 1105 sex
1704 1050 1856 1119 hujus
1881 1066 1978 1104 sa:-

378 1118 385 1123 i
420 1139 527 1195 culi
563 1150 779 1193 aetatum
816 1138 1045 1202 labores,
1071 1140 1121 1191 in
1147 1138 1348 1194 mterno
1374 1142 1594 1196 sabbato
1622 1150 1674 1194 ct
1703 1143 1974 1196 benedicta

420 1228 602 1297 requie
644 1229 945 1297 quieturam
996 1228 1503 1301 [.lls.,quieturos],
1550 1232 1689 1287 sicut
1738 1233 1976 1286 dicturus

417 1329 539 1374 est:
586 1316 783 1384 Venite,
815 1320 1060 1374 benedicti
1110 1320 1283 1373 I’ntris
1326 1323 1447 1385 mei,
1480 1324 1720 1392 perripite
1764 1341 1973 1392 regnum

419 1412 630 1481 (Matth.
649 1414 898 1484 xxv,34).
921 1412 1045 1468 ideo
1072 1423 1124 1468 et
1150 1414 1233 1467 ille
1252 1415 1363 1468 dies
1384 1416 1498 1468 sine
1520 1430 1733 1483 vespera
1764 1417 1972 1486 legitur,

416 1504 553 1571 quod
599 1503 783 1556 ultima
828 1504 1039 1572 requies
1078 1513 1380 1557 sanctorum
1414 1507 1734 1573 sempiterna
1763 1515 1863 1559 est.

484 1592 646 1645 Inter.
678 1592 767 1645 46.
796 1592 906 1667 Cur
932 1593 1067 1645 dixit
1100 1611 1111 1644 ε
1152 1593 1274 1647 Ista'
1307 1605 1423 1647 sunt
1470 1597 1822 1663 generationes
1862 1596 1971 1649 mali

414 1692 461 1734 et
482 1692 630 1735 terra
657 1681 806 1753 (Gen.
834 1699 893 1745 ιι,
925 1682 1015 1751 4)Ῡ
1041 1713 1107 1721 —
1137 1682 1289 1752 Resp.
1319 1667 1513 1737 Contra
1541 1699 1633 1737 cos
1670 1684 1843 1755 [facit]
1880 1686 1968 1753 qui

417 1774 666 1825 mundum
690 1775 803 1826 sine
833 1772 985 1825 initio
1011 1780 1063 1825 ct
1091 1770 1491 1841 semperfuisse
1526 1772 1810 1826 ailirniant.

483 1857 645 1913 Inter.
670 1860 756 1913 45.
796 1860 905 1915 Cur
954 1859 1111 1930 [dixit
1140 1878 1151 1913 :
1187 1860 1273 1932 In]
1323 1862 1406 1914 die
1438 1848 1538 1931 quo
1559 1863 1682 1930 fecit
1712 1864 1892 1917 calum
1923 1876 1970 1917 et

414 1961 605 2005 terram
643 1952 790 2022 (vers.
811 1952 864 2023 ι)
884 1993 897 2013 ,
925 1961 975 2004 ct
1005 1967 1109 2005 non
1148 1971 1159 2003 :
1208 1955 1261 2005 in
1285 1953 1503 2008 diebus?
1541 1984 1611 1993 —
1641 1953 1791 2024 Resp.
1822 1956 1969 2010 Diem

363 2075 369 2081 -
414 2044 583 2115 (vero)
612 2060 709 2114 pro
747 2053 857 2098 toto
906 2055 1140 2116 tempore
1181 2045 1539 2113 primordialis
1577 2056 1834 2101 creaturze
1870 2063 1968 2116 po-

416 2115 553 2197 suit,
580 2135 716 2188 sicut
750 2143 803 2188 et
842 2115 1123 2202 Apostolus
1165 2150 1178 2187 :
1222 2134 1351 2188 Etce
1397 2134 1575 2203 (nunc)
1629 2136 1737 2188 dies
1789 2115 1970 2189 salutis

422 2222 990 2294 (IICor.vt,2),diem
1050 2234 1215 2280 totum
1262 2235 1467 2295 tempus
1516 2225 1731 2296 intelligi
1786 2227 1966 2291 voluit,

420 2330 524 2383 quo
544 2382 548 2385 _
571 2317 743 2369 sancti
774 2316 825 2368 in
854 2317 952 2369 hac
977 2316 1084 2368 vita
1111 2331 1209 2385 pro
1253 2326 1449 2370 interna
1496 2316 1663 2370 salute
1706 2317 1964 2371 laborant.

483 2382 645 2457 Inter.
670 2403 757 2457 46.
786 2404 920 2470 Quid
946 2414 1026 2459 est
1050 2382 1214 2475 [quod
1250 2404 1402 2477 dicit]
1436 2421 1449 2457 :
1493 2405 1654 2459 Omne
1695 2408 1966 2476 virgultum

418 2493 532 2561 agri
582 2491 731 2562 (Gen.
766 2509 836 2555 ιι,
866 2493 919 2562 5)
966 2503 1249 2562 antequam
1300 2495 1530 2549 oriretur
1586 2496 1636 2547 in
1681 2495 1857 2548 terra?
1900 2525 1968 2534 --

415 2579 569 2650 Resp.
603 2581 1013 2637 Utceleritatem
1042 2584 1218 2652 operis
1261 2583 1351 2637 Dei
1387 2583 1709 2648 insinuaret;
1761 2584 1814 2637 id
1861 2594 1964 2645 est.

414 2681 695 2737 antequam
718 2670 878 2737 aliqui
899 2670 1101 2724 fructus
1123 2686 1185 2724 ex
1210 2680 1351 2725 terra
1387 2673 1674 2727 crescendo
1696 2674 1966 2726 orirentur

413 2770 501 2813 aut
527 2761 903 2828 germinarent,
933 2769 1149 2830 repente
1175 2778 1360 2816 omnes
1385 2764 1554 2831 campi
1582 2772 1635 2816 et
1656 2763 1817 2817 colles
1846 2764 1965 2817 her-

412 2851 493 2905 bis
517 2860 670 2905 erant
695 2861 745 2906 et
772 2853 1051 2906 arboribus
1079 2855 1334 2921 cooperti.
1541 2852 1544 2855 λ

485 2939 649 2993 Inter.
681 2941 766 2994 47.
795 2941 931 3007 Quid
954 2953 1073 2996 est:
1111 2942 1230 2996 Non
1278 2945 1411 3000 enim
1463 2944 1662 3013 pluerat
1712 2945 1963 2998 Dominus

410 3025 548 3081 Deus
564 3044 713 3097 super
740 3020 926 3081 terram
950 3030 1098 3099 (vers.
1118 3029 1208 3098 5)?
1226 3061 1293 3069 -
1313 3030 1461 3101 Resp.
1494 3033 1561 3087 Ut
1589 3032 1965 3102 intelligeretur

416 3126 666 3172 r:uantnut
694 3118 864 3185 prima
910 3126 1064 3173 terra:
1086 3120 1403 3189 germinatio
1442 3136 1470 3173 a
1511 3116 1761 3175 moderna
1791 3122 1959 3175 dista-

408 3206 517 3267 bat,
551 3220 667 3273 qure
692 3206 912 3260 merulis
931 3208 995 3260 ad
1024 3208 1322 3277 pluviarum
1348 3209 1708 3279 irrigationem
1730 3209 1820 3265 vix
1840 3217 1960 3265 tan—

407 3294 524 3349 dem
551 3305 604 3349 et
632 3297 785 3351 tarde
812 3283 1080 3364 pet-ﬁciiur
1111 3316 1123 3351 :
1162 3300 1246 3353 illa
1274 3314 1399 3353 vero
1426 3298 1490 3351 ad
1512 3300 1749 3368 jubentis
1791 3301 1959 3372 impe-

410 3386 545 3439 rium
571 3402 691 3440 mox
723 3397 906 3442 exorta
933 3390 1197 3458 apparuit.
1274 3422 1283 3430 -

478 3472 638 3526 Inter.
664 3473 750 3526 48.
788 3474 923 3541 Quid
967 3487 1048 3531 est
1088 3477 1326 3549 (iterum,
1363 3480 1501 3547 quod
1543 3482 1697 3554 dixit]
1746 3501 1758 3535 :
1816 3482 1958 3537 Fons

406 3568 707 3621 ascendebat
742 3569 804 3622 de
831 3580 968 3623 terra
1013 3572 1236 3641 irrigans
1285 3574 1520 3626 universa
1570 3591 1722 3643 super
1771 3575 1957 3644 faciem

409 3653 551 3725 (315.,
582 3657 871 3710 universam
899 3657 1243 3731 superﬁciem]
1293 3669 1447 3713 terra:
1506 3659 1656 3728 (Gen.
1688 3677 1748 3723 ιι,
1774 3661 1865 3731 6)?
1889 3692 1957 3701 —-

409 3742 563 3816 Resp.
591 3746 696 3801 Aut
735 3748 799 3802 de
827 3748 939 3803 solo
963 3747 1090 3803 dicit
1116 3750 1377 3817 paradiso,
1398 3751 1486 3819 qui
1514 3766 1619 3804 uno
1656 3750 1797 3805 fonte
1839 3752 1959 3805 irri—

406 3834 517 3901 gari
541 3835 811 3900 creditur;
842 3843 955 3899 aut,
974 3837 1016 3890 si
1043 3836 1109 3891 de
1128 3846 1239 3892 tota
1266 3847 1403 3892 terra
1434 3839 1825 3910 intelligendum
1854 3849 1956 3903 est,

405 3936 615 3976 omnem
650 3939 906 3992 aquarum
940 3928 1316 3986 abundantiam
1344 3932 1773 4009 intelligivoluit.

478 4033 639 4087 Inter.
680 4033 767 4087 49.
809 4032 1073 4090 Formavit
1106 4040 1265 4107 igitur
1297 4039 1588 4113 (Dominus)
1626 4043 1766 4098 Deus
1790 4046 1958 4099 Itami-

406 4140 519 4177 nem
548 4126 610 4177 de
636 4125 755 4178 limo
781 4136 932 4180 terra:
962 4125 1110 4197 (Gen.
1142 4146 1202 4192 ιι,
1224 4131 1300 4200 7).
1321 4131 1455 4198 Quid
1482 4134 1672 4203 igitur?
1700 4134 1832 4189 Num
1851 4153 1954 4192 non

405 4224 547 4277 ante,
580 4216 662 4269 die
685 4225 854 4278 sexto,
883 4218 1042 4273 homo
1066 4219 1260 4291 legitur
1280 4237 1398 4277 esse
1434 4226 1679 4279 creatus?
1703 4256 1771 4265 —
1798 4226 1952 4297 Resp.

403 4303 521 4357 Iam
549 4307 731 4359 stricte
754 4307 1176 4378 (Ms.,strictini,
1202 4314 1279 4381 _al.
1306 4315 1496 4388 omitt.)
1525 4318 1674 4386 prius
1700 4334 1795 4387 per
1818 4320 1955 4373 anti-

2086 512 2417 583 feraciusque
2442 514 2591 587 [.lls.,
2626 519 2887 591 veraeius]
2917 524 3276 588 provenirent.
3321 523 3385 577 Et
3415 531 3628 581 custodi-

2086 614 2157 656 ret
2185 603 2351 667 illum,
2375 614 2434 656 ut
2468 608 2759 660 custodiret
2781 611 3023 663 cunidcin
3046 612 3351 679 paradisum
3385 616 3480 668 sibi
3511 617 3633 685 ipsi,

2081 702 2135 745 et
2166 691 2314 763 [ἔνι.
2342 693 2427 763 ne]
2460 697 2502 747 si
2535 696 2733 765 aliquid
2774 700 3073 763 amitteret,
3101 711 3159 755 ut
3202 703 3319 757 inde
3349 719 3645 763 mereretur

2079 788 2290 855 expelli.

2153 876 2313 929 Inter.
2345 878 2429 930 52.
2464 879 2569 932 Cur
2597 880 2793 933 dic:um
2819 891 2900 935 est
2934 901 2943 933 :
2988 882 3203 952 Lignnm
3250 888 3475 941 scicntia‘
3517 890 3637 944 boni

2077 980 2122 1018 et
2169 966 2292 1019 mali
2342 967 2507 1036 (Cen.
2556 970 2745 1040 11,9)?
2792 1001 2862 1010 —-
2912 972 3067 1040 Resp.
3112 973 3222 1027 Non
3275 978 3414 1044 quod
3461 979 3637 1048 ipsiim

2078 1056 2275 1126 lignum
2320 1060 2375 1111 iu
2402 1075 2492 1112 sua
2522 1072 2710 1113 natura
2755 1063 3013 1115 rationale
3057 1075 3217 1127 ομερι,
3252 1066 3328 1119 vel
3361 1069 3637 1125 scientiam

2076 1145 2202 1199 boni
2233 1154 2286 1200 et
2315 1148 2438 1200 mali
2466 1149 2764 1212 habuisset;
2790 1151 2878 1203 sed
2906 1153 3046 1219 quod
3079 1153 3235 1206 homo
3274 1154 3324 1207 in
3373 1169 3434 1209 eo
3478 1173 3642 1227 expo-

2078 1236 2169 1289 riri
2203 1246 2254 1289 et
2282 1240 2420 1291 scire
2441 1240 2613 1306 potuit
2636 1240 2759 1306 quid
2784 1250 2925 1293 esset
2948 1242 3086 1295 inter
3108 1243 3421 1298 obcdicntim
3439 1246 3633 1302 bonum

2073 1334 2127 1379 et
2160 1327 2526 1381 inobcdientize
2554 1329 2770 1382 malum.

2146 1416 2305 1469 Inter.
2347 1414 2432 1471 33.
2463 1416 2597 1484 Quid
2629 1420 2889 1489 signiﬁcat
2920 1423 2969 1475 in
3000 1438 3062 1476 co
3092 1427 3233 1492 quod
3268 1428 3398 1480 dixit
3426 1445 3439 1481 :
3472 1429 3643 1489 Morte

2075 1506 2304 1558 morieris
2328 1508 2840 1578 (t‘ct's.17)?~—Rcsp.
2863 1512 3130 1579 Dupliccm
3155 1516 3383 1571 hominis
3411 1528 3633 1575 mortem

2072 1593 2331 1663 designat,
2363 1595 2412 1647 id
2438 1605 2539 1659 est,
2560 1598 2752 1651 anima:
2774 1608 2828 1653 et
2846 1602 3102 1668 corporis.
3126 1603 3329 1658 Anima:
3354 1622 3497 1661 mors
3522 1618 3628 1671 est.

2070 1684 2195 1736 dum
2220 1695 2435 1753 propter
2460 1696 2737 1756 peccatum
2776 1691 3047 1756 quodlibet
3083 1693 3314 1747 animam
3358 1696 3497 1749 Deus
3534 1700 3625 1753 de-

2004 1768 2042 1822 B
2074 1774 2219 1826 serit.
2246 1774 2498 1843 Corporis
2522 1791 2665 1829 mors
2687 1786 2792 1839 est,
2826 1779 2947 1832 dum
2994 1792 3211 1850 propter
3258 1788 3630 1842 necessitatem

2077 1863 2372 1929 quamlibet
2427 1880 2619 1933 corpus
2676 1861 2939 1921 deseritur
2978 1871 3063 1944 .ab
3113 1872 3315 1925 anima.
3377 1875 3441 1927 Et
3497 1876 3633 1931 hanc

2074 1955 2284 2024 duplam
2315 1956 2545 2011 hominis
2572 1966 2798 2011 mortem
2828 1958 3073 2014 Christus
3090 1977 3181 2014 sua
3210 1964 3394 2033 simpla
3415 1965 3631 2039 [morte]

2073 2044 2353 2098 destruxit.
2385 2044 2517 2099 Nam
2547 2046 2659 2099 sola
2700 2062 2861 2102 carne
2890 2057 3130 2103 mortuus
3161 2061 3243 2105 est
3276 2054 3341 2106 ad
3390 2064 3629 2123 tempus,

2072 2133 2246 2187 anima
2272 2148 2398 2188 vero
2424 2150 2713 2204 nunquam,
2737 2138 2859 2205 quia
2887 2154 3153 2207 nunquam
3181 2144 3440 2209 peccavit.

2142 2222 2303 2277 Inter.
2330 2225 2414 2278 54.
2448 2225 2595 2280 Unde
2631 2227 2827 2281 dicitur
2854 2246 2865 2279 :
2899 2231 3128 2284 Adduxit
3154 2249 3216 2285 ea
3246 2236 3313 2286 ad
3342 2237 3506 2289 Adam
3526 2279 3539 2301 ,
3568 2249 3626 2293 ut

2071 2315 2255 2395 rideret
2283 2318 2405 2385 quid
2432 2329 2629 2371 vocaret
2652 2336 2711 2371 ea
2743 2317 2892 2387 (Cen.
2920 2336 2956 2375 ιι
2977 2362 2990 2384 .
3020 2322 3136 2390 l9)?
3187 2352 3254 2363 ο·-
3300 2325 3451 2395 Resp.
3510 2329 3622 2385 Non

2069 2392 2294 2460 circuitu
2338 2407 2493 2462 locali
2533 2409 2821 2473 adducens,
2855 2410 2945 2464 sed
2986 2412 3194 2465 ocrulto
3233 2424 3360 2469 nutu
3390 2432 3499 2472 sua:
3526 2435 3621 2487 po-

2070 2498 2247 2551 tentia:
2272 2498 2435 2552 voluit
2458 2510 2515 2552 ut
2538 2500 2796 2553 venirent.

2135 2606 2296 2676 309
2323 2607 2480 2661 Inter.
2508 2608 2593 2661 55.
2620 2608 2727 2663 Cur
2753 2610 2919 2665 voluit
2955 2610 3094 2667 Deus
3119 2622 3178 2667 nt
3219 2605 3378 2669 homo
3407 2621 3620 2672 cunctis

2068 2698 2428 2753 animantibus
2459 2701 2671 2754 nomina
2704 2702 3036 2770 imponeret?
3062 2734 3131 2744 —
3161 2705 3313 2777 Resp.
3345 2708 3414 2764 Ut
3458 2704 3616 2766 homo

2068 2788 2381 2857 intelligeret
2408 2790 2658 2858 scipsum,
2677 2802 2874 2860 quanto
2900 2794 3090 2847 melior
3106 2804 3245 2850 esset
3270 2803 3475 2856 cunctis
3502 2804 3618 2857 ani-

2067 2876 2337 2930 mantibus
2367 2894 2430 2931 ex
2468 2879 2689 2933 rationis
2714 2881 3051 2945 discretione,
3076 2893 3129 2937 et
3155 2900 3221 2939 eo
3250 2890 3416 2960 magis
3445 2896 3623 2947 condi-

2066 2972 2237 3018 torem
2269 2980 2423 3019 suum
2455 2967 2721 3036 diligeret,
2744 2986 2851 3039 quo
2874 2986 2932 3025 se
2958 2973 3232 3029 meliorem
3258 2978 3377 3032 aliis
3403 2983 3619 3039 viventi-

2066 3060 2165 3113 bus
2192 3059 2529 3131 intelligeret.

2133 3148 2294 3202 Inter.
2323 3150 2409 3204 56.
2439 3151 2547 3206 Cur
2571 3153 2799 3208 dicitur:
2829 3158 2953 3211 Adte
2986 3176 3100 3212 vero
3136 3179 3236 3216 non
3274 3164 3619 3217 inveniebatur

2060 3237 2272 3306 adiutor
2292 3239 2477 3293 similis
2511 3242 2623 3311 ejus
2654 3242 2805 3313 (Gen.
2836 3262 2896 3306 ιι,
2931 3242 3059 3318 20)?
3085 3279 3153 3289 -—
3188 3250 3342 3320 Resp.
3375 3252 3506 3318 Quia
3539 3256 3619 3309 in-

2059 3330 2146 3383 ter
2170 3332 2347 3384 omnia
2378 3332 2664 3386 animantia
2691 3342 2847 3388 terra:
2873 3338 3073 3391 nullum
3104 3341 3358 3395 rationale
3386 3344 3616 3398 invenio-

2057 3418 2237 3485 batur,
2265 3424 2367 3478 nisi
2400 3424 2485 3478 ille
2510 3426 2674 3480 solus.

2128 3510 2291 3565 Inter.
2317 3513 2404 3567 57.
2430 3515 2535 3569 Cur
2550 3518 2740 3573 mulier
2762 3520 3018 3577 de'latcre
3039 3525 3137 3578 viri
3152 3524 3466 3583 dormientis
3479 3517 3610 3585 adi-

2059 3599 2215 3655 ﬁcata
2262 3600 2473 3671 legitur,
2522 3613 2703 3661 etnon
2742 3609 2805 3662 de
2855 3619 2997 3665 terra
3026 3613 3319 3683 plasmata,
3368 3619 3507 3673 sicut
3530 3620 3621 3676 vir

2058 3689 2209 3761 (vers.
2242 3690 2605 3764 22)?—-Resp.
2638 3696 2796 3754 Certe
2830 3703 3068 3770 mysterii
3102 3719 3260 3760 causa
3282 3708 3614 3779 signiﬁcans,

2057 3782 2197 3848 quod
2215 3780 2462 3838 Christus
2490 3796 2705 3855 propter
2737 3788 3028 3846 Ecclesium
3058 3794 3110 3847 in
3140 3811 3301 3851 cruce
3339 3800 3612 3867 dormivit,

2056 3884 2120 3924 ex
2147 3872 2298 3940 cujus
2323 3873 2491 3936 latere
2513 3873 2631 3930 fons
2660 3878 2846 3934 salutis
2876 3890 3072 3936 nostra:
3093 3888 3327 3940 manavit
3503 3956 3508 3963 η

2125 3956 2291 4011 Inter.
2317 3960 2406 4016 58.
2447 3962 2721 4028 Quomodo
2741 3971 2989 4024 convenit
3006 3971 3221 4029 Christo
3248 3978 3389 4044 quod
3411 3956 3610 4034 dictum

2057 4054 2138 4098 est
2168 4064 2183 4097 ι
2214 4046 2435 4117 Ρνοριει-
2470 4050 2563 4103 Itoc
2584 4052 2834 4123 relinquet
2851 4056 3007 4111 homo
3023 4070 3221 4127 patrem
3241 4074 3288 4114 et
3311 4075 3543 4129 matrem.
3565 4080 3614 4120 et

2057 4138 2339 4191 adluerebit
2364 4142 2513 4193 uxori
2533 4159 2640 4196 sine
2677 4142 2829 4213 (Gen.
2861 4162 2898 4201 ιι
2918 4188 2930 4209 ,
2955 4147 3079 4215 24)ἷ’
3104 4151 3355 4222 —-Resp.
3383 4140 3616 4224 Reliquit

2058 4239 2286 4296 patrem,
2309 4233 2433 4302 quia
2459 4250 2565 4289 non
2582 4237 2649 4290 .in
2677 4252 2738 4292 ea
2785 4238 2954 4295 forma
2994 4245 3247 4313 apparuit
3286 4248 3611 4312 hominibus.

2056 4332 2158 4384 qua
2180 4321 2399 4389 arqualis
2426 4332 2509 4377 est
2533 4323 2699 4379 Patri.
2725 4325 2958 4397 Reliquit
2978 4340 3210 4399 [matrem
3230 4336 3353 4387 dum
3372 4352 3605 4407 synago-

406 4396 720 4463 cipationem
751 4399 814 4452 de
842 4400 1073 4453 hominis
1119 4404 1387 4457 creatione
1430 4407 1580 4469 dixit,
1614 4422 1771 4477 quam
1799 4411 1955 4463 modo
1983 4431 2029 4490 D
2057 4420 2174 4472 gam
2199 4408 2434 4464 deseruit
2460 4410 2784 4475 Iudaeorum.
2813 4396 2877 4470 de
2912 4396 3033 4486 qua
3059 4423 3346 4476 secundum
3393 4396 3606 4480 carnvem

324 4480 325 4483 “
404 4500 500 4553 per
523 4488 1012 4556 recapitulationem
1038 4490 1246 4559 plenius
1266 4508 1526 4563 exponere
1549 4511 1829 4565 aggressus
1851 4489 1952 4553 est.

482 4576 643 4630 Inter.
675 4579 760 4633 50.
806 4580 941 4647 Quid
968 4590 1073 4646 est,
1100 4583 1241 4652 quod
1280 4585 1413 4638 dixit
1443 4600 1456 4637 :
1489 4580 1752 4641 Formarit
1797 4589 1956 4658 igitur

411 4666 658 4721 Dominus
691 4669 824 4721 Deus
865 4672 1118 4725 hominem
1146 4673 1209 4726 de
1247 4674 1368 4727 limo
1397 4685 1567 4740 terra',
1594 4687 1640 4729 et
1691 4678 1953 4747 inspiravit

408 4760 460 4809 in
493 4755 675 4824 faciem
715 4758 825 4826 ejus
860 4762 1174 4827 spiraculum
1201 4764 1353 4817 vita?
1386 4794 1452 4804 —
1478 4764 1631 4834 Resp.
1656 4765 1789 4833 Quia
1816 4769 1957 4822 vide-

410 4846 533 4900 licet
558 4845 611 4899 in
643 4848 883 4915 corporis
904 4856 956 4901 et
984 4849 1173 4904 anima:
1206 4854 1552 4908 substantiam
1583 4857 1752 4912 factus
1781 4868 1893 4922 est,
1926 4876 1955 4911 θ

408 4933 599 5011 quibus
625 4952 815 5005 corpus
845 4939 908 4990 de
931 4938 1055 4991 limo
1080 4938 1274 5010 (terrm)
1304 4941 1585 4997 formatum
1622 4957 1732 5011 est;
1780 4951 1954 5003 anima

411 5010 537 5077 vero
556 5026 619 5078 de
641 5028 805 5081 nihilo
834 5028 939 5081 Deo
964 5028 1253 5095 inspirante
1277 5040 1474 5084 creata.

480 5111 641 5167 Inter.
674 5116 759 5168 51.
793 5118 926 5182 Quid
960 5130 1062 5183 est,
1094 5120 1233 5188 quod
1263 5122 1395 5175 dixit
1420 5122 1576 5193 [.‘lls.,
1599 5125 1811 5199 dicitur]
1844 5144 1856 5181 :
1890 5130 1955 5182 Et

411 5207 577 5271 posuit
598 5204 735 5258 Deus
764 5208 1015 5261 hominem
1047 5210 1100 5261 in
1118 5209 1362 5278 paradiso
1390 5214 1675 5283 voluptatis,
1695 5229 1748 5270 ut
1777 5236 1956 5289 opera-

416 5304 552 5347 retur
578 5305 624 5349 et
652 5296 927 5349 custodiret
952 5296 1100 5377 illum
1130 5297 1279 5369 (Cen.
1306 5316 1361 5364 ιι,
1394 5300 1516 5371 15)?
1567 5304 1831 5377 [Nunquid
1858 5311 1957 5365 ho-

417 5385 543 5438 mini
583 5386 829 5455 laborare,
856 5389 907 5442 in
953 5390 1200 5459 paradiso
1249 5407 1383 5462 opus
1432 5392 1582 5466 fuit];
1638 5409 1727 5452 aut
1770 5418 1799 5455 a
1853 5418 1958 5473 quo

415 5474 681 5528 cnstodim
723 5476 869 5532 illum
924 5476 1113 5550 [Edit.,
1139 5480 1298 5545 illud;
1323 5482 1393 5535 al.
1426 5486 1676 5539 custodiri
1708 5490 1816 5563 ille]
1862 5496 1953 5547 de-

418 5561 565 5615 buit?
597 5592 663 5603 -
688 5560 838 5633 Resp.
870 5566 985 5621 Non
1014 5566 1155 5622 enim
1182 5566 1407 5638 [homini
1433 5572 1570 5644 erat]
1607 5560 1955 5636 ιηιιοτιείαιι-

420 5648 524 5700 ctio
546 5650 596 5702 in
624 5652 886 5717 paradiso.
912 5658 1002 5711 sed
1029 5655 1315 5710 voluntatis
1340 5661 1683 5727 exhilaratio;
1728 5682 1850 5719 cum
1892 5686 1951 5723 ea

652 5745 915 5803 Ps‘raoc.
958 5746 1021 5806 Β.

2055 4504 2211 4549 natus
2240 4506 2343 4560 est,
2366 4506 2425 4551 ut
2447 4499 2744 4556 adhaereret
2774 4504 3053 4569 Ecclesiae,
3077 4526 3236 4577 quam
3275 4525 3338 4564 ex
3369 4514 3616 4581 gentibus

2053 4587 2413 4655 congregavit.

2122 4693 2286 4747 Inter.
2326 4696 2412 4751 59.
2449 4697 2623 4763 Quare
2652 4715 2755 4781 non
2783 4705 3170 4760 erubescebant
3195 4707 3362 4763 Adam
3390 4719 3443 4763 et
3472 4710 3601 4770 Eva.

2054 4782 2177 4835 dmn
2204 4786 2327 4839 nudi
2347 4796 2501 4841 erant
2522 4787 2671 4858 (Gen.
2697 4791 2971 4864 It,2‘i)?—
2989 4796 3139 4867 Resp.
3160 4797 3291 4863 Quia
3316 4799 3513 4853 nullam
3531 4800 3609 4854 lc-

2055 4888 2171 4941 getn
2190 4886 2469 4931 senserunt
2484 4878 2537 4931 in
2553 4882 2807 4936 membris
2822 4878 2931 4938 suis
2953 4897 3332 4955 repugnantem
3350 4888 3451 4957 legi
3470 4905 3616 4945 men-

2056 4962 2125 5015 tis
2139 4979 2246 5017 suae
2266 4982 2281 5015 :
2297 4965 2429 5019 nihil
2449 4966 2592 5020 enim
2615 4970 2871 5037 putabant
2884 4972 3185 5038 velandum,
3199 4976 3322 5043 quia
3340 4977 3468 5031 nihil
3492 4994 3615 5033 sai-

2056 5062 2239 5105 serunt
2266 5053 2657 5111 refrenandum.
2698 5059 2829 5114 Nam
2872 5064 2923 5116 in
2948 5079 3159 5133 pmnam
3188 5068 3391 5136 peccati
3435 5072 3613 5123 evenit

2057 5143 2281 5206 homini,
2292 5153 2350 5197 ut
2366 5145 2477 5214 ipsa
2494 5162 2586 5201 sua
2599 5164 2722 5202 caro
2736 5152 2945 5206 rebellis
2957 5156 3004 5208 ci
3018 5165 3157 5209 esset
3169 5158 3219 5209 in
3233 5159 3465 5213 motibus
3478 5162 3609 5223 suis,

2056 5232 2177 5298 quia
2210 5233 2322 5301 ipse
2348 5235 2559 5289 rebellis
2585 5245 2699 5289 erat
2726 5242 2951 5294 creatori
2980 5257 3075 5296 suo
3104 5244 3155 5297 in
3180 5246 3386 5301 actibus
3410 5250 3539 5302 suis.

2128 5320 2153 5371 Ι
2160 5330 2289 5373 nter.
2314 5320 2401 5376 60.
2417 5322 2568 5378 Unde
2589 5339 2793 5392 serpens
2818 5326 3264 5387 callidiordicitur
3283 5336 3476 5387 cunctis
3498 5338 3611 5387 ani-

2058 5410 2314 5463 mantibus
2336 5420 2489 5466 terra:
2510 5410 2657 5481 (Cen.
2676 5427 2761 5477 ιιι,
2780 5414 2949 5483 l)?~—-
2977 5416 3129 5483 Resp.
3161 5421 3274 5477 Non
3295 5437 3357 5473 cx
3384 5438 3475 5476 sua
3507 5438 3606 5476 ua-

2058 5508 2211 5560 tura,
2239 5498 2418 5552 sedes
2468 5499 2711 5555 diabolici
2755 5504 2972 5570 spiritus
3025 5508 3309 5567 inﬂatione.
3352 5511 3613 5567 Utebstur

2057 5586 2196 5639 enim
2225 5595 2473 5653 serpente
2501 5587 2742 5642 diabolus
2773 5594 2927 5660 quasi
2954 5607 3154 5663 organo
3194 5598 3258 5647 ad
3303 5608 3612 5667 perpetrau-

2058 5677 2176 5727 dam
2209 5672 2509 5751 calliditatis
2538 5692 2645 5729 sum
2669 5680 2943 5735 malitiam.

3068 5777 3140 5835 Π
