4258 6190
696 318 809 373 "5‘25

1543 316 1597 366 Β.
1644 312 1703 366 1-³.
1742 309 1961 365 ΑιΒιΝι
1997 310 2123 366 SEU
2164 309 2432 365 ALCUINI
2469 308 2753 366 OPERUM
2794 308 2968 365 PARS
3008 309 3066 364 ll.

3807 311 3911 366 5‘2!»

775 431 936 484 Inter.
965 426 1051 482 6|.
1096 426 1203 480 Cur
1232 422 1443 478 'tentari
1491 422 1626 477 Deus
1666 421 1935 477 hominem
1976 418 2249 489 permisit,
2284 431 2328 486 Α
2428 417 2590 472 Inter.
2617 417 2704 471 72.
2732 416 2842 471 Cur
2865 417 3004 471 Deus
3045 417 3195 486 quasi
3245 416 3485 472 nesciens
3534 417 3912 489 interrogavit.

709 535 865 589 quem
882 516 1182 574 co‘nsentire
1202 514 1550 584 praescielat?
1583 542 1653 551 —
1684 510 1834 581 Resp.
1879 510 2013 577 Quia
2050 525 2254 581 magna:

710 610 848 665 laudi
877 608 1027 682 μὴ,
1053 606 1247 678 laudis]
1276 620 1379 659 non
1407 610 1568 667 esset,
1592 602 1639 657 si
1668 603 1787 656 ideo
1808 602 1966 657 homo
1998 616 2101 655 non
2130 614 2252 669 pec-

708 709 881 757 cassct
899 740 914 766 ,
943 699 1067 769 quia
1089 695 1402 752 malefacere
1430 710 1534 749 non
1552 692 1829 764 potuisset.
1864 690 1997 745 Nam
2021 701 2075 745 et
2100 690 2255 744 hodie

708 795 823 850 sine
851 791 1240 847 intermissione
1268 786 1386 859 [per
1410 783 1740 856 universum]
1776 798 1942 853 genus
1967 784 2251 837 humanum

709 901 772 941 ex
814 883 1019 939 insidiis
1046 881 1237 937 diaboli
1273 876 1558 951 [homines]
1605 884 1877 947 tentaptur
1924 872 2113 946 [Ed:t.,
2140 882 2255 927 ten-

712 972 969 1046 tatur],ut
990 988 1054 1028 ex
1084 986 1148 1025 eo
1175 972 1344 1024 virtus
1371 968 1558 1022 tentati
1580 967 1854 1037 probetur,
1878 977 1932 1019 et
1956 963 2128 1035 palma
2151 977 2253 1015 non

711 1063 1088 1119 consentientis
1121 1058 1399 1131 gloriosior
1434 1065 1705 1127 appareat.

780 1154 941 1207 Inter.
969 1152 1053 1207 62.
1081 1152 1135 1207 Si
1158 1150 1377 1220 serpens
1400 1165 1587 1205 sonum
1608 1148 1890 1203 verborum
1915 1146 2030 1215 ejus
2050 1145 2140 1215 qui
2163 1159 2257 1215 per

709 1260 829 1299 cum
866 1226 1175 1314 loquebatur
1223 1241 1519 1311 intelligere
1561 1238 1765 1309 potuit?
1804 1267 1875 1278 ιο-
1938 1236 2088 1302 Resp.
2140 1234 2254 1291 Non

692 1350 790 1395 est
813 1337 1064 1393 credibile
1085 1351 1206 1390 eum
1234 1332 1526 1404 intelligere
1555 1331 1789 1403 potuisse
1832 1344 1947 1399 quae
1994 1344 2087 1397 per
2134 1342 2253 1380 eum

710 1426 949 1483 diabolus
975 1426 1200 1495 agebat;
1242 1423 1332 1477 sed
1364 1422 1501 1476 sicut
1519 1421 1874 1475 dmmoniacus
1898 1426 1951 1471 et
1975 1424 2149 1471 mente
2169 1431 2256 1469 ea-

712 1525 834 1585 ptus
853 1514 1085 1584 loquitur
1129 1527 1245 1582 qua:
1285 1511 1471 1573 nescit,
1508 1510 1579 1564 ita
1618 1523 1836 1576 serpens
1873 1507 2033 1560 verba
2068 1506 2257 1560 edebat

693 1621 830 1675 qua:
855 1619 959 1658 non
985 1602 1326 1672 intelligebat.

782 1695 942 1749 Inter.
982 1693 1066 1747 65.
1112 1692 1219 1747 Cur
1255 1690 1443 1744 mulier
1469 1689 1534 1745 ad
1565 1689 1883 1757 interrogata
1908 1686 2141 1756 serpenti
2172 1699 2253 1738 re-

2358 509 2445 563 ubi
2469 518 2610 563 esset
2633 508 2802 561 Adam
2834 503 2983 576 (Gen.
3022 521 3104 571 ιιι,
3136 505 3225 578 9)?
3273 534 3343 545 -ο
3371 504 3524 576 Resp.
3573 504 3687 560 Non
3732 506 3915 577 utique

2358 598 2647 668 ignorando
2671 596 2934 666 quaesivit,
2959 596 3049 649 sed
3082 594 3407 663 increpando
3444 594 3720 649 admonuit
3754 603 3813 648 ut
3837 606 3914 650 at-

2358 690 2594 744 tenderet
2616 688 2705 742 ubi
2726 694 2887 748 esset,
2910 697 2963 741 et
2989 688 3131 740 unde
3155 686 3452 740 cecidisset.

2425 779 2589 833 Inter.
2627 778 2713 832 75.
2744 777 2895 833 Unde
2922 777 3023 849 [se]
3063 794 3093 829 a
3120 777 3324 832 Domini
3355 779 3635 845 prmsentia
3660 778 3911 833 abscondi

2354 884 2506 939 posse
2532 868 2780 935 putabat?
2812 898 2880 907 —
2918 868 3071 933 Resp.
3104 867 3226 921 Hzec
3249 868 3297 921 ei
3338 868 3638 935 insipientia
3682 870 3747 923 de
3788 884 3912 939 pec-

2354 959 2458 1012 cati
2485 972 2638 1027 pmna
2667 957 2879 1020 accidit,
2902 966 2962 1010 ut
2987 972 3106 1010 eum
3131 959 3230 1010 hoc
3251 956 3417 1011 latere
3448 966 3595 1025 putet
3624 958 3912 1029 [Ms.,eum

2355 1042 2520 1100 latere
2545 1046 2676 1099 velle
2704 1044 2906 1116 quem],
2931 1060 3088 1113 quem
3112 1044 3277 1099 latere
3314 1035 3443 1098 nihil
3472 1055 3666 1115 potest.

2423 1136 2585 1191 Inter.
2619 1136 2703 1189 74.
2734 1136 2841 1191 Cur
2868 1135 3035 1188 Adam
3063 1144 3339 1204 peceatum
3368 1136 3420 1189 in
3443 1136 3719 1191 mulierem
3742 1138 3914 1191 detor-

2355 1225 2425 1281 sit
2448 1222 2594 1296 (Gen.
2614 1242 2692 1289 ιιι,
2715 1225 2799 1293 12)
2818 1225 2919 1278 ?—
2940 1223 3093 1294 Resp.
3110 1225 3187 1279 Ad
3205 1226 3472 1279 cumulum
3496 1226 3701 1293 peccati
3720 1227 3802 1280 sui
3823 1243 3911 1281 su-

2355 1317 2516 1385 perbe
2545 1316 2835 1383 respondit,
2863 1314 2959 1387 [et]
2987 1331 3089 1368 non
3116 1316 3419 1380 humiliter;
3462 1316 3611 1384 quasi
3645 1318 3912 1385 querimo-

2356 1404 2498 1456 niam
2528 1402 2580 1455 in
2604 1403 2769 1456 Deum
2792 1403 3042 1473 dirigeret
3063 1419 3158 1456 cur
3179 1405 3226 1455 ei
3257 1403 3414 1457 talem
3437 1404 3669 1459 dedisset
3688 1406 3910 1478 sociam,

2354 1493 2492 1545 unde
2517 1492 2565 1544 ei
2595 1492 2797 1560 peccati
2823 1492 3033 1545 occasio
3052 1500 3211 1545 esset.
3237 1491 3495 1545 Similiter
3509 1501 3563 1546 et
3588 1494 3777 1545 mulier
3796 1509 3905 1547 sum

2354 1583 2521 1652 culpa:
2550 1596 2763 1636 causam
2794 1582 2844 1635 in
2876 1591 3169 1638 creatorem
3202 1584 3379 1647 refert,
3406 1600 3569 1653 quare
3618 1583 3925 1655 [Al.,quia]"

2354 1670 2682 1742 serpentem,
2720 1686 2817 1741 per
2867 1680 3024 1740 quem
3078 1674 3414 1742 deciperetur
3465 1673 3563 1744 [in
3615 1674 3905 1744 paradiso]

711 1785 933 1857 spondet
961 1783 1112 1857 [Ma.,
1142 1779 1433 1852 respondit]
1473 1779 1621 1852 (Gen.
1653 1795 1733 1841 ιιι,
1756 1778 1846 1849 2)?
1886 1807 1955 1816 -
1990 1776 2141 1845 Resp.
2188 1775 2257 1829 Ut
2292 1757 2329 1814 Β
2357 1765 2638 1857 ενεῖίινεὶιὶιΣ

711 1874 1079 1945 praevaricatio
1127 1872 1243 1942 ejus
1286 1878 1428 1926 esset
1481 1867 1883 1926 inexcusabilis.
1934 1881 2053 1920 cum
2112 1864 2255 1918 nullo

719 1965 873 2018 modo
893 1963 1067 2017 dicere
1088 1960 1257 2031 potuit
1277 1974 1334 2013 se
1353 1957 1569 2012 oblitam
1595 1970 1713 2010 esse
1734 1954 1969 2009 mandati
1983 1954 2122 2023 quod
2146 1970 2257 2007 ser-

698 2054 859 2123 ,penti
879 2051 1127 2122 prodidit.
2134 2106 2137 2107 ν

782 2144 943 2198 Inter.
971 2142 1057 2196 64.
1085 2138 1193 2196 Cur
1221 2139 1379 2194 homo
1404 2137 1576 2193 lactus
1617 2145 1697 2193 est
1740 2138 1792 2191 in
1843 2136 2067 2191 liberum
2110 2135 2255 2189 arbi-

710 2235 905 2290 trium?
922 2264 991 2274 —
1013 2232 1167 2303 Resp.
1194 2230 1326 2298 Quia
1355 2230 1523 2285 noluit
1543 2238 1751 2285 creator
1779 2228 2047 2283 hominem
2082 2226 2258 2296 cujus-

706 2328 840 2381 libet
862 2340 1072 2380 servum
1094 2337 1297 2385 creare,
1322 2335 1480 2391 quem
1508 2320 1575 2374 ad
1599 2312 1880 2389 imaginem
1925 2332 2075 2371 suam
2111 2316 2254 2381 fecit,

706 2426 965 2486 quatenus
1010 2430 1076 2468 ex
1111 2412 1407 2468 voluntario
1451 2412 1591 2465 bono
1642 2407 1919 2463 laudabilis
1956 2418 2254 2478 appareret,

708 2504 789 2557 vel
812 2503 1044 2573 appetitu
1082 2501 1223 2556 malo
1256 2498 1589 2554 damnabilis.

776 2596 937 2649 Inter.
970 2593 1054 2647 65.
1088 2592 1215 2658 Qua:
1238 2600 1319 2645 est
1340 2591 1559 2645 libertas
1572 2589 1731 2641 vera?
1752 2586 1993 2658 -—Resp.
2025 2586 2254 2641 Maxima

707 2683 930 2756 [autem]
963 2683 1178 2737 libertas
1196 2690 1276 2735 est
1299 2676 1751 2747 servirejustitiaa,
1771 2685 1826 2733 et
1847 2693 1876 2731 a
1902 2687 2121 2746 peccato
2139 2690 2257 2731 esse

714 2777 958 2830 liberum.

780 2865 942 2919 Inter.
976 2861 1062 2917 66.
1104 2860 1377 2928 Quomodo
1422 2858 1593 2930 potuit
1634 2858 1827 2913 mulier
1873 2856 2089 2912 credere
2139 2872 2255 2911 ser-

708 2954 882 3023 pentis
901 2950 1253 3020 sermonibus,
1280 2947 1421 3018 quod
1451 2944 1701 3002 divinitus
1738 2960 1768 2999 a
1805 2959 1862 2999 re
1894 2944 2033 2999 bona
2070 2943 2255 2997 fuisset

709 3041 1085 3113 prohibita?—
1100 3039 1250 3108 Resp.
1270 3036 1405 3103 Quia
1421 3036 1555 3091 forte
1576 3045 1700 3091 aute
1724 3036 1896 3090 inerat
1919 3035 2080 3089 menti
2115 3035 2254 3107 illius

2427 1853 2589 1907 Inter.
2622 1853 2706 1907 75.
2737 1852 2912 1919 Quare
2945 1869 3046 1907 non
3076 1863 3156 1907 est
3179 1854 3533 1926 interrogatus
3562 1870 3780 1924 serpens
3814 1871 3910 1909 cur

2356 1946 2456 1999 hoc
2477 1945 3111 2014 fecerit?-Resp.Quin
3159 1944 3295 2001 forte
3336 1948 3387 2001 id
3426 1964 3532 2001 non
3580 1963 3673 2002 sua
3719 1957 3907 2000 natura

2355 2035 2437 2089 vel
2459 2034 2730 2089 voluntate
2754 2035 2970 2098 fecerat,
2994 2036 3086 2089 sed
3110 2035 3349 2089 diabolus
3369 2036 3433 2089 de
3457 2036 3544 2088 illo
3570 2046 3623 2089 et
3641 2052 3736 2104 per
3762 2036 3905 2105 illum

2356 2123 2530 2178 fuerat
2553 2134 2820 2194 operatus.
2854 2125 2975 2179 Ideo
3003 2125 3198 2179 dicitur
3225 2125 3272 2178 ei
3300 2140 3314 2177 :
3350 2123 3518 2194 Super
3543 2137 3715 2195 pecms
3762 2135 3905 2178 tuum

2353 2214 2606 2283 gradieris
2626 2225 2670 2267 et
2696 2223 2886 2267 terram
2907 2204 3135 2267 comedrs
3160 2210 3307 2283 (Gen.
3332 2230 3414 2278 ιιι,
3436 2215 3824 2285 14),,siqnidem
3853 2214 3904 2268 in

2356 2312 2568 2372 pectore
2592 2303 2854 2358 calliditas
2873 2304 3229 2372 nequitiarum
3257 2305 3373 2374 ejus
3399 2306 3692 2372 indicatur;
3724 2307 3813 2376 qui
3856 2314 3910 2362 et

2365 2401 2561 2448 terram
2590 2394 2828 2456 devorat,
2854 2395 2977 2448 dum
3016 2396 3223 2449 luxuria
3252 2405 3304 2450 et
3329 2396 3546 2451 libidine
3573 2398 3906 2467 peccantium

2355 2484 2588 2553 pascitur
2613 2493 2665 2537 et
2690 2485 2987 2537 delectatur
3010 2483 3142 2555 [Al.,
3170 2484 3466 2556 dilatatur].
3490 2484 3623 2539 Nam
3648 2485 3748 2557 [et]
3771 2487 3909 2540 sicut

2356 2572 2596 2627 diabolus
2620 2587 2717 2642 per
2736 2581 3032 2643 serpentem
3060 2573 3397 2642 loquebatur,
3422 2574 3495 2627 ita
3516 2574 3641 2627 etin
3663 2586 3910 2644 serpente

2356 2662 2707 2717 maledicitur.
3040 2736 3043 2739 ν

2426 2752 2585 2806 Inter.
2620 2754 2704 2807 76.
2732 2753 2869 2820 Quid
2912 2741 2995 2809 est
3036 2769 3239 2808 semen,
3267 2753 3524 2815 mulieris,
3549 2755 3632 2808 vel
3678 2754 3906 2826 [semen]

2354 2846 2616 2912 serpentis
2647 2843 2795 2915 (vers.
2817 2845 2867 2916 7)
2884 2847 2905 2897 ?
2921 2844 3142 2914 —Resp.
3167 2845 3358 2899 Semen
3384 2846 3621 2899 mulieris
3644 2854 3724 2899 est
3741 2854 3906 2900 totum

2356 2948 2519 3002 genus
2545 2936 2863 3000 humanum;
2896 2951 3076 2990 semen
3101 2936 3388 3004 serpentis,
3406 2936 3680 3002 originalis
3707 2938 3906 3006 peccati

2354 3024 2703 3093 primordium
2733 3040 2746 3079 :
2773 3041 2891 3095 qna:
2929 3027 3032 3079 duo
3078 3027 3280 3079 semina
3316 3040 3380 3079 ex
3422 3035 3705 3095 prrecepto
3732 3028 3908 3082 divino

708 3096 859 3190 amor
879 3133 1095 3205 quidam
1120 3096 1347 3202 propria;
1368 3128 1668 3201 potestatis,
1697 3135 1751 3182 et
1783 3126 2026 3196 quaedam
2054 3106 2131 3180 de
2149 3124 2249 3197 [se]
2285 3096 2330 3154 δ
2359 3113 2668 3205 φηῐῖηιιυῐη
2695 3114 2836 3205 inici:
2859 3128 2915 3205 Si?
2943 3114 3120 3205 οάίυῐξι
3145 3128 3330 3205 Βετθῗε
3360 3113 3581 3205 flf’ibenl.
3608 3123 3665 3167 υῑ
3691 3130 3794 3169 ηοη
3842 3115 3910 3169 Γθ-

706 3225 933 3296 superba
958 3221 1316 3299 praesumptio,
1342 3235 1459 3290 qua:
1482 3234 1578 3289 per
1604 3218 1743 3273 illam
1766 3216 2113 3283 tentationcm
2141 3215 2251 3270 fue-

708 3324 792 3372 rat
822 3315 1078 3371 vincenda
1104 3321 1160 3369 et
1187 3312 1531 3368 humilianda.
1571 3357 1575 3361 .

778 3404 942 3459 Inter.
966 3403 1053 3457 67.
1070 3400 1178 3457 Cur
1200 3400 1389 3455 mulier
1407 3396 1760 3454 consideravit
1779 3394 1977 3465 lignum
2001 3402 2122 3463 post
2142 3409 2254 3448 ser-

705 3495 879 3565 pentis
912 3493 1309 3563 persuasionem
1351 3488 1500 3561 (Gen.
1528 3505 1611 3562 ιιι,
1642 3488 1728 3559 6)?
1750 3517 1822 3527 —
1847 3487 2001 3557 Resp.
2051 3487 2116 3543 Ut
2162 3504 2253 3541 ex-

706 3586 940 3655 ploraret
962 3583 1009 3637 si
1043 3581 1170 3651 quid
1196 3579 1249 3633 in
1273 3593 1336 3632 eo
1357 3576 1685 3631 mortiferum
1713 3583 1887 3641 esset;
1922 3576 2045 3630 dum
2076 3585 2252 3629 autem

706 3674 838 3731 nihil
862 3674 917 3729 in
950 3687 1015 3728 eo
1046 3671 1146 3726 tale
1170 3669 1447 3739 reperiret,
1462 3668 1809 3723 COIlﬁtlellllUS
1828 3667 2055 3737 gustavit
2080 3682 2143 3720 ex
2166 3682 2249 3721 eo.

779 3762 945 3817 Inter.
974 3762 1061 3818 68.
1093 3759 1243 3832 [Sed]
1282 3760 1420 3813 unde
1458 3760 1540 3811 vir
1583 3758 1847 3812 consentit
1896 3757 2137 3811 feminas?
2185 3787 2254 3795 —

708 3852 865 3923 Resp.
905 3850 1037 3916 Quia
1078 3848 1211 3919 forte
1253 3848 1395 3900 illam
1430 3860 1494 3920 eo
1532 3846 1652 3900 cibo
1686 3853 1944 3899 mortuam
1981 3860 2085 3899 non
2138 3858 2255 3897 esse

712 3940 992 4003 cernebat;
1020 3945 1073 3991 et
1094 3936 1263 4005 potuit
1285 3934 1418 3994 ﬁeri,
1439 3940 1496 3987 ut
1523 3933 1822 4002 putaverint
1847 3931 2066 4002 alicujus
2082 3932 2257 4002 κείεηί-

711 4029 974 4086 licationis
1008 4042 1167 4081 causa
1195 4025 1390 4080 dixisse
1431 4030 1769 4078 creatorem:
1815 4022 1875 4078 Si
1917 4024 2255 4077 manducare-

670 4140 673 4143 ·
711 4121 826 4174 ritis
849 4135 913 4172 ea;
939 4135 1020 4181 eo,
1040 4126 1202 4175 morte
1230 4115 1516 4169 moriemini
1539 4112 1690 4184 (Gen.
1728 4129 1789 4176 ιι,
1822 4112 1927 4183 17).

779 4208 943 4262 Inter.
970 4204 1057 4259 69.
1083 4203 1163 4259 Ad
1191 4203 1317 4272 quid
1348 4202 1514 4271 aperti
1547 4209 1671 4255 sunt
1695 4201 1832 4256 oculi
1860 4216 2042 4256 eorum
2094 4199 2250 4271 (Gen.

711 4313 791 4359 ιιι,
833 4294 918 4369 7}?
963 4322 1033 4332 —
1086 4290 1239 4360 Resp.
1294 4288 1453 4361 [Quo]
1506 4290 1607 4344 nisi
1654 4289 1720 4343 ad
1754 4288 1979 4342 invicem
2006 4291 2254 4359 concupi-

711 4384 994 4443 scendum?
1021 4382 1269 4455 quodgeis
1295 4381 1361 4435 ad
1401 4394 1615 4449 pcenam
1655 4394 1775 4433 mox
1818 4389 1938 4449 post
1978 4390 2254 4451 peccatum

713 4476 905 4531 evenit.

784 4565 942 4634 310
979 4563 1139 4617 Inter.
1175 4561 1262 4616 70.
1311 4560 1419 4616 Cur
1455 4562 1520 4615 ad
1549 4560 1670 4615 folia
1714 4560 1893 4615 ﬁculni
1941 4561 2085 4632 [Ms.,
2114 4561 2261 4616 [icul-

716 4653 850 4724 ηοω]
874 4653 1068 4705 turbati
1095 4658 1443 4706 cucurrerunt
1470 4648 1625 4719 [Hs.,
1669 4650 2073 4722 concurrerunt]
2105 4649 2255 4721 (Gen.

720 4762 797 4809 ιιι,
824 4742 922 4815 7)?
963 4770 1035 4780 --
1067 4730 1221 4803 Resp.
1267 4739 1399 4806 Quia
1448 4739 1666 4809 gloriam
1716 4740 1969 4807 simplicis
2000 4742 2262 4795 castitatis

719 4836 1030 4895 amiserunt,
1058 4829 1125 4884 ad
1154 4828 1412 4898 duplicem
1438 4829 1670 4885 libidinis
1712 4829 2037 4899 pruriginem
2070 4829 2259 4884 confu-

718 4932 923 4992 gerunt.
955 4920 1101 4995 [ideo
1124 4918 1378 4975 Dominus
1406 4916 1560 4974 Iesus
1591 4919 1723 4974 dixit
1750 4917 2062 4972 Nathanaeli
2091 4934 2104 4972 :
2132 4918 2260 4973 Cum

718 5031 847 5067 esses
872 5014 962 5068 sub
983 5013 1107 5082 ﬁcu,
1137 5011 1242 5069 uidi
1268 5020 1316 5063 te
1358 5008 1535 5081 (locu.
1556 5025 1597 5075 ι,
1620 5008 1742 5078 48),
1763 5009 1816 5062 id
1843 5018 1946 5074 est,
1970 5025 2091 5064 cum
2116 5025 2263 5065 esses

718 5105 819 5157 sub
847 5102 948 5157 llcu
972 5101 1244 5173 originalis
1262 5098 1487 5172 peccati,
1501 5114 1599 5171 per
1615 5098 2030 5153 misericordiam
2057 5102 2164 5155 vidi
2188 5108 2257 5163 te,

718 5202 771 5247 et
803 5191 921 5245 ideo
947 5190 1193 5245 descendi
1215 5191 1445 5246 liberare
1471 5188 1568 5263 te.]

789 5280 950 5333 Inter.
982 5279 1069 5331 'Il.
1100 5277 1236 5344 Quid
1269 5288 1350 5333 est
1373 5281 1512 5350 quod
1536 5287 1656 5349 post
1678 5278 1955 5333 meridiem
1983 5280 2261 5334 abscondit

721 5381 777 5418 se
800 5367 965 5420 Adam
1001 5375 1055 5419 et
1077 5378 1211 5418 uxor
1238 5363 1347 5432 ejus
1381 5366 1530 5437 (Gen.
1560 5383 1643 5432 ιιι,
1665 5365 1751 5437 8)τ
1772 5364 2015 5437 —Resp.
2063 5366 2120 5421 ld
2158 5375 2260 5431 est,

722 5462 840 5520 post
881 5456 1092 5509 beatam
1144 5454 1341 5526 [Edit.,
1368 5454 1557 5528 beatae]
1602 5455 1946 5526 paradisiacze
1996 5457 2262 5513 felicitatis

724 5540 891 5594 lucem
914 5542 968 5596 in
995 5544 1151 5613 hujus
1185 5542 1361 5598 saeculi
1381 5543 1719 5613 caliginosam
1754 5546 2025 5603 miseriam
2070 5546 2260 5619 [Edit.,

724 5627 946 5687 caligine
971 5647 996 5683 a
1020 5631 1252 5699 miseria]
1276 5648 1332 5687 se
1353 5633 1760 5688 absconderunt.

2361 3203 2564 3256 ciamus
2590 3217 2706 3270 qua:
2735 3202 2977 3256 diabolus
3021 3202 3162 3266 wit,
3204 3201 3328 3270 quia
3359 3202 3444 3256 ille
3486 3218 3753 3272 nunquam
3801 3206 3910 3257 vnlt

2361 3290 2513 3346 nobis
2530 3291 2823 3361 profutura.

2427 3380 2586 3436 Inter.
2617 3382 2701 3435 77.
2731 3381 2868 3448 Quid
2892 3392 2983 3436 est.
3003 3391 3163 3453 caput
3210 3384 3473 3453 serpentis
3514 3391 3568 3437 et
3604 3384 3907 3438 calcaneum

2358 3471 2595 3523 mulieris
2618 3467 2766 3540 (Gen.
2793 3487 2877 3535 ιιι,
2906 3470 3026 3541 15)?
3054 3501 3125 3512 —-
3161 3470 3314 3541 Resp.
3339 3469 3511 3541 Caput
3543 3473 3803 3541 serpentis
3826 3482 3908 3527 est

2358 3558 2552 3612 illicitm
2576 3560 2927 3628 suggestionis
2957 3561 3228 3629 cogitatio,
3254 3560 3402 3629 quod
3422 3575 3518 3614 nos
3546 3562 3688 3615 omni
3731 3562 3905 3613 inten-

2360 3650 2501 3703 tione
2524 3658 2799 3705 conterere
2825 3658 2983 3718 atque
3006 3651 3223 3704 allidere
3262 3650 3517 3712 debemus
3565 3647 3630 3701 ad
3678 3658 3905 3717 petram,

2357 3739 2447 3805 qui
2473 3747 2554 3791 est
2583 3738 2845 3792 Christus.
2876 3739 3193 3792 Calcaneum
3218 3739 3456 3792 mulieris
3480 3747 3562 3792 est
3611 3747 3905 3792 extremum

2358 3827 2478 3879 vitm
2508 3836 2702 3879 nostra:
2730 3834 2956 3895 tempus,
2979 3842 3091 3895 quo
3110 3827 3347 3881 diabolus
3382 3843 3477 3881 nos
3519 3828 3695 3883 acrius
3739 3829 3909 3898 impu~

2359 3932 2520 3985 gnare
2544 3919 2762 3986 satagit,
2788 3918 2872 3971 cui
2925 3918 2968 3972 si
3016 3919 3241 3972 viriliter
3285 3920 3603 3985 resistimus,
3630 3921 3907 3975 victoriam

2358 4008 2766 4074 perseverantia:
2785 4023 2903 4061 cum
2932 4008 3102 4062 salute
3129 4018 3307 4063 nostra
3335 4010 3676 4078 accipiemus.

2429 4112 2591 4165 Inter.
2623 4108 2709 4167 78.
2741 4114 3024 4179 Quaeritur,
3051 4117 3175 4170 dum
3214 4118 3407 4170 dicitur
3438 4133 3452 4170 :
3490 4118 3557 4170 Et
3582 4119 3674 4170 sub
3700 4119 3794 4171 viri
3820 4135 3910 4188 po-

2360 4210 2537 4253 testate
2561 4204 2661 4255 eris
2690 4201 2839 4272 (Gen.
2865 4220 2945 4269 ιιι,
2964 4204 3057 4268 16;
3088 4203 3205 4257 Gal.
3239 4205 3365 4271 v,6;
3403 4205 3431 4258 I
3451 4206 3606 4259 Jonn.
3635 4207 3842 4278 1v,18),
3863 4208 3907 4262 si

2360 4299 2482 4343 ante
2511 4301 2783 4358 peccatum
2827 4291 3090 4365 [quoque]
3128 4296 3318 4350 mulier
3365 4298 3463 4351 sub
3504 4305 3766 4369 potestate
3808 4298 3908 4352 viri

2362 4381 2538 4433 esset?
2567 4411 2635 4420 -—-
2666 4380 2817 4451 Resp.
2846 4384 2967 4437 Fuit
3011 4387 3211 4454 utique,
3246 4386 3338 4441 sed
3383 4402 3445 4441 ea
3494 4388 3768 4452 Servitute,
3791 4404 3908 4456 quzn

2362 4486 2457 4540 per
2479 4470 2812 4526 dilectionem
2840 4483 3108 4543 operatur,
3130 4486 3185 4530 et
3235 4476 3377 4531 foras
3424 4478 3589 4531 mittit
3630 4479 3903 4539 timorem;

2360 4569 2479 4627 post
2520 4577 2667 4623 vero,
2694 4563 3036 4619 conditionali
3076 4566 3349 4619 servitutis
3392 4566 3603 4631 timore,
3650 4582 3767 4636 qua:
3814 4582 3909 4637 per

2361 4652 2691 4720 disciplinam
2714 4663 2984 4721 operatur.

2428 4737 2590 4791 Inter.
2622 4738 2707 4791 79.
2733 4740 2840 4793 Cur
2865 4740 3045 4807 spinas
3077 4750 3130 4793 et
3162 4744 3383 4819 tribulos
3409 4748 3725 4817 germinavit
3763 4756 3905 4802 terra

2361 4824 2509 4897 (Gen.
2539 4845 2620 4891 ιιι,
2648 4828 2773 4898 l8)?
2794 4859 2863 4868 —
2890 4829 3044 4899 Resp.
3071 4831 3172 4887 Per
3192 4844 3465 4901 peccatum
3492 4837 3645 4895 enim.
3678 4837 3910 4891 hominis

2368 4924 2505 4970 terra
2534 4919 2809 4973 maledicta
2835 4929 2937 4984 est,
2961 4929 3020 4973 ut
3062 4922 3240 4989 spinas
3277 4933 3489 4995 pareret
3521 4933 3575 4979 et
3617 4921 3909 4981 venenosas

2364 5005 2555 5060 herbas
2573 5008 2636 5061 ad
2657 5025 2865 5077 ptenam
2887 5010 2969 5063 vel
2988 5010 3097 5082 [ad]
3123 5014 3559 5068 exercitationem
3582 5016 3906 5082 mortalium,

2364 5103 2424 5147 ut
2444 5104 2567 5150 ante
2586 5099 2766 5152 oculos
2810 5100 2968 5155 homo
3006 5116 3217 5171 semper
3260 5105 3455 5159 habeat
3496 5107 3754 5177 originale
3798 5087 3907 5162 eri-4

2365 5198 2485 5237 men
2523 5195 2577 5239 et
2607 5187 2688 5239 vel
2720 5188 2796 5241 sic
2823 5190 3121 5246 admonitus
3158 5192 3487 5270 [aliquando]
3526 5212 3585 5253 se
3626 5206 3835 5251 avertat
3877 5216 3907 5253 a

2364 5275 2617 5341 peccatis.

2433 5364 2596 5419 Inter.
2635 5366 2721 5423 80.
2767 5368 2875 5424 Cur
2910 5370 3048 5425 Deus
3093 5371 3219 5428 fecit
3263 5375 3463 5431 homini
3507 5378 3714 5433 tunicas
3761 5377 3913 5448 pelli-

2367 5471 2489 5511 ceas
2531 5456 2692 5531 (vers.
2723 5460 2963 5547 21η-
2989 5461 3141 5534 Resp.
3197 5466 3267 5522 Ut
3311 5482 3402 5522 eos
3446 5469 3698 5524 mortales
3744 5461 3910 5523 fuisse

2366 5549 2674 5606 insinuaret.

2438 5639 2601 5695 Inter.
2625 5643 2709 5697 8|.
2734 5643 3008 5709 Quomodo
3029 5648 3287 5706 Dominus
3299 5650 3438 5705 Deus
3459 5652 3588 5707 dixit
3607 5652 3673 5706 de
3697 5650 3910 5705 homine
