4258 6196
425 352 523 403 525

421 552 563 605 nobis
589 554 739 621 (vers.
763 552 850 621 2?.)
869 554 960 603 ⁸3-
984 550 1136 621 Resp.
1154 552 1375 622 Pmpter
1394 563 1628 608 sanctam
1650 554 1962 610 Trinitatem

418 642 603 710 plurali
634 658 852 696 numero
879 643 1009 695 dixit
1039 659 1101 695 ex
1126 644 1304 704 nobis;
1336 640 1474 698 sicut
1512 653 1566 699 et
1607 645 1661 697 in
1696 646 1962 698 creatione

416 730 529 795 ejus
564 749 577 782 :
611 729 888 783 Faciamus
911 732 1162 783 hominem
1195 733 1261 784 ad
1291 735 1565 802 imaginem
1614 732 1761 803 (Gen.
1786 751 1824 797 ι,
1848 735 1956 803 26).

418 819 512 873 llic
539 818 703 873 utitur
725 835 853 872 voce
887 806 1225 883 deterrentis,
1248 821 1313 874 ad
1344 822 1702 874 ineutiendum
1729 823 1867 885 aliis,
1894 838 1959 876 ne

413 915 711 975 peccarent,
735 909 1005 970 timorem;
1030 908 1111 960 vel
1131 922 1284 961 sensu
1306 909 1695 975 exprobrantis.
1712 910 1837 975 quia
1853 924 1957 963 non

413 996 582 1048 solum
612 1010 715 1049 non
742 995 915 1048 fuerat
936 994 1104 1047 factus
1129 996 1299 1062 qualis
1320 996 1433 1048 fieri
1456 996 1704 1057 voluerit,
1735 995 1827 1050 sed
1860 1011 1959 1049 nec

412 1082 537 1136 illud
554 1084 693 1153 quod
718 1083 887 1137 factus
914 1083 1104 1147 fuerat,
1129 1085 1543 1138 couservaverit.

483 1186 641 1245 Inter.
658 1192 743 1245 82.
760 1192 893 1258 Quid
915 1200 997 1246 est
1016 1192 1703 1262 Cherubin,velﬂammeum
1726 1195 1955 1263 gladium

410 1288 560 1349 atque
579 1281 882 1344 versatilem,
900 1282 965 1332 ad
993 1283 1377 1334 custodiendam
1402 1285 1531 1336 rium
1559 1284 1683 1352 ligni
1708 1286 1820 1337 vitm
1863 1301 1954 1353 po—

411 1370 516 1422 suit
560 1368 706 1438 (Gen.
732 1372 958 1441 111,24)?
984 1371 1227 1441 ——Resp.
1269 1372 1323 1425 Id
1367 1382 1463 1437 est,
1514 1390 1606 1442 per
1660 1377 1956 1443 angelicum

408 1458 563 1527 311
607 1458 954 1512 ministerium
980 1461 1130 1529 ignea
1154 1448 1392 1529 quaedam
1416 1465 1651 1518 custodia
1686 1485 1700 1516 :
1732 1483 1848 1534 qua:
1875 1478 1952 1520 ta-

407 1562 524 1600 men
548 1549 701 1611 bene,
727 1549 865 1616 quod
888 1548 1151 1601 versatilis
1186 1551 1399 1614 dicitur,
1429 1551 1691 1621 signiﬁcat
1715 1556 1949 1621 quando-

404 1653 506 1704 que
532 1638 675 1690 illam
702 1640 1071 1692 removendum
1093 1653 1208 1694 esse
1236 1656 1262 1692 a
1290 1642 1518 1720 paradisi
1541 1641 1737 1708 ianuis.

474 1726 632 1778 Inter.
659 1728 744 1781 85.
769 1727 919 1782 Unde.
940 1738 1157 1780 noverat
1182 1728 1309 1783 Cain
1338 1729 1613 1783 Dominum
1637 1733 1699 1783 ad
1728 1748 1945 1786 munera

1036 354 1433 407 l-lXiLliETiCA.
1474 385 1542 395 -—
1578 357 1939 411 INTERROG.
1979 358 2065 411 ΕΤ
2103 356 2428 414 RESPONS.
2470 361 2535 414 Di
2573 362 2833 423 ϐΕΧΕὸ..
2867 364 3010 417 liTti.

420 473 540 533 post
573 472 843 531 peccatum
870 483 881 514 :
911 464 1040 516 Ecce
1062 466 1227 525 Adam
1248 465 1418 532 factus
1439 475 1510 519 est
1532 469 1681 535 quasi
1722 484 1854 520 unus
1898 485 1960 521 ex
1986 476 2033 529 Α

3503 369 3600 421 ἔιὲϐ

2132 470 2291 524 Inter.
2321 473 2406 527 9|.
2435 472 2707 538 Quomodo
2727 476 3021 543 septuplum
3050 479 3315 545 punietur,
3342 482 3431 549 qui
3460 488 3597 538 occi-

2062 559 2199 611 derit
2222 558 2351 613 Cain
2378 560 2527 631 (vers.
2555 562 2679 630 ειν
2700 592 2769 601 -—-
2790 561 2943 633 Resp.
2973 564 3117 618 Solet
3144 566 3330 641 [enim]
3358 583 3596 639 septena-

2062 649 2171 702 rius
2214 666 2481 725 numerus‘
2509 651 2561 704 in
2604 651 2892 721 Scripturis
2938 658 3133 711 sanctis
3177 656 3465 724 saepissime
3500 678 3598 732 pro

2057 740 2382 807 plenitudine
2423 741 2699 809 cujuslibet
2742 745 2814 797 rei
2858 747 2978 813 poni
3005 766 3017 799 ε
3043 751 3193 816 quasi
3229 752 3448 807 dixisset
3477 771 3597 825 gra-

2056 829 2267 882 vissima
2314 831 2509 884 ultione
2555 834 2874 900 puniendum
2920 852 3058 899 esse,
3105 840 3195 908 qui
3250 840 3390 914 [nec]
3438 853 3596 899 tantzc.

2055 919 2407 972 damnationis
2439 922 2725 976 acerbitate
2752 925 3050 978 admonitus
3074 943 3101 979 a
3142 932 3395 999 sanguine
3432 933 3597 988 effun-

2054 1008 2222 1061 dendo
2248 1006 2640 1079 [voluit(Edit.,
2668 1011 2872 1083 nollet)]
2899 1030 3085 1069 manus
3110 1020 3376 1073 cohibere.

2102 1098 2284 1152 Inter.
2312 1100 2396 1155 92.
2441 1100 2574 1165 Quid
2601 1111 2699 1162 est,
2732 1105 2871 1171 quod
2900 1104 3087 1174 legitur
3110 1106 3337 1162 Lamech
3378 1111 3594 1178 dixisse,

2051 1200 2171 1238 eum
2196 1186 2604 1264 occideret‘Cain
2625 1188 2952 1259 :Septuplunt
2975 1192 3036 1245 de
3056 1191 3186 1247 Cain
3207 1197 3505 1264 vindicetur,
3534 1200 3597 1254 de

2052 1276 2268 1329 Lamcch
2316 1258 2485 1330 autem
2515 1258 2820 1348 septungiesr
2845 1284 3026 1349 septies
3063 1283 3210 1351 (vers.
3239 1284 3423 1354 24)?——
3438 1258 3589 1357 Resp.

2051 1365 2183 1430 Quia
2224 1367 2487 1419 homicidii
2528 1378 2800 1435 peccatum
2826 1368 2976 1440 [.lls.,
3005 1374 3228 1445 reatum]
3254 1379 3473 1445 septima
3508 1396 3594 1449 ge-

2050 1458 2318 1510 neratione
2362 1458 2555 1510 diluvio
2586 1460 2903 1513 vindicatum
2948 1477 3063 1515 esse
3100 1464 3320 1533 legitur;
3353 1470 3594 1524 adulterii

2047 1559 2173 1598 vero
2194 1547 2382 1605 scelus,
2410 1548 2545 1614 quod
2574 1549 2776 1615 primus
2803 1552 3036 1605 omnium
3060 1552 3287 1609 Lamech
3317 1558 3366 1609 in
3393 1560 3594 1612 duabus

2047 1637 2307 1688 commisit
2335 1638 2606 1699 uxoribus,
2628 1654 2730 1691 non
2762 1640 2860 1692 nisi
2888 1642 3139 1705 sanguine
3164 1644 3358 1699 Christi
3375 1645 3591 1715 expian-

2047 1727 2168 1780 dum
2195 1743 2331 1787 esse,
2373 1729 2461 1795 qui
2506 1733 2883 1797 septuagesima
2930 1742 2981 1784 et
3013 1735 3231 1797 septima
3259 1740 3591 1803 generatione

401 1813 516 1878 ejus
559 1829 660 1867 non
704 1816 1018 1882 respexisse,
1049 1825 1101 1869 et
1130 1817 1195 1870 ad
1225 1832 1441 1870 munera
1486 1817 1613 1869 Abel
1656 1821 1945 1887 respexisse
1982 1797 2020 1851 Β
2049 1817 2188 1868 venit
2216 1818 2266 1869 in
2296 1819 2563 1870 mundum.

403 1900 553 1968 (Gen.
573 1917 645 1964 iv,
661 1901 715 1970 5)
729 1903 821 1954 ?—
836 1902 987 1971 Resp.
1012 1904 1133 1971 Igne
1157 1905 1318 1958 misso
1338 1906 1402 1957 dc
1424 1906 1591 1965 coriis,
1610 1916 1665 1959 ut
1692 1909 1941 1969 creditur,

401 1995 623 2048 hostiam
668 1995 797 2049 Abel
846 1998 1091 2064 suscepit,
1142 2007 1197 2050 ut
1242 2000 1530 2069 sa‘pissitnc
1578 2002 1768 2054 factum
1812 2003 1940 2055 olli--

401 2087 636 2139 rentibus
665 2088 791 2139 viris
821 2089 1016 2141 sanctis
1042 2088 1290 2156 legimus;
1335 2091 1459 2143 Cain
1494 2108 1616 2143 vero
1643 2092 1749 2159 ipse
1778 2095 1941 2146 sacri—

398 2173 572 2226 ﬁcium
602 2189 752 2227 suum
783 2190 1089 2229 consumere
1122 2178 1239 2246 igne
1270 2179 1511 2233 debebat.

469 2262 625 2315 Inter.
658 2264 742 2317 Si.
771 2263 904 2329 Quid
927 2274 1025 2327 est,
1052 2265 1233 2336 [quod]
1263 2268 1513 2322 Dominus
1538 2271 1665 2323 dixit
1692 2272 1754 2324 azl
1777 2272 1934 2325 Cain:

400 2351 581 2405 Nonne
608 2354 651 2405 si
686 2354 805 2405 bene
834 2356 991 2421 egeris
1022 2356 1227 2423 recipies
1245 2397 1256 2417 ,
1291 2358 1367 2409 sin
1396 2369 1565 2410 autem
1588 2360 1738 2423 mule,
1768 2364 1938 2414 statim

394 2441 447 2492 in
474 2440 666 2508 {oribus
683 2453 940 2510 peccatum
967 2453 1111 2495 tuum
1135 2445 1299 2497 aderit
1322 2448 1469 2511 (vers.
1496 2448 1582 2517 '7)?
1602 2479 1670 2487 --
1700 2449 1850 2519 Resp.
1883 2452 1935 2505 ld

396 2540 495 2591 est,
546 2530 587 2582 si
632 2546 759 2598 pura
805 2542 978 2583 mente
1022 2532 1274 2586 obtulcris
1319 2535 1659 2601 sacriﬁcium,
1694 2540 1934 2607 recipies;

395 2616 704 2683 respiciente
745 2618 850 2670 Deo
885 2620 946 2670 ad
990 2627 1039 2672 te
1074 2630 1127 2671 et
1173 2622 1238 2673 ad
1281 2623 1598 2676 sacrificium
1645 2634 1822 2692 tuum;
1855 2630 1936 2682 sin

398 2716 571 2759 autem
611 2707 744 2760 male
775 2710 957 2775 egeris,
987 2710 1267 2763 intrantem
1298 2721 1347 2763 te
1378 2713 1456 2765 vel
1483 2725 1759 2769 exeuntem
1798 2733 1935 2771 scm-

393 2811 489 2861 pcr
526 2805 795 2864 peccatum
821 2806 962 2851 tuum
989 2801 1343 2865 comitabitur,
1365 2811 1416 2856 et
1452 2802 1656 2858 desinet
1686 2806 1935 2879 Dominus
1982 2822 1985 2824 ·

394 2886 658 2940 custodire
686 2888 954 2953 introitum
984 2899 1129 2945 tuum
1151 2902 1205 2946 et
1230 2896 1425 2948 exitum
1459 2905 1621 2951 tuum.

462 2973 621 3026 Inter.
651 2976 735 3030 85.
778 2977 1047 3041 Quomodo
1077 2981 1466 3060 intelligendum
1496 2984 1609 3059 [sit]
1641 2989 1732 3041 sub
1766 2999 1813 3043 te
1838 2993 1933 3043 erit

389 3065 640 3132 appetitus
686 3077 801 3119 tuus
843 3066 989 3137 [Ms.,
1027 3069 1181 3141 ejus].
1222 3083 1266 3123 et
1305 3083 1357 3125 tu
1407 3074 1749 3136 dominaberis
1790 3078 1930 3132 illius

2115 1906 2275 1959 Inter.
2306 1909 2392 1961 9.1.
2426 1908 2567 1972 l'nde
2596 1910 2766 1961 evenit
2799 1910 3003 1963 dia!.olo
3028 1912 3192 1979 prima
3220 1913 3367 1982 [Μεη
3396 1919 3587 1986 primo]

2044 1998 2181 2050 mala
2231 1998 2586 2050 voluntas?——
2615 1999 2760 2065 Rt’sp.
2788 2003 2916 2053 (Iuni
2963 2002 3129 2074 [vero]
3168 2022 3323 2057 causa
3365 2009 3585 2062 miseriae

2042 2085 2299 2139 malorum
2344 2087 2647 2154 angelorum
2688 2094 2958 2157 qua-ritur,
3008 2107 3068 2145 ca
3114 2098 3302 2148 merito
3337 2102 3584 2161 occurrit,

2039 2173 2161 2239 quia
2185 2175 2463 2229 noluerunt
2489 2177 2551 2229 ad
2580 2178 2721 2231 illum
2744 2182 3005 2234 custodire
3036 2184 3388 2260 lenitudinem
3413 2204 3579 2249 suam,

2039 2264 2127 2330 qui
2157 2274 2237 2317 est
2272 2280 2532 2319 summum
2579 2269 2795 2331 bonum,
2827 2271 2916 2339 sed
2962 2275 3130 2327 aversi
3172 2286 3290 2328 sunt
3319 2280 3384 2330 ab
3412 2279 3498 2334 illo
3524 2292 3577 2333 ct.

2038 2355 2104 2407 ad
2144 2358 2342 2424 seipsos
2388 2362 2626 2414 conversi
2672 2374 2793 2416 sunt
2830 2363 2927 2434 let]
2962 2382 3050 2418 sua
3086 2370 3302 2436 propria
3339 2371 3579 2426 delectati

2036 2452 2310 2508 potestate.
2345 2446 2404 2497 lit
2440 2447 2536 2498 iste
2565 2450 2767 2515 primus
2798 2451 3032 2506 defectus
3061 2468 3139 2507 est
3179 2466 3227 2508 et
3261 2460 3426 2525 prima
3467 2462 3580 2515 ino-

2036 2530 2119 2595 pia
2164 2533 2431 2586 rationalis
2468 2546 2741 2589 creaturze.
2790 2539 2855 2591 Et
2898 2541 2997 2593 hoc
3031 2543 3212 2596 vitium
3251 2546 3374 2613 quid
3416 2549 3575 2611 aliud.

2036 2618 2136 2671 nisi
2164 2622 2425 2688 superbia,
2460 2627 2823 2692 nuncupatur?

2104 2705 2265 2759 Inter.
2294 2710 2378 2761 94.
2402 2709 2534 2774 Quid
2555 2721 2635 2766 est
2666 2717 2895 2769 malum?
2918 2748 2983 2756 —
3007 2718 3157 2789 Resp.
3186 2722 3375 2778 Malum
3407 2712 3575 2801 [vero]

2034 2798 2164 2851 nihil
2198 2809 2279 2852 est
2330 2816 2422 2867 per
2464 2818 2539 2865 se,
2580 2805 2678 2858 nisi
2726 2808 2949 2874 privatio
2981 2812 3145 2865 boni:
3186 2816 3321 2870 sicut
3349 2821 3575 2875 tenebrze

2031 2889 2160 2943 nihil
2191 2900 2327 2953 sunt,
2353 2894 2449 2945 nisi
2480 2896 2715 2949 absentia
2742 2897 2891 2952 lucis.
3270 2976 3271 2979 η

2100 2978 2264 3033 Inter.
2293 2981 2378 3034 95.
2415 2983 2521 3035 Cur
2550 2998 2644 3051 per
2682 2995 2790 3040 tres
2830 2987 2966 3043 filios
3004 2989 3111 3045 Noe
3154 2998 3379 3050 secunda
3426 3003 3575 3070 origo

2032 3068 2208 3122 steculi
2254 3072 2483 3124 surrexit
2532 3072 2681 3142 (Gen.
2715 3074 2912 3146 vr)?—
2940 3077 3085 3140 Resp.
3135 3081 3201 3135 Ut
3246 3092 3353 3138 tres
3397 3068 3572 3155 partes

390 3169 540 3220 (vers.
569 3154 656 3223 7)?
684 3186 742 3193 ——
766 3155 915 3225 Resp.
943 3158 1018 3210 Tu
1044 3140 1161 3228 quia
1191 3161 1338 3215 liberi
1359 3179 1416 3216 es
1441 3166 1667 3227 arbitrii,
1697 3183 1801 3221 non
1832 3170 1925 3223 ha-
1954 3140 1999 3200 (ἶ
2030 3156 2211 3209 mundi
2232 3172 2263 3210 a
2291 3159 2450 3212 trium
2494 3164 2831 3231 generatione
2865 3166 3226 3235 implerentur.
3256 3172 3418 3229 Porro
3447 3176 3570 3231 Sam

390 3241 479 3295 bet
504 3231 772 3310 peccatum
796 3260 952 3313 super
977 3256 1026 3301 te
1052 3248 1361 3323 dominium,
1394 3252 1486 3306 sed
1517 3261 1568 3307 tu
1599 3269 1756 3323 super
1771 3255 1926 3321 illud;

388 3338 443 3382 et
473 3330 523 3383 in
552 3339 636 3383 tua
670 3342 928 3401 potestate
953 3345 1033 3388 est
1074 3338 1183 3389 sive
1210 3326 1572 3407 compescere,
1604 3344 1713 3397 sive
1738 3360 1930 3399 conon-

386 3417 591 3485 piscere
617 3420 760 3471 illud.

458 3505 618 3559 Inter.
645 3508 728 3561 86.
755 3508 928 3574 Quare
970 3512 1220 3568 Dominus
1258 3516 1599 3588 interrogavit
1628 3522 1755 3576 Cain
1790 3544 1800 3576 :
1830 3524 1928 3579 Ulli

384 3605 455 3646 est
485 3597 603 3648 Abel
626 3598 786 3665 frater
809 3611 925 3653 tuus
955 3601 1103 3670 (vers.
1129 3604 1215 3671 9)?
1234 3634 1303 3642 —-
1324 3605 1476 3675 Resp.
1518 3607 1629 3662 Non
1677 3619 1924 3680 tanquam

386 3688 619 3752 ignarus,
652 3688 741 3740 sed
769 3690 1190 3757 tanquamjudcx
1217 3708 1385 3755 reum,
1422 3711 1577 3763 quem
1603 3700 1802 3766 puniat.
1829 3702 1923 3756 Cui

379 3770 610 3826 Cain'ad
648 3776 911 3829 cumulum
948 3781 1149 3847 peccati
1192 3782 1271 3835 sui
1310 3781 1567 3838 fallaciter
1601 3800 1663 3841 ac
1703 3793 1925 3857 superbe

384 3864 672 3930 respondit.

453 3949 595 4028 Inter
620 3954 704 4005 87.
730 3954 999 4021 Quomodo
1023 3973 1121 4011 vox
1166 3961 1435 4028 sanguinis
1473 3963 1603 4017 Abel
1637 3966 1831 4021 clamat
1858 3970 1924 4023 ad

383 4026 659 4093 Dominum
701 4044 847 4111 (τετε.
887 4044 1092 4115 «0)2-
1116 4026 1284 4116 ηεερξ
1310 4048 1386 4119 [id
1424 4050 1524 4122 est]
1552 4053 1817 4109 homicidii
1863 4057 1922 4109 il-

382 4127 485 4182 lius
510 4137 685 4183 reatus
711 4132 760 4183 in
790 4143 1070 4202 conspectu
1100 4135 1269 4209 [justi]
1293 4137 1486 4205 judicis
1515 4146 1819 4211 apparebat.

449 4218 609 4273 Inter.
638 4222 723 4275 88.
772 4224 917 4279 Unde
952 4226 1078 4281 Cain
1118 4229 1448 4285 maledicitur
1478 4233 1527 4286 in
1555 4245 1772 4303 peccato
1801 4254 1918 4299 suo.

380 4305 458 4376 [in
479 4320 694 4376 peccato
719 4329 843 4368 vero
869 4318 994 4371 Adin
1025 4328 1163 4373 terra
1194 4323 1545 4397 maledicitur]
1577 4326 1764 4398 [Edit.,
1798 4345 1917 4385 cum

316 4460 319 4463 Α
379 4399 524 4465 prius
553 4408 689 4453 terra
738 4404 788 4456 in
830 4420 986 4473 opere
1032 4408 1156 4463 Adin
1203 4413 1273 4464 sit
1318 4414 1913 4488 maledicta]?-—Resp.

2029 3243 2080 3296 in
2108 3242 2231 3298 filiis
2271 3247 2382 3300 suis
2420 3246 2623 3313 Asiam,
2656 3250 2752 3320 let]
2790 3252 2953 3306 Cbam
2983 3256 3221 3324 Libyam,
3245 3259 3344 3331 [et]

2028 3331 2289 3404 Europam
2314 3338 2632 3404 possidebat.

2096 3425 2255 3479 Inter.
2284 3428 2371 3481 96.
2400 3429 2470 3482 De
2491 3432 2680 3495 quibus
2704 3433 2836 3486 dixit
2860 3452 2870 3485 :
2899 3433 3025 3489 Cum
3055 3441 3314 3507 ccepissent
3340 3444 3567 3498 homines

2024 3511 2353 3582 multiplicari
2399 3532 2547 3584 super
2575 3528 2763 3571 terram
2810 3530 2857 3573 et
2900 3522 3036 3589 ﬁlias
3083 3542 3449 3596 procreassent.
3482 3526 3568 3605 [Et

2024 3604 2237 3677 iterum]
2269 3608 2488 3662 videntes
2532 3608 2652 3663 Filii
2680 3612 2771 3664 Dei
2793 3614 2929 3681 ﬁlias
2958 3616 3218 3671 hominum
3248 3626 3385 3690 quod
3410 3604 3567 3694 312

2023 3704 2182 3746 essent
2208 3694 2432 3760 pulchra:
2463 3695 2611 3765 (Gen.
2639 3716 2713 3763 vi,
2744 3702 2793 3766 Ι,
2825 3703 2913 3771 2)?
2936 3735 3003 3749 -.—
3029 3705 3178 3777 Resp.
3207 3709 3368 3767 Filias
3396 3697 3565 3768 horni-

2024 3798 2168 3845 num,
2216 3785 2519 3853 progeniem
2563 3787 3003 3853 Champetlllios
3042 3796 3131 3851 Dei
3164 3801 3393 3854 sobolem
3441 3803 3566 3859 Seth

2025 3870 2172 3943 [Ms.,
2202 3872 2346 3945 Sem]
2377 3877 2636 3943 appellare
2665 3878 2939 3951 Scriptura
2979 3886 3161 3941 voluit.
3198 3889 3257 3943 lli
3287 3893 3425 3947 avita
3474 3894 3565 3949 be-

2022 3962 2318 4015 nedictione
2347 3963 2606 4033 religiosi;
2637 3968 2737 4022 illa:
2762 3980 2977 4038 paterna
3004 3978 3369 4035 maledictioue
3400 3984 3567 4052 impu-

2021 4054 2151 4117 dica:
2181 4054 2331 4125 ιλιι,
2354 4054 2426 4109 illi
2548 4060 2819 4134 impudici]
2850 4067 2977 4120 :sed
3003 4076 3275 4138 postquam
3312 4072 3401 4125 lilii
3431 4073 3558 4148 Seth

2021 4143 2173 4215 [δίδη
2205 4144 2351 4218 Sem]
2403 4153 2823 4220 concupiscentia
2868 4157 2989 4210 victi
3036 4157 3099 4212 ex
3146 4161 3350 4217 filiabus
3395 4143 3558 4219 (Ibam

2019 4234 2275 4288 connubia
2297 4234 2604 4303 junxerunt,
2626 4254 2687 4292 ex
2709 4242 2795 4295 tali
2823 4243 3187 4312 coniunctione
3210 4252 3447 4307 homines
3465 4257 3558 4308 im-

2019 4339 2198 4379 menso
2224 4342 2464 4393 corpore,
2491 4328 2690 4383 viribus
2718 4336 2947 4403 superbi,
2976 4340 3207 4394 moribus
3233 4341 3410 4413 [incon
3435 4346 3532 4417 liti]

2017 4425 2149 4478 quos
2172 4412 2445 4482 Scriptura
2478 4416 2715 4487 gigantes
2742 4425 2993 4489 nominat,
3020 4412 3280 4494 procreati
3312 4445 3451 4487 sunt.

3385 3262 3573 3330 Japhet

379 4487 508 4555 Quia
536 4489 664 4544 Cain
698 4494 892 4549 sciebat
920 4497 1301 4554 damnationem
1339 4478 1785 4571 prazvaricationis
1811 4478 1917 4577 pri-
1948 4478 1995 4535 υ

1879 4481 1917 4562 ίζ
1948 4478 1995 4535 ο
2090 4498 2249 4554 Inter.
2280 4478 2365 4556 87.
2409 4478 2559 4569 Quid
2581 4516 2678 4571 est,
2708 4511 2847 4578 quod
2888 4478 3067 4569 dixit-:7
3089 4478 3560 4589 i\:on—perniiincbit

374 4577 496 4641 ‘mae,
520 4588 575 4659 et
601 4595 703 4633 non
729 4582 899 4636 timuit
918 4586 1159 4654 originali
1182 4601 1396 4658 peccato
1422 4590 1696 4647 fratricidii
1721 4594 1913 4666 [Edit.,

379 4665 645 4722 homicidii
688 4668 711 4697 δ’
746 4672 888 4743 η’ῖῆ
917 4677 1267 4743 superaddere
1316 4680 1516 4745 scelus;
1553 4681 1670 4737 ideo
1716 4665 1915 4755 majore

378 4753 741 4809 maledictione
766 4759 953 4827 dignus
978 4764 1283 4819 habebatur.

443 4841 605 4897 Inter.
632 4844 719 4899 89.
752 4845 899 4910 Quod
923 4860 1004 4903 est
1025 4851 1229 4919 signum
1267 4854 1416 4919 Cain,
1447 4861 1583 4925 quod
1618 4862 1792 4927 posuit
1819 4860 1910 4932 [ei]

375 4931 535 4995 Deus;
565 4942 623 4986 ut
648 4950 749 4987 non
792 4938 1125 4991 occideretur
1151 4940 1298 5007 (vers.
1334 4941 1451 5012 t5)?
1469 4974 1535 4983 --
1559 4944 1710 5013 Resp.
1737 4931 1907 5014 Ipsum

374 5020 616 5075 videlicet
646 5024 871 5091 signum,
900 5027 1036 5093 quod
1062 5036 1290 5084 tremens
1333 5042 1383 5083 et
1405 5048 1647 5101 gemens,
1678 5050 1839 5105 vagus
1859 5047 1912 5092 et

374 5107 625 5177 profugus
639 5125 845 5179 semper
856 5116 1081 5181 viveret;
1126 5132 1223 5171 nec
1244 5118 1435 5175 audere
1455 5137 1574 5175 eum
1595 5126 1794 5193 uspiam
1821 5141 1909 5180 or-

375 5195 457 5249 bis
483 5205 741 5252 terrarum
772 5200 923 5255 sedes
952 5205 1146 5279 habere
1174 5206 1393 5273 quietas.
1419 5210 1482 5262 Et
1505 5210 1639 5266 forte
1666 5212 1905 5287 [idcirco]

374 5286 642 5343 civitatem
670 5290 924 5355 condidit,
949 5296 999 5348 in
1026 5312 1125 5364 qua
1150 5298 1339 5351 salvari
1367 5312 1540 5367 posset
1566 5306 1715 5370 (vers.
1746 5309 1851 5381 i7).

442 5375 605 5431 Inter.
629 5379 714 5432 90.
742 5380 849 5434 Cur
884 5383 993 5451 ipse
1032 5402 1088 5440 se
1130 5397 1297 5441 morte
1336 5389 1603 5445 damnavit
1646 5375 1909 5465 incendo:

377 5462 555 5520 Omnis
578 5470 663 5536 qui
685 5470 897 5524 inveniet
917 5489 1017 5537 me,
1039 5478 1228 5529 occidet
1254 5495 1331 5531 me
1353 5481 1499 5548 (vers.
1528 5482 1611 5553 14)
1626 5485 1649 5535 ?
1664 5514 1731 5524 —
1754 5462 1905 5558 Resp.

376 5558 705 5629 Desperando
728 5562 878 5625 dixit,
908 5567 987 5619 vel
1017 5575 1071 5618 ut
1101 5572 1408 5636 compendio
1433 5574 1616 5627 mortis
1646 5579 1908 5633 cruciatus

374 5649 617 5701 evaderet
648 5659 947 5709 prmsentes.

2018 4591 2226 4658 spiritus
2272 4608 2413 4647 meus
2457 4596 2510 4648 in
2552 4597 2752 4652 homine
2796 4602 2849 4653 in
2891 4613 3155 4666 veternum,
3184 4612 3303 4676 quia
3326 4606 3448 4663 caro
3484 4624 3557 4665 est

2019 4678 2168 4748 (Gen.
2199 4697 2275 4745 vr,
2301 4682 2391 4753 3)?
2415 4716 2480 4723 —
2504 4684 2653 4755 Resp.
2685 4688 2909 4756 Spiritus
2933 4690 3125 4767 [enim]
3146 4698 3244 4752 hoc
3268 4699 3383 4755 loco
3424 4703 3552 4756 iram

2018 4770 2309 4838 signiﬁcat,
2362 4782 2414 4827 et
2470 4790 2593 4829 caro
2645 4776 2977 4845 fragilitatem
3029 4785 3270 4843 hununne
3322 4800 3551 4855 naturas;

2018 4861 2167 4927 quasi
2197 4862 2413 4916 dixisset
2440 4881 2454 4912 ξ
2489 4862 2656 4936 [quia]
2685 4865 2884 4938 fragilis
2916 4883 2996 4927 est
3020 4876 3069 4929 in
3113 4878 3410 4933 hominibus
3431 4896 3555 4935 cou-

2017 4945 2165 5007 ditio,
2206 4962 2309 5001 non
2346 4951 2412 5003 ad
2451 4960 2675 5008 :eternos
2718 4955 2850 5032 [eos]
2883 4966 3102 5019 servabo
3139 4969 3425 5033 cruciatus,
3463 4976 3553 5028 sed

2014 5034 2137 5088 hinc
2160 5034 2307 5105 [Ms.,
2336 5040 2441 5112 hic]
2472 5046 2741 5100 restituam
2767 5050 2906 5117 quod
2940 5066 3221 5110 merentur.

2082 5122 2244 5177 Inter.
2274 5128 2359 5182 98.
2389 5129 2522 5195 Quid
2546 5132 2806 5199 signiﬁcat
2828 5140 3117 5205 praefinitus
3141 5145 3224 5201 ille
3260 5165 3507 5208 numerus
3536 5172 3549 5205 :

2014 5215 2277 5290 Erantque
2300 5223 2407 5276 dies
2438 5223 2576 5278 illius
2606 5238 2804 5283 centum
2832 5233 3008 5300 viginti
3036 5240 3160 5291 anni
3198 5238 3348 5307 [IIs.,
3388 5259 3553 5297 anno-

2013 5309 2188 5381 rum]?
2208 5342 2269 5351 —
2300 5312 2449 5383 Resp.
2481 5315 2644 5373 Datus
2684 5330 2763 5374 est
2792 5322 2877 5376 ille
2915 5339 3166 5384 numerus
3204 5333 3267 5384 ad
3294 5335 3549 5401 agendam

2012 5399 2371 5465 paenitentiam
2396 5404 2624 5461 humano
2646 5413 2852 5481 generi;
2881 5414 2975 5468 sed
3006 5399 3396 5487 contemptores
3420 5438 3548 5492 pra:-

2010 5486 2147 5539 venit
2174 5487 2429 5545 vindicta:
2447 5510 2567 5548 nam
2580 5504 2699 5565 post
2710 5510 2915 5556 centum
2931 5520 3098 5560 annos
3111 5510 3251 5561 venit
3273 5512 3543 5566 diluvium.

2080 5574 2237 5629 Inter.
2275 5579 2360 5635 99.
2389 5582 2520 5650 Quid
2543 5594 2641 5645 est,
2664 5590 2802 5659 quod
2846 5593 2983 5647 Deus
3020 5594 3149 5647 dicit
3176 5616 3186 5648 :
3217 5598 3430 5652 Ptrnitet
3470 5623 3547 5655 me

2014 5665 2190 5727 fecisse
2209 5668 2480 5725 hominem.
2507 5675 2569 5726 Et
2590 5677 2777 5732 iterum
2801 5700 2810 5731 :
2836 5682 3015 5733 Tactus
3040 5683 3211 5736 dolore
3232 5691 3398 5741 cordis
3419 5690 3519 5745 [sui
3534 5692 3543 5739 1
