4272 6198
702 356 802 415 527

1534 356 1591 409 Β.
1631 355 1693 409 1".
1733 355 1953 408 ALBINI
1993 356 2119 421 SE1."
2160 354 2429 409 ALCL'INI
2467 351 2747 411 OPERUM
2785 353 2963 408 PARS
3000 330 3066 407 ΙΙ.

3793 348 3893 403 528

704 473 1009 526 intrinsecus
1038 468 1185 539 (vers.
1214 466 1288 538 6).
1332 466 1578 535 Nunquid
1631 467 1693 520 iu'
1728 467 1892 519 Deum
1940 465 2248 535 poenitentia
2277 470 2322 526 Α
2351 446 2409 518 in
2452 480 2513 519 ea
2564 479 2681 519 esse
2714 466 3083 527 advertamus;
3133 461 3384 516 inferiora
3418 462 3581 532 .313
3627 460 3742 529 ejus
3788 461 3900 516 loca

704 570 796 615 aut
826 561 975 615 dolor
1010 558 1184 613 cordis
1219 557 1409 612 cadere
1444 557 1650 625 potest?
1668 585 1739 595 —
1761 555 1915 625 Resp.
1943 555 2057 609 Non
2083 555 2249 609 Deum

705 644 771 706 de
793 649 932 704 facto
954 664 1048 703 suo
1072 652 1310 719 ptenitet,
1336 661 1435 701 nec
1463 644 1613 717 μὴ,
1644 644 1753 717 aut]
1783 645 1924 699 dolet
1949 644 2089 698 Deus
2115 643 2253 698 sicut

705 742 882 806 homo,
909 739 993 795 cui
1027 747 1108 793 est
1134 739 1198 793 de
1222 737 1465 792 omnibus
1488 737 1646 791 rebus
1672 745 1778 790 tam
1798 742 1805 749 '
1823 735 1926 789 fixa
1971 734 2247 796 sententia,

703 842 862 904 quam
896 830 1391 901 certa-prtescientia
1416 844 1430 882 :
1456 828 1549 883 sed
1574 829 1741 881 utitur
1762 826 2031 895 Scriptura
2066 834 2249 879 sancta

704 924 915 1000 usitatis
950 922 1101 976 nobis
1140 920 1318 974 verbis
1360 917 1796 988 intelligihilibus,
1837 926 1897 969 ut
1936 921 2145 983 coaptet
2192 927 2250 966 se

704 1023 898 1071 nostra:
926 1012 1194 1083 parvitati,
1231 1017 1489 1079 quatenus
1529 1023 1590 1061 ex
1619 1006 1845 1076 cognitis
1871 1004 2135 1072 incognita
2163 1016 2251 1056 co-

702 1118 1031 1173 gnoscamus.

774 1194 935 1247 Inter.
959 1190 1077 1245 100.
1099 1190 1215 1244 Noe
1236 1190 1312 1243 vir
1328 1196 1501 1257 justus
1518 1195 1563 1240 et
1586 1187 1840 1256 perfectus
1866 1192 1976 1238 erat
2000 1183 2149 1252 (vers.
2170 1181 2249 1249 9).

705 1285 763 1338 Si
810 1282 981 1337 nullus
1028 1282 1141 1350 sine
1182 1285 1420 1347 peccato,
1458 1277 1720 1345 quomodo
1766 1274 1959 1343 aliquis
1986 1270 2253 1340 perfectus

704 1371 1050 1443 essepotest?
1069 1398 1141 1410 ——-
1161 1367 1314 1438 Resp.
1346 1365 1571 1421 Perfecti
1616 1366 1702 1419 hic
1728 1363 1919 1436 [-Edit.,
1948 1358 2093 1431 hinc]
2134 1358 2253 1430 [ali-

704 1462 816 1532 qui]
860 1462 1123 1522 dicuutur,
1164 1473 1269 1511 non
1310 1457 1448 1511 sicut
1492 1454 1797 1525 perficiendi
1826 1462 1950 1508 sunt
1988 1452 2156 1506 sancti
2198 1451 2250 1504 in

704 1554 788 1607 illa
818 1550 1231 1611 immortalitate,
1277 1564 1381 1617 qua
1411 1547 1760 1614 :equabuntur
1786 1545 1986 1614 angelis
2006 1543 2132 1605 Dei;
2160 1543 2254 1597 sed

704 1645 841 1699 sicut
859 1657 975 1697 esse
1005 1648 1228 1710 possunt
1254 1640 1307 1693 in
1336 1640 1435 1693 hac
1459 1636 1883 1707 peregrinatione
1908 1634 2148 1704 perfecti.

773 1733 931 1785 Inter.
967 1729 1083 1783 10f.
1129 1727 1265 1794 Quid
1305 1736 1406 1791 est,
1439 1724 1580 1794 quod
1627 1725 1762 1779 dixit
1805 1725 1945 1778 Deus
1988 1723 2055 1777 ad
2095 1720 2244 1775 Noe:

2356 556 2685 609 stercoribus
2724 563 2780 610 et
2809 554 3078 624 spurcitiis
3116 569 3232 607 esse
3265 554 3529 623 deputata,
3562 569 3628 607 ne
3658 551 3901 607 animalia
3966 600 3972 605 .

2352 649 2406 696 et
2454 642 2719 711 praecipue
2764 641 3003 695 homines
3035 640 3141 694 limi
3184 639 3349 694 fetore
3390 649 3727 694 vexarentur.
3772 640 3905 695 Huic

2354 741 2531 786 autem
2575 734 2819 800 superior
2864 742 2917 785 et
2968 732 3214 800 contigua
3265 748 3473 786 camera
3530 735 3907 787 conservandis

2350 821 2556 889 pabulis
2587 820 2890 874 animalium
2914 821 3272 889 deputaretur.
3304 822 3357 873 ln
3388 821 3483 873 hos
3514 835 3639 890 ergo
3669 837 3796 875 usus
3823 822 3906 875 in-

2353 909 2572 963 feriores
2614 919 2811 978 partes,
2858 925 2976 976 qua:
3006 910 3339 963 hicamerata:
3384 910 3649 974 dicuntur,
3693 913 3908 966 tradunt

2350 998 2513 1053 fuisse
2546 1000 2819 1053 distinctas
2846 1017 2857 1050 :
2887 1000 3186 1067 superiores
3221 1014 3346 1053 vero
3372 1010 3570 1068 partes,
3600 1017 3717 1071 qua:
3741 1003 3902 1056 trica-

2352 1098 2567 1142 mcratze
2593 1088 2858 1151 dicuntur,
2901 1088 2967 1140 ad
3003 1083 3361 1142 Habitaculum
3401 1091 3571 1159 primo
3615 1093 3800 1146 bestiis
3824 1092 3908 1147 vel

2351 1177 2668 1230 animalibus
2712 1177 3106 1241 immitioribus,
3145 1178 3225 1231 vel
3266 1180 3598 1247 serpentibus
3629 1182 3909 1250 deputatas

2354 1265 2538 1337 [esse].
2584 1266 2664 1318 Ah
2715 1267 2798 1319 his
2838 1283 2963 1320 vero
3008 1283 3239 1337 congrua
3288 1268 3341 1320 in
3387 1268 3749 1335 superioribus
3793 1269 3905 1323 loca

2352 1356 2650 1410 mitioribus
2688 1357 3044 1409 animantibus
3070 1397 3084 1421 ,
3142 1358 3455 1426 stabulaque
3506 1358 3669 1413 fuisse
3698 1373 3712 1411 :
3748 1373 3904 1427 supra

2350 1448 2526 1500 omnia
2557 1460 2683 1499 vero
2732 1446 2784 1498 in
2831 1447 3042 1501 excelso
3078 1432 3381 1501 hominibus
3425 1449 3601 1501 sedem
3649 1449 3903 1510 locatam;

2352 1545 2410 1590 ut
2436 1545 2557 1604 pote
2600 1536 2737 1589 sicut
2775 1536 2973 1588 honore
3018 1546 3071 1588 et
3116 1537 3372 1605 sapientia
3422 1538 3702 1598 antecedit,
3748 1538 3819 1589 ita
3850 1546 3907 1589 et

2351 1626 2468 1680 loco
2513 1635 2700 1680 cuncta
2744 1626 3068 1695 praecelleret
3115 1628 3381 1680 animalia.
3432 1628 3497 1682 Et
3546 1630 3625 1682 sic
3675 1630 3910 1698 quinque

2351 1717 2653 1771 mansiones
2700 1716 2752 1768 in
2796 1731 2858 1769 ea
2896 1730 3013 1769 esse
3046 1717 3440 1787 intelliguntur;
3477 1719 3667 1786 prima,
3709 1727 3910 1773 sterco-

708 1824 851 1877 ρίηξδ
878 1822 1124 1875 “nim-sa:
1149 1793 1317 1872 έαγηὶε
1342 1793 1472 1871 venit
1496 1816 1645 1885 (vers.
1676 1814 1795 1886 1'5)?
1816 1843 1884 1852 —
1905 1810 2059 1882 Resp.
2092 1811 2249 1882 [Uni-
2280 1793 2327 1852 Β
2352 1807 2497 1871 riua;
2526 1806 2775 1868 secunda,
2815 1806 3187 1875 apothecaria;
3231 1808 3405 1871 tertia,
3446 1809 3572 1863 feris
3622 1812 3909 1864 animanti-

706 1928 868 1967 versa:
915 1907 1112 1980 carnis]
1155 1904 1417 1978 significat
1450 1904 1686 1959 omnium
1718 1902 2033 1959 mortalium
2058 1900 2249 1972 [Είιὶι.Ἰ

705 2016 885 2056 omnes
912 1996 1208 2068 mortales],
1234 1992 1429 2065 praeter
1459 1994 1579 2049 illos
1607 1993 1697 2062 qui
1743 1993 1796 2045 iu
1843 2007 1966 2045 arca
2015 1991 2249 2045 salvandi

705 2101 875 2146 erant.
910 2091 987 2144 Illi
1015 2090 1177 2157 igitur
1202 2086 1349 2156 quasi
1380 2084 1720 2140 seminarium
1765 2081 2007 2138 secundm
2031 2080 2252 2171 originis

704 2183 896 2240 servati
927 2190 1068 2236 sunt.
1822 2226 1825 2229 .

775 2275 934 2329 Inter.
983 2271 1103 2325 102.
1151 2268 1455 2339 Ditperdam
1501 2283 1585 2322 eos
1627 2282 1742 2321 eum
1790 2274 1950 2318 terra.
1979 2259 2252 2329 Quomodo

706 2380 825 2421 cum
868 2360 1035 2423 terra,
1088 2361 1211 2415 dum
1270 2368 1409 2413 terra
1455 2367 1635 2429 postea
1698 2348 2248 2423 remansit?——Resp.

707 2453 941 2507 Tradunt
969 2447 1156 2522 [enim]
1184 2445 1427 2524 doctores
1474 2456 1630 2502 terrze
1676 2448 1909 2517 vigorem
1939 2454 1992 2500 et
2019 2444 2255 2500 fecundi-

708 2551 870 2596 tatem
917 2540 1066 2610 longe
1113 2533 1418 2593 infcriorem
1457 2551 1573 2590 esse
1610 2545 1733 2606 post
1766 2526 2040 2589 diluvium
2091 2548 2251 2604 quam

708 2640 857 2692 ante;
902 2637 956 2683 et
1008 2626 1205 2681 ideirco
1248 2625 1549 2679 hominibus
1599 2637 1810 2679 carnem
1846 2622 1998 2693 μὴ,
2040 2619 2251 2691 carnes]

709 2720 863 2774 edere
892 2716 1154 2772 licentiam
1178 2729 1293 2769 esse
1316 2715 1521 2776 datam;
1549 2721 1601 2766 et
1626 2722 1748 2767 ante
1770 2710 1974 2784 [etiam]
2001 2711 2252 2765 diluvium

712 2809 967 2863 fructibus
986 2817 1152 2863 terra:
1178 2806 1507 2860 solummodo
1537 2806 1803 2859 victitasse
1830 2803 2089 2858 homines.
2174 2790 2191 2803 “

782 2899 946 2954 Inter.
999 2884 1116 2953 103.
1168 2897 1293 2963 Quae
1336 2906 1460 2950 sunt
1499 2896 1636 2967 ligna
1684 2897 1928 2965 levigata,
1968 2895 2032 2949 de
2065 2894 2256 2963 quibus

710 3005 833 3046 arca
872 2989 1172 3059 prtecipitur
1215 2986 1325 3040 fieri
1365 2971 1514 3057 (vers.
1564 2987 1773 3056 14)?~—
1798 2987 1949 3055 Resp.
1995 2980 2173 3039 Fortia
2202 2993 2256 3036 et

714 3079 1022 3141 insolubilis,
1054 3078 1120 3133 de
1146 3078 1339 3147 quibus
1360 3077 1459 3131 alia
1487 3078 1761 3132 translatio
1796 3078 1940 3140 dicit,
1973 3076 2253 3143 quadrata,

715 3180 773 3224 ut
795 3186 916 3225 arca
946 3185 1041 3223 nec
1063 3178 1335 3223 ventorum
1365 3169 1438 3233 vi,
1484 3182 1579 3223 nec
1621 3182 1877 3237 aquarum
1916 3165 2255 3220 inundatione

716 3258 1031 3312 solveretur.
1092 3270 1095 3271 '

784 3344 945 3398 Inter.
982 3343 1095 3397 101.
1128 3343 1195 3397 Et
1231 3340 1472 3398 bitumine
1501 3343 1665 3397 finies.
1694 3344 1820 3410 Quae
1854 3351 1936 3398 est
1965 3351 2151 3397 natura
2180 3343 2258 3397 bi-

716 3438 960 3490 tuminis?
998 3465 1067 3475 —-
1110 3435 1262 3505 Resp.
1311 3435 1549 3489 Ilitumen
1595 3444 1676 3489 est
1723 3434 2164 3488 ferventissimam
2204 3443 2255 3486 ct

717 3524 1147 3581 violentissimum
1168 3524 1362 3593 gluten,
1385 3525 1533 3594 cujus
1554 3534 1635 3578 est
1659 3526 1772 3579 haec
1802 3526 1986 3587 virtus,
2018 3531 2075 3577 ut
2096 3522 2254 3591 ligna,

718 3611 859 3683 [quae
883 3629 1002 3666 cum
1022 3611 1299 3683 bitumine]
1326 3613 1547 3665 oblinita
1576 3611 1841 3683 [fuerint],
1874 3627 1973 3666 nec
1994 3612 2258 3667 vermibus

716 3702 886 3764 exedi,
930 3713 1032 3776 nec.
1055 3700 1182 3757 solis
1205 3701 1412 3765 ardore,
1438 3716 1534 3755 nec
1578 3699 1787 3756 ﬂatibus
1830 3708 2127 3764 ventorum,
2160 3715 2257 3755 nec

720 3804 973 3864 aquarum
999 3790 1203 3862 possint
1226 3791 1567 3846 inundatione
1587 3791 1822 3846 dissolvi.

782 3879 817 3931 'I
823 3891 949 3945 nter.
976 3877 1095 3951 105.
1122 3876 1338 3942 Qualem
1361 3894 1488 3949 ergo
1515 3895 1651 3935 arcte
1674 3877 1901 3949 speciem
1925 3878 2010 3933 vel
2036 3879 2257 3935 formam

722 3968 971 4020 debemus
1014 3962 1301 4036 intelligere
1331 3967 1481 4037 (vers.
1527 3967 1735 4040 15)?-——
1764 3967 1914 4038 Resp.
1946 3967 2015 4023 Ut
2054 3969 2262 4022 videtur

724 4058 905 4112 habuit
926 4066 1149 4125 quatuor
1165 4057 1382 4128 angulos
1402 4074 1468 4112 ex
1492 4058 1597 4113 imo
1617 4068 1970 4128 assurgentes,
1997 4069 2049 4114 et
2075 4061 2259 4114 iisdem

722 4146 971 4216 paulatim
1001 4162 1165 4214 usque
1193 4148 1258 4200 ad
1299 4164 1561 4202 summum
1603 4150 1657 4201 in
1697 4158 1977 4218 angustum
2019 4151 2262 4204 attractis

722 4241 775 4292 in
803 4238 1027 4305 spatium
1056 4238 1211 4291 unius
1237 4238 1406 4318 potiti
1437 4236 1532 4290 fuit
1561 4237 1776 4293 collecta
1799 4232 1948 4309 [Ms.,
1973 4248 2030 4293 ut
2056 4236 2263 4293 videtur

707 4334 951 4394 .quatuor
994 4325 1199 4393 angulis
1240 4341 1356 4379 eam
1387 4341 1448 4379 ex
1480 4326 1585 4379 imo
1614 4326 1982 4395 adsurgentem
2104 4322 2263 4382 fuisse

632 4452 635 4453 ν
725 4413 1038 4485 collectam].
1067 4413 1154 4468 Sic
1180 4412 1363 4484 [enim]
1393 4412 1619 4469 refertur
1653 4416 1789 4483 quod
1829 4416 1879 4468 in
1916 4415 2265 4471 fundamentis

728 4503 947 4556 trecenti
976 4502 1138 4555 cuiizi
1160 4487 1230 4554 lia
1273 4502 1593 4572 longitudine
1633 4513 1685 4557 et
1716 4505 1766 4556 in
1813 4504 2086 4560 latitudine
2113 4508 2266 4573 quin-

726 4591 971 4659 quaginta
994 4591 1131 4655 sint;
1163 4598 1215 4644 et
1242 4590 1294 4643 in
1337 4584 1612 4645 altitudine
1640 4592 1887 4661 triginta,
1918 4594 2009 4648 sed
2050 4594 2265 4650 collecta

707 4677 780 4729 'in
804 4692 1050 4731 cacumen
1078 4688 1390 4748 angustum,
1421 4678 1491 4731 ita
1527 4687 1581 4731 ut
1602 4681 1811 4734 cubitus
1837 4682 1905 4735 sit
1927 4681 2268 4751 longitudinis

724 4776 778 4819 et
805 4765 1116 4819 latitudinis.
1144 4768 1206 4840 Et
1234 4784 1358 4822 vere
1390 4767 1524 4831 nulla
1552 4768 1720 4838 potuit
1742 4777 1847 4821 tam
1872 4767 2189 4825 conveniens
2214 4781 2269 4826 et

726 4872 955 4927 congrua
990 4860 1125 4909 arca:
1166 4858 1364 4924 species
1407 4858 1541 4923 dari,
1572 4874 1728 4926 quam
1776 4868 1833 4912 ut
1878 4875 2085 4914 summo
2126 4845 2269 4915 vedut

733 4945 805 5017 [te]
835 4954 972 4999 tecto
998 4945 1221 5014 quodam
1255 4954 1475 5013 augusto
1497 4947 1700 5001 culmen
1728 4947 1875 5019 μη,
1902 4948 2150 5021 culmine]
2172 4950 2270 5004 dif—

728 5037 967 5089 funderet
1008 5036 1252 5089 imbrium
1288 5036 1486 5100 ruinas,
1522 5046 1575 5089 et
1609 5038 1712 5091 ima
1752 5040 1804 5092 in
1834 5042 1981 5108 aquis
2010 5044 2265 5110 quadrata

728 5124 1011 5178 stabilitate
1058 5126 1354 5201 consistens
1398 5141 1495 5181 nec
1542 5127 1767 5195 impulsu
1815 5139 2123 5197 ventorum,
2150 5152 2268 5189 nec

733 5210 929 5282 impetu
953 5211 1222 5279 fluctuum,
1250 5231 1347 5271 nec
1387 5218 1746 5288 inquietudine
1778 5223 2102 5288 animalium,
2153 5244 2267 5281 eum

730 5303 1043 5356 intrinsecus
1068 5313 1234 5365 erant,
1263 5319 1353 5359 aut
1382 5307 1624 5363 inclinari
1648 5319 1844 5378 posset,
1878 5322 1969 5365 aut
1994 5316 2178 5384 mergi.

798 5392 961 5445 Inter.
998 5390 1112 5444 106.
1144 5390 1414 5456 Quomodo
1454 5412 1571 5451 eam
1614 5398 1989 5454 bieameratam
2028 5411 2082 5455 et
2109 5404 2268 5458 trica-

731 5489 982 5533 meratam
1016 5480 1309 5551 intelligere
1331 5483 1579 5540 debemus
1600 5488 1746 5557 (vers.
1776 5488 1897 5557 16)?
1916 5521 1983 5530 —
2006 5489 2154 5562 Resp.
2190 5493 2271 5548 Bi-

732 5577 1053 5623 cameratam
1084 5570 1135 5623 iu
1159 5568 1512 5635 inferioribus,
1541 5576 1932 5631 tricameratam
1963 5595 2087 5635 vero
2108 5584 2161 5635 in
2186 5599 2272 5637 su-

734 5656 1042 5726 perioribus,
1071 5659 1138 5711 ita
1168 5670 1224 5719 ut
1250 5661 1483 5729 quinque
1506 5662 1887 5718 habitationum
1910 5666 2272 5725 distinctiones

2352 1896 2476 1959 bus;
2510 1901 2716 1963 quarta,
2743 1895 3061 1957 mansuetis;
3088 1895 3290 1962 quinta,
3320 1897 3639 1951 hominibus.
3679 1902 3686 1907 '

2423 1985 2586 2037 Inter.
2630 1985 2748 2038 107.
2777 1984 3049 2051 Quomodo
3078 1988 3141 2039 de
3167 1989 3304 2041 ostio
3324 1990 3464 2056 quod
3495 1991 3547 2042 in
3581 1990 3745 2044 latere
3771 2008 3911 2049 arca:

2350 2075 2730 2139 aedificabatur,
2772 2076 3164 2146 intelligendum
3208 2080 3423 2133 8812-
3467 2080 3619 2150 Resp.
3666 2082 3908 2138 Tradunt

2353 2163 2551 2235 [autem
2599 2165 2781 2236 etiam]
2827 2168 3040 2229 ostium,
3074 2170 3216 2235 quod
3261 2186 3323 2223 ex
3380 2170 3542 2225 latere
3570 2171 3763 2226 factum
3801 2185 3905 2236 cst,

2351 2270 2414 2309 eo
2437 2257 2535 2309 loci
2564 2255 2742 2318 fuisse,
2768 2262 2821 2308 ut
2859 2256 3128 2322 inferiora,
3152 2274 3275 2328 quas
3303 2258 3435 2314 dixit
3465 2262 3785 2318 hicamerata
3826 2263 3909 2318 in-

2354 2347 2433 2401 fra
2457 2363 2512 2401 se
2538 2348 2783 2410 haberet;
2817 2356 2869 2401 et
2901 2364 3016 2415 quae
3038 2350 3554 2427 dixit‘tricamera'ta,
3579 2356 3846 2423 superiora
3878 2372 3908 2409 a

2354 2439 2470 2492 loco
2513 2439 2633 2492 ostii
2674 2438 2931 2507 appellata
2966 2448 3105 2493 sunt.
3150 2442 3215 2494 Et
3243 2442 3363 2495 inde
3400 2444 3634 2513 ingressa
3660 2444 3908 2499 animalia

2353 2531 2618 2593 universa,
2659 2546 2754 2601 per
2782 2548 2878 2585 sua
2922 2549 3144 2602 qumque
3184 2535 3320 2599 loca,
3356 2539 3644 2590 secundum
3673 2554 3790 2606 quae
3819 2555 3909 2593 su-

2353 2634 2448 2689 pra
2474 2619 2723 2685 diximus,
2754 2636 2983 2692 eongrua
3013 2623 3329 2678 discretione
3352 2626 3600 2680 distincta
3623 2627 3775 2700 [Ms.,
3805 2629 3915 2685 dis-
3952 2611 3966 2617 ’

2354 2710 2529 2784 repta]
2565 2721 2705 2766 sunt.

2426 2802 2587 2855 Inter.
2615 2804 2733 2857 108.
2764 2794 2898 2867 Quid
2921 2798 3079 2871 habet
3114 2800 3348 2874 mysterii
3387 2820 3631 2859 mensura
3660 2806 3914 2860 arcas?—

2357 2887 2510 2961 Resp.
2558 2892 2726 2947 Habet
2769 2891 2952 2966 [enim]
2994 2898 3302 2966 mysterium
3330 2896 3624 2965 perfectum
3670 2900 3911 2966 corporis

2358 2982 2576 3035 Christi.
2612 2981 2796 3037 Sexies
2829 2980 2968 3037 enim
3000 2986 3221 3037 trecenti
3268 2985 3464 3038 habent
3488 2987 3625 3037 intra
3669 3001 3725 3039 se
3758 2986 3911 3054 quin-

2358 3062 2627 3141 quaginta,
2658 3082 2711 3126 et
2732 3074 2907 3127 decies
2935 3074 3169 3143 triginta.
3202 3074 3289 3129 Sic
3315 3077 3453 3145 enim
3478 3076 3763 3129 humanum
3793 3092 3909 3129 cor-

2358 3180 2475 3233 pus,
2523 3162 2567 3216 si
2602 3164 2867 3231 jacentcm
2917 3167 3155 3219 metiaris
3201 3166 3488 3228 hominem,
3529 3167 3703 3220 sexies
3752 3167 3910 3221 habet

2358 3254 2627 3324 longitudo
2656 3251 3008 3321 latitudinem,
3056 3265 3110 3309 et
3156 3257 3335 3310 decies
3376 3255 3729 3311 altitudinem.
3777 3258 3907 3311 Nam

2355 3346 2625 3416 longitudo
2656 3346 2881 3415 jacentis
2909 3348 3139 3401 hominis
3173 3363 3201 3401 a
3232 3349 3429 3402 vertice
3457 3364 3622 3416 usque
3648 3350 3712 3402 ad
3742 3350 3906 3403 vesti—

2354 3440 2437 3507 gia
2467 3441 2727 3494 metienda
2755 3448 2856 3503 est,
2888 3449 2943 3494 et
2975 3455 3003 3494 a
3033 3440 3196 3495 latere
3225 3457 3391 3509 usque
3429 3441 3480 3493 in
3523 3442 3679 3504 latus,
3712 3454 3765 3495 et
3791 3442 3909 3495 alti-

2358 3530 2484 3583 tudo
2517 3545 2548 3582 a
2576 3530 2735 3583 dorso
2766 3530 2820 3582 in
2852 3515 3110 3583 ventrem.
3160 3529 3287 3595 Quae
3332 3528 3497 3598 figura
3543 3540 3661 3598 apte
3700 3529 3909 3586 Christo

2358 3620 2641 3681 convenire
2682 3621 2951 3684 noscitur,
2992 3629 3209 3690 propter
3256 3604 3705 3690 longanimitatem
3733 3623 3909 3678 omnia

2357 3711 2656 3777 suﬂ'erentis
2680 3713 2801 3767 fidei
2827 3722 2882 3768 et
2909 3711 3306 3782 amplitudinem
3334 3714 3634 3776 charitatis,
3661 3722 3712 3766 et
3744 3715 3911 3767 subii-

2360 3800 2599 3854 mita'tem
2634 3802 2745 3870 spei
2772 3810 3002 3856 atteram.

2431 3890 2592 3944 Inter.
2628 3892 2746 3946 109.
2792 3893 2873 3946 Ad
2910 3894 3036 3961 quid
3078 3892 3305 3948 fenestra
3338 3894 3388 3947 in
3422 3897 3724 3948 summitate
3770 3910 3908 3949 arcte

2353 3979 2569 4048 jubetur
2598 3982 2749 4036 fieri?
2766 4012 2833 4021 —
2860 3982 3013 4054 Resp.
3044 3984 3113 4040 Ut
3137 3986 3356 4040 haberet
3382 3986 3519 4039 unde
3546 3986 3788 4041 emittere
3813 4002 3909 4056 po-

2362 4072 2547 4125 tuisset
2582 4070 2716 4142 [Al.,
2766 4072 2936 4127 emitti
2982 4072 3218 4144 possent]
3263 4088 3386 4129 aves
3425 4075 3490 4128 ad
3531 4075 3907 4143 explorandam

2363 4175 2519 4218 terrae
2549 4163 2857 4217 siccitatem.

2433 4238 2594 4304 Inter.
2629 4236 2746 4303 1'10.
2775 4252 2909 4317 Quid
2938 4254 3037 4307 sibi
3065 4253 3174 4307 vult
3198 4272 3208 4306 :
3241 4254 3354 4307 Duo
3393 4264 3440 4307 et
3482 4254 3606 4319 duo,
3635 4265 3840 4325 septena
3861 4266 3909 4309 et

2366 4350 2571 4410 septena
2612 4339 2761 4410 (Cen.
2794 4358 2886 4404 vn,
2917 4341 2991 4412 82).
3039 4343 3119 4394 An
3160 4352 3386 4411 quatuor
3418 4360 3483 4398 ex
3531 4346 3813 4401 immundis
3855 4354 3913 4401 et

2295 4466 2345 4525 Β
2368 4429 2765 4497 quatuordecim
2800 4444 2864 4483 ex
2903 4431 3111 4484 mundis
3138 4432 3450 4486 animalibus
3492 4433 3783 4503 intelligere.
3818 4434 3912 4489 de—

2367 4519 2552 4573 bemus
2580 4519 2956 4576 introducenda
2996 4522 3147 4575 esse?
3168 4551 3234 4559 —-
3260 4521 3413 4590 Resp.
3448 4522 3560 4575 Non
3594 4523 3696 4577 duo
3723 4530 3775 4576 et
3805 4524 3910 4578 duo

2364 4617 2583 4679 propter
2604 4618 2853 4678 quatuor,
2880 4612 2971 4665 sed
2999 4621 3215 4680 propter
3238 4612 3525 4665 masculum
3556 4620 3609 4665 et
3636 4612 3905 4667 feminam.

2351 4698 2497 4764 .Nam
2535 4699 2600 4752 de
2642 4700 2923 4754 immundis
2960 4702 3321 4753 tantummodo
3363 4701 3489 4763 duo,
3529 4709 3583 4754 et
3608 4700 3911 4754 de-tnundis

2295 4832 2299 4835 .
2365 4788 2695 4842 solummodo
2719 4797 2938 4858 septem.
3310 4800 3311 4807 ‘

2434 4876 2597 4931 Inter.
2651 4878 2766 4929 111.
2819 4876 2927 4931 Cur
2978 4878 3245 4933 immunda
3287 4882 3401 4949 pari
3450 4896 3667 4934 numero
3714 4884 3906 4949 posuit,

2366 4969 2559 5021 munda
2596 4982 2722 5021 vero
2760 4969 3067 5037 impari?—
3090 4970 3241 5040 Resp.
3274 4971 3343 5026 Ut
3380 4972 3600 5024 haberet
3626 4970 3735 5023 Noe
3775 4971 3911 5023 unde

2366 5058 2565 5113 hostias
2586 5058 2693 5112 Deo
2716 5058 3009 5112 immolaret
3038 5076 3102 5115 ex
3130 5062 3357 5114 mundis.

2435 5146 2599 5199 Inter.
2628 5146 2745 5200 112.
2777 5147 2925 5201 Unde
2947 5150 3246 5215 pulchriora
3269 5150 3393 5220 [Με.
3425 5151 3675 5224 plurima]
3701 5152 3910 5207 fuerunt

2368 5236 2583 5299 munda,
2624 5249 2782 5302 quam
2828 5238 3218 5293 immunda?—
3247 5239 3392 5310 Resp.
3431 5243 3651 5311 Propter
3676 5243 3908 5297 futurum

2369 5324 2595 5378 humano
2616 5326 2791 5391 generi
2823 5343 2996 5392 usum,
3027 5329 3148 5397 quia
3172 5344 3235 5382 ex
3266 5333 3471 5384 mundi.
3503 5334 3791 5385 debebatur
3817 5332 3910 5386 ho-

2369 5412 2619 5478 minibus,
2650 5423 2709 5469 ut
2730 5415 3030 5485 pulchriora
3062 5416 3208 5488 [Μι.,
3236 5419 3409 5492 plura]
3437 5430 3614 5474 essent
3649 5438 3766 5489 quae
3791 5435 3910 5491 pro-

2369 5500 2580 5556 dessent
2608 5517 2767 5572 quam
2795 5521 2912 5573 quae
2936 5515 3205 5559 nocerent.

2438 5588 2598 5645 Inter.
2632 5592 2748 5645 115.
2778 5592 2950 5657 Qumri
2980 5592 3163 5666 [enim]
3192 5596 3341 5659 solet,
3366 5604 3542 5649 utrum
3568 5599 3618 5649 in
3646 5604 3790 5650 tanta
3817 5611 3910 5653 ea-

2370 5684 2597 5750 pacitate
2619 5701 2739 5738 arca
2765 5685 3079 5740 describitur
3108 5685 3288 5757 [esse],
3320 5698 3369 5740 ut
3404 5689 3647 5741 animalia
3678 5696 3819 5741 tanta
3857 5697 3909 5744 et
