4258 6194
971 304 1371 390 exeuntes.
1410 364 1478 373 -
1514 332 1883 389 INTERROG.
1923 314 2009 384 ET
2050 294 2380 387 essen-ss.
2414 332 2480 387 IN
2518 331 2756 388 cenes.
2823 333 2970 389 ere.

3450 337 3552 393 550

368 461 459 517 tot,
486 466 607 505 cum
650 450 1027 504 mansiunculis
1062 449 1504 504 convenientibus
1542 448 1657 501 sibi
1687 454 1741 500 et
1779 445 1918 499 escis
1946 445 2196 511 A-piente
2240 445 2332 499 vel
2378 446 2510 499 Deo»
2533 446 2893 500 demonstrata
2931 444 3084 517 [ιιι.
3135 426 3549 521 demonstrante]

367 557 566 605 eurum,
607 538 744 593 ferre
788 539 1054 607 potuerit?
1077 567 1148 577 —
1177 537 1330 607 Resp.
1378 537 1527 591 Hanc
1565 536 1913 606 quaestionem

367 629 620 699 Origenes
647 627 803 683 solvit
825 628 1001 683 cubito
1031 626 1377 695 geometrico,
1407 632 1651 701 asserens
1677 625 1915 680 cubitum

366 720 741 792 geometricum
780 727 982 772 tantum
1022 717 1219 781 valere,
1260 725 1518 787 quantum
1555 715 1724 771 nostri
1750 712 1915 793 cubiti

368 825 460 865 sex
484 811 681 864 valent.
1679 824 1686 831 '

437 899 601 956 Inter.
634 898 754 953 114.
785 897 922 965 Quid
940 905 1023 951 est
1046 897 1185 965 quod
1209 896 1410 950 dictum
1430 903 1514 950 est
1537 895 1773 963 ingressa
1799 905 1924 945 esse

366 990 542 1045 omnia
566 987 810 1045 animalia
835 985 925 1059 [ad
951 984 1081 1056 Noe]
1104 985 1157 1038 in
1182 999 1362 1037 arcam
1382 981 1740 1053 (vers..9)?—
1760 978 1914 1048 Resp.

367 1080 481 1136 Non
522 1080 630 1135 Noe
657 1079 957 1146 colligente,
991 1077 1085 1132 sed
1126 1073 1234 1130 Deo
1273 1075 1512 1145 jubente.
1542 1074 1693 1129 Sicut
1720 1073 1918 1128 dictum

365 1180 448 1225 est
476 1171 527 1223 in
555 1170 727 1239 prima
752 1168 1023 1222 creatione
1046 1184 1059 1219 :
1086 1165 1313 1219 Adduxit
1337 1182 1397 1219 ea
1440 1164 1507 1217 ad
1546 1163 1733 1225 Adam,
1766 1170 1822 1215 ut
1850 1162 1922 1214 vi-

365 1261 507 1313 deret
542 1259 665 1328 quid
708 1266 908 1311 vocaret
938 1273 999 1309 ea
1034 1253 1184 1324 (Gen.
1226 1271 1287 1319 ιι,
1316 1254 1423 1321 19).
1458 1253 1549 1308 Sic
1583 1251 1762 1307 divino
1791 1259 1919 1304 nutu

365 1357 551 1403 coacta
581 1347 848 1411 animalia,
881 1356 1067 1415 sponte
1094 1344 1357 1415 praefinito
1394 1358 1613 1397 numero
1641 1341 1923 1395 veniebant

367 1438 434 1497 ad
458 1454 659 1493 arcam.
1096 1424 1107 1429 Ἀ

438 1531 600 1585 Inter.
624 1530 741 1584 115.
767 1529 901 1595 Quid
927 1532 992 1586 de
1013 1530 1245 1599 piscibus
1263 1528 1347 1584 vel
1373 1526 1762 1598 alitibus.[Ms.,
1780 1526 1923 1581 vola-

369 1620 523 1691 tilia],
560 1636 678 1689 qua:
704 1620 760 1673 in
788 1620 941 1687 aquis
978 1620 1064 1686 vel
1092 1635 1251 1688 super
1275 1635 1440 1688 aquas
1467 1619 1647 1674 vivere
1678 1625 1922 1688 possunt,

368 1710 588 1779 intelligi
630 1710 813 1772 debet;
844 1710 889 1763 si
923 1710 977 1763 in
1021 1724 1146 1763 arca
1198 1718 1395 1773 essent,
1446 1725 1513 1763 an
1551 1726 1690 1773 non;
1742 1709 1827 1765 vel
1859 1710 1925 1764 de

367 1800 693 1875 sectibilibus
713 1802 1099 1865 minutissimis,
1134 1802 1317 1870 quales
1360 1801 1527 1874 [sunt]
1555 1800 1834 1871 sciniphes
1870 1812 1924 1857 et

332 1908 335 1909 ν
368 1905 565 1944 muscae
607 1898 659 1943 et
693 1899 885 1944 caetera
928 1891 1090 1945 talia?
1112 1922 1183 1932 —-
1203 1891 1357 1961 Resp.
1403 1892 1551 1946 lianc
1579 1890 1749 1963 [vero]
1779 1908 1924 1961 (ποίεο-

369 1980 594 2032 stionem
625 1989 839 2033 sanctus
870 1973 1214 2048 Augustinus,
1240 1980 1376 2035 libro
1402 1997 1468 2033 xv
1495 1980 1749 2052 (Cap.27,
1774 1996 1919 2033 num.

366 2068 420 2136 ιι)
439 2069 511 2123 De
537 2068 761 2123 Civitate
788 2069 901 2137 Dei,
925 2070 999 2122 ita
1026 2070 1181 2124 solvit
1208 2089 1219 2123 :
1250 2090 1267 2121 ‹
1302 2071 1486 2137 Quaeri.
1504 2073 1637 2127 solet
1659 2073 1724 2126 de
1749 2072 1925 2127 minu-

371 2158 593 2211 tissimis
634 2158 891 2222 bestiolis,
943 2174 1050 2217 non
1091 2160 1273 2215 solum.
1297 2162 1482 2229 quales
1506 2170 1847 2216 sunt'mures
1870 2169 1924 2215 et

369 2246 658 2310 stelliones,
708 2262 893 2307 verum
934 2248 1096 2314 etiam
1135 2248 1319 2318 quales
1367 2248 1600 2313 locustae,
1648 2250 1922 2312 scarabtei,

372 2350 569 2395 muscae
598 2337 824 2405 denique
854 2346 909 2391 et
939 2338 1161 2407 puliccs,
1195 2346 1373 2393 utrum
1410 2354 1516 2393 non
1556 2338 1799 2407 ampliori
1828 2354 1925 2391 nu-

369 2439 517 2488 mero
544 2426 593 2479 in
620 2442 743 2481 arca
767 2427 852 2481 illa
876 2425 1090 2493 fuerint,
1120 2444 1276 2497 quam
1305 2430 1395 2498 qui
1423 2439 1505 2483 est
1532 2429 1777 2483 deﬁnitus
1803 2445 1923 2483 cum

370 2516 475 2572 hoc
502 2518 787 2587 imperaret
813 2518 969 2573 Deus.
998 2518 1152 2573 Prius
1171 2520 1487 2575 admonendi
1514 2529 1639 2573 sunt
1658 2534 1791 2589 quos
1813 2521 1925 2573 bmc

371 2618 602 2669 movent,
658 2610 735 2662 sic
782 2609 1146 2678 accipiendum
1192 2611 1333 2679 quod
1364 2609 1564 2665 dictum
1613 2621 1696 2664 est
1738 2626 1751 2663 :
1796 2609 1925 2674 Quae

371 2708 571 2767 reptant
598 2698 747 2769 [Ms.,
781 2699 991 2769 repunt]
1033 2716 1187 2769 super
1223 2710 1411 2752 terram
1435 2700 1590 2768 (Gen.
1620 2716 1691 2760 vr,
1720 2699 1837 2768 20);
1869 2708 1927 2753 ut

370 2799 587 2839 necesse
630 2802 734 2839 non
770 2786 928 2841 fuerit
965 2789 1265 2842 conservari
1303 2788 1355 2841 in
1385 2804 1527 2849 arca,
1558 2803 1676 2855 qua:
1707 2799 1927 2856 possunt

370 2875 423 2927 in
450 2875 601 2942 aquis
623 2876 818 2940 vivere,
849 2892 956 2931 non
980 2876 1139 2948 315.
1156 2878 1324 2931 solum
1348 2892 1541 2941 mersa,
1571 2878 1709 2933 sicut
1728 2879 1922 2948 pisces,

367 2980 553 3017 verum
578 2966 735 3019 etiam
758 2969 1152 3037 supernatantia
1179 2970 1315 3022 sicut
1333 2967 1511 3023 multm
1529 2968 1713 3027 alites.
1728 2968 1925 3023 Deinde

367 3070 489 3109 cum
519 3054 730 3119 dicitur,
760 3056 1023 3112 Masculus
1050 3068 1096 3111 et
1120 3059 1555 3131 [eminalerunt],
1582 3060 1818 3129 profecto
1845 3062 1925 3115 in-

372 3145 625 3214 telligitur
666 3148 729 3199 ad
772 3148 1124 3216 reparandum
1150 3148 1403 3220 [sexum].
1428 3150 1558 3216 Quis
1602 3167 1706 3205 non
1748 3153 1939 3221 videat.

372 3248 627 3304 quantum
666 3224 946 3308 [adkgcnus
985 3237 1176 3306 (Edit.,
1204 3250 1459 3309 quantum
1487 3258 1652 3313 genus
1680 3245 1783 3299 dici
1828 3260 1927 3314 per

371 3328 472 3387 hoc
516 3336 705 3397 potest.
751 3330 878 3403 Nec)
927 3332 1120 3385 dicitur
1163 3334 1431 3401 pertinere
1484 3336 1653 3407 (Apud
1698 3336 1756 3391 S.
1790 3339 1941 3407 Aug.

372 3419 411 3477 ι.
435 3421 653 3475 cit.:ad
692 3424 1043 3490 reparandum
1083 3440 1251 3494 genus
1292 3427 1416 3489 dici,
1446 3443 1507 3481 ac
1544 3444 1639 3497 per
1684 3428 1836 3499 hoc);
1865 3445 1939 3485 ac-

324 3551 328 3555 .
371 3524 469 3577 per
497 3511 597 3563 hoc
638 3510 755 3581 nec]
797 3510 885 3564 illa
922 3527 1137 3567 necesse
1167 3512 1337 3567 luerat
1375 3517 1449 3571 ibi
1473 3532 1610 3581 esse,
1643 3533 1759 3585 quae
1799 3534 1926 3586 pos-

373 3607 498 3652 sunt
541 3599 656 3652 sine
696 3601 976 3655 concubitu
1024 3603 1088 3657 de
1122 3604 1419 3673 quibusque
1452 3608 1613 3660 rebus
1641 3607 1722 3661 vel
1751 3623 1942 3661 rerum

374 3690 804 3758 corruptionibus
828 3693 1004 3757 nasci;
1033 3693 1116 3749 vel
1139 3694 1183 3747 si
1209 3693 1420 3747 fuerunt
1445 3695 1582 3765 sicut
1610 3696 1662 3748 in
1684 3697 1929 3750 domibus

375 3792 765 3839 consueverunt
810 3799 957 3852 esse,
999 3784 1113 3840 sine
1149 3788 1257 3839 ullo
1288 3803 1505 3842 numero
1551 3784 1769 3843 definito
1814 3806 1939 3845 esse

374 3874 626 3940 potuisse.
656 3873 758 3925 Aut
796 3873 840 3925 si
867 3874 1175 3943 mysterium
1202 3878 1619 3932 sacratissimum
1646 3872 1783 3948 quod
1810 3896 1932 3949 age-

375 3963 550 4026 batur,
576 3971 626 4015 et
653 3970 811 4015 tanta:
847 3964 926 4016 rei
958 3962 1125 4032 ﬁgura
1152 3968 1327 4032 etiam
1356 3969 1581 4024 veritate
1609 3970 1736 4026 facti
1780 3974 1941 4029 aliter

376 4068 481 4107 non
519 4062 699 4122 posset
737 4054 959 4122 impleri,
994 4058 1109 4111 nisi.
1131 4066 1191 4111 ut
1209 4060 1388 4113 omnia
1420 4061 1492 4114 ibi
1520 4072 1668 4117 certo
1712 4065 1802 4120 illo
1832 4083 1930 4119 nu-

377 4151 754 4208 mero‘essent,
784 4160 900 4213 quae
924 4146 1102 4204 vivere
1130 4148 1183 4200 in
1210 4149 1383 4217 aquis,
1414 4150 1553 4209 illius
1583 4160 1773 4208 natura
1813 4171 1937 4222 pro—

376 4232 613 4299 bibente,
643 4249 745 4288 non
782 4244 1018 4303 possent,
1035 4226 1151 4292 ‘non
1180 4236 1281 4292 fuit
1304 4240 1402 4294 ista
1432 4255 1557 4296 cura
1588 4243 1728 4298 illius
1766 4245 1935 4298 homi—

377 4325 462 4383 nis
491 4326 571 4381 vel
599 4327 809 4382 illorum
845 4329 1139 4395 hominum,
1168 4333 1259 4387 sed
1302 4333 1500 4391 divina.
1527 4335 1641 4391 Non
1681 4338 1823 4392 enim
1869 4342 1953 4391 ea'

2010 547 2130 600 qua
2152 533 2332 586 talium
2366 548 2576 603 quoque
2619 534 2965 589 animantium
3002 533 3553 603 escis.convenirent;

2011 624 2151 691 quod
2178 624 2345 693 magis
2371 622 2621 678 credibile
2649 633 2751 677 est.

2044 774 2055 783 .
2082 710 2246 765 Inter.
2276 710 2394 766 118.
2424 710 2500 765 De
2522 711 2713 780 quibus
2740 713 3096 767 animantibus
3123 714 3315 768 dictum
3341 720 3421 769 est
3451 728 3467 767 :
3491 710 3559 769 In

2012 799 2196 868 quibus
2239 808 2348 853 erat
2395 800 2603 869 spiritus
2646 802 2760 854 vitta
2796 801 2955 874 [(vers.
3004 802 3211 871 l5)?-—-
3239 801 3391 871 Resp.
3443 800 3558 856 Non

1982 886 1985 887 ⁷
2014 888 2191 944 solum
2212 889 2289 944 ’de
2314 889 2637 954 hominibus,
2669 890 2761 945 sed
2788 892 2946 945 etiam
2978 892 3042 946 de
3061 892 3267 947 caeteris
3295 892 3555 957 omnibus,

2015 993 2133 1047 quae
2158 979 2303 1032 vitali
2326 994 2454 1032 aura
2482 988 2786 1035 vescuntur.

2085 1067 2248 1121 Inter.
2276 1068 2395 1122 119.
2421 1066 2477 1121 Si
2503 1062 2688 1139 [enim]
2716 1084 2851 1138 aqua
2881 1069 3204 1141 [Olympum]
3235 1069 3561 1125 transcendit

2017 1157 2319 1226 quindecim
2343 1157 2553 1222 cubitis,
2590 1157 2739 1227 cujus
2766 1158 2988 1211 altitudo
3022 1159 3161 1212 hunc
3182 1173 3359 1213 aerem
3384 1158 3565 1211 turbu-

2018 1246 2238 1311 lentum,
2266 1255 2329 1300 ut
2354 1246 2541 1309 fertur,
2567 1245 2915 1311 transcendit,
2952 1245 3041 1300 ubi
3069 1246 3261 1301 dicitur
3280 1261 3379 1301 nec
3399 1248 3565 1300 nubes

2016 1338 2206 1403 videri,
2235 1354 2335 1393 nec
2370 1346 2557 1392 ventos
2596 1339 2813 1409 sentiri?
2836 1338 3087 1408 -—,Resp.
3123 1338 3183 1394 Si
3207 1338 3393 1411 [enim]
3422 1347 3564 1395 terra

2018 1428 2244 1497 spatium
2272 1427 2413 1482 illius
2438 1427 2708 1497 tranquilli
2729 1429 2943 1484 atheris
2973 1430 3222 1485 invadere
3253 1430 3447 1499 potuit,
3471 1445 3568 1486 cur

2017 1534 2125 1572 non
2152 1526 2206 1572 et
2246 1534 2380 1588 aqua
2407 1519 2724 1574 crescendo?
2754 1519 2887 1573 Sunt
2919 1529 3096 1575 tamen
3122 1522 3333 1591 quidam
3357 1524 3445 1592 qui
3472 1538 3581 1593 pus,

2019 1615 2135 1661 tant
2170 1623 2268 1661 nec
2291 1617 2445 1663 terrae
2472 1608 2879 1677 inaequalitatem
2908 1610 3063 1663 talem
3093 1609 3275 1681 [esse],
3304 1627 3399 1667 nec
3422 1627 3569 1666 mon-

2023 1698 2155 1751 tium
2182 1697 2512 1752 altitudinem
2553 1705 2754 1752 tantam
2799 1706 2923 1753 ante
2958 1699 3209 1753 diluvium
3241 1698 3402 1754 fuisse
3436 1701 3571 1755 sicut

1955 1768 2002 1829 Β
2025 1804 2167 1843 nunc
2185 1796 2285 1843 εει.

2092 1877 2254 1933 Inter.
2285 1878 2405 1935 120.
2433 1878 2569 1949 Quid
2595 1880 2658 1934 de
2686 1894 2814 1950 pace
2852 1887 2907 1935 et
2936 1880 3240 1946 concordia,
3268 1887 3321 1934 et
3348 1879 3487 1933 unde
3515 1894 3573 1933 se

2022 1969 2249 2022 invicem
2295 1984 2398 2023 non
2432 1969 2761 2024 debellarent
2789 1970 2981 2024 diversi
3016 1970 3223 2039 generis
3258 1969 3568 2032 animantia,

2021 2058 2353 2111 sentiendum
2381 2059 2499 2113 est?
2519 2089 2589 2098 -—
2611 2058 2765 2128 Resp.
2796 2058 2942 2113 Sicut
2972 2058 3171 2130 [enim],
3189 2060 3279 2112 Dei
3311 2066 3439 2113 nutu
3477 2059 3572 2111 ad-

2021 2148 2353 2202 ducebantur
2378 2148 2431 2200 in
2452 2163 2655 2209 arcani,
2682 2150 2751 2201 ita
2776 2157 2829 2202 et
2856 2149 2944 2201 Dei
2974 2158 3101 2201 nutu
3127 2148 3575 2204 conservabantur

2023 2238 2075 2290 in
2119 2253 2261 2291 arca.
2310 2237 2432 2291 Sive
2461 2238 2600 2292 enim
2646 2239 3023 2293 mansiuneulis
3061 2240 3349 2293 secundum
3380 2252 3572 2307 genera

2023 2343 2119 2381 sua
2138 2319 2523 2391 dividcr’entur,
2547 2324 2657 2381 sive
2671 2327 2893 2395 junctim
2918 2335 3213 2391 manerent,
3237 2328 3329 2383 Dei
3352 2326 3572 2399 [tamen]

2023 2418 2259 2486 potentia
2293 2418 2427 2485 gubc
2436 2420 2757 2479 ruabautur.
3578 2418 3581 2419 ⁷

2095 2507 2255 2561 Inter.
2292 2510 2405 2561 12L
2447 2510 2581 2575 Quid
2626 2510 2691 2563 de
2723 2520 2847 2579 potu
2890 2511 3198 2570 animalium
3242 2511 3573 2567 sentiendum

2024 2607 2127 2663 est,
2158 2600 2221 2652 dc
2248 2615 2350 2666 quo
2382 2599 2512 2653 nihil
2538 2601 2662 2653 dicit
2687 2600 2999 2673 Scriptura?
3022 2632 3090 2643 ——-
3112 2601 3265 2671 Resp.
3289 2602 3423 2655 Sunt
3446 2600 3577 2672 [qui-

2027 2690 2170 2760 dam]
2197 2691 2286 2759 qui
2314 2699 2503 2760 putant
2530 2692 2684 2745 unius
2710 2692 3021 2745 diei-escam
3040 2692 3111 2745 .in
3141 2706 3264 2746 arca
3291 2691 3372 2746 vel
3396 2699 3576 2759 potum

2026 2782 2078 2839 in
2128 2782 2321 2833 multos
2357 2782 2619 2849 profuisse
2653 2782 2764 2834 «lies
2813 2783 3189 2843 animantibus,
3221 2780 3303 2834 vel
3351 2779 3571 2833 forsitan

2025 2869 2078 2922 in
2119 2876 2285 2922 totum
2315 2885 2531 2922 annum.
2565 2869 2667 2922 Sed
2696 2870 3024 2922 dimittamus
3055 2869 3285 2923 incertas
3308 2867 3573 2935 conjectu-

2024 2972 2112 3011 ras
2140 2966 2192 3011 ct
2218 2958 2567 3012 concedamus
2596 2958 2785 3011 divina:
2827 2958 3074 3027 potentia:
3112 2958 3287 3012 facere
3327 2958 3389 3013 de
3425 2973 3578 3013 crea-

2030 3050 2165 3104 turis
2190 3050 2301 3104 suis
2324 3048 2463 3121 quod
2496 3048 2676 3101 voluit.

2100 3160 2263 3213 Inter.
2308 3160 2427 3213 122.
2474 3158 2741 3227 Quaeritur
2780 3160 2869 3213 ubi
2914 3175 3103 3213 corvus
3148 3159 3485 3228 requieverit,
3534 3159 3579 3213 si

2028 3246 2272 3300 columba
2305 3262 2408 3300 non
2452 3248 2651 3303 invenit
2675 3248 2761 3301 ubi
2788 3248 3180 3317 requiesceret?
3202 3278 3272 3288 -—
3298 3247 3449 3318 Resp.
3481 3247 3582 3302 Po-

2030 3338 2130 3392 tuit
2171 3353 2363 3392 corvus
2398 3338 2643 3392 cadaveri
2686 3339 2962 3406 cujuslibet
3005 3340 3290 3394 animantis
3331 3340 3576 3401 insidere,

2031 3427 2171 3493 quod
2199 3426 2441 3480 columba
2472 3429 2779 3482 nattu'aliter
2802 3428 3014 3498 refugit.

2102 3515 2265 3567 Inter.
2288 3516 2405 3569 125.
2424 3516 2596 3580 Quare
2618 3519 2786 3587 magis
2812 3527 3019 3572 terrena
3042 3520 3287 3574 animalia
3311 3521 3581 3590 perierunt

2030 3619 2148 3656 cum
2181 3604 2392 3656 homine
2430 3619 2588 3672 quam
2619 3607 2867 3673 aquatilia
2883 3607 3123 3676 ?—Rt’sp.
3164 3608 3386 3675 Propter
3414 3610 3571 3662 malc-

2031 3692 2312 3745 dictionem
2350 3701 2525 3755 terrm,
2542 3693 2607 3747 de
2634 3710 2734 3761 qua
2764 3698 3110 3750 vescebantur
3137 3697 3383 3751 animalia
3404 3707 3577 3757 terrm.

2102 3780 2260 3835 Inter.
2294 3782 2407 3835 121.
2437 3782 2574 3848 Quid
2607 3785 2671 3839 de
2700 3786 3015 3841 animalibus
3054 3786 3238 3840 sentiri
3265 3788 3421 3842 debet
3445 3804 3581 3857 quu-

2033 3888 2148 3925 rum
2178 3881 2366 3926 natura
2391 3888 2488 3928 nec
2519 3890 2726 3943 semper
2752 3876 2802 3929 in
2828 3876 3004 3939 aridis,
3039 3892 3134 3930 nec
3166 3891 3375 3944 semper
3404 3878 3455 3930 in
3483 3879 3583 3933 hu—

2033 3963 2191 4017 midis
2216 3964 2396 4019 vivere
2420 3973 2614 4035 potest,
2644 3966 2779 4019 sicut
2818 3976 2939 4019 sunt
2974 3966 3096 4018 lutri
3122 3964 3219 4037 [et]
3247 3966 3397 4019 vituli
3415 3968 3586 4022 Amari—

2033 4054 2108 4113 ui,
2139 4060 2191 4105 et
2215 4054 2379 4106 multa
2406 4054 2582 4107 avium
2609 4070 2821 4123 genera,
2853 4071 2969 4122 quae
2998 4056 3050 4107 in
3089 4056 3241 4124 aquis
3269 4056 3467 4110 victum
3500 4072 3585 4110 re-

2032 4144 2271 4212 quirunt,
2296 4146 2386 4197 sed
2418 4147 2469 4197 in
2499 4146 2664 4199 aridis
2691 4147 2959 4200 dormiunt
2988 4147 3276 4219 [nutriunt]
3301 4158 3355 4204 et
3380 4151 3585 4217 requie-

2033 4234 2306 4287 scunt?——
2332 4234 2481 4304 Resp.
2512 4236 2691 4291 Potuit
2715 4236 2901 4310 [enim]
2930 4240 3099 4295 virtus
3126 4240 3300 4295 divina
3329 4244 3584 4295 utramvis

2032 4338 2215 4379 eorum
2258 4337 2524 4393 naturam,
2572 4329 2739 4384 donec
2783 4330 3034 4385 diluvium
3084 4332 3350 4396 transiret,
3382 4340 3583 4400 tempe-

380 4416 491 4473 Noe
519 4410 730 4488 capiens
757 4420 1159 4486 intromittebat,
1189 4424 1279 4478 sed
1310 4425 1572 4482 venientia
1596 4438 1651 4482 ει
1680 4428 1930 4484 inn-auria
1962 4452 2012 4511 Β
2034 4434 2174 4483 rare,
2204 4410 2262 4473 ut
2296 4428 2388 4474 aut
2418 4422 2469 4474 in
2497 4421 2714 4475 humido
2747 4429 2967 4482 tantum,
3000 4422 3171 4487 autin
3198 4421 3581 4477 arido.tantum

336 4529 351 4538 -
378 4508 734 4572 permittebat.
760 4509 837 4561 Ad
874 4510 972 4563 hoc
997 4512 1139 4563 enim
1162 4513 1302 4566 valet
1330 4518 1467 4581 quod
1501 4516 1699 4571 dictum
1725 4528 1827 4581 est,
1854 4522 1935 4574 in-

380 4599 587 4650 trabunt
632 4601 699 4651 ad
723 4608 785 4661 te,
829 4602 1031 4657 scilicet
1066 4620 1169 4659 non
1204 4605 1257 4659 in
1287 4606 1516 4662 hominis
1542 4617 1681 4669 actu.
1724 4604 1817 4667 sed
1842 4614 1934 4669 Dei

383 4683 532 4755 μη,
560 4686 759 4759 divino]
790 4696 935 4743 nutu.
969 4711 987 4741 ι
1072 4686 1077 4690 ’

455 4774 615 4867 Inter.
655 4779 764 4831 116.
800 4780 1071 4846 Quomodo
1104 4784 1289 4859 [enim]
1322 4782 1932 4861 posteaquamclausum

380 4873 463 4919 est
500 4868 691 4919 ostium
718 4878 771 4921 ct
807 4872 980 4927 nullus
1010 4875 1281 4933 hominum
1315 4889 1465 4938 extra
1492 4897 1669 4937 arcam
1700 4883 1817 4948 fuit,
1854 4886 1935 4938 in-

382 4957 521 5012 cludi
567 4966 621 5011 et
665 4960 981 5021 bituminari,
1018 4969 1348 5024 extrinsecus
1392 4973 1584 5025 ostium
1640 4972 1932 5044 potuit?—

384 5049 535 5121 Resp.
582 5050 693 5105 Hoc
736 5053 847 5107 sine
885 5054 1044 5109 dubio
1072 5058 1234 5112 divini
1278 5058 1430 5131 [.lfs.,
1482 5063 1673 5117 divinae
1719 5067 1932 5121 virtutis

383 5141 537 5213 opus]
568 5146 743 5213 operis
769 5145 883 5210 fuit,
908 5162 975 5201 ne
1002 5148 1400 5217 ingrederentur
1423 5169 1571 5221 aqum
1593 5170 1688 5223 per
1708 5158 1924 5220 aditum,

384 5234 523 5300 quod
550 5233 952 5310 [Forte,,quem]
975 5241 1203 5294 humana
1230 5256 1333 5295 non
1361 5244 1622 5298 munierat
1652 5261 1855 5301 manus.

455 5322 617 5377 Inter.
648 5326 767 5379 117.
793 5328 1067 5393 Quomodo
1096 5332 1299 5388 Leones
1344 5333 1397 5387 in
1426 5350 1550 5389 arca
1596 5337 1679 5391 vel
1717 5338 1926 5406 aquilae,

2035 4512 2213 4565 vivere
2236 4521 2451 4579 possent
2477 4530 2489 4564 :
2517 4513 2616 4565 nisi
2641 4512 2777 4565 forte
2808 4520 2956 4565 extra
2983 4528 3161 4572 arcam
3197 4513 3249 4566 in
3275 4514 3450 4583 aliqua
3472 4515 3587 4582 ejus

2032 4603 2341 4671 parteloca
2380 4603 2483 4656 illis
2515 4611 2811 4673 praeparata
2848 4605 3225 4668 essenthunde
3253 4614 3307 4659 et
3349 4606 3403 4660 in
3432 4610 3586 4677 aquis

2032 4691 2207 4743 vivere
2240 4697 2294 4744 et
2320 4691 2373 4743 in
2399 4691 2563 4746 aridis
2598 4692 2929 4760 requiescere
2953 4693 3263 4762 potuissent.

2098 4800 2256 4871 315
2282 4801 2443 4857 Inter.
2476 4802 2595 4857 125.
2643 4805 2717 4858 De
2758 4805 3085 4875 quospiritu
3136 4808 3306 4862 dixit:
3352 4810 3582 4863 Adduxit

2030 4891 2166 4945 Deus
2188 4890 2444 4961 Spiritum
2471 4904 2518 4947 et
2552 4895 2833 4949 imminuta:
2856 4905 2972 4950 sunt
3000 4914 3147 4967 aqua:
3170 4896 3318 4967 (Gen.
3346 4913 3461 4959 vni,
3488 4898 3536 4966 1)
3561 4899 3584 4949 ?

2030 5011 2096 5021 --
2123 4979 2275 5050 Resp.
2318 4981 2459 5037 Bene
2488 4982 2674 5055 [enim]
2700 4984 2764 5038 de
2794 4984 2891 5039 illo
2912 4986 3101 5055 Spiritu
3132 4985 3353 5053 intelligi
3382 4993 3577 5053 potest,

2029 5072 2094 5125 de
2126 5088 2232 5140 quo
2258 5074 2456 5129 dictum
2483 5064 2601 5128 est:
2634 5074 2859 5145 Spiritus
2881 5077 3089 5130 Domini
3117 5075 3264 5146 [Ms.,
3294 5075 3407 5148 Dei]
3449 5078 3581 5146 fere-

2030 5161 2179 5214 batur
2200 5180 2352 5232 ευριπ
2378 5181 2536 5230 aquas
2575 5163 2723 5235 (Gen.
2754 5181 2790 5229 ι,
2818 5165 2893 5237 2).
2934 5166 3083 5219 Tunc
3105 5165 3246 5219 enim
3290 5165 3575 5233 ferebatur,

2028 5260 2085 5303 ut
2110 5254 2439 5323 congregatis
2463 5254 2614 5320 aquis
2634 5253 2689 5306 in
2717 5268 2869 5309 suum
2895 5253 3067 5307 locum
3099 5261 3242 5308 terra
3266 5266 3574 5325 appareret:

2029 5356 2170 5395 nunc
2220 5349 2393 5396 autem
2447 5342 2703 5395 adductus
2753 5340 2967 5404 dicitur,
3016 5350 3074 5396 ut
3127 5345 3369 5399 ablatise
3400 5346 3575 5401 medio

386 5413 477 5505 qui
504 5426 824 5505 consuerunt
850 5421 1099 5477 carnibus
1126 5423 1322 5486 vivere,
1352 5424 1496 5491 pasci
1524 5427 1843 5492 potuerunt?
1863 5458 1930 5468 —-
2028 5431 2181 5499 aquis
2212 5430 2390 5485 diluvii
2421 5427 2607 5483 faciem
2649 5438 2805 5485 terra:
2842 5432 3121 5488 revelaret.
3174 5436 3350 5489 Potest
3375 5443 3427 5489 et
3465 5438 3576 5505 spi-

388 5498 539 5570 Resp.
574 5502 733 5557 Forte
760 5513 811 5557 et
836 5506 941 5565 alia
976 5509 1221 5565 animalia
1258 5509 1471 5582 [praeter
1496 5527 1772 5568 numerum
1800 5515 1928 5571 defi—

390 5590 577 5663 nitum]
625 5604 840 5663 propter
882 5597 1104 5654 aliorum
1148 5616 1343 5663 escam.
1395 5602 1447 5658 in
1496 5618 1673 5658 arcam
1720 5608 1930 5662 luerunt

392 5681 579 5745 missa;
620 5683 699 5737 vel
728 5685 899 5755 aliqua
945 5688 1142 5743 cibaria
1171 5698 1364 5756 praeter
1406 5707 1593 5746 carnes
1630 5710 1658 5746 a
1702 5694 1816 5749 viro
1846 5713 1927 5751 sa-

2028 5520 2163 5574 ritus
2188 5518 2398 5573 nomine
2437 5526 2624 5575 ventus
2654 5520 2877 5592 intelligi
2898 5520 3053 5590 juxta
3083 5526 3208 5581 illud
3240 5526 3571 5582 Psalmistaa:

2030 5606 2140 5680 [Et]
2183 5608 2318 5660 stetit
2357 5607 2566 5676 spiritus
2612 5609 2847 5677 procellas
2893 5612 3059 5683 (Psal.
3112 5629 3216 5675 cvi,
3272 5613 3380 5681 25),
3431 5617 3583 5682 cujus

2030 5696 2231 5753 crebris
2257 5694 2467 5751 ﬂatibus
2492 5711 2627 5765 aqua
2658 5709 2937 5769 cogeretur
2968 5700 3226 5755 recedere.
