4258 6208
657 320 751 373 551

1488 319 1545 371 u.
1585 319 1647 371 ιθ.
1688 318 1906 371 Αιιιιχι
1944 315 2073 371 seu
2112 314 2380 372 unum
2415 315 2693 373 Ol‘EltUM
2732 320 2907 377 rans
2941 323 2999 377 ιι.

3746 323 3847 378 ἱδΞ

726 432 885 486 Inter.
916 431 1035 484 126.
1079 428 1194 496 Quo
1234 429 1418 501 [enim]
1450 445 1674 485 reversae
1702 439 1825 485 sunt
1868 444 2038 497 aquae,
2075 423 2198 509 dum
2226 430 2277 489 Α
2306 428 2546 485 videlicet
2572 430 2718 498 facti,
2742 444 2797 493 et
2818 433 3034 491 alterius
3057 438 3300 503 faciendi,
3333 440 3383 494 id
3410 449 3509 505 est,
3548 442 3672 508 quia
3696 456 3848 494 mun-

653 523 845 578 dicitur
870 541 881 576 :
931 521 1160 575 Reversis
1184 531 1300 575 sunt
1337 538 1481 591 aqua:
1506 522 1568 574 de
1605 530 1763 585 terra,
1793 530 1967 574 euntes
1991 529 2037 572 et
2068 535 2201 572 rece-

652 614 825 666 dentes
850 610 1001 683 [Ms.,
1029 608 1328 679 redeuntes]
1366 608 1512 679 (Gen.
1558 624 1673 671 \‘lll,
1696 609 1786 679 3)?
1811 639 1878 648 —-
1906 607 2058 676 Resp.
2104 607 2197 661 Υἱ-

654 703 806 754 detur
838 700 987 769 juxta
1026 699 1252 753 litteram
1282 698 1419 764 ιιιωά
1462 713 1644 752 omnes
1667 697 1943 751 fluviorum
1974 712 2035 750 ac
2060 694 2200 748 rivo-

654 809 769 846 rum
804 775 1053 846 decursus
1079 807 1172 860 per
1196 790 1428 843 occultas
1460 800 1611 865 terrm
1650 803 1808 841 venas
1831 788 1895 840 ad
1924 787 2196 839 matricem

653 885 897 951 abyssum
928 881 1163 942 redeant,
1199 878 1350 948 juxta
1378 879 1504 933 illud
1543 878 1877 932 Salomonis:
1927 876 2004 929 Ad
2030 875 2197 931 locum

651 972 785 1023 unde
830 980 1010 1022 eruunt
1057 970 1271 1028 [lumina
1321 977 1656 1031 revertuntur,
1702 975 1753 1018 ut
1804 967 1986 1018 iterum
2031 965 2196 1033 [luant

652 1060 844 1127 (Eri-Ie.
880 1075 915 1119 ι,
945 1059 1017 1128 7).

718 1148 879 1200 Inter.
918 1147 1029 1200 1:27.
1053 1147 1158 1200 Cur
1178 1146 1593 1215 quadragenario
1612 1159 1835 1197 munero
1853 1144 2024 1213 pluvia
2047 1159 2196 1197 inun-

649 1240 827 1300 «iabat,
854 1246 907 1291 et
950 1238 1139 1291 iterum
1185 1244 1303 1305 post
1343 1234 1691 1303 quadraginta
1736 1226 1847 1287 dies
1875 1232 2066 1285 dicitur
2089 1230 2220 1284 Noe.

648 1334 934 1383 fenestram
962 1327 1142 1399 [arae]
1172 1327 1439 1397 aperuisse
1477 1326 1625 1395 (vers.
1652 1324 1740 1395 6)?
1762 1355 1830 1364 -—
1861 1323 2013 1393 Resp.
2058 1323 2196 1389 Qua-

649 1418 991 1485 dragenarius
1016 1414 1185 1487 [vero]
1216 1430 1469 1469 numerus
1511 1414 1900 1468 tribulationem
1938 1413 2196 1480 pmniten-

649 1509 735 1560 ti;e
763 1509 1007 1561 ostendit.
1054 1506 1204 1573 Quod
1230 1521 1355 1560 vero
1383 1514 1503 1575 post
1527 1505 1874 1574 quadraginta
1902 1505 2013 1558 dies
2051 1503 2196 1557 fene-

649 1609 811 1650 stram
844 1597 1024 1669 [arcte]
1070 1597 1276 1667 aperuit
1309 1596 1443 1659 Noe,
1480 1595 1739 1665 significat
1777 1593 1977 1662 jejunio
2003 1593 2198 1648 ccelum

649 1688 897 1741 reserari.
939 1688 1057 1741 Ideo
1092 1688 1298 1759 Moyses
1337 1696 1391 1741 et
1417 1687 1579 1749 Elias,
1624 1684 1829 1757 [etiam]
1869 1692 1924 1739 et
1950 1684 2057 1753 ipse
2080 1682 2196 1738 Sal-

2298 516 2397 570 dus
2431 516 2616 584 judicii
2648 521 2769 590 igne
2796 525 3146 592 cremabitur,
3170 521 3336 598 [nam]
3367 542 3502 596 aqua
3531 528 3713 583 diluvtt
3740 544 3843 582 non

2300 607 2526 662 delebitu
2534 625 2575 661 r.

2368 696 2526 752 Inter.
2570 701 2685 755 156.
2723 702 2803 756 An
2848 703 3036 773 pluvia:
3081 715 3201 758 ante
3243 706 3496 760 diluvium
3534 710 3846 762 essent?—

2302 783 2450 852 Rcsp.
2480 785 2698 842 Videtur
2730 804 2833 843 non
2860 807 3001 851 esse,
3025 792 3145 860 quia
3180 808 3335 846 arcus
3374 810 3478 847 non
3504 805 3617 848 erat
3655 797 3753 849 nisi
3780 811 3846 850 ex

2260 877 2267 885 '
2300 873 2461 927 radiis
2489 875 2693 932 solisct
2718 878 2928 932 humida
2973 884 3128 935 nube.
3176 882 3355 937 Potest
3396 895 3571 938 autem
3612 888 3846 949 lieri,-ut

2296 977 2359 1016 ex
2406 967 2541 1020 roris
2582 976 2637 1020 et
2680 967 2899 1022 fo:.titun
2943 969 3106 1043 [sicut
3155 973 3206 1026 in
3243 972 3494 1045 .‘Egyptoj
3544 976 3847 1044 irrigatione

2298 1063 2439 1107 terra
2467 1054 2855 1112 l‘ecundaretur.

2364 1145 2524 1216 316
2547 1145 2705 1200 Inter.
2730 1149 2839 1203 157.
2858 1150 2980 1204 Post
3003 1152 3254 1207 diluvium
3276 1169 3439 1224 quare
3452 1154 3722 1222 virjustus
3741 1154 3850 1209 Noe

2298 1238 2588 1293 inebriatus
2625 1255 2740 1293 esse
2786 1241 2976 1313 legitur
3020 1241 3171 1313 [.lIs.,
3204 1245 3339 1298 Ante
3387 1246 3639 1299 diluvium
3685 1260 3849 1313 quare

2296 1325 2406 1380 Noe
2449 1328 2529 1380 vir
2566 1326 2741 1394 justus
2785 1306 3071 1385 incoi'iatus
3114 1349 3232 1387 esse
3275 1350 3377 1387 non
3424 1334 3658 1405 legitur.]
3696 1332 3847 1403 (Gen.

2298 1432 2370 1477 tv,
2400 1416 2526 1484 21)?
2548 1448 2616 1455 —
2639 1415 2790 1486 Resp.
2820 1419 2998 1483 Forte,
3026 1431 3083 1473 ut
3110 1422 3294 1475 beatus
3322 1422 3671 1491 Hieronymus
3700 1423 3848 1485 dicit,

2297 1506 2416 1559 vino
2444 1506 2693 1560 inebriari
2735 1522 2889 1575 posse
2930 1510 3215 1563 nesciebat.
3267 1508 3375 1564 Nec
3402 1511 3542 1564 enim
3571 1520 3693 1564 ante
3717 1512 3849 1563 dilu-

2295 1594 2436 1648 vium
2464 1584 2678 1661 legitur,
2707 1597 2827 1652 vino
2868 1598 3110 1654 homines
3151 1615 3293 1654 usos.
3337 1600 3458 1655 ideo
3488 1603 3553 1656 de
3596 1601 3705 1655 Noe
3735 1609 3857 1670 spe-'

2295 1686 2503 1740 cialiter
2527 1686 2722 1742 dicitur
2745 1708 2758 1741 :
2789 1689 3049 1745 Plantavit
3077 1691 3292 1764 [autem]
3322 1693 3433 1748 Noe
3459 1695 3675 1748 vineam.

648 1789 801 1832 valor
842 1780 1258 1849 quadragenario
1296 1793 1516 1832 numero
1552 1776 1750 1845 jejunia
1800 1781 2200 1838 consecrarunt,
2232 1756 2279 1815 Β
2370 1772 2534 1827 Inter.
2564 1777 2681 1831 158.
2710 1777 2817 1831 Cur
2841 1779 3057 1833 nudatio
3090 1779 3352 1835 femorum
3382 1792 3501 1850 post
3539 1783 3849 1836 ebrietatem

648 1882 901 1940 tanquam
931 1871 1099 1926 trihus
1122 1872 1446 1950 temporibus
1487 1870 1805 1933 necessaria,
1849 1876 1971 1922 ante
2010 1867 2204 1939 legem,

647 1964 743 2016 sub
774 1962 906 2030 lege,
934 1962 1032 2041 sub
1057 1962 1246 2031 gratia.

716 2051 861 2105 Inter
890 2051 1006 2105 128.
1049 2051 1223 2116 Quare
1260 2051 1501 2105 columba
1544 2065 1747 2103 ramum
1791 2048 1942 2102 oliva:
1970 2056 2203 2117 reportat

2301 1872 2477 1916 secuta
2504 1866 2710 1918 est?—
2747 1864 2897 1943 Resp.
2948 1867 3080 1936 Quia
3127 1872 3318 1940 saepius
3358 1872 3653 1926 satietatem
3691 1873 3852 1927 libido

2300 1951 2658 2021 subsequitur.

2367 2043 2529 2097 Inter.
2558 2044 2677 2100 159.
2722 2046 2829 2101 Cur
2861 2048 3027 2103 Cham
3068 2052 3121 2105 in
3167 2053 3393 2120 posteris
3439 2053 3855 2108 maledicehatur

646 2142 799 2206 (rers.
828 2141 949 2211 ll)?
966 2172 1035 2180 -
1056 2140 1209 2211 Resp.
1235 2140 1486 2195 Columba
1518 2140 1746 2211 Spiritus
1768 2142 1958 2205 sancti,
1983 2140 2206 2208 expulso
2302 2133 2452 2201 (vers.
2485 2134 2610 2205 25)?
2633 2166 2700 2174 —
2726 2135 2876 2207 Resp.
2927 2138 3058 2205 Quia
3101 2142 3439 2209 peccantibus
3476 2151 3529 2195 et
3555 2157 3658 2195 non
3684 2144 3854 2211 paeni-

646 2232 769 2285 alite
820 2233 1113 2296 teterrimo,
1165 2232 1229 2284 ad
1278 2231 1387 2286 Noe
1436 2240 1557 2302 post
1600 2233 1876 2296 diluvium,
1930 2232 2088 2300 quasi
2135 2232 2203 2285 ad
2301 2225 2532 2280 tentibus
2559 2226 2735 2281 futura
2772 2229 3009 2282 imminet
3036 2245 3211 2298 paena.
3260 2230 3409 2301 Stepe
3435 2232 3646 2299 quidem
3676 2246 3855 2299 repro-

646 2321 914 2375 Cbristum
959 2330 1076 2391 post
1114 2322 1433 2390 baptismum
1472 2321 1698 2385 devolat,
1740 2330 1792 2374 rt
1830 2337 2006 2376 ramos
2048 2320 2202 2392 μη,
2276 2314 2486 2371 Ἰλοηιω
2514 2318 2763 2387 nequitia
2788 2320 2873 2373 hic
2903 2319 3159 2392 [quidem]
3206 2323 3384 2378 inulta:
3411 2322 3715 2392 proficiunt,
3762 2319 3855 2376 sed

653 2426 821 2474 ramo,
854 2414 1017 2464 ontitt.
1050 2410 1288 2482 portans]
1321 2409 1620 2465 refectionis
1644 2427 1706 2465 ac
1730 2410 1942 2467 luminis
1961 2420 2201 2481 portans,

649 2520 835 2579 pacem
862 2504 976 2557 orbi
1006 2502 1299 2556 annuntiat.

723 2598 889 2650 Inter.
915 2594 1032 2650 1‘39.
1081 2592 1137 2647 Si
1182 2594 1318 2647 Deus
1342 2593 1516 2646 omnia
1554 2592 1751 2647 fecerat
1773 2593 1931 2657 bona,
1959 2601 2013 2646 et
2039 2593 2200 2646 etiam

648 2689 802 2743 valde
822 2689 957 2741 bona
979 2685 1128 2755 (Cen.
1154 2686 1220 2752 ι),
1240 2684 1365 2753 quid
1389 2691 1470 2737 est
1489 2683 1628 2753 quod
1649 2684 1841 2737 munda
1864 2690 1917 2737 et
1934 2684 2201 2737 immunda

648 2776 939 2833 nominavit
966 2774 1248 2827 animalia-z
1281 2773 1519 2842 nunquid
1543 2772 1867 2825 immundum
1895 2772 2091 2826 bonum
2121 2785 2203 2825 es-

647 2884 708 2923 se
734 2878 905 2939 potest
926 2866 949 2919 ?
970 2896 1040 2908 --
1068 2864 1220 2949 Rfsp.
1250 2864 1423 2917 Etiam
1460 2864 1601 2932 quod
1628 2864 1954 2917 immundum
1989 2864 2200 2926 dicitur,

650 2964 705 3017 in
735 2977 828 3016 sua
864 2969 1049 3014 natura
1087 2960 1281 3013 bonum
1325 2965 1441 3010 est:
1492 2957 1556 3010 ad
1599 2956 2048 3025 comparationem
2078 2970 2204 3009 vero

650 3051 872 3105 alterius
900 3058 1100 3103 natura:
1128 3046 1360 3102 melioris
1389 3048 1538 3116 quasi
1566 3047 1891 3100 immundum
1936 3056 2167 3117 putatur.

725 3138 889 3191 Inter.
934 3137 1050 3190 150.
1089 3135 1196 3190 Cur
1239 3136 1337 3189 bos
1383 3135 1569 3188 melior
1614 3143 1695 3187 est
1744 3133 2023 3187 leone?——
2052 3132 2204 3203 Resp.

652 3227 786 3295 Quia
816 3226 929 3294 ejus
950 3234 1136 3279 natura
1167 3224 1354 3278 melius
1376 3223 1621 3279 convenit
1659 3223 1886 3278 hominis
1904 3208 2212 3279 necessitati

655 3317 958 3378 subvenire,
1010 3323 1223 3384 propter
1266 3328 1424 3383 quem
1474 3321 1649 3366 creata
1698 3321 1821 3366 sunt
1872 3313 2051 3367 omnia
2098 3314 2212 3365 ani-

660 3407 837 3461 malia.

725 3499 887 3553 Inter.
922 3498 1041 3553 151.
1069 3498 1174 3553 Cur
1202 3496 1400 3569 [enim]
1430 3498 1589 3551 homo
1616 3496 1668 3551 in
1708 3504 1970 3551 terrorem
2005 3495 2213 3551 czeteris

658 3589 1017 3644 animantibus
1061 3587 1264 3656 positus
1309 3594 1390 3640 est
1423 3583 1572 3656 (Gen.
1614 3602 1691 3650 ix,
1724 3586 1916 3656 2)?——
1948 3585 2100 3654 Resp.
2154 3584 2211 3638 In

657 3681 906 3737 solatium
946 3687 1229 3735 transacta:
1272 3679 1537 3743 vindicuc,
1563 3687 1615 3734 et
1644 3694 1710 3734 ne
1738 3680 1889 3749 pauci
1916 3679 2157 3735 homines
2182 3694 2210 3733 a

653 3771 893 3839 pluribus
921 3771 1345 3839 opprimerentur
1381 3770 1600 3841 bestiis;
1646 3776 1699 3823 et
1726 3779 1784 3824 ut
1829 3770 2028 3824 scirent
2062 3784 2119 3823 se
2144 3770 2214 3823 ir-

656 3861 1057 3916 rationabilibus
1098 3859 1357 3913 dominari
1403 3860 1614 3924 debere,
1654 3875 1758 3914 non
1790 3860 2212 3917 rationabilibus.

658 3951 808 4006 Unde
841 3959 894 4005 et
919 3950 1075 4020 primi
1104 3960 1279 4019 patres
1306 3949 1475 4004 nostri
1506 3959 1746 4019 pastores
1788 3963 2063 4020 pecorum,
2106 3965 2213 4004 non

658 4058 811 4112 reges
838 4043 1111 4097 hominum
1142 4040 1303 4097 fuisse
1335 4042 1593 4112 leguntur.

732 4132 898 4185 Inter.
928 4132 1046 4187 159..
1098 4131 1205 4187 Cur
1235 4148 1357 4186 esus
1401 4134 1641 4186 carnium
1679 4144 1797 4203 post
1838 4131 2095 4185 diluvium
2120 4131 2215 4185 ho-

657 4224 788 4280 mini
816 4223 1124 4278 conceditur
1146 4230 1200 4276 et
1236 4238 1341 4275 non
1369 4230 1491 4275 ante
1513 4222 1663 4292 (vers.
1692 4222 1781 4291 3)?
1799 4253 1865 4262 —
1893 4221 2045 4290 Resp.
2086 4223 2214 4276 Pro-

658 4324 776 4385 pter
802 4313 1233 4369 infecunditatem
1265 4320 1442 4375 terim,
1484 4320 1542 4365 ut
1567 4314 1881 4377 :estimatur,
1907 4320 1961 4367 et
1986 4313 2215 4367 hominis

660 4405 1019 4475 fragilitatem.

2300 2407 2355 2463 in
2390 2418 2676 2477 posterum
2725 2410 3007 2467 feriuntur.
3058 2412 3430 2482 Prophetatum
3473 2415 3666 2484 quippe
3703 2412 3853 2487 [Ms.,

2300 2501 2530 2574 quoque]
2563 2512 2659 2563 est,
2699 2505 2835 2571 quod
2861 2513 3055 2558 terram
3087 2504 3359 2571 Chanaan,
3395 2505 3577 2573 ejectis
3609 2505 3773 2577 [inde]
3804 2514 3855 2557 et

2301 2590 2574 2646 debellatis
2598 2591 2908 2647 Chanaan-is
2928 2596 3195 2663 accepturi
3226 2595 3397 2649 forent
3438 2596 3527 2649 filii
3558 2596 3733 2656 lsracl,
3765 2598 3854 2663 qui

2300 2682 2541 2735 venirent
2565 2682 2629 2735 de
2659 2683 2869 2737 semine,
2897 2683 3019 2739 Sem
3046 2684 3195 2753 (Gen.
3226 2685 3298 2749 v).

2374 2771 2536 2826 Inter.
2566 2772 2685 2826 HO.
2736 2773 2902 2839 Quem
2927 2775 3192 2829 hominem
3219 2776 3329 2828 vult
3369 2776 3585 2829 fratrem
3617 2775 3854 2844 intelligi,

2304 2867 2427 2920 dum
2449 2866 2643 2927 dicitur
2668 2884 2679 2918 :
2724 2864 3038 2935 Sanguinem
3085 2869 3302 2923 hominis
3332 2871 3584 2939 requiram
3613 2872 3674 2922 de
3700 2887 3855 2923 manu

2306 2953 2485 3022 fratris
2512 2955 2592 3007 sui
2612 2952 2764 3023 (Cen.
2796 2955 2997 3025 v1)?—-
3030 2956 3175 3025 Resp.
3221 2954 3441 3010 Omnem
3474 2958 3738 3011 hominem
3766 2974 3854 3011 vo-

2309 3043 2405 3098 luit
2432 3042 2581 3115 [Ms.,
2607 3042 2739 3115 vult]
2786 3044 3003 3099 fratrem
3050 3047 3291 3116 intelligi,
3320 3050 3621 3106 secundum
3666 3064 3858 3118 cogna-

2311 3134 2505 3190 tionem
2533 3150 2594 3189 ex
2624 3151 2729 3189 uno
2760 3137 2991 3191 ductam.

2380 3224 2543 3278 Inter.
2574 3225 2692 3278 141.
2746 3225 3017 3291 Quomodo
3064 3228 3263 3281 divisus
3302 3238 3382 3281 est
3422 3228 3567 3281 orbis
3604 3245 3632 3282 a
3660 3227 3783 3282 (iliis
3807 3237 3859 3283 et

2312 3314 2591 3383 nepotibus
2616 3313 2725 3367 Noe
2744 3316 2766 3367 ?
2786 3345 2855 3353 —
2886 3313 3038 3375 Resp.
3068 3314 3212 3374 Sem.
3242 3326 3296 3367 ut
3320 3317 3632 3376 mstimatur,
3656 3317 3858 3379 Asiam,

2310 3403 2478 3458 Cham
2502 3402 2755 3467 Africam,
2788 3402 2883 3476 [et]
2905 3402 3095 3472 Japhct
3122 3404 3389 3473 Europam,
3408 3405 3624 3458 sortitus
3650 3414 3751 3458 est.

2382 3493 2545 3549 Inter.
2570 3495 2687 3548 142.
2715 3494 2852 3560 Quot
2871 3506 3051 3563 gentes
3072 3495 3260 3565 singuli
3283 3512 3463 3549 eorum
3486 3497 3862 3565 procrearunt?

2311 3582 2554 3654 --Resp.
2605 3585 2679 3637 De
2722 3582 2911 3653 Japhet
2956 3586 3065 3639 nati
3116 3595 3237 3638 sunt
3284 3585 3374 3638 filii
3425 3587 3746 3654 quindecim,
3783 3586 3861 3640 .dc

2311 3672 2475 3727 Cham
2506 3673 2719 3745 triginta
2747 3671 2897 3745 [Ms.,
2926 3672 3222 3745 xxvvi],.de
3248 3672 3371 3727 Sem
3402 3675 3583 3743 viginti
3621 3682 3820 3743 septem
3845 3688 3857 3724 :

2313 3763 2470 3818 simul
2514 3764 2841 3833 septuaginta
2866 3764 2988 3826 duo,
3018 3764 3083 3818 de
3126 3765 3321 3833 quibus
3364 3774 3493 3818 orae
3531 3774 3654 3818 sunt
3680 3773 3861 3835 gentes

2314 3852 2645 3920 septuaginta
2695 3852 2831 3916 dum,
2882 3852 3019 3905 inter
3047 3867 3180 3921 quas
3231 3852 3375 3906 misit
3414 3853 3667 3909 Dominus
3698 3854 3859 3909 disci~

2312 3942 2466 4013 pulos
2488 3944 2817 4013 septuaginta
2854 3944 3004 3997 duos.
3051 3998 3055 4001 .

2383 4035 2542 4090 Inter.
2575 4037 2691 4091 “5.
2728 4036 2834 4092 Cur
2863 4036 3060 4091 dictum
3091 4046 3206 4091 est:
3259 4037 3449 4090 Dilatet
3492 4035 3625 4090 Deus
3654 4036 3856 4107 Iapltet,

2313 4139 2361 4184 et
2385 4129 2573 4184 habitet
2604 4130 2657 4182 in
2679 4129 3021 4183 tabernaculis
3046 4129 3165 4184 Sent
3193 4128 3341 4200 (Gen.
3370 4145 3446 4195 ix,
3471 4129 3597 4197 27)?
3618 4159 3688 4168 —
3711 4129 3858 4197 Resp.

2314 4220 2389 4273 De
2410 4217 2534 4272 Sem
2565 4217 2787 4281 Hebraei,
2811 4219 2875 4272 de
2894 4217 3082 4287 Japhet
3104 4220 3328 4287 populus
3348 4219 3580 4287 gentium
3603 4220 3858 4273 nascitur.

2315 4308 2448 4375 Quia
2476 4309 2635 4375 igitur
2672 4307 2777 4360 lata
2802 4315 2883 4361 est
2923 4307 3203 4361 multitudo
3248 4308 3597 4372 credentium,
3629 4322 3657 4359 a
3686 4306 3865 4361 latitu-

2242 4420 2297 4480 ι)
2319 4402 2438 4456 dine
2468 4400 2655 4473 [Edit.,
2686 4397 3005 4470 altitudine],
3037 4412 3155 4467 qua:
3194 4398 3381 4469 Japhet
3406 4400 3616 4463 dicitur,
3644 4398 3864 4454 latitudo

735 4493 898 4549 Inter.
932 4494 1049 4547 155.
1077 4492 1186 4548 Cur
1209 4508 1366 4547 arcus
1388 4493 1439 4546 in
1475 4494 1681 4563 signum
1725 4494 2025 4548 securitatis
2063 4494 2219 4548 datur
2318 4505 2509 4544 nomen
2545 4488 2765 4558 accepit.
2819 4486 2967 4553 Quod
3008 4488 3238 4552 additur,
3290 4486 3496 4541 Habitet
3536 4490 3589 4541 in
3633 4488 3866 4540 taberna-

666 4590 817 4655 (vers.
856 4584 1080 4655 15)⁴ἶ-
1108 4582 1262 4653 Resp.
1306 4581 1439 4648 Quia
1485 4584 1749 4652 pnescivit
1788 4594 1996 4639 creator
2040 4584 2224 4639 formi-

2321 4576 2449 4631 culis
2483 4576 2622 4640 Sent,
2665 4576 2729 4630 de
2756 4575 2910 4629 nobis
2957 4575 3317 4644 prophetatur,
3361 4575 3451 4643 qui
3480 4575 3532 4628 in
3572 4574 3867 4631 eruditione

668 4677 869 4731 dabiles
908 4675 1203 4747 [hominum
1247 4674 1471 4747 animos]
1517 4690 1583 4728 ne
1635 4676 1824 4730 iterum
1854 4677 2051 4731 diluvio
2085 4677 2225 4732 dele-
2322 4668 2554 4722 δέξειῑὶἱὲ
2579 4667 2992 4735 δοτὶβῐυΐπυῐην
3020 4665 3189 4733 eiecto
3214 4663 3426 4725 Ιεηὶθιθν
3453 4679 3735 4717 versam“?-

668 4777 874 4833 rentur,
904 4768 1029 4821 dum
1070 4767 1262 4833 smpius
1307 4766 1673 4820 inundationes
1709 4766 2007 4835 pluviarum
2037 4783 2222 4823 eerne—

667 4868 804 4915 rent.

2392 4777 2552 4832 Inter.
2582 4778 2699 4831 144.
2746 4776 2882 4842 Quid
2924 4784 3007 4830 est
3047 4774 3186 4844 quod
3224 4776 3415 4830 dicitur
3448 4774 3499 4828 in
3526 4774 3718 4829 Genesi
3747 4791 3758 4826 :
3793 4772 3867 4826 De

2323 4880 2459 4923 terra
2506 4868 2597 4921 illa
2618 4868 2769 4920 exivit
2798 4865 2949 4935 [Ms.,
2992 4881 3234 4935 egressus
3275 4866 3377 4937 est]
3421 4868 3599 4929 Assur,
3625 4875 3672 4919 et
3707 4864 3871 4930 aediﬁ-

740 4951 903 5004 Ῑηῑεν-
936 4951 1055 5004 154·
1097 4948 1204 5003 cur
1245 4947 1383 5003 idem
1429 4948 1636 5017 signum
1680 4950 1977 5004 securitatis
2012 4949 2062 5002 in
2092 4950 2228 5005 CfBlO
2324 4960 2454 5013 cavit
2472 4958 2690 5013 Niniven
2713 4967 2758 5010 et
2785 4956 3009 5011 Robootlt
3033 4958 3284 5011 civitatem
3312 4956 3551 5028 [Vulgata
3578 4976 3589 5009 :
3615 4967 3659 5009 et
3679 4956 3871 5025 plateas

673 5041 903 5108 positum
948 5039 1162 5095 est?——
1193 5038 1345 5107 Resp.
1400 5037 1468 5093 Ut
1512 5038 1578 5091 ab
1624 5040 1869 5094 omnibus
1902 5040 2091 5108 inspici
2135 5055 2229 5110 po-
2325 5046 2564 5118 eivitatis]
2613 5044 2762 5117 (Gen.
2797 5062 2851 5111 χ,
2891 5046 3101 5117 ll)?——
3134 5046 3280 5116 Resp.
3318 5045 3431 5099 Non
3458 5047 3585 5099 duas
3612 5044 3873 5115 signiﬁcat
3941 5081 3945 5085 ρ

676 5136 899 5197 luisset;
932 5143 984 5187 et
1014 5141 1071 5187 ut
1091 5146 1185 5203 pro
1210 5147 1523 5201 quacunque
1544 5132 1881 5186 tribulatione
1904 5135 2084 5189 oculos
2111 5150 2229 5188 cor-
2328 5139 2586 5192 civitates.
2620 5136 2846 5189 Robooth
2868 5151 3094 5205 namque
3116 5137 3284 5206 platea
3316 5134 3527 5188 dicitur.
3556 5136 3642 5189 Est
3699 5144 3873 5191 autem

676 5226 759 5279 dis
790 5227 859 5278 ad
887 5240 1005 5278 eum
1034 5226 1337 5279 attollamus
1360 5224 1450 5293 qui
1488 5225 1692 5278 habitat
1719 5226 1770 5278 in
1799 5226 1968 5279 caelis.

749 5314 910 5365 Inter.
940 5312 1057 5367 155.
1102 5313 1209 5367 Cur
1249 5314 1455 5384 signum
1497 5313 1621 5367 illud
1645 5314 1837 5368 diversi
1865 5313 2057 5367 coloris
2076 5314 2232 5367 datur

682 5402 1111 5454 hominibus?-—
1145 5401 1295 5471 Resp.
1344 5402 1567 5470 Propter
1600 5403 1937 5456 securitatem
1979 5411 2032 5457 et
2075 5403 2230 5457 timo-

684 5509 795 5545 rem
813 5505 826 5542 :
852 5494 987 5545 unde
1008 5504 1056 5546 et
1082 5493 1134 5546 in
1161 5508 1286 5547 areu
1311 5495 1448 5548 idem
1469 5493 1615 5547 color
1635 5508 1784 5561 aqua:
1803 5503 1857 5547 et
1877 5496 2011 5564 ignis
2029 5494 2230 5565 [simul]

2328 5241 2555 5279 sensus:
2604 5225 2691 5277 hic
2728 5223 3011 5279 :ediiieavit
3038 5224 3261 5278 Niniven
3304 5232 3357 5278 et
3394 5223 3596 5294 plateas
3628 5226 3873 5280 civitatis.

2398 5314 2560 5367 Inter.
2592 5311 2710 5368 145.
2760 5311 3041 5383 Quomodo
3074 5313 3319 5367 Νεωνοεὴ
3357 5315 3499 5384 gigas
3543 5324 3752 5367 venator
3795 5329 3865 5366 ro-

2332 5408 2505 5456 bustus
2550 5412 2730 5456 contra
2771 5402 3048 5457 Dominum
3097 5402 3290 5457 dicitur
3336 5400 3485 5475 (Gen.
3519 5418 3575 5465 x,
3603 5403 3659 5467 8,
3686 5402 3866 5471 9)?—

2337 5493 2486 5561 Resp.
2530 5493 2588 5547 Id
2628 5502 2731 5561 est,
2781 5494 3051 5548 hominum
3103 5500 3433 5549 terrenorum
3483 5507 3793 5563 suppressor
3826 5497 3875 5543 et

684 5581 1003 5646 ostenditur,
1047 5585 1169 5652 quia
1196 5599 1263 5638 ex
1308 5592 1457 5651 parte
1495 5593 1577 5638 est
1614 5583 1873 5639 cmruleus
1907 5593 1963 5638 et
1992 5600 2054 5639 ex
2084 5596 2235 5656 parte
2334 5584 2643 5639 exstinctor.
2687 5584 2937 5655 Erigebat
2958 5598 3086 5653 ergo
3113 5598 3231 5637 cum
3280 5585 3390 5638 suis
3429 5582 3637 5653 populis
3679 5591 3876 5635 turrem

690 5668 1026 5723 rubicundus.
1076 5672 1211 5743 Ergo
1249 5673 1523 5739 utriusque
1548 5671 1731 5740 judicii
1758 5674 1908 5729 testis
1947 5682 2029 5729 est
2080 5677 2235 5729 unius

2335 5682 2518 5729 contra
2542 5674 2845 5738 Dominum,
2877 5674 2927 5727 in
2952 5688 3053 5741 qua
3083 5682 3165 5728 est
3193 5675 3350 5743 impia
3381 5673 3673 5743 significata
3697 5687 3876 5740 supcr-
