4258 6194
359 359 463 416 533

953 306 1364 402 exeuntes.
1393 376 1463 388 --
1493 343 1857 401 lNTERROG.
1888 344 1983 399 'ET
2020 344 2347 402 nssmus.
2389 346 2456 400 IN
2491 345 2753 407 cenes,
2794 345 2943 400 mc.

358 470 463 524 hia.
497 464 778 539 [Quoniam
818 461 1110 516 dominatio
1153 456 1463 529 imperantis
1509 454 1563 509 in
1609 453 1783 523 lingua
1809 460 1913 517 est,
1942 467 1989 525 Α
2016 454 2167 509 cendi
2194 428 2377 510 modos
2400 464 2455 509 et
2478 454 2677 510 formas
2714 456 2768 509 in
2790 454 3013 509 diversis
3053 454 3379 523 loquelarum
3406 453 3557 528 [λιι.

359 560 428 613 ibi
480 567 562 613 est
587 555 855 612 dominata
882 548 1153 623 superbia]
1186 560 1245 604 ut
1270 564 1375 604 non
1411 547 1794 617 intelligeretur
1828 544 1916 613 ju—

357 651 485 703 ben's
509 646 734 709 homini,
761 643 851 714 qui
896 642 1067 698 noluit
1109 640 1401 710 intelligere
1437 648 1497 695 ut
1537 636 1777 693 obediret
1807 636 1915 691 Deo

348 738 574 806 jubenti.
621 735 714 791 Sic
737 735 823 789 illa
866 729 1160 800 coniuratio
1187 730 1440 786 dissoluta
1483 737 1586 791 est,
1616 743 1736 784 cum
1765 728 1914 797 quis-

353 842 456 895 que
482 826 549 880 ab
576 840 639 880 eo
678 839 836 895 quem
876 837 979 878 non
1026 820 1373 890 intelligebat,
1421 819 1771 882 abscederet;
1818 832 1916 871 nec

354 932 431 983 se,
456 917 559 972 nisi
602 915 653 971 ei
678 929 930 984 cumquo
972 913 1115 981 loqui
1160 919 1391 982 poterat,
1436 918 1765 979 aggregaret.
1809 908 1915 963 lla-

351 1022 454 1075 que
616 1006 821 1074 linguas
844 1004 1027 1058 divisse
1064 1010 1187 1057 sunt
1227 1008 1413 1071 gentes
1439 1000 1796 1069 dispersasque
1824 1015 1917 1068 per

352 1106 540 1151 terras.
1485 1127 1490 1131 -

420 1184 583 1239 Inter.
622 1183 743 1239 146.
787 1184 889 1239 Cui
927 1183 1055 1238 dicit
1085 1180 1235 1254 [Ms.,
1271 1181 1431 1250 dixit]
1471 1180 1649 1233 Deus:
1696 1178 1919 1232 Descen-

350 1278 534 1329 damus
563 1284 611 1327 et
652 1273 1034 1342 confundamus
1078 1271 1281 1340 linguas
1319 1280 1497 1322 eorum
1541 1266 1691 1338 (Cen.
1723 1283 1797 1331 χι,
1828 1266 1919 1335 7)?

349 1400 420 1411 -—
444 1370 597 1439 Resp.
634 1367 966 1423 Descendere
1012 1364 1117 1431 Dei,
1147 1371 1229 1417 est
1270 1362 1531 1416 humanos
1574 1367 1725 1414 actus
1752 1359 1918 1427 inspi-

348 1474 492 1525 cere,
522 1459 605 1511 vel
649 1471 832 1513 eorum
880 1454 1124 1531 sensibus
1167 1451 1543 1521 propinquare.
1593 1445 1743 1512 Quod
1790 1460 1916 1500 vero

348 1548 789 1616 pluralinumero
815 1544 985 1597 dixit:
1033 1539 1515 1601 descendemus,-et
1556 1538 1748 1589 iterum
1782 1532 1917 1605 [sin-

348 1634 539 1706 gulari]
562 1633 805 1702 Confudit
832 1632 970 1684 Deus
1011 1628 1204 1682 labium
1242 1628 1490 1681 universa
1516 1628 1687 1687 terrai,
1723 1623 1915 1677 distin-

348 1728 523 1782 ctione
567 1736 917 1794 personarum
968 1727 1206 1774 sanctam
1249 1716 1586 1779 Trinitatem,
1634 1722 1688 1766 et
1729 1726 1915 1782 opera-

2012 543 2331 615 linguarum]
2361 544 2639 614 generibus
2676 544 2870 598 divisit.
2916 543 3061 600 Unde
3086 542 3299 599 easdem
3334 543 3562 614 syllabas

2012 640 2064 687 et
2084 632 2317 700 ejusdem
2338 634 2849 703 potestatislitteras,
2874 632 3039 706 [licet]
3056 634 3210 689 aliter
3229 634 3562 704 coniunctas,

2014 724 2066 776 in
2095 724 2318 778 diversis
2344 725 2579 795 gentium
2625 723 2819 793 linguis
2838 725 3208 789 inveniemus;
3239 741 3377 797 saepe
3401 728 3556 782 etiam

2015 810 2111 883 [et]
2139 814 2326 867 eadem
2358 814 2571 867 nomina
2601 813 2683 867 vel
2712 813 2873 867 verba
2898 814 3035 867 aliud
3069 815 3195 885 quid
3214 815 3564 885 signiﬁcantia

2015 902 2066 954 in
2090 902 2192 955 alia
2222 902 2420 971 lingua,
2467 912 2624 971 atque
2668 902 2808 957 aliud
2848 904 2899 957 in
2948 905 3069 957 alia.
3127 905 3223 960 Ubi
3250 906 3475 962 dicimus
3512 908 3564 962 iu

2016 992 2223 1047 Psalmo
2247 1010 2259 1044 :
2286 991 2352 1045 In
2376 994 2517 1060 virga
2541 995 2706 1062 ferrea
2729 993 2897 1064 (Psal.
2922 1011 2983 1059 ιι,
3024 994 3099 1065 9),
3122 997 3173 1050 in
3194 995 3381 1051 Graeco
3406 998 3568 1051 habe-

2018 1091 2122 1145 tur,
2138 1084 2183 1136 ἐν
2204 1082 2373 1153 ῥάϐδῳ
2388 1081 2589 1153 σιδηρᾷ.
2614 1082 2776 1151 Igitur
2800 1083 2853 1137 in
2878 1083 3067 1138 Latino
3080 1085 3249 1138 sidera
3272 1100 3375 1139 non
3398 1086 3565 1153 ferrea

2016 1170 2276 1240 signiﬁcat
2298 1172 2435 1224 sicut
2462 1171 2515 1223 in
2536 1170 2742 1234 Graeco,
2769 1172 2859 1225 sed
2882 1182 3044 1225 astra.

2086 1260 2249 1314 Inter.
2296 1261 2413 1315 152.
2456 1261 2591 1329 Quid
2620 1271 2704 1317 est
2732 1264 2872 1331 quod
2906 1263 3093 1333 legitur
3123 1253 3185 1316 de
3229 1262 3371 1316 Aran
3404 1272 3569 1319 tratre

2014 1350 2319 1403 Abraham:
2355 1350 2589 1423 Mortuus
2615 1361 2687 1405 est
2716 1353 2860 1405 Aran
2884 1365 2999 1405 ante
3020 1351 3183 1413 There
3205 1362 3399 1424 patrem
3419 1369 3569 1406 suum

2015 1437 2069 1489 in
2090 1436 2167 1489 Ur
2195 1438 2558 1493 Chalda’orum
2583 1439 2731 1510 (Gen.
2768 1456 2819 1494 χι
2837 1481 2850 1503 ,
2874 1441 2997 1511 28)?
3018 1472 3087 1482 —
3111 1442 3261 1513 Resp.
3292 1443 3363 1499 Ur
3393 1442 3561 1514 [vero]

2016 1526 2152 1595 ignis
2189 1528 2411 1591 dicitur,
2449 1540 2503 1581 et
2552 1528 2783 1584 Chaldaei
2838 1531 3010 1600 ignem
3063 1532 3243 1587 colunt
3286 1549 3385 1604 pro
3431 1534 3567 1599 Deo;

2018 1620 2191 1675 Thare
2212 1636 2370 1685 vero,
2416 1631 2475 1674 ut
2500 1622 2703 1677 Hebraei
2751 1623 3005 1687 tradunt,
3042 1639 3160 1678 cum
3194 1624 3315 1680 (iliis
3361 1628 3472 1681 suis
3518 1628 3571 1681 in

2018 1713 2190 1780 ignem
2221 1712 2415 1766 missus
2441 1721 2523 1765 est
2551 1728 2581 1765 a
2625 1711 2919 1777 Chaldaeis,
2958 1715 3083 1782 quia
3132 1715 3305 1783 ignem
3350 1714 3572 1770 adorare

351 1816 509 1872 tionis
532 1815 791 1887 unitatem
816 1812 869 1864 in
899 1809 1177 1877 majestate
1202 1808 1376 1863 divina
1422 1805 1587 1860 voluit
1613 1804 1912 1859 ostendere.
1950 1811 1991 1868 Β
2020 1798 2263 1865 nolebat,
2301 1801 2354 1853 in
2398 1816 2503 1869 quo
2531 1801 2651 1871 igne
2675 1800 2819 1855 Aran
2861 1811 3207 1872 consumptus
3233 1811 3333 1858 est.
3368 1801 3435 1858 Et
3471 1805 3576 1860 hoc

350 1904 499 1959 Sicut
522 1905 577 1957 in
608 1903 826 1956 exordio
849 1902 1095 1955 humanae
1122 1898 1410 1953 creationis
1433 1896 1633 1950 dictum
1663 1900 1745 1947 est
1771 1911 1784 1945 :
1817 1891 1920 1946 Fa-

349 2000 546 2052 ciamus
587 1996 845 2048 hominem
879 1991 946 2045 ad
987 1974 1265 2059 imaginem
1309 1998 1356 2042 et
1386 1984 1776 2041 similitudinem
1822 2000 1916 2036 no-

350 2098 529 2142 stram.
559 2087 625 2142 Et
650 2088 877 2140 iterum:
919 2082 1061 2138 Fecit
1101 2081 1239 2135 Deus
1268 2078 1525 2133 hominem
1566 2074 1632 2129 ad
1671 2072 1917 2127 similitu-

351 2180 522 2232 dinem
545 2195 693 2233 suam
725 2176 878 2249 (Gen.
910 2193 950 2241 ι,
977 2174 1067 2240 26,
1089 2172 1199 2241 27).
1238 2171 1304 2228 Ut
1324 2169 1557 2224 Trinitas
1579 2168 1632 2222 in
1652 2165 1916 2237 personis,

350 2276 403 2323 el
431 2268 608 2321 unitas
636 2267 690 2320 in
722 2265 960 2335 potentia
986 2278 1105 2317 esse
1130 2261 1402 2316 credatur.

423 2355 587 2408 Inter.
628 2354 743 2407 147.
779 2353 857 2406 An
889 2351 1143 2407 credibile
1168 2358 1251 2402 est
1294 2356 1455 2401 tantae
1480 2346 1719 2400 stultitia:
1758 2344 1922 2397 fuisse

352 2445 616 2507 homines,
649 2450 706 2496 ut
738 2443 792 2496 in
819 2441 1011 2497 coelum
1037 2438 1368 2492 altitudinem
1403 2434 1612 2489 aedilicii
1640 2432 1924 2500 cujuslibet
1950 2448 1965 2455 δ

352 2535 559 2603 erigere
604 2547 662 2587 se
707 2546 861 2602 posse
906 2536 1156 2598 putarent
1207 2524 1359 2597 (Gen.
1412 2540 1490 2587 ιιι,
1529 2521 1723 2592 4)’-
1762 2518 1919 2589 Resp.

352 2623 500 2679 Solet
530 2620 719 2695 [enim]
750 2620 1050 2689 superbiam
1070 2617 1294 2671 stultitia
1319 2615 1468 2684 sequi
1490 2623 1544 2668 et
1569 2613 1921 2667 humilitatem

351 2715 631 2784 sapientia.
676 2712 800 2766 Ideo
831 2710 991 2763 turris
1034 2705 1423 2774 hic.superbi2e
1454 2704 1571 2757 loco
1604 2702 1775 2771 posita
1818 2707 1919 2754 est.

352 2805 501 2861 Fecit
523 2819 649 2873 ergo
690 2800 936 2871 superbia
986 2796 1323 2852 diversitates
1371 2792 1672 2861 linguarum
1720 2789 1920 2861 [humi-

352 2899 477 2957 [itas
516 2894 716 2949 Christi
764 2888 1107 2961 congregavit
1150 2885 1487 2967 dive_rsitates
1518 2878 1843 2951 linguarum]
1868 2890 1922 2935 et

353 3000 487 3056 quos
511 2985 673 3038 turris
698 2982 1099 3043 dissociaverat,
1134 2975 1372 3031 Ecclesia
1399 2971 1631 3041 collegit.

425 3075 587 3131 Inter.
632 3076 753 3131 M8.
793 3074 923 3140 Quis
952 3072 1124 3141 primo
1147 3070 1384 3123 omnium
1414 3064 1718 3123 hominibus
1756 3062 1926 3118 domi-

2018 1899 2103 1944 est
2128 1891 2268 1958 quod
2287 1906 2427 1945 nunc
2451 1891 2644 1945 dicitur
2668 1909 2680 1944 :
2716 1890 2952 1946 Mortuus
3002 1903 3073 1947 est
3115 1902 3231 1947 ante
3254 1903 3574 1964 conspectum

2022 1980 2190 2035 Thare
2207 1984 2370 2052 patris
2396 1985 2496 2047 sui,
2523 1984 2661 2037 sicut
2683 1983 3099 2055 Hieronymusin
3113 1985 3275 2039 Libro
3290 1985 3577 2041 Hebraica-

2018 2087 2133 2125 rum
2161 2071 2522 2137 Quaestionum
2544 2072 2710 2127 refert
2732 2072 2898 2143 (Patr.
2924 2082 3051 2126 tom.
3082 2073 3262 2140 XXIII,
3294 2074 3397 2128 col.
3426 2074 3573 2145 957),

2019 2163 2094 2217 ita
2123 2164 2305 2217 dicens
2337 2181 2347 2215 :
2390 2182 2407 2213 ι
2441 2163 2575 2216 Vera
2599 2171 2680 2217 est
2700 2160 2903 2233 [igitur]
2934 2162 3277 2218 Hebraeorum
3303 2164 3391 2217 illa
3414 2166 3578 2220 tradi-

2020 2251 2095 2304 tio
2126 2290 2141 2314 ,
2179 2250 2319 2319 quod
2339 2265 2587 2320 egressus
2616 2258 2699 2305 est
2721 2250 2896 2305 Thare
2917 2265 3037 2304 cum
3083 2250 3203 2305 ﬁliis
3230 2251 3340 2305 suis
3364 2251 3428 2305 de
3458 2253 3577 2321 igne

2021 2322 2411 2405 Chaldmoruin,
2459 2346 2514 2394 et
2539 2340 2679 2410 quod
2718 2338 2987 2395 Abraham
3014 2340 3301 2411 Babylonio
3350 2339 3577 2395 vallatus

2021 2430 2285 2493 incendio,
2316 2431 2440 2499 quia
2482 2429 2608 2485 illud
2636 2429 2861 2487 adorare
2898 2432 3131 2496 nolebat,
3166 2432 3258 2487 Dei
3289 2433 3359 2487 sit
3384 2432 3580 2488 auxilio

2020 2518 2297 2573 liberatus.
2332 2519 2397 2573 Et
2423 2534 2487 2573 ex
2528 2518 2617 2573 illo
2650 2528 2890 2589 tempore
2926 2522 2974 2575 ei
3002 2521 3118 2576 dies
3144 2504 3265 2576 vitae
3292 2530 3348 2576 et
3376 2530 3583 2592 tempus

2025 2618 2302 2680 reputatur
2321 2610 2516 2674 aetatis,
2537 2624 2604 2664 ex
2621 2626 2726 2680 quo
2745 2609 3021 2665 confessus
3035 2620 3117 2666 est
3140 2611 3305 2665 Deum
3327 2624 3581 2682 spernens

2023 2700 2163 2755 idola
2202 2700 2592 2756 Chaldaeorum.
2625 2722 2643 2754 ι
2700 2702 2766 2757 Et
2815 2703 2889 2757 ita
2935 2703 3155 2758 solvitur
3202 2702 3579 2760 obscurissima

2022 2790 2245 2857 quaestio
2265 2791 2331 2844 de
2341 2790 2633 2844 Abraham.
2646 2789 2866 2862 Legitur
2886 2793 3027 2847 enim
3044 2793 3152 2847 Tha
3163 2808 3220 2847 re
3230 2808 3349 2848 cum
3370 2803 3579 2863 septua—

2022 2882 2168 2953 ginta
2191 2880 2317 2953 [Ms.
2352 2880 2509 2954 cxxv]
2536 2890 2680 2937 esset
2706 2896 2987 2946 annorum,
3020 2882 3263 2951 genuisse
3287 2880 3579 2948 Abraham,
3670 2928 3673 2931 λ

2024 2984 2079 3028 et
2103 2973 2319 3038 vixisse,
2366 2980 2644 3043 postquam
2673 2972 2855 3043 genuit
2879 2971 3148 3026 Abraham
3174 3011 3188 3035 ,
3225 2980 3437 3027 centum
3483 2976 3579 3027 tri-

2026 3065 2172 3135 ginta
2211 3060 2445 3134 quinque
2470 3079 2672 3129 annos,
2716 3071 2770 3117 et
2799 3062 2963 3119 fuisse
2988 3078 3173 3119 omnes
3220 3061 3378 3137 [dies]
3407 3063 3589 3121 Thars-

354 3170 471 3225 nari
498 3176 551 3221 et
581 3180 802 3235 regnum
846 3162 1069 3218 dilatare
1106 3157 1347 3214 studuit?
1370 3185 1441 3199 —-
1464 3154 1619 3225 Resp.
1668 3151 1931 3217 Nemroth
1950 3153 1995 3215 Ο
2026 3152 2241 3207 ducenti
2264 3149 2667 3239 quinqueanni.
2700 3154 2827 3209 Item
2858 3152 3083 3225 legimus
3113 3154 3163 3209 in
3187 3154 3379 3210 Genesi
3410 3172 3423 3208 :
3452 3152 3582 3215 Era:

355 3261 525 3329 gigas,
559 3263 616 3309 ut
647 3255 702 3309 in
748 3267 902 3308 sacra
947 3251 1141 3321 legitur
1174 3246 1419 3312 historia,
1463 3246 1557 3316 qui
1586 3241 1923 3299 exstruendze

355 3345 518 3403 turris
545 3354 600 3398 et
633 3340 920 3407 condenda:
945 3338 1250 3409 Babylonia:
1287 3344 1473 3391 auctor
1496 3334 1800 3392 exstiterat.

422 3434 579 3505 317
597 3433 758 3486 Inter.
789 3430 909 3487 149.
935 3428 1018 3481 An
1040 3442 1202 3481 unum
1228 3439 1363 3494 opus
1379 3432 1463 3478 est
1486 3423 1649 3477 turris
1665 3430 1721 3475 et
1733 3420 1925 3476 civitas

356 3523 509 3599 [Ms.,
535 3519 809 3591 civitatis],
822 3519 906 3573 vel
927 3517 1143 3572 duo?-—
1156 3515 1308 3585 Resp.
1334 3511 1556 3587 [Veluti]
1571 3514 1867 3567 mtimatur
1895 3526 1925 3564 a

356 3612 594 3685 pluribus
621 3609 824 3683 [arcem
846 3606 952 3680 (Ita
975 3606 1262 3661 restituitur
1282 3603 1431 3658 tertio
1446 3618 1508 3655 ex
1535 3600 1689 3669 mss.)
1706 3614 1825 3653 esse
1851 3600 1925 3652 ci-

358 3706 537 3759 vitatis
582 3701 888 3773 Bahylonim
914 3706 1116 3751 turrem
1148 3693 1335 3766 illam].
1366 3694 1433 3749 Et
1451 3692 1589 3746 ’ideo
1618 3691 1807 3744 civitas
1834 3686 1923 3740 illa

360 3793 595 3865 Babylon
624 3791 838 3854 dicitur,
870 3788 923 3841 id
946 3794 1049 3850 est,
1081 3783 1342 3846 confusio,
1367 3781 1491 3850 quia
1536 3775 1813 3832 confusum
1842 3784 1924 3828 est

362 3882 478 3957 [ibi]
501 3883 699 3937 lahium
724 3881 984 3933 universa:
1013 3885 1192 3937 terrm,
1232 3873 1362 3927 etin
1385 3872 1592 3939 linguas
1635 3867 1817 3920 varias
1848 3866 1925 3919 lo-

361 3954 517 4047 quela
576 3969 851 4024 hominum
909 3964 1096 4019 divisa.
1132 3961 1298 4029 Hujus
1346 3957 1535 4031 [enim]
1581 3956 1839 4019 civitatis,
1872 3954 1924 4008 id

361 4072 464 4127 est,
504 4058 789 4130 Babylonis
818 4052 1187 4110 admirabilem
1210 4048 1659 4105 constructionem
1688 4047 1923 4116 gentium

362 4150 698 4208 commendat
724 4145 944 4201 historia
968 4160 983 4209 ;
1013 4140 1164 4210 cujus
1195 4138 1361 4197 nimia
1387 4136 1763 4207 disponebatur
1805 4134 1925 4188 alti-

363 4242 510 4308 tudo,
539 4243 651 4297 sive
692 4239 849 4293 unius
884 4236 1050 4291 turris
1078 4230 1239 4305 [ejus]
1269 4246 1431 4301 quam
1455 4229 1779 4305 praecipuam
1809 4240 1925 4280 mo-

364 4334 628 4390 liebantur
647 4332 788 4385 inter
835 4327 968 4382 alias
989 4327 1197 4395 erigere
1223 4323 1276 4378 in
1305 4322 1520 4385 cmlum,
1548 4320 1660 4375 sive
1684 4318 1922 4373 omnium

367 4423 611 4483 turrium,
634 4402 752 4487 quas
786 4433 881 4486 per
906 4428 1186 4470 numerum
1208 4411 1532 4481 singularem
1552 4415 1625 4463 ita
1652 4406 1920 4478 signiﬁca-

344 4520 431 4563 ἰω
452 4516 598 4569 sunt,
631 4512 689 4558 ut
707 4504 901 4557 dicitur
923 4500 1096 4564 miles,
1124 4507 1179 4553 et
1204 4497 1571 4566 intelliguntur
1601 4495 1763 4549 millia
1788 4494 1926 4550 mili-
1954 4493 1999 4551 D

369 4612 475 4656 tum
500 4598 738 4671 [Querc.,
766 4593 1105 4650 cummultos
1145 4589 1336 4645 milites
1360 4584 1748 4663 intelligimus].

434 4691 597 4747 Inter.
620 4688 739 4744 150.
756 4688 813 4743 ln
822 4703 934 4757 qua
949 4685 1149 4741 familia
1177 4682 1265 4737 illa
1284 4680 1581 4752 permansit
1594 4677 1945 4749 lingua,.qu:e~

368 4781 612 4851 primitus
650 4778 818 4831 Adam
840 4776 1034 4847 [Edit.,
1062 4789 1092 4839 a
1128 4770 1260 4843 Deo]
1292 4772 1417 4825 data
1446 4768 1650 4823 fuerat?
1675 4798 1744 4809 —-
1769 4765 1925 4838 Resp.

370 4869 437 4926 Ut
475 4875 695 4939 putatur
724 4866 778 4918 in
828 4863 1028 4917 familia
1058 4858 1277 5006 [rbem
1312 4877 1375 4915 ex
1433 4874 1538 4930 quo
1568 4858 1943 4913 Hebraei-dicti

370 4969 490 5006 sunt
516 4960 567 5006 in
596 4971 659 5006 ea
685 4964 835 5006 narte
852 4954 1068 5006 hominu
1132 4993 1146 5006 .
1164 4968 1280 5006 uua:
1296 4952 1388 5006 Dei
1412 4952 1587 5006 portio
1608 4950 1926 5006 permansit.

367 4969 490 5014 sunt
516 4960 568 5013 in
596 4971 660 5013 ea
685 4964 835 5026 parte
852 4950 1146 5016 hominum,
1164 4968 1280 5021 qua:
1296 4952 1388 5007 Dei
1412 4952 1587 5027 portio
1608 4950 1926 5020 permansit,

366 5050 423 5105 in
448 5064 554 5119 qua
584 5056 639 5104 et
664 5036 966 5101 nasciturus
990 5052 1109 5099 erat
1131 5042 1415 5097 Christus.‘
1437 5041 1684 5112 Oportuit
1704 5042 1847 5095 enim
1872 5048 1931 5095 ut

369 5157 425 5197 ιιι
452 5155 518 5194 ea
546 5140 726 5210 lingua
767 5137 911 5193 salus
961 5136 1159 5191 mundo
1201 5133 1373 5204 primo
1400 5131 1803 5202 praedicaretur,
1828 5144 1929 5200 per

370 5244 530 5301 quam
559 5228 788 5297 primum
815 5240 959 5280 mors
978 5225 1273 5278 intraverat
1293 5221 1345 5275 in
1382 5218 1658 5273 mundum.
1686 5217 1929 5273 Ostendit

373 5331 582 5389 quoque
608 5314 791 5370 titulus
816 5315 871 5368 in
890 5329 1046 5369 cruce
1077 5311 1369 5369 Salvatoris
1382 5309 1631 5378 scriptus,
1650 5310 1791 5363 hanc
1807 5322 1925 5363 esse

373 5407 605 5462 omnium
630 5404 927 5473 linguarum
946 5404 1193 5472 primam.

443 5494 606 5552 Inter.
638 5492 756 5547 151.
785 5491 841 5545 Si
872 5491 1013 5546 Deus
1029 5491 1289 5561 requievit
1317 5490 1382 5544 ab
1406 5486 1651 5543 omnibus
1678 5487 1926 5557 Operibus

377 5584 487 5645 suis
502 5584 555 5638 in
570 5581 652 5637 die
667 5581 911 5657 septimo,
928 5580 1069 5634 unde
1080 5581 1253 5634 subito
1268 5586 1417 5634 tanta
1438 5577 1680 5647 apparuit
1702 5576 1925 5657 diversi-

378 5684 459 5728 tas
470 5672 877 5745 linguarum?—
889 5670 1039 5740 Resp.
1054 5670 1231 5726 Nonio
1248 5672 1349 5725 hac
1360 5669 1614 5725 divisione
1624 5667 1921 5739 linguarum

380 5777 567 5817 novum
605 5761 730 5831 quid
760 5761 985 5817 condere
1032 5759 1338 5815 Creatorem
1369 5758 1682 5825 aestimatur,
1725 5758 1814 5816 sed
1845 5761 1922 5813 di-

2024 3255 2196 3298 autem
2235 3245 2498 3299 Abraham
2522 3248 2856 3316 septuaginta
2877 3248 3100 3317 quinque
3136 3263 3414 3312 annorum,
3464 3262 3580 3302 cum

2025 3352 2255 3408 egressus
2283 3346 2409 3391 esset
2434 3352 2497 3390 ex
2520 3336 2721 3391 Chai-ra
2752 3334 2907 3407 (Gen.
2937 3352 3035 3402 xu,
3053 3337 3143 3408 4);
3171 3325 3418 3393 videlicet
3438 3353 3585 3394 mor-

2027 3437 2115 3482 tuo
2137 3437 2289 3498 patre
2315 3425 2428 3495 ejus
2454 3426 2656 3481 Thare.-
2670 3426 2834 3496 Igitur
2853 3426 2921 3479 ab
2941 3442 3081 3482 anno
3099 3429 3393 3483 nativitatis
3414 3428 3585 3483 Abra-

2026 3518 2170 3580 ham,
2202 3530 2369 3583 usque
2395 3515 2461 3571 ad
2498 3512 2742 3585 annum“,
2759 3529 2865 3585 quo
2888 3530 3137 3587 egressus
3160 3525 3328 3572 estex
3355 3516 3585 3585 Charra,

2017 3605 2149 3672 [anni
2172 3613 2297 3658 sunt
2316 3614 2529 3660 centum
2552 3588 3030 3683 trigintaguinque
3060 3625 3073 3661 :
3105 3608 3200 3662 sed
3225 3610 3284 3665 ei,
3312 3624 3419 3665 non
3444 3626 3584 3665 coui-

2024 3703 2277 3764 putantur
2299 3688 2425 3748 anni
2452 3696 2542 3771 qui
2578 3696 2835 3749 transacti
2862 3706 2993 3769 sunt
3015 3706 3298 3767 antequam
3326 3701 3496 3754 exiret
3519 3702 3585 3756 de
3690 3718 3693 3719 ν

2027 3790 2144 3857 igne
2165 3786 2533 3843 Chaldaeorum
2556 3787 2649 3842 Dei
2670 3787 2924 3843 liberatus
2943 3790 3289 3860 protectione.
3318 3788 3442 3844 Haec
3463 3790 3585 3845 llic-

2027 3896 2299 3953 ronymus.

2095 3990 2259 4045 Inter.
2289 3992 2409 4047 153.
2445 3991 2720 4059 Quomodo
2747 3992 3145 4065 intelligendum
3174 4002 3259 4048 est
3290 3995 3429 4064 quod
3457 3996 3587 4051 dici-

2026 4093 2145 4138 tur:
2173 4084 2329 4139 Pater
2348 4084 2565 4140 Melchw
2584 4088 2691 4156 ipse
2706 4095 2779 4140 est
2800 4085 2963 4140 Pater
2986 4087 3185 4141 Jescltae
3203 4085 3352 4159 (Gen.
3380 4103 3457 4153 si,
3472 4088 3583 4158 29).

2027 4173 2118 4227 Vel
2145 4175 2235 4243 qui
2260 4172 2412 4245 [Ms.,
2439 4173 2578 4247 quae]
2601 4174 2701 4229 fuit
2727 4174 2961 4231 Jescha?
3002 4205 3072 4216 —
3098 4174 3252 4247 Resp.
3296 4177 3470 4233 Thare
3497 4193 3588 4249 ge-

2026 4267 2141 4319 nuit
2163 4266 2431 4320 Abraham
2453 4306 2468 4331 ,
2519 4265 2734 4320 Nachor
2760 4275 2815 4322 et
2855 4266 3000 4321 Aran
3032 4286 3045 4320 :
3078 4266 3378 4324 Aranvero
3408 4271 3588 4339 genuit

2026 4354 2143 4419 μοι,
2173 4364 2226 4409 et
2261 4354 2519 4409 Melcham
2546 4364 2601 4408 et
2628 4354 2799 4419 Sarri,
2841 4364 3191 4425 cognomento
3215 4354 3490 4421 Jescham,
3532 4369 3588 4411 et

2028 4453 2343 4513 acceperunt
2395 4459 2587 4499 uxores
2618 4484 2631 4509 ,
2664 4444 2935 4499 Abraham
2989 4444 3170 4510 Sarri,
3205 4445 3416 4500 Nachor
3457 4462 3586 4503 vero

2029 4533 2306 4588 Melcham.
2336 4532 2569 4588 Necdum
2608 4543 2786 4589 autem
2811 4535 2951 4589 inter
2994 4538 3214 4605 patruos
3258 4544 3310 4590 et
3358 4535 3582 4591 fratrum

2028 4624 2163 4680 liios
2190 4624 2387 4694 nuptiae
2414 4624 2530 4695 lege
2560 4625 2841 4693 prohibita:
2866 4623 3113 4702 fuerant;

2096 4734 2259 4788 Inter.
2284 4733 2406 4788 151.
2431 4734 2567 4802 Quid
2590 4736 2640 4789 in
2668 4735 2837 4789 tribus
2872 4734 2976 4789 illis
3004 4736 3400 4806 egressionibus
3430 4738 3586 4792 intel-

2025 4825 2290 4896 ligendum
2310 4836 2411 4892 est,
2438 4828 2490 4882 in
2516 4828 2705 4897 quibus
2724 4828 3030 4898 praecipitur
3050 4843 3081 4881 a
3102 4828 3326 4885 Domino
3352 4829 3580 4884 Abrahm

2026 4925 2085 4970 ut
2110 4918 2417 4989 egrediatur
2442 4919 2504 4973 de
2527 4929 2664 4973 terra
2690 4936 2785 4973 sua
2816 4928 2863 4973 et
2889 4920 2951 4973 de
2976 4922 3279 4991 cognatione
3305 4937 3419 4984 sua,
3444 4928 3492 4972 et
3516 4920 3579 4973 de

2026 5009 2176 5062 domo
2201 5012 2363 5077 patris
2389 5011 2470 5065 sui
2506 5008 2655 5083 (Gen.
2697 5026 2793 5076 xu,
2828 5010 2878 5082 1)
2902 5011 3017 5064 1-
3046 5010 3197 5082 Resp.
3241 5009 3379 5063 Nihil
3412 5009 3576 5075 aliud,

2026 5098 2125 5153 nisi
2150 5101 2303 5157 nobis
2338 5100 2528 5173 [Edit.,
2558 5099 2683 5174 non]
2709 5102 3085 5173 egrediendum
3107 5115 3225 5154 esse
3252 5100 3317 5154 de
3367 5108 3579 5155 terreno

2027 5192 2260 5257 homine,
2283 5202 2338 5247 et
2365 5194 2429 5248 de
2455 5194 2769 5263 cognatione
2801 5192 3049 5245 vitiorum
3077 5198 3402 5252 nostrorum,
3434 5198 3487 5243 et
3515 5190 3580 5246 de

2026 5283 2183 5338 domo
2207 5284 2395 5353 patris,
2424 5285 2476 5339 id
2497 5292 2599 5349 est,
2626 5282 2844 5343 mundo,
2882 5281 2971 5351 qui
2993 5279 3186 5333 diaboli
3226 5280 3411 5333 domus
3451 5280 3581 5335 dici-

2026 5383 2131 5439 tur,
2164 5382 2223 5429 ut
2246 5376 2299 5429 in
2325 5374 2537 5429 Psalmo
2569 5393 2580 5427 :
2614 5372 2920 5427 Obliviscere
2952 5372 3196 5443 populum
3236 5382 3380 5425 tuum
3418 5380 3463 5424 et
3486 5372 3580 5427 do-

2026 5482 2171 5518 mum
2186 5468 2346 5535 patris
2367 5466 2442 5517 tui
2465 5462 2634 5534 (Psal.
2667 5479 2808 5527 κων,
2836 5462 2944 5535 11).

2094 5578 2256 5649 318
2308 5576 2473 5630 Ῑητεν·
2528 5576 2647 5638 i55-
2690 5574 2911 5641 Quanta:
2948 5579 3324 5648 promissioncs
3371 5548 3578 5636 Domini

2028 5668 2237 5723 fuerunt
2263 5665 2329 5720 ad
2356 5665 2660 5722 Abraham?
2707 5698 2777 5709 —
2814 5666 2966 5738 Resp.
3016 5668 3159 5721 Dure.
3219 5667 3332 5722 Una
3380 5670 3581 5725 scilicet

2025 5757 2162 5828 quod
2178 5765 2374 5809 terram
2392 5756 2643 5813 Chanaan
2665 5772 3006 5825 possessunis
3037 5756 3103 5809 sit
3132 5756 3183 5809 in
3212 5760 3411 5812 semine
3440 5774 3533 5817 suo
3557 5777 3568 5807 :
