4258 6192
618 345 720 400 535

615 459 757 527 quod
783 456 1113 530 signiﬁcatur
1134 474 1255 514 cum
1279 457 1474 510 dictum
1519 463 1600 508 est
1648 472 1659 506 :

615 567 767 617 quam
793 551 1203 603 demunstrarero
1228 545 1368 617 [Ms.,
1398 541 1765 612 monstravere]
1787 542 1892 603 tibi,
1921 551 1966 593 et
1982 541 2170 610 faciam

615 651 664 694 te
690 641 742 692 in
769 650 964 710 gentem
1002 655 1245 709 magnam
1276 635 1427 706 (Cen.
1457 651 1554 698 xit,
1578 635 1654 703 9.).
1698 633 1814 687 Alia
1843 647 1972 685 vero
2020 630 2172 700 longe

616 730 973 798 praistantior,
998 729 1136 797 quod
1164 736 1316 797 pater
1342 736 1424 781 est
1449 741 1551 779 non
1581 725 1735 777 unius
1763 723 1935 793 gentis
1959 721 2169 774 lsraeli-

615 823 731 874 tieze
762 821 952 882 solum,
981 820 1074 874 sed
1097 829 1145 872 et
1179 819 1416 872 omnium
1447 817 1705 886 gentium,
1733 829 1851 883 qua:
1890 813 2009 866 fidei
2057 810 2172 878 ejus

615 911 829 979 vestigia
857 920 1168 978 Sequuntur,
1199 909 1337 977 quod
1366 908 1448 960 his
1491 905 1666 959 verbis
1705 904 2032 974 promittitur
2059 919 2070 954 :
2108 904 2170 956 Et

598 987 970 1053 benedicentur
991 1001 1042 1051 in
1066 1009 1113 1052 te
1143 1015 1315 1051 omnes
1339 1007 1506 1067 gentes
1534 995 1742 1067 [ternm
1786 995 1858 1048 illi
1883 995 2087 1048 scilicet
2116 993 2170 1045 in

609 1091 812 1143 semine
857 1089 1126 1142 Abraham
1165 1087 1565 1158 benedicentur]
1605 1087 1695 1156 qui
1744 1086 1972 1139 Abrahie
2013 1085 2168 1137 [idem

613 1179 908 1232 imitantur.
1700 1229 1710 1237 .

681 1266 840 1322 Inter.
875 1267 990 1321 156.
1015 1266 1291 1334 Quomodo
1305 1267 1490 1331 Sarra,
1513 1282 1632 1320 cum
1661 1282 1690 1320 a
1709 1267 1988 1320 Pharaone
2017 1275 2166 1334 rapta

610 1361 815 1421 fuisset,
845 1374 1179 1428 consequens
1205 1369 1305 1422 est,
1335 1367 1394 1412 nt
1420 1359 1611 1413 violata
1655 1375 1758 1413 non
1808 1358 1969 1412 fuerit
2015 1359 2164 1429 (rers.

611 1451 730 1522 15)?
751 1481 819 1490 —-
851 1450 1002 1520 Resp.
1021 1449 1174 1517 Quia,
1200 1450 1351 1518 juxta
1379 1451 1572 1505 librum
1596 1451 1808 1512 Esther,
1836 1464 2167 1518 quacunque

607 1541 890 1596 mulierum
915 1539 1204 1610 placuisset
1227 1543 1336 1613 regi
1355 1543 1490 1610 apud
1517 1550 1746 1604 veteres,
1775 1556 1865 1594 sex
1895 1539 2168 1594 mensibus

607 1633 901 1702 angebatur
919 1632 1036 1687 oleo
1062 1645 1289 1704 myrteo,
1313 1643 1367 1687 et
1389 1649 1476 1688 sex
1508 1635 1778 1688 mensibus
1809 1637 1860 1688 in
1883 1633 2167 1702 pigmentis

605 1726 762 1778 variis
792 1732 983 1778 eratet
1009 1725 1370 1778 curationibus
1422 1724 1762 1784 feminarum,
1795 1732 1849 1776 et
1898 1732 2022 1776 tunc
2072 1724 2165 1776 dc-

1455 340 1510 394 Β.
1554 340 1613 395 Γ.
1659 339 1877 394 Αιιιικι
1919 339 2046 393 Silii
2082 333 2353 390 ALCL’I‘N!
2392 332 2672 391 OI'EBL'H
2710 298 2890 390 PARS
2926 335 2987 388 11-.

1707 451 1846 505 Vade
1889 453 1944 504 in
1965 461 2174 507 terram.
2207 452 2248 505 Α
2280 449 2554 518 potuisset.
2589 448 2999 518 Significabatur
3018 459 3194 503 autem
3223 464 3286 503 ea
3315 459 3490 513 terra,
3522 465 3680 518 quam
3713 465 3833 505 ear:

3729 336 3831 394 536

2275 538 2394 592 nale
2415 553 2591 593 semen
2614 539 2730 608 ejus
2761 548 3101 609 accepturum
3131 547 3286 602 erat;
3318 536 3464 610 [nam
3516 539 3640 594 iliud
3669 541 3829 609 spiri-

2272 629 2378 684 tale
2405 631 2568 684 totius
2593 631 2774 684 mundi
2803 629 3135 684 latitudinem
3162 644 3531 699 possessorum
3559 626 3707 700 crit.]

2341 721 2504 775 Inter.
2533 720 2652 774 16l.
2678 719 2815 786 Quid
2847 719 2993 791 [dum
3024 721 3157 774 dixit
3202 719 3364 788 Deus]
3401 740 3411 772 :
3461 721 3538 773 Ad
3568 719 3830 774 Orientem

2269 822 2317 866 et
2339 812 2407 865 ad
2433 811 2580 864 Mare
2602 809 2708 881 [ΑΙ.
2735 809 3054 881 meridiem],
3085 811 3279 864 dictum
3305 820 3388 864 est
3403 807 3652 878 ?—Resp.
3685 808 3834 864 Solet

2271 901 2458 975 [enim]
2490 900 2767 971 Scriptura
2795 909 2978 954 saneta
2997 940 3012 963 ,
3059 902 3182 954 dum
3211 901 3275 953 de
3313 899 3487 970 plagis
3512 907 3670 953 terrae
3708 914 3832 969 pro-

2271 992 2539 1046 missionis
2565 991 2816 1060 loquitur,
2836 991 2979 1044 Mare
2994 1006 3090 1059 pro
3116 989 3398 1044 Occidente
3423 1005 3642 1059 ponere,
3659 989 3726 1042 ab
3743 1002 3830 1054 ω,

2269 1083 2408 1151 quod
2430 1081 2709 1135 Palestinre
2737 1081 2882 1148 regio
2900 1080 3041 1133 Mare
3057 1081 3108 1132 in
3126 1078 3426 1134 Occidentis
3441 1079 3591 1149 plaga
3614 1079 3828 1133 habeat.

2339 1169 2502 1222 Inter.
2544 1167 2662 1221 162.
2694 1166 2792 1233 Qui
2823 1178 2948 1222 sunt
2989 1168 3260 1236 expediti,
3295 1167 3360 1221 de
3397 1165 3588 1235 quibus
3632 1167 3830 1221 dictum

2267 1268 2351 1314 est
2376 1277 2387 1312 :
2416 1258 2718 1312 t‘Vumeravit
2754 1259 3015 1327 expeditos
3045 1257 3345 1312 vernaculos
3383 1275 3506 1312 suos
3533 1255 3683 1328 (Gen.
3716 1275 3829 1316 XIV.

2269 1350 2394 1420 1L)?
2445 1380 2515 1390 —
2560 1349 2713 1419 Resp.
2743 1350 3033 1418 Expeditos
3057 1351 3190 1404 dixit
3217 1347 3477 1420 [juvenes]
3525 1349 3592 1402 ad
3636 1348 3830 1403 bellum

2265 1447 2556 1508 pmnnptos,
2594 1449 2645 1492 et
2673 1440 2763 1506 qui
2792 1454 2894 1492 non
2936 1438 3152 1491 fuerunt
3189 1438 3418 1501 uxorati,
3448 1437 3516 1490 de
3545 1435 3735 1504 quibus
3778 1438 3830 1490 in

2267 1529 2611 1598 sequentibus
2633 1529 2762 1582 dicit
2789 1545 2800 1580 τ
2829 1527 3066 1596 Exceptis
3093 1527 3171 1580 his
3193 1543 3308 1596 quae
3335 1525 3833 1599 comederuntjure-
3873 1544 3877 1548 ‘

2267 1643 2355 1680 nes
2378 1627 2528 1694 (vers.
2555 1623 2666 1694 ἓ-ί).

2337 1713 2497 1767 Inter.
2539 1715 2651 1768 165.
2687 1713 2753 1766 Et
2786 1723 3082 1783 persecutus
3117 1722 3190 1766 est
3224 1728 3380 1782 usque
3407 1712 3484 1764 ad
3508 1711 3642 1764 Dan.
3672 1709 3825 1778 (rers.

555 1829 558 1836 '
603 1813 744 1867 mum
783 1813 1171 1882 ingrediebatur
1207 1815 1270 1866 a-l
1302 1829 1475 1882 regem
1501 1814 1728 1887 (fz'sthcr.
1759 1831 1818 1877 It,
1857 1813 1958 1882 1‘2).
1990 1815 2162 1881 Atque
2197 1788 2238 1847 Β
2272 1805 2376 1872 Η).
2401 1805 2501 1870 Qlti
2530 1805 2676 1858 IOCIIS
2703 1803 2958 1857 8510M?
2987 1833 3055 1880 -τ-
3078 1801 3233 1872 Resp.
3269 1802 3382 1854 Dan
3415 1800 3694 1853 Phﬂ‘nices
3734 1814 3830 1867 οι)-

601 1905 673 1956 lta
697 1913 866 1972 potest
899 1901 1028 1974 [.1l.,
1061 1903 1290 1974 poterat]
1332 1904 1466 1966 fieri,
1517 1915 1575 1957 ut
1620 1904 1823 1966 Sarra,
1881 1914 2161 1974 postquam

600 1994 871 2062 placuerat
897 1995 1005 2065 regi
1033 2037 1046 2060 ,
1084 1997 1206 2049 dum
1237 2012 1330 2063 per
1351 2012 1546 2048 annum
1576 1996 1640 2048 ad
1675 2011 1850 2065 regem
1877 1997 1924 2049 ei
1956 2011 2162 2065 prirpa-

603 2095 746 2137 ratur
775 2086 1043 2148 introitus,
1073 2085 1301 2138 Ahraha:
1331 2085 1538 2140 Pharao
1590 2085 1752 2139 multa
1782 2085 2078 2147 donaverit,
2107 2093 2162 2137 et

603 2177 805 2231 Pharao
835 2186 1015 2246 postea
1040 2194 1325 2247 percussus
1346 2181 1413 2233 sit
1441 2195 1469 2232 a
1498 2179 1739 2242 Domino,
1765 2178 1852 2233 illa
1877 2179 2050 2232 adhuc
2081 2179 2158 2230 in-

599 2277 737 2322 tacta
768 2269 834 2322 ab
859 2268 972 2334 ejus
993 2271 1272 2323 concubitu
1306 2282 1673 2339 permanente.

667 2357 826 2410 Inter.
864 2358 980 2410 137.
1023 2358 1210 2412 Utrum
1241 2361 1546 2413 convenerit
1588 2362 1814 2414 Abrahae.
1839 2370 1947 2414 tum
1975 2369 2158 2414 saneto

597 2449 734 2507 viro,
759 2455 813 2498 ut
837 2436 1031 2500 celaret
1048 2447 1264 2500 Sarrana
1291 2463 1412 2502 esse
1432 2464 1646 2502 uxorem
1664 2466 1834 2512 suam,
1853 2459 1900 2502 et
1928 2466 2027 2502 non
2049 2465 2158 2502 ma-

597 2537 678 2605 gis
697 2546 916 2606 poneret
937 2538 989 2590 in
1019 2536 1128 2592 Deo
1154 2553 1302 2606 spem
1330 2554 1501 2600 suam,
1534 2555 1597 2592 ne
1621 2539 1952 2592 occideretur
1978 2555 2005 2589 a
2036 2554 2157 2607 rege

597 2627 747 2696 (Gen.
781 2644 877 2689 xu,
915 2628 1038 2696 15)?
1083 2659 1152 2666 —
1209 2627 1358 2697 Resp.
1393 2627 1702 2681 Ostenditur
1731 2627 1918 2698 [enim]
1972 2630 2022 2682 in
2058 2630 2158 2681 isto

594 2717 711 2786 ejus
763 2720 903 2770 facto
945 2717 1084 2785 quod
1112 2719 1270 2771 homo
1303 2735 1404 2770 non
1436 2718 1591 2770 debet
1640 2726 1846 2771 tentare
1875 2718 2154 2771 Domini-ira

599 2812 758 2866 Deum
781 2825 952 2872 suiim,
991 2810 1196 2878 quando
1232 2810 1387 2864 habet
1416 2812 1540 2877 quid
1571 2810 1731 2862 faciat
1758 2825 1820 2864 ex
1855 2809 2155 2861 rationabili

594 2900 830 2954 tonsilia.
856 2898 1002 2953 Fecit
1031 2902 1171 2954 enim
1201 2901 1339 2968 quod
1369 2903 1540 2968 patuit
1576 2913 1672 2967 pro
1699 2901 1804 2952 vita
1849 2914 1972 2961 sua;
2017 2898 2155 2966 quod

597 3000 773 3043 autem
804 2991 1110 3058 noupotuit,
1142 2989 1212 3042 illi
1241 2991 1500 3043 commisit
1525 2991 1576 3042 in
1604 3005 1760 3059 quem
1791 2991 2045 3059 speravit,
2071 2990 2154 3043 cui

596 3083 755 3135 etiam
783 3080 1087 3150 pudicitiam
1115 3080 1353 3170 conjugis
1393 3081 1803 3134 commendavit.
1861 3080 1968 3133 Nec
2013 3081 2154 3134 enim

599 3174 728 3225 fides
757 3171 841 3242 [ac
871 3171 1014 3242 spes]
1037 3171 1236 3225 fefellit.
1257 3172 1491 3239 Namque
1518 3171 1727 3223 Pharao
1757 3185 1786 3222 a
1812 3169 1919 3223 Deo
1939 3170 2157 3221 territus

600 3263 882 3330 multisque
905 3269 1120 3330 propter
1142 3276 1260 3312 eum
1286 3259 1435 3330 [.lIs.,
1459 3259 1600 3330 eam]
1626 3259 1779 3313 malis
1803 3258 2047 3322 afflictus,
2073 3256 2172 3310 ubi

597 3354 710 3421 ejus
736 3368 952 3406 uxorem
983 3350 1279 3423 [divinitus]
1304 3367 1418 3405 esse
1445 3352 1644 3414 didicit,
1678 3351 1895 3404 ilhesam
1924 3365 2044 3402 cum
2067 3350 2161 3402 ho-

602 3459 732 3498 nore
762 3444 986 3496 reddidit
1007 3445 1128 3505 viro.
1148 3434 1263 3496 suo.
1817 3455 1824 3461 ·

676 3538 840 3590 Inter.
887 3536 1004 3588 138.
1062 3535 1125 3587 Et
1153 3537 1246 3587 erit
1293 3552 1463 3587 semen
1493 3547 1637 3587 tuum
1676 3536 1809 3586 sicut
1855 3533 2017 3588 stella'
2047 3533 2158 3586 τινιὶ

598 3639 644 3679 rt
667 3629 796 3681 sicut
821 3644 978 3679 arena
1008 3642 1123 3695 qum
1145 3637 1217 3677 est
1247 3627 1296 3676 in
1323 3625 1491 3677 littore
1540 3626 1700 3678 maris
1731 3623 1882 3685 (Gen.
1915 3639 2012 3685 xu,
2051 3622 2154 3691 17).

599 3717 697 3782 Qui
727 3716 1005 3785 significati
1039 3724 1159 3767 sunt
1191 3715 1240 3767 in
1273 3714 1465 3774 stellis,
1508 3723 1561 3765 et
1611 3714 1699 3780 qui
1756 3714 1807 3765 in
1864 3716 2066 3767 arena?
2089 3744 2160 3754 -—

606 3807 754 3873 Itesp.
802 3805 859 3857 in
912 3803 1076 3857 stellis
1107 3802 1268 3873 [meti]
1313 3804 1590 3872 pauciores
1649 3803 2016 3873 firmioresque
2060 3803 2156 3874 [et]

599 3895 852 3950 clariores
873 3894 1258 3963 intelliguntur;
1289 3895 1337 3946 in
1361 3909 1520 3946 arena
1548 3903 1723 3945 autem
1751 3895 2000 3946 maritimi
2021 3894 2159 3947 litto-

600 3988 705 4048 ris,
737 4001 932 4054 magna
962 3985 1241 4038 multitudo
1287 3982 1620 4038 infirmorum
1650 3992 1809 4051 atque
1838 3984 2154 4038 carnalium.

673 4077 836 4134 Inter.
871 4077 989 4131 159.
1019 4076 1153 4143 Quid
1179 4075 1454 4131 estRazim
1469 4085 1523 4129 et
1544 4075 1722 4131 Zozim
1744 4075 1870 4148 [.lIs.
1900 4077 2159 4146 Raphim;

603 4171 702 4235 aL,
729 4169 901 4224 Ralim
927 4165 1131 4238 Zuzim]
1165 4166 1316 4237 (Gen.
1353 4181 1464 4229 xxv,
1511 4167 1607 4237 5)?
1658 4197 1728 4206 —
1771 4167 1922 4237 Resp.
1977 4167 2159 4221 Ilazim

600 4263 864 4332 gigantes,
892 4257 1070 4311 Zozim
1115 4256 1376 4310 terribiles
1423 4257 1880 4324 interpretantur,
1935 4256 2161 4326 [signiﬁ-

602 4348 747 4421 cant]
779 4347 1023 4402 robustos
1049 4360 1284 4414 quosque
1308 4345 1358 4398 in
1393 4345 1608 4398 Arabia.

2264 1897 2443 1966 pidum
2472 1905 2576 1958 est,
2603 1895 2742 1964 quod
2776 1911 2917 1949 nunc
2947 1873 3152 1948 Paucas
3191 1893 3387 1947 dicitur
3413 1932 3426 1954 ,
3468 1891 3555 1943 ubi
3585 1905 3723 1943 unus
3765 1891 3830 1942 do

2263 1987 2500 2042 fontibus
2520 1987 2767 2041 Jordanis
2796 1989 2985 2049 oritur,
3017 1987 3108 2054 qui
3140 1987 3334 2039 dicitur
3362 1983 3514 2042 Dan;
3545 1982 3681 2035 alter
3704 1994 3830 2033 vero

2264 2077 2368 2132 Jor'
2400 2097 2415 2132 :
2446 2088 2499 2133 et
2525 2080 2608 2133 his
2636 2079 2839 2132 duobus
2877 2077 3133 2137 fontibus,
3177 2077 3266 2142 qui
3318 2074 3456 2126 haud
3499 2071 3681 2141 procul
3710 2087 3740 2123 a
3772 2084 3830 2123 se

2261 2169 2492 2231 distant,
2536 2170 2586 2220 in
2631 2183 2793 2220 unum
2834 2166 3058 2220 rivulum
3113 2164 3406 2225 fmderatis,
3456 2161 3705 2214 Jordanis
3735 2175 3830 2228 ap-

2259 2258 2486 2326 pellatur
2509 2276 2519 2309 :
2546 2257 2708 2327 319
2731 2265 2781 2310 et
2811 2257 2949 2310 sicut
2969 2273 3034 2308 ex
3077 2256 3281 2310 duobus
3310 2254 3544 2308 fontibus
3570 2268 3707 2308 unus
3733 2251 3830 2306 ﬂu-

2261 2347 2396 2410 vius,
2427 2346 2497 2400 ita
2520 2361 2585 2400 ex
2615 2346 2916 2400 nominibus
2944 2361 3043 2399 una
3061 2343 3354 2413 appellatio
3380 2354 3710 2412 procreatur.

2332 2456 2492 2510 Inter.
2534 2456 2645 2509 16.1.
2675 2455 2802 2522 Quis
2841 2464 2925 2508 est
2953 2456 3051 2508 iste
3086 2454 3453 2507 Melchisedech
3503 2469 3592 2506 rex
3628 2453 3829 2514 Salem,

2259 2566 2417 2617 quem
2458 2548 2742 2618 Apostolus
2773 2548 2902 2601 dicit
2929 2548 3043 2600 sine
3074 2555 3224 2614 patre
3250 2554 3305 2598 et
3343 2546 3459 2599 sine
3505 2552 3675 2597 matre
3710 2558 3830 2597 esse

2259 2637 2408 2708 (Cen.
2434 2653 2543 2702 xxv,
2575 2638 2667 2701 18;
2698 2635 2856 2689 IIebr.
2881 2651 2976 2697 vn,
3003 2635 3168 2704 5)?-—
3201 2619 3500 2701 Respdldeo
3541 2631 3674 2685 dixit
3693 2630 3832 2701 Apo—

2256 2728 2422 2780 stolus
2443 2741 2564 2780 eum
2590 2727 2790 2793 absque
2810 2731 2961 2794 patre
2982 2732 3036 2776 et
3056 2723 3256 2792 absque
3272 2729 3463 2784 matre,
3481 2720 3608 2786 Quia
3633 2732 3828 2790 genea-

2257 2817 2449 2886 logiam
2481 2816 2597 2884 ejus
2618 2823 2803 2868 sancta
2835 2813 3110 2882 Scriptura
3143 2826 3248 2865 non
3275 2817 3475 2864 narrat.
3494 2810 3657 2863 Aiunt
3683 2808 3828 2862 enim

2257 2906 2487 2969 Hebraei,
2510 2908 2652 2958 hunc
2681 2902 3065 2957 Melchisedech
3093 2908 3297 2955 mutato
3324 2902 3535 2953 nomine
3559 2896 3682 2951 Sem
3710 2911 3831 2952 esse

2259 2997 2424 3050 lilium
2454 2995 2583 3058 Noe,
2614 3005 2668 3048 et
2714 3002 3062 3066 supputantes
3091 3006 3259 3045 annos
3288 2991 3406 3044 vite
3438 2991 3604 3060 ipsius
3649 2997 3829 3045 osten-

2259 3088 2411 3151 dunt,
2434 3103 2555 3140 eum
2578 3101 2744 3154 usque
2769 3085 2835 3138 ad
2860 3084 3009 3137 lsaac
3031 3093 3267 3152 tempora
3289 3082 3512 3144 vixisse;
3538 3095 3828 3149 omnesque

2264 3177 2642 3248 primogenitos
2663 3173 2942 3245 pontifices
2963 3172 3148 3236 fuisse,
3172 3159 3273 3242 [et]
3292 3171 3492 3225 hostias
3508 3169 3616 3222 Deo
3641 3170 3831 3222 immo-

2261 3270 2401 3325 lasse
2428 3284 2594 3338 usque
2623 3270 2687 3321 ad
2723 3278 2959 3337 tempora
3006 3265 3183 3318 Aaron
3212 3272 3265 3318 et
3292 3263 3422 3331 legis
3452 3260 3823 3318 caeremonias;

2259 3370 2314 3413 et
2358 3361 2470 3413 hcce
2513 3375 2630 3413 esse
2662 3357 3035 3428 primogenita,
3066 3370 3183 3424 quae
3229 3354 3470 3406 vendidit
3496 3351 3633 3405 Esau
3675 3348 3826 3402 fratri

2260 3468 2355 3505 suo
2378 3450 2557 3506 Jacob.
2589 3451 2688 3516 Qui
2711 3450 2871 3504 etiam
2897 3446 3282 3502 Melchisedech
3308 3444 3429 3512 jure
3455 3443 3520 3496 de
3545 3439 3828 3509 triumphis

2259 3542 2536 3612 abnepotis
2559 3541 2708 3613 [.lIs.,
2724 3538 2951 3610 nepotis]
2975 3539 3053 3592 sui
3075 3538 3309 3591 decimas
3325 3535 3614 3604 accepisset
3635 3531 3826 3604 [Edit.,

2260 3626 2502 3702 accepit].
2535 3630 2702 3685 Porro
2733 3629 2911 3684 Salem
2958 3642 3078 3680 eam
3123 3627 3288 3696 ipsam
3320 3640 3440 3679 esse
3475 3623 3679 3685 volunt,
3710 3635 3828 3689 quae

2257 3732 2439 3794 postea
2467 3721 2761 3776 Jerusalem
2790 3720 2930 3773 dicta
2961 3726 3061 3771 est.
3091 3717 3214 3770 [hec
3243 3716 3403 3768 etiam
3441 3714 3613 3781 primo
3644 3708 3824 3769 Iebus,

2258 3822 2318 3866 ut
2359 3811 2615 3875 referunt,
2646 3819 2829 3880 postea
2877 3808 3078 3868 Salem,
3109 3805 3300 3859 deinde
3348 3801 3644 3856 Jerusalem
3688 3800 3825 3853 dicta

2259 3914 2355 3957 est.
2382 3903 2483 3956 iste
2515 3913 2691 3956 autem
2724 3897 3108 3953 Melchisedech
3141 3894 3432 3966 figuraliter
3456 3893 3725 3947 Christum
3751 3889 3824 3942 si-

2259 3996 2476 4066 gnificat
2522 3991 2810 4047 seeundum
2868 3987 3192 4059 apostolum,
3237 3987 3358 4054 quia
3413 3985 3658 4038 Christus
3710 3981 3826 4034 sine

2259 4094 2429 4140 matre
2461 4086 2511 4138 in
2543 4083 2709 4145 ccelis,
2739 4090 2793 4136 et
2821 4082 2935 4135 sine
2968 4087 3119 4149 patre
3155 4080 3208 4132 in
3240 4077 3422 4138 terris,
3453 4072 3684 4127 offerens
3717 4069 3824 4122 Deo

2258 4190 2355 4246 pro
2387 4175 2538 4228 nobis
2567 4175 2619 4226 in
2651 4172 2808 4225 terris
2834 4171 2916 4223 sui
2945 4169 3184 4237 corporis
3213 4181 3402 4241 panem
3427 4173 3481 4217 et
3505 4163 3586 4216 sui
3611 4158 3827 4228 sangui-

2260 4266 2344 4319 nis
2368 4266 2576 4326 vinum;
2603 4262 2670 4315 ad
2697 4276 2855 4329 quem
2889 4255 3115 4313 dicitur:
3148 4257 3221 4309 Tu
3251 4273 3301 4308 es
3330 4253 3566 4308 sacerdos
3593 4252 3647 4305 in
3680 4259 3828 4303 teter-

2261 4372 2381 4408 nmn
2429 4353 2711 4408 secundum
2757 4349 2989 4402 ordinem
3029 4345 3397 4399 Melchisedech
3455 4340 3649 4407 (Hebr.
3680 4355 3733 4403 ν,
3761 4337 3824 4401 6;

679 4461 838 4513 Inter.
875 4457 993 4512 16.0.
1023 4457 1166 4510 Dixit
1194 4455 1362 4527 [ergo]
1394 4457 1533 4510 Deus
1571 4457 1634 4508 ad
1677 4425 1994 4512 Abraham:
2028 4459 2160 4515 Leve
2193 4466 2241 4523 ί)
2270 4447 2360 4498 Ρεη

962 4460 993 4510 t.
1023 4457 1166 4510 Dixit
1194 4455 1362 4527 [ergo]
1394 4457 1533 4510 Deus
1571 4457 1634 4508 ad
1677 4425 1994 4512 Abraham:
2028 4459 2160 4515 Leva
2193 4466 2241 4523 ί)
2270 4446 2409 4498 Ρεηίο
2435 4459 2543 4504 CL“
2570 4442 2643 4510 4)·

604 4549 778 4602 nat/08
803 4556 918 4598 tuos
944 4556 990 4598 et
1013 4545 1123 4597 uide
1149 4562 1178 4622 ᾳ
1196 4544 1306 4596 loco
1326 4547 1380 4597 in
1399 4561 1498 4612 quo
1521 4556 1572 4596 tu
1595 4563 1729 4598 nunc
1745 4564 1818 4609 es,
1847 4558 1894 4600 et
1915 4550 1982 4600 ad
2008 4551 2164 4618 Aqui—

606 4645 773 4691 lonem
797 4646 844 4691 et
869 4635 937 4689 ad
966 4635 1231 4694 Austrum,
1263 4632 1330 4684 ad
1359 4631 1616 4686 Orientem
1646 4644 1693 4687 et
1723 4634 1808 4687 ad'
1830 4635 1979 4689 Mare
2017 4637 2167 4708 [Vul-

611 4742 748 4794 gata,
771 4725 1143 4797 Occidentem],
1165 4727 1287 4795 quia
1309 4741 1507 4779 omnem
1527 4734 1736 4786 terram,
1755 4743 1909 4794 quam
1928 4738 1983 4780 tu
2007 4730 2163 4792 rides,

606 4821 698 4873 tibi
720 4817 872 4879 dabo,
895 4828 940 4871 et
963 4817 1142 4869 semini
1171 4826 1257 4868 tuo
1286 4812 1437 4882 (Cen.
1471 4830 1562 4868 xm
1584 4853 1597 4876 ,
1633 4814 1737 4885 11).
1765 4814 1820 4869 Si
1853 4818 1993 4871 enim
2025 4827 2166 4871 terra

613 4919 813 4961 tantum
839 4904 1245 4976 promittebatur
1291 4901 1408 4974 [ei],
1453 4919 1613 4971 quam
1645 4913 1769 4958 tunc
1817 4903 1871 4958 in
1921 4922 2026 4960 uno
2054 4907 2169 4960 loco

609 5014 760 5054 stans
789 5000 965 5051 videre,
991 4997 1159 5065 potuit
1184 5009 1278 5063 per
1306 5003 1536 5062 quatuor
1564 4997 1777 5050 climata
1807 4997 1987 5051 mundi
2012 5015 2025 5060 ;
2074 5014 2167 5051 an-

611 5101 761 5157 gusta
794 5088 998 5141 videtur
1021 5101 1140 5138 esse
1171 5094 1312 5138 terra
1343 5087 1740 5153 promissionis?
1760 5116 1828 5126 -—
1860 5088 2009 5159 Resp.
2056 5088 2168 5141 Non

615 5185 712 5233 hoc
736 5178 894 5250 Hom]
925 5177 1090 5230 solum
1125 5186 1278 5229 terrai
1309 5161 1416 5246 [ei]
1446 5177 1763 5243 promissum
1793 5187 1892 5240 est,
1922 5181 2062 5247 quod
2095 5183 2172 5233 vi—

615 5274 739 5324 dere
769 5268 954 5338 potuit.
977 5267 1094 5318 Non
1123 5267 1262 5319 enim
1287 5265 1482 5319 dictum
1510 5274 1591 5318 est
1614 5305 1625 5327 ,
1662 5273 1865 5320 tantum
1896 5277 2048 5322 terrae
2078 5269 2170 5320 tibi

617 5363 755 5414 dabo
783 5368 1040 5428 quantum
1070 5359 1244 5421 vides;
1286 5358 1376 5411 sed
1405 5375 1415 5408 :
1459 5356 1570 5408 Tibi
1599 5357 1732 5409 dabo
1762 5367 1972 5420 terram,
2016 5375 2173 5432 quam

617 5452 778 5514 rides,
807 5465 928 5502 eum
958 5458 1012 5502 et
1040 5446 1260 5499 ulterior
1303 5446 1531 5516 undique
1574 5447 1818 5501 dabatur.
1868 5447 1932 5502 Et
1977 5448 2176 5502 idcirco.

621 5539 897 5611 subjunxit
920 5555 931 5588 :
952 5537 1116 5606 Surge
1147 5545 1190 5588 et
1223 5536 1522 5603 perambula
1549 5545 1736 5589 terram
1766 5538 1817 5589 in
1844 5537 2115 5589 latitudine
2129 5547 2174 5588 et

622 5630 936 5696 longitudine
965 5625 1118 5698 [ejus]
1143 5624 1292 5696 (rers.
1336 5625 1442 5691 17),
1474 5634 1530 5678 ut
1553 5626 1966 5696 perambulando
1989 5632 2176 5697 pervc-

624 5725 755 5772 nm-t
786 5721 846 5771 ad
873 5735 954 5773 ea.
980 5737 1096 5790 qua:
1132 5718 1299 5772 m-ulis
1329 5733 1431 5770 uno
1482 5718 1596 5773 loco
1645 5727 1792 5772 stans
1839 5722 2018 5776 videre
2069 5739 2193 5795 non2

2336 4533 2496 4586 Inter.
2527 4531 2644 4584 165.
2693 4530 2823 4596 Quis
2877 4528 2975 4581 fuit
3025 4523 3578 4584 DamascusEliezer,
3609 4519 3676 4573 de
3725 4531 3831 4588 quo

2265 4626 2398 4679 dixit
2436 4623 2707 4677 Abraham
2732 4636 2744 4671 :
2781 4618 2960 4673 "teres
2987 4633 3128 4670 meus
3154 4617 3247 4668 erit
3281 4613 3429 4682 (Gen.
3458 4626 3547 4673 xv,
3576 4609 3632 4673 ‘2,
3654 4609 3830 4679 3)?—

2267 4716 2420 4785 Resp.
2455 4714 2620 4768 Filius
2674 4708 3040 4781 procuratoris
3092 4704 3336 4765 Abrahze,
3384 4701 3474 4771 qui
3523 4708 3728 4770 postea,
3771 4705 3832 4752 ut

2267 4807 2436 4868 aiunt,
2466 4806 2781 4858 Damascum
2827 4797 3089 4858 condidit,
3117 4801 3172 4848 et
3198 4807 3391 4846 nomen
3423 4791 3625 4846 civitati
3664 4788 3828 4848 dedit,

2267 4907 2592 4964 regnumque
2616 4892 2668 4944 in
2693 4905 2754 4942 ea
2782 4886 3029 4941 obtinuit.

2337 5005 2498 5061 Inter.
2527 5004 2640 5058 166.
2675 4999 2920 5071 Nunquid
2950 4999 3202 5055 convenit
3251 4997 3372 5050 fidei
3405 4994 3629 5051 Abrahte
3660 5001 3720 5045 ut
3759 4993 3829 5045 si-

2269 5112 2429 5165 gnum
2452 5094 2604 5163 quasi
2642 5091 2832 5148 dubius
2861 5096 3123 5160 quareret
3151 5104 3182 5142 a
3219 5086 3442 5140 Domino
3470 5083 3652 5138 dicens
3679 5102 3691 5136 :
3714 5083 3828 5136 'Do-
3914 5087 3917 5090 ’

2195 5219 2208 5239 ι
2272 5186 2405 5237 utine
2439 5185 2594 5246 Deus,
2627 5183 2761 5236 unde
2799 5182 2929 5234 scire
2969 5194 3176 5252 possunt
3197 5176 3334 5247 quod
3362 5193 3688 5245 possessurus
3716 5192 3828 5228 sum

2271 5289 2381 5327 eam
2413 5272 2561 5340 (Gen.
2589 5287 2676 5335 xv,
2698 5270 2873 5339 8)?—
2898 5269 3047 5338 Resp.
3071 5266 3185 5322 Non
3207 5267 3359 5335 quasi
3386 5265 3596 5327 dubius,
3621 5266 3686 5318 de
3709 5277 3830 5338 ιιι-οη

2272 5362 2522 5417 missione
2553 5360 2665 5422 Dei,
2697 5375 2836 5413 anne
2865 5356 3037 5420 fieret,
3063 5356 3156 5408 sed
3181 5356 3447 5424 quomodo
3475 5353 3707 5413 futurum
3740 5364 3829 5404 cs-

2274 5459 2354 5505 set
2377 5450 2712 5519 exquirebat.
3099 5492 3102 5494 .

2348 5541 2507 5595 Inter.
2548 5541 2657 5596 167.
2706 5540 2842 5608 Quid
2895 5540 3053 5609 igitur
3096 5539 3148 5590 in
3198 5538 3284 5592 illo
3325 5536 3542 5604 mystico
3583 5537 3734 5610 signo
3767 5533 3829 5583 de

2273 5634 2582 5702 posteritate
2613 5630 2822 5702 generis
2865 5629 2946 5681 sui
2985 5626 3212 5681 Abraha:
3253 5625 3648 5695 intelligendum
3686 5622 3831 5674 erat?

2276 5721 2353 5774 vel
2383 5737 2478 5776 cur
2507 5722 2665 5774 trium
2692 5733 2948 5771 annorum
2982 5716 3228 5773 animalia
3259 5715 3328 5769 illi
3361 5725 3511 5768 erant
3542 5711 3828 5768 sumenda!
