4258 6192
457 343 559 397 557

1046 344 1450 401 EXEGETICA.
1485 376 1554 385 -
1586 344 1951 400 iNTl-JRROG.
1988 330 2076 399 ετ
2112 343 2435 401 “smus.
2475 346 2542 400 [Ν
2576 346 2837 411 causa,
2880 346 3023 403 src.

3542 351 3651 406 5S8

455 457 538 511 vel
562 472 660 511 cur
683 457 931 511 animalia
951 451 1210 512 dividitet
1228 457 1468 512 volucres
1498 473 1604 511 non
1640 456 1824 511 dividit
1849 454 1997 527 (vers.
2029 462 2071 516 Α
2098 464 2160 509 ut
2192 456 2245 509 in
2276 454 2503 529 Egypto
2543 458 2766 529 populus
2793 458 2886 514 Dei
2932 461 3117 516 duram
3154 470 3435 530 perageret
3475 459 3646 518 servi-

456 546 630 617 9)?-—
658 545 810 615 Resp.
844 546 1025 600 Trium
1069 540 1257 618 [enim]
1309 563 1565 601 annorum
1604 545 1849 600 animalia
1898 553 2005 599 tres

454 644 752 704 temporum
798 636 1048 689 articulos
1098 637 1398 707 designant,
1438 635 1628 703 quibus
1669 633 1893 703 populus
1938 633 2005 686 ad

456 718 719 781 summum
748 728 965 782 honoris
984 728 1191 781 cuinen
1217 727 1456 781 adolevit.
1472 725 1516 779 A
1538 724 1859 793 temporibus
1879 737 2005 776 vero

453 818 769 886 patriarchae
818 817 1041 870 Abrahae.
1090 832 1185 885 per
1238 816 1675 885 repromissiones
1720 826 1887 880 usque
1937 812 2002 865 ad

456 918 690 978 tempora
725 910 916 979 Moysis
958 908 1269 976 coniunctus
1313 916 1394 961 est
1443 908 1569 960 Deo.
1598 906 1643 958 A
1683 904 2005 974 temporibus

454 1008 629 1052 autem
662 998 853 1067 Moysis
878 998 1214 1067 legislatoris,
1243 1013 1270 1049 a
1302 996 1411 1049 Deo
1438 995 1567 1063 legis
1598 994 1923 1061 acceptione,
1950 1001 2006 1045 et

453 1089 825 1143 miraculorum
867 1089 1190 1149 ostensione,
1232 1086 1615 1153 triumphisque
1652 1092 1705 1135 et
1732 1091 1887 1135 terra:
1915 1098 2002 1135 re-

451 1179 819 1246 promissionis
861 1178 1186 1247 ingressione
1221 1175 1572 1246 gloriﬁcatus;
1616 1189 1643 1224 a
1683 1169 2004 1240 temporibus

451 1281 577 1319 vero
610 1268 767 1320 Davi!
813 1268 957 1336 regio
989 1268 1207 1327 honore,
1250 1272 1304 1317 et
1346 1262 1525 1331 templi
1557 1263 1892 1329 civitatisque
1918 1257 2006 1312 Je-

452 1356 681 1410 rusalem
711 1355 1058 1408 instructione
1080 1353 1313 1407 elevatus
1336 1362 1433 1406 est.
1458 1350 1621 1404 Porro
1643 1352 1783 1403 aries
1807 1349 2002 1418 regiam

450 1454 515 1504 et’
536 1448 917 1503 sacerdotalem
956 1438 1298 1517 dignitatem;
1331 1460 1492 1500 vacca
1523 1446 1621 1500 sub
1669 1445 1799 1514 legis
1827 1444 2001 1497 littera

450 1540 797 1595 servientem;
829 1552 989 1605 capra
1025 1537 1186 1590 etiam
1214 1536 1453 1589 eamdem
1493 1543 1701 1606 gentem
1746 1533 2004 1602 peccatri-

451 1643 564 1681 cem
592 1641 708 1680 esse
737 1626 993 1694 designat.
1023 1625 1161 1678 Aves
1186 1640 1314 1678 vero
1353 1623 1653 1692 spirituales
1678 1631 1731 1676 et
1758 1622 1851 1675 Dei
1891 1622 2001 1676 ele-

448 1728 562 1771 ctos
590 1715 1019 1785 pneligurabant.
1049 1715 1347 1769 Divisiones
1375 1714 1551 1781 itaque
1577 1711 1725 1775 ιβιδ..
1748 1711 1998 1781 namque]

2107 552 2289 600 tutem.
2799 586 2812 597 ,

2172 628 2335 686 Inter.
2361 632 2479 688 £69.
2522 632 2697 700 Quare
2725 635 2921 689 dictum
2964 642 3047 690 est
3091 636 3144 689 in
3190 634 3381 691 Genesi
3409 636 3474 691 de
3524 636 3648 694 ﬁliis

2104 716 2369 773 Abraham
2393 736 2406 771 :
2437 718 2633 785 Quarta
2659 724 2898 791 progenie
2922 732 3231 777 revertentur
3250 723 3349 777 huc
3378 722 3531 794 (Gen.
3551 740 3647 793 xv,

2106 806 2192 877 16)
2216 807 2239 859 ?
2266 808 2332 861 Et
2358 810 2408 862 in
2440 809 2617 864 Exodo
2640 811 2831 881 legitur
2854 830 2872 889 ε.
2902 811 3092 877 Quinta
3118 815 3440 882 generatione
3464 832 3645 871 ascen-

2100 896 2285 951 derunt
2323 899 2422 965 ﬁlii
2466 898 2635 952 Israel
2658 900 2721 953 de
2772 910 2905 953 terra
2953 901 3167 971 Egypti
3198 903 3390 972 (Exod.
3414 921 3531 971 xm,
3557 908 3643 969 18.

2084 985 2250 1054 'juatta
2277 985 2565 1058 LXX)?-——
2585 989 2738 1058 Resp.
2763 990 2971 1059 Egressi
2998 1001 3122 1044 sunt
3152 990 3240 1045 lilii
3269 992 3428 1048 Israel
3455 1006 3643 1064 quarta

2103 1075 2441 1147 generatione
2470 1077 2533 1129 de
2559 1085 2699 1130 terra
2738 1076 2971 1147 Egypti.
3001 1078 3210 1147 Replica
3254 1084 3647 1149 generationem

2102 1164 2246 1221 Levi.
2277 1163 2403 1219 Levi
2443 1166 2619 1235 genuit
2660 1164 2825 1229 Gath;
2852 1165 2989 1219 Gath
3019 1168 3198 1236 genuit
3237 1168 3451 1225 Amram
3487 1170 3647 1242 [Ed.,

2056 1290 2064 1297 -
2102 1253 2348 1327 Abram];
2376 1256 2592 1309 Amram
2622 1257 2802 1326 genuit
2826 1257 3002 1309 Aaron
3030 1256 3219 1327 [Edit.,
3246 1260 3441 1331 Arau];
3465 1264 3642 1317 Aaron

2104 1343 2344 1417 [genuit]
2375 1346 2626 1408 Eleazar;
2678 1346 2899 1399 Eleazar
2944 1344 3463 1421 [genuit]lPhinees.
3506 1353 3642 1408 Gath

2102 1448 2220 1487 cum
2245 1430 2395 1502 patre
2439 1448 2535 1486 suo
2581 1434 2706 1487 Levi
2740 1434 3012 1503 ingressus
3039 1444 3125 1489 est
3161 1432 3474 1507 Aigyptum;
3511 1441 3648 1512 [rur-

2101 1539 2217 1577 sum
2262 1522 2479 1576 Eleazar
2508 1538 2626 1577 cum
2653 1531 2804 1592 patre
2827 1539 2923 1577 suo
2949 1524 3127 1579 Aaron
3170 1541 3443 1597 regressus
3472 1540 3555 1585 est
3584 1536 3650 1585 ab

2102 1610 2373 1684 Egypto].
2418 1613 2462 1665 A
2502 1612 2638 1666 Gath
2686 1627 2854 1681 usque
2901 1613 2964 1666 ad
3010 1613 3248 1683 Eleazar,
3279 1629 3651 1688 computantur

2102 1710 2329 1770 quatuor
2354 1702 2743 1772 generationes.
2786 1700 2935 1766 Quod
2964 1709 3138 1755 autem
3186 1707 3471 1760 secundum
3510 1710 3649 1763 Exo—

449 1804 781 1861 ammalium.
832 1804 1121 1857 schismata
1165 1805 1306 1857 inter
1349 1801 1593 1857 carnales
1638 1816 1849 1870 semper
1880 1816 2000 1855 esse
2033 1805 2077 1861 Β
2102 1790 2226 1844 dum
2248 1790 2431 1858 «ιιιίιιιει
2458 1789 2797 1860 generatione
2843 1792 3045 1858 θῧνθεεί
3093 1800 3218 1845 sum
3257 1792 3349 1846 ﬁlii
3392 1794 3552 1851 lsrael
3583 1800 3647 1854 de
3709 1812 3720 1823 '

446 1895 758 1958 ostendunt;
808 1894 860 1947 in
906 1907 970 1947 eo
1000 1892 1169 1963 [vero]
1201 1892 1341 1960 quod
1370 1908 1495 1946 aves
1536 1907 1641 1946 non
1673 1892 1865 1952 divisit,
1897 1907 1999 1960 pax

446 1993 501 2037 et
528 1984 711 2043 unitas,
724 1980 1080 2051 spiritualium
1117 1980 1443 2049 intelligitur.
1472 1979 1621 2046 Quod
1649 1981 1793 2035 circa
1817 1994 2003 2048 vespe-

450 2090 563 2127 ram
591 2088 756 2143 pavor
781 2072 933 2125 irruit
958 2085 1115 2138 super
1141 2069 1429 2131 Abraham,
1456 2078 1713 2122 terrorem
1739 2068 2002 2138 signiﬁcat

448 2165 501 2217 in
527 2164 610 2217 die.
650 2162 857 2232 judicii,
885 2161 974 2229 qui
1004 2159 1270 2228 separabit
1298 2158 1561 2227 spiritales
1606 2172 1637 2210 a
1675 2156 1998 2219 carnalibus,

447 2250 579 2305 alios
605 2258 845 2305 statuens
867 2249 931 2302 ad
961 2249 1222 2309 dextram,
1249 2247 1379 2301 alios
1406 2247 1470 2300 ad
1492 2246 1760 2301 sinistram
1788 2244 1997 2315 (Matth.

446 2338 592 2409 xxv).
621 2338 761 2393 Aves
805 2352 933 2392 vero
958 2352 1074 2404 qua:
1119 2350 1280 2405 super
1320 2336 1579 2390 cadavera
1624 2334 1868 2398 volitant,
1897 2335 2001 2388 dte-

444 2428 626 2482 monia
669 2425 817 2497 [Ms.,
849 2425 1182 2479 dzemoniaca:
1224 2421 1533 2493 potestates]
1558 2430 1702 2486 Sunt,
1735 2438 1852 2491 qua:
1880 2438 2000 2475 car-

447 2518 655 2573 nalibus
699 2517 928 2571 insidere
964 2524 1245 2583 quaerunt:
1278 2529 1413 2583 quas
1452 2514 1671 2569 devotus
1708 2513 1891 2568 doctor
1918 2527 2002 2569 se-

445 2607 570 2663 dula
600 2606 963 2661 admonitione
994 2603 1204 2673 abigere
1233 2603 1407 2658 debet.

515 2718 679 2770 Inter.
708 2715 825 2769 168.
850 2714 986 2779 Quid
1007 2722 1091 2766 est
1110 2712 1250 2781 quod
1279 2713 1477 2766 dictum
1501 2721 1587 2767 est
1606 2713 1671 2766 ad
1690 2713 1959 2765 Abraham
1986 2731 1997 2765 :

448 2804 590 2861 Scito
635 2820 980 2875 prwnoscens,
1009 2801 1145 2871 quod
1176 2802 1499 2870 peregrinum
1548 2800 1781 2869 futurum
1809 2800 1874 2851 sit
1921 2816 2000 2852 se-

445 2911 561 2949 men
600 2904 746 2947 tuum
775 2894 825 2945 in
854 2902 992 2946 terra
1024 2908 1123 2943 non
1150 2907 1265 2953 sua,
1294 2900 1339 2943 et
1367 2890 1637 2959 subjicient
1665 2906 1749 2943 eos
1774 2889 1999 2942 servituti

346 2968 349 2971 Δ
447 2980 538 3053 [et]
560 2982 777 3051 aﬂligent
800 2980 1185 3049 quadringentis
1217 2980 1364 3032 annis
1395 2981 1545 3047 (vers.
1574 2975 1687 3045 13)?
1735 2978 1883 3033 Unde
1913 2977 1998 3031 isti

443 3070 814 3139 quadringenti
837 3068 959 3121 anni
987 3069 1275 3135 computati
1298 3076 1422 3121 sunt
1448 3069 1818 3123 servitutis?—
1843 3066 1993 3136 Resp.

2099 1889 2242 1934 terra
2266 1878 2499 1949 .Egypti,
2523 1879 2692 1933 tribus
2712 1877 2857 1933 Iudae
2876 1880 3008 1933 ordo
3033 1879 3148 1952 [ibi]
3172 1892 3477 1938 numeratur
3499 1885 3621 1957 [Ed.
3634 1930 3647 1951 ,

2099 1969 2448 2041 numeretur].
2490 1968 2653 2023 Iudas
2699 1970 2879 2039 genuit
2916 1970 3147 2036 Phares;
3179 1971 3381 2029 Phares
3425 1974 3649 2050 [genuit]

2099 2058 2293 2122 Esron;
2324 2058 2491 2112 Esron
2536 2060 2717 2128 genuit
2753 2061 2939 2123 Aram;
2981 2059 3142 2115 Aram
3181 2060 3404 2137 [genuit]
3437 2066 3651 2122 Amina-

2097 2148 2232 2212 dab:
2254 2146 2547 2201 Aminadab
2590 2144 2811 2219 [genuit]
2844 2146 3110 2211 Naasson;
3144 2150 3381 2207 Naasson
3422 2153 3649 2230 [genuit]

2101 2240 2332 2296 Salmon.
2357 2240 2557 2295 Phares
2596 2256 2715 2295 cum
2750 2252 2902 2309 patre
2928 2256 3025 2297 suo
3054 2241 3233 2315 [Juda]
3262 2245 3533 2316 ingressus
3562 2259 3649 2302 est

2100 2330 2421 2400 Egyptum’;
2453 2330 2690 2385 Naasson
2739 2332 2986 2403 princeps
3030 2329 3165 2386 Juda
3212 2332 3268 2413 ip
3316 2334 3531 2389 deserto
3558 2336 3653 2391 de-

2097 2420 2367 2483 scribitur,
2413 2417 2563 2485 cujus
2603 2419 2741 2473 iilius
2790 2419 3003 2474 Salmon
3048 2429 3245 2475 terram
3284 2424 3649 2492 promissionis

2099 2509 2316 2561 introiit.
2349 2500 2603 2577 Computa
2629 2524 2659 2561 a
2688 2508 2887 2564 Phares
2912 2526 3081 2579 usque
3105 2511 3171 2564 ad
3195 2511 3456 2577 Naasson,
3487 2522 3541 2569 et
3568 2515 3649 2569 in-

2099 2598 2279 2651 venies
2308 2600 2675 2668 generationes
2698 2600 2948 2670 quinque.

2172 2708 2330 2761 Inter.
2362 2710 2474 2761 l70.
2505 2710 2703 2763 Semini
2730 2720 2817 2763 tuo
2847 2710 2979 2764 dabo
3026 2722 3216 2765 terram
3248 2714 3403 2778 hanc,
3434 2732 3464 2767 a
3494 2716 3650 2783 ﬂuvio

2100 2797 2313 2866 ﬁgypti
2351 2814 2509 2865 usque
2543 2798 2612 2850 ad
2655 2799 2845 2866 ﬂumen
2873 2817 3116 2869 ntagnum
3158 2801 3456 2871 Euphraten
3496 2803 3645 2873 (Gen.

2098 2902 2185 2950 xv,
2220 2885 2320 2955 l8).
2368 2885 2441 2939 De
2474 2901 2577 2955 quo
2605 2886 2738 2940 dixit
2778 2886 2991 2956 Egypti
3035 2887 3313 2941 ﬂuvio?——
3340 2889 3491 2959 Resp.
3535 2891 3650 2945 Non

2099 2974 2267 3047 [ergo]
2310 2991 2339 3028 a
2370 2974 2526 3029 ﬂuvio
2556 2990 2746 3045 magno
2786 2975 3021 3046 Egypti,
3053 2978 3152 3032 hoc
3179 2986 3282 3041 est,
3310 2977 3457 3044 Nilo;
3490 2981 3583 3033 sed
3620 2998 3649 3033 a

2100 3081 2284 3135 parvo,
2299 3066 2387 3134 qui
2411 3065 2593 3140 dividit
2607 3063 2786 3136 [inter]
2806 3064 3089 3135 Egyptum
3106 3074 3160 3120 et
3171 3066 3523 3133 Palaestinam,
3541 3068 3651 3140 [ubi

444 3160 561 3215 Non
589 3162 667 3214 sic
695 3158 1058 3228 accipiendum
1094 3166 1194 3223 est,
1221 3167 1474 3226 tanquam
1502 3160 1554 3212 in
1601 3159 1686 3211 illa
1714 3158 1996 3212 durissima
2025 3134 2069 3196 δ
2099 3164 2182 3209 est
2206 3157 2395 3210 civitas
2426 3154 2795 3227 Rinocurura].

444 3252 701 3307 servitute
731 3250 1150 3320 quadringentos
1193 3264 1359 3303 annos
1401 3249 1492 3303 Dei
1543 3248 1766 3319 populus
1821 3248 1997 3312 fuerit,

445 3342 539 3395 sed
568 3342 694 3411 quia
720 3328 975 3409 scriptum
1002 3348 1085 3394 est
1112 3358 1124 3391 :
1159 3339 1218 3393 In
1246 3338 1397 3394 Isaac
1428 3340 1687 3392 vocabitur
1715 3340 1804 3391 tibi
1830 3355 1999 3391 semen

445 3430 595 3501 (Gen.
626 3447 741 3495 xxi,
768 3430 874 3501 Η).
920 3430 993 3483 Ex
1024 3445 1165 3483 anno
1212 3432 1501 3484 nativitatis
1529 3430 1675 3485 lsaac
1720 3445 1886 3498 usque
1933 3428 1999 3481 ad

447 3537 644 3575 annum
694 3520 1017 3589 egressionis
1058 3534 1121 3572 ex
1173 3519 1402 3589 ,λεωρῑο
1450 3528 1821 3589 computantur
1876 3520 1998 3571 anni

445 3610 814 3679 quadringenti
862 3610 1113 3677 quinque.
1146 3609 1277 3663 Cum
1326 3626 1453 3678 ergo
1494 3611 1557 3664 de
1598 3610 2000 3678 quadringentis

449 3702 659 3769 triginta
708 3698 1004 3752 detraxeris
1049 3699 1232 3768 viginti
1268 3700 1519 3766 quinque,
1553 3700 1640 3766 qui
1669 3708 1793 3751 sunt
1826 3714 1854 3750 a
1881 3714 2001 3766 pro—

447 3792 702 3846 missione
750 3806 917 3858 usque
963 3791 1027 3843 ad
1061 3798 1241 3843 natum
1285 3790 1448 3849 lsaac,
1480 3805 1584 3842 non
1614 3789 1806 3842 mirum
1834 3797 1915 3842 est
1956 3788 1999 3841 si

447 3879 865 3950 quadringentos
891 3888 944 3932 et
972 3880 1205 3946 quinque
1248 3895 1413 3933 annos
1442 3894 1646 3932 summa
1674 3878 1838 3933 solida
1867 3895 2000 3948 qua-

448 3970 755 4038 dringenth
810 3967 975 4020 voluit
1026 3970 1289 4037 appellare
1349 3969 1652 4039 Scriptura,
1701 3986 1818 4038 quze
1869 3970 2004 4023 SO'el

449 4068 686 4126 tempora
732 4058 806 4111 ita
854 4072 1178 4125 nuncupare,
1208 4066 1266 4110 ut
1306 4058 1446 4125 quod
1477 4059 1539 4111 de
1583 4074 1787 4112 summa
1830 4059 2003 4128 petie-

446 4148 637 4202 ctionis
676 4148 885 4203 numeri
937 4147 1205 4217 paululum
1254 4150 1548 4214 excrescit,
1577 4158 1669 4203 aut
1703 4148 1841 4204 inira
1889 4158 1999 4213 est,

446 4249 552 4289 non
578 4243 935 4305 computetur.
966 4235 1081 4289 Non
1110 4236 1310 4303 itaque,
1335 4236 1471 4304 quod
1500 4237 1594 4301 ait,
1625 4239 1677 4289 in
1715 4238 2001 4291 servitutem

446 4327 673 4395 redigent
695 4342 779 4379 eos
804 4337 851 4377 et
876 4327 1125 4380 nocebunt
1154 4326 1278 4391 illis,
1303 4327 1370 4381 ad
1397 4328 1811 4397 quadringentos
1832 4340 2002 4381 annos

443 4410 780 4468 referendum
810 4421 912 4477 est,
945 4424 1197 4480 tanquam
1245 4430 1342 4484 per
1392 4424 1468 4469 tot
1509 4430 1678 4469 annos
1711 4416 1883 4484 320
1906 4428 2001 4471 eos

443 4500 725 4555 habuerint
752 4501 805 4553 in
838 4502 1125 4555 servitute:
1160 4503 1264 4556 sed“
1282 4502 1549 4558 referendi
1589 4512 1715 4556 sunt
1741 4504 1996 4571 quadrin-

444 4594 585 4665 genti
614 4594 737 4648 anni
768 4594 835 4647 ad
883 4594 936 4648 id
976 4594 1114 4664 quod
1144 4596 1340 4650 dictum
1384 4603 1465 4648 est
1492 4613 1502 4648 :
1536 4593 1869 4663 Peregrinum
1902 4598 1997 4650 erit

442 4702 615 4741 semen
642 4696 787 4739 tuum
830 4688 884 4740 in
913 4697 1051 4741 terra
1082 4704 1182 4740 non
1210 4688 1446 4756 propria;
1474 4689 1597 4756 quia
1633 4689 1745 4741 sive
1774 4689 1826 4742 iu
1858 4697 1997 4743 terra

442 4775 723 4837 Chanaan,
749 4775 859 4828 sive
888 4776 941 4828 in
972 4775 1201 4857 [Egypto
1226 4778 1563 4848 peregrinum
1590 4786 1707 4832 erat
1749 4778 1872 4832 illud
1916 4792 2000 4832 se—

443 4879 586 4927 men,
613 4872 901 4932 antequam
929 4866 1237 4945 haereditate
1266 4876 1537 4923 sumerent
1568 4878 1763 4923 terram
1791 4884 1855 4922 ex
1880 4884 2000 4938 pro-

443 4957 696 5011 missione
735 4956 846 5018 Dei,
876 4956 1015 5023 quod
1045 4955 1241 5010 ladtum
1266 4967 1349 5011 est
1373 4970 1654 5028 postquam
1679 4976 1743 5014 ex
1770 4960 1999 5040 Egypto

442 5047 648 5101 liberati
678 5055 823 5113 sunt,
852 5056 910 5100 ut
938 5045 1268 5115 hyperbaton
1292 5044 1385 5101 hic
1411 5049 1752 5119 intelligatur,
1780 5058 1833 5102 et
1870 5050 1999 5103 ordo

443 5136 511 5200 si:
536 5138 819 5191 verborum
845 5157 856 5190 :
891 5136 1112 5201 Sciendo
1134 5138 1283 5200 scies,
1308 5140 1429 5207 quia
1452 5142 1772 5209 peregrinum
1798 5142 1894 5194 erit
1921 5158 1996 5194 se-

442 5242 559 5287 nten
588 5235 732 5278 tuum
773 5230 827 5279 in
856 5238 993 5281 terra
1021 5244 1123 5279 non
1166 5230 1372 5296 propria
1404 5231 1794 5300 quadringentis
1825 5231 1992 5285 annis.

374 5344 391 5361 κ
443 5316 573 5383 Illud
600 5327 774 5371 autem
805 5319 1173 5388 interpositum
1212 5320 1532 5389 intelligatur
1564 5342 1575 5374 :
1610 5323 1674 5375 Et
1710 5325 1763 5376 in
1786 5324 1997 5375 servitu-

442 5415 543 5457 tem
578 5404 803 5474 redigcnt
831 5420 935 5467 eos,
967 5416 1012 5457 et
1041 5406 1286 5459 nocebunt
1318 5406 1441 5469 illis,
1471 5410 1541 5460 ita
1570 5416 1629 5461 ut
1656 5411 1720 5463 ad
1745 5411 1998 5478 quadrin-

446 5502 629 5571 gentos
665 5510 833 5548 annos
876 5496 976 5550 ista
1008 5497 1339 5577 interpositio
1365 5513 1467 5551 non
1513 5502 1791 5568 pertineat.
1824 5501 1879 5555 ln
1907 5517 1999 5557 ex-

450 5598 614 5643 trema
638 5587 780 5640 enim
806 5596 956 5667 parte.
987 5586 1293 5658 [annorum]
1310 5594 1535 5643 summa:
1561 5591 1736 5658 hujus,
1780 5594 1879 5648 hoc
1917 5606 1999 5649 est

451 5676 596 5759 [.lls.,
625 5678 723 5730 hoc
761 5670 1025 5761 interest],
1052 5688 1173 5761 post
1200 5689 1423 5734 mortem
1451 5680 1666 5751 Ioseph,
1692 5684 1887 5743 factum
1916 5702 1997 5742 e5t

2170 3245 2328 3298 Inter.
2355 3245 2765 3332 i7l..Q‘uomodo
2791 3243 3089 3300 defenditur
3112 3246 3378 3301 Abraham
3406 3248 3650 3303 adulterii

2100 3353 2222 3391 reus
2251 3352 2355 3390 non
2388 3351 2526 3399 esse,
2559 3337 2681 3389 dum
2713 3336 2920 3390 vivente
2949 3337 3181 3407 legitima
3211 3353 3375 3394 uxore
3403 3355 3495 3394 sua
3524 3354 3655 3395 con-

2093 3427 2311 3497 junctus
2334 3436 2416 3482 est
2440 3426 2643 3481 ancillae
2668 3442 2775 3481 sua:
2804 3425 2951 3497 (Gen.
2979 3428 3065 3499 xv)
3083 3430 3104 3480 ?
3122 3459 3192 3468 —
3223 3429 3374 3498 Resp.
3404 3429 3650 3487 Nondum

2100 3518 2428 3587 promulgata
2454 3525 2570 3571 erat
2596 3517 2751 3570 unius
2794 3518 2971 3571 uxoris
3013 3518 3096 3571 lex
3123 3520 3443 3589 evangelica.
3477 3519 3647 3576 liabe-

2100 3606 2192 3659 bat
2232 3620 2437 3671 quoque
2479 3606 2885 3673 promissionem
2926 3623 2955 3659 a
2986 3608 3093 3661 Deo
3134 3608 3516 3678 multiplicandi
3562 3626 3649 3665 se-

2101 3694 2255 3747 minis
2302 3694 2403 3757 sui,
2433 3693 2525 3745 sed
2553 3694 2777 3745 necdum
2820 3692 3041 3757 sciebat,
3085 3709 3147 3747 ex
3177 3711 3279 3762 qua
3308 3712 3491 3760 uxore,
3523 3700 3646 3765 quia

2100 3794 2280 3854 postea
2317 3784 2513 3837 dictum
2550 3793 2634 3837 est
2658 3784 2727 3847 ei,
2760 3784 2825 3838 de
2871 3782 3034 3837 Sarra
3082 3786 3277 3840 habere
3308 3780 3649 3843 {iliumTNam

2100 3883 2379 3945 propterea
2402 3874 2479 3927 sic
2500 3874 2827 3943 propagandi
2856 3874 3100 3929 voluntas
3124 3877 3207 3945 pia
3238 3876 3354 3940 fuit,
3379 3879 3499 3945 quia
3528 3893 3653 3932 con-

2102 3968 2382 4021 eumbendi
2437 3967 2681 4021 voluntas
2731 3964 2861 4037 [Αι.,
2914 3967 3174 4040 voluptas]
3227 3969 3499 4024 libidinosa
3548 3986 3650 4025 non

2101 4055 2217 4108 fuit.
2252 4055 2421 4108 Etiam
2452 4064 2505 4108 et
2533 4055 2716 4118 Sarra,
2748 4072 2867 4109 cum
2914 4056 3113 4124 prolem
3141 4059 3205 4111 de
3234 4073 3289 4113 se
3318 4058 3515 4114 habere
3544 4074 3644 4114 non

2098 4147 2288 4215 potuit,
2316 4146 2382 4199 de
2412 4145 2601 4199 ancilla
2632 4146 2829 4227 habere
2850 4146 3033 4200 voluit.
3062 4146 3451 4219 Consentiebat
3485 4148 3651 4221 [uter-

2099 4234 2223 4308 que]
2253 4237 2303 4290 in
2330 4234 2489 4299 facto,
2513 4238 2635 4306 quia
2664 4236 2909 4309 [uterque
2936 4236 3173 4310 Sarram]
3200 4242 3431 4297 sterilem
3459 4239 3647 4312 [Edit.,

2099 4327 2222 4394 quia
2249 4316 2307 4383 se
2330 4327 2585 4399 sterilem]
2612 4342 2729 4382 esse
2754 4328 2974 4381 sciebat.

2170 4440 2330 4495 Inter.
2362 4441 2478 4493 m.
2508 4439 2777 4505 Quomodo
2823 4453 3010 4494 manus
3057 4441 3292 4494 omnium
3337 4448 3522 4495 contra
3567 4441 3640 4497 Is-

2098 4531 2341 4591 maelem,
2370 4537 2424 4582 et
2458 4544 2648 4582 manus
2676 4527 2790 4594 ejus
2836 4538 3018 4581 contra
3060 4543 3247 4584 omnes
3276 4527 3426 4599 (Gen.
3456 4546 3566 4596 xvi,
3593 4532 3648 4595 7,

2099 4616 2490 4690 l?)?——Resp.
2544 4615 2742 4669 Invenit
2776 4614 2953 4688 [enim]
3000 4616 3209 4686 angelus
3260 4617 3467 4671 Domini
3510 4620 3643 4691 Agat

2096 4729 2247 4772 super
2282 4711 2475 4780 fontem
2500 4727 2646 4779 aqum
2671 4711 2723 4762 in
2751 4710 2947 4763 deserto
2969 4710 3033 4763 ad
3064 4709 3261 4765 fontem
3286 4713 3341 4765 in
3368 4715 3447 4768 ria
3468 4716 3648 4781 Assur,

2096 4818 2212 4871 quae
2230 4818 2325 4872 per
2344 4817 2580 4857 eremum
2600 4802 2745 4855 ducit
2764 4800 2828 4853 ad
2852 4799 3161 4870 ZEgyptum,
3186 4800 3287 4874 [ire
3310 4803 3614 4877 festinabat]
3635 4826 3645 4855 :

2097 4890 2163 4943 Et
2193 4893 2384 4947 vocavit
2416 4906 2597 4943 nomen
2622 4890 2731 4958 ejus
2762 4888 2973 4953 Ismael,
3004 4892 3127 4959 quia
3164 4890 3433 4946 exaudivit
3474 4894 3652 4948 Domi-

2097 4996 2195 5033 nus
2225 4979 2575 5033 humilitatem
2633 4976 2789 5050 [ejus]
2837 4978 3040 5049 (lsmael
3078 4980 3450 5049 interpretatur
3490 4995 3652 5037 exau-

2097 5069 2223 5122 ditio
2253 5068 2458 5123 Domini
2487 5068 2636 5140 [Ms.,
2666 5068 2834 5140 Dei]):
2869 5067 2970 5121 Hic
2994 5070 3087 5122 erit
3102 5070 3240 5136 ferus
3268 5070 3440 5132 homo,
3466 5086 3648 5127 manus

2096 5160 2207 5229 ejus
2251 5146 2404 5231 super
2439 5178 2630 5225 omnes,
2658 5172 2705 5215 et
2735 5178 2918 5215 manus
2946 5162 3171 5215 omnium
3213 5178 3366 5233 super
3406 5150 3551 5228 eunt,
3601 5180 3648 5221 et

2097 5262 2273 5305 contra
2304 5252 2487 5319 faciem
2518 5252 2743 5304 omnium
2772 5251 2991 5319 fratrum
3019 5267 3231 5304 suorum
3266 5253 3529 5308 habitabit.
3567 5258 3650 5312 Si-

2097 5341 2312 5411 gniﬁcat
2355 5351 2530 5394 autem
2575 5354 2755 5411 semen
2796 5339 2911 5407 ejus
2955 5342 3313 5397 habitaturum
3353 5344 3406 5397 in
3445 5360 3645 5411 eremo,

2098 5430 2149 5483 id
2194 5440 2296 5492 est,
2344 5429 2669 5483 Sarracenos
2711 5443 2892 5496 vagos,
2940 5430 3260 5501 incertisque
3288 5433 3524 5499 sedibus,
3556 5441 3647 5506 qui

2100 5518 2373 5570 universas
2394 5522 2597 5585 gentes,
2620 5515 2811 5585 quibus
2834 5517 3099 5573 desertum
3120 5536 3183 5573 ex
3206 5519 3367 5575 latere
3387 5520 3644 5594 jungitur,

2099 5605 2368 5657 incursant
2408 5611 2461 5657 et
2507 5604 2843 5673 impugnant,
2887 5604 2965 5677 [et
3008 5608 3384 5677 impugnantur
3422 5614 3486 5666 ab
3530 5631 3615 5669 om

2098 5690 2293 5760 nibus].
