4272 6196
560 326 664 378 5:9

1396 325 1454 377 Β.
1494 325 1554 378 F.
1595 323 1816 379 ALBINI
1854 314 1981 378 SEU
2017 322 2286 378 ALCUINI
2325 326 2603 382 OPERUM
2642 328 2817 384 PARS
2852 328 2915 385 ΙΙ.

3657 336 3759 392 δω

624 432 783 485 Inter.
814 431 927 484 175.
966 433 1103 497 Quae
1140 432 1314 487 littera
1344 429 1549 498 adjecta
1574 438 1659 485 est
1705 430 1907 484 nomini
1933 428 2101 497 Abra-
2130 433 2175 490 Α
2204 431 2340 499 gelio
2366 452 2376 484 :
2410 433 2557 487 Beati
2583 437 2677 505 qui
2720 435 2892 506 lugent
2921 455 3074 503 nunc,
3104 444 3348 509 quoniam
3392 445 3489 514 ipsi
3526 445 3759 502 ridebunt

552 524 675 575 ham
717 532 770 574 ct
797 520 1009 582 Sarrai;
1041 520 1125 573 vel
1169 535 1285 587 qua:
1330 520 1638 574 mutationis
1684 518 1955 587 nominum
2003 516 2103 569 illis

551 624 711 663 causa
762 608 892 663 fuit?
916 638 985 648 —
1010 606 1161 677 Resp.
1198 606 1344 660 Dixit
1386 606 1637 660 Dominus
1685 606 1750 659 ad
1796 605 2101 660 Abraham:

553 698 686 753 Ecce
712 708 1071 752 testamentum
1097 712 1265 749 meum
1292 705 1475 757 tecum,
1508 706 1554 749 et
1582 697 1682 749 eris
1709 704 1855 765 pater
1875 695 2107 747 multitu-

549 788 687 842 dinis
730 788 975 857 gentium,
1004 796 1051 839 et
1080 802 1181 839 non
1207 785 1470 838 vocabitur
1495 800 1680 840 nomen
1713 790 1863 835 tuum
1884 782 2107 845 Abram;
2152 780 2153 785 “

549 876 639 931 sed
668 878 761 930 erit
791 891 973 928 nomen
1002 886 1146 928 tuum
1175 874 1457 936 Abraham,
1497 874 1619 942 quia
1658 882 1854 941 patrem
1898 869 2107 943 (multa-

551 963 689 1039 rum]
735 968 961 1035 gentium
987 967 1133 1035 posui
1180 976 1229 1019 te
1274 963 1435 1036 (Gen.
1463 981 1602 1029 xvn,
1630 965 1661 1017 ι
1688 975 1734 1017 et
1766 964 1872 1035 15).
1919 965 2111 1019 DiCunt

550 1066 725 1111 autem
748 1057 948 1111 llebrzei
963 1058 1101 1126 quod
1118 1055 1254 1109 Deus
1278 1070 1343 1109 ex
1366 1057 1578 1110 nomine
1595 1070 1711 1117 suo,
1728 1056 1866 1123 quod
1885 1054 2021 1124 apud
2049 1054 2110 1108 il-

550 1145 626 1199 los
651 1154 1025 1216 tetragramum
1040 1142 1187 1215 [.lIs.,
1207 1144 1701 1221 tetragrammaton]
1714 1153 1816 1208 est,
1832 1157 1870 1201 Π
1891 1143 2039 1214 [Με.,
2056 1143 2107 1215 e]

551 1237 776 1289 litteram
804 1236 1028 1290 Abraha:
1055 1245 1109 1291 et
1134 1236 1308 1289 Sarra:
1349 1236 1625 1289 addiderit.
1658 1236 1940 1310 Dicebatur
1966 1237 2109 1289 enim

549 1325 775 1393 primum
817 1324 1034 1389 Abram,
1063 1326 1204 1393 quod
1254 1326 1636 1394 interpretatur
1674 1335 1820 1394 pater
1845 1323 2107 1387 excelsus;

547 1426 600 1469 et
627 1425 811 1485 postea
840 1416 993 1486 321
1045 1425 1262 1470 vocatus
1289 1424 1373 1470 est
1411 1417 1703 1479 Abraham,
1742 1427 1889 1486 pater
1914 1415 2107 1469 multa-

548 1524 681 1560 rum.
714 1507 846 1560 Nam
876 1510 1102 1577 gentium
1132 1522 1235 1561 non
1262 1507 1488 1561 habetur
1513 1507 1567 1560 in
1597 1507 1832 1567 nomine,
1861 1506 1956 1558 sed
1985 1504 2111 1557 sub~

547 1596 776 1649 auditur.
808 1594 916 1649 Nec
943 1597 1240 1649 mirandum
1264 1610 1454 1664 quare,
1480 1609 1600 1648 cum
1642 1594 1781 1664 apud
1810 1593 2026 1648 Grzems
2055 1602 2111 1648 et

547 1684 805 1753 quosdam
824 1684 957 1738 alios
980 1702 1011 1737 α
1037 1684 1211 1737 littera
1232 1682 1472 1737 videatur
1490 1682 1692 1745 addita,
1712 1697 1809 1736 nos
1827 1693 1867 1739 τι
1887 1678 2039 1752 [ΜιἿ
2054 1679 2107 1751 e]

546 1866 737 1934 linguae
782 1861 964 1935 [illius]
996 1871 1078 1917 est
1120 1877 1216 1931 per
1242 1876 1279 1919 rt
1308 1860 1457 1931 μίση
1488 1860 1539 1932 e]
1591 1861 1806 1929 quidem
1853 1860 2115 1922 scribere,

544 1954 639 2009 sed
669 1970 763 2023 per
789 1972 821 2007 a
848 1953 1051 2023 legere;
1082 1954 1219 2006 sicut
1247 1968 1277 2005 e
1315 1961 1500 2005 contra
1531 1970 1562 2004 a
1589 1952 1819 2005 litteram
1848 1966 1987 2020 saepe
2016 1964 2111 2019 per

544 2059 572 2094 e
591 2031 953 2111 pronuntiant.
980 2040 1040 2093 Et
1065 2040 1196 2094 dixit
1220 2038 1360 2093 Deus
1381 2040 1447 2092 ad
1469 2039 1738 2093 Abraham
1757 2059 1767 2092 :
1787 2038 1939 2094 Sarn’
1962 2037 2106 2110 [ms.,

547 2128 751 2200 Sarrai]
783 2145 915 2182 uxor
948 2138 1037 2181 tua
1058 2169 1071 2192 ,
1101 2146 1205 2181 non
1232 2128 1433 2182 vocabis
1460 2145 1575 2181 eam
1616 2128 1795 2191 Sarri,
1826 2128 1918 2181 sed
1943 2127 2108 2211 Sarra

548 2223 642 2275 erit
671 2238 852 2274 nomen
874 2222 986 2291 ejus
1009 2218 1157 2291 (Gen.
1184 2219 1438 2290 xvu,15).
1464 2220 1658 2273 Errant
1680 2217 1832 2290 [Ms.,
1854 2219 1920 2271 Et
1939 2216 2103 2288 sunt],

545 2316 637 2384 qui
690 2324 879 2384 putant
927 2314 1157 2391 primum
1203 2310 1367 2367 Sarra
1420 2325 1517 2381 per
1562 2327 1729 2364 unum
1780 2326 1806 2363 r
1851 2310 2106 2379 scriptum

548 2404 731 2465 fuisse,
761 2411 816 2455 et
857 2411 1039 2471 postea
1066 2401 1115 2454 ei
1160 2399 1385 2454 alterum
1416 2417 1442 2451 r
1470 2400 1725 2464 additum,
1768 2400 1891 2467 quia
1915 2416 1940 2450 r
1967 2399 2106 2468 apud

543 2494 757 2548 Graecos
782 2495 1117 2547 centenarias
1143 2507 1396 2547 numerus
1418 2500 1520 2547 est.
1550 2491 1699 2547 Sarri
1726 2483 1878 2563 μὴ,
1899 2491 2103 2562 Sarrai]

544 2596 673 2652 ergo
716 2581 946 2651 primum
986 2589 1173 2635 vocata
1200 2588 1281 2635 est
1305 2595 1401 2649 per
1428 2588 1489 2637 ’τ’
1532 2578 1688 2651 [Ms.,
1727 2593 1824 2648 per
1860 2580 1965 2642 sin,
1998 2593 2107 2641 res,

538 2668 679 2739 joth]
707 2668 914 2724 sublato
935 2668 1047 2735 jod,
1075 2668 1127 2723 id
1164 2662 1268 2733 est,
1298 2670 1405 2722 iota
1446 2667 1725 2731 elemento,
1760 2667 1996 2722 additum
2023 2674 2109 2720 est

543 2775 591 2821 e,
621 2766 760 2827 quod
784 2772 879 2828 per
905 2776 936 2811 a
957 2758 1166 2829 legitur,
1194 2766 1249 2811 et
1275 2767 1462 2812 vocata
1490 2767 1575 2813 est
1600 2757 1783 2813 Sarra.
1812 2757 1986 2813 Causa
2012 2774 2106 2811 au-

546 2857 651 2903 tem
698 2849 927 2902 nominis
974 2849 1160 2902 mutati
1209 2850 1323 2902 haec
1349 2857 1435 2903 est
1460 2849 1601 2917 quod
1636 2856 1791 2901 antea
1833 2846 2124 2911 dicebatur,

542 2939 779 3008 princeps
808 2935 988 3008 [mea],
1019 2937 1175 2991 unius
1216 2936 1582 2991 tantummodo
1610 2936 1801 2992 domus
1845 2934 2101 2992 materfa-

548 3025 752 3089 milias;
782 3032 967 3094 postea
992 3039 1118 3079 vero
1144 3025 1339 3079 dicitur
1360 3024 1597 3080 absolute
1622 3027 1875 3095 princeps.

2208 520 2419 590 (llattlt.
2448 522 2519 594 ν).
3446 554 3453 561 ·

2281 609 2436 664 Inter.
2469 612 2587 665 176.
2614 614 2789 680 Quare
2837 616 3057 690 [autem]
3106 619 3326 674 Sarram
3368 622 3627 677 ridentem
3677 640 3761 678 ne-

2208 701 2419 770 darguit
2465 703 2742 769 Dominus,
2793 705 2934 777 (cum
2982 708 3250 764 Abraham
3300 712 3476 764 riserit
3517 720 3573 765 et
3616 711 3760 767 illum

2209 805 2313 842 non
2344 792 2633 862 redarguit)
2662 793 2811 863 (Gen.
2836 810 2987 859 xvnt,
3012 798 3215 867 l3)?—
3236 799 3389 870 Resp.
3416 801 3594 873 {Quia}
3624 806 3764 859 risus

2208 878 2433 934 Abrahae
2473 882 2839 937 admirationis
2868 894 2922 938 et
2961 885 3152 942 laetitia:
3194 887 3327 943 fuit:
3363 889 3538 945 Sarra:
3579 901 3769 947 autem.

2208 968 2547 1025 dubitationis
2590 980 2647 1025 et
2690 974 3019 1042 difﬁdentiae,
3054 980 3195 1049 quod
3238 982 3306 1035 ab
3352 982 3440 1037 illo
3480 984 3769 1054 dijudicari»

2208 1060 2395 1126 potuit,
2424 1062 2513 1128 qui
2542 1063 2701 1117 corda
2745 1066 3015 1120 hominum
3046 1071 3206 1124 novit.
3240 1071 3389 1126 Unde
3435 1075 3548 1128 haec
3572 1076 3758 1131 eadem

2210 1144 2374 1199 Sarra
2426 1149 2605 1203 ridens
2649 1152 2953 1221 corripitur,
2997 1166 3241 1227 correpta
3286 1162 3531 1229 protinus
3580 1161 3761 1219 fecun-

2210 1234 2386 1299 datur,
2418 1245 2473 1290 et
2498 1246 2685 1293 contra
2726 1256 2873 1317 spem
2902 1258 2967 1297 ex
3004 1244 3182 1301 divina
3220 1252 3575 1317 promissione
3613 1268 3772 1309 acce-

2208 1324 2317 1394 pit,
2363 1327 2501 1396 quod
2546 1324 2846 1385 habituram
2885 1348 2945 1388 se
2984 1348 3050 1388 ex
3096 1337 3326 1392 humana
3369 1341 3574 1397 ratione
3614 1341 3775 1397 dubl-.

2209 1414 2359 1468 tavit.

2277 1521 2437 1578 Inter.
2468 1525 2585 1579 177.
2614 1527 2754 1595 Quot
2778 1532 2830 1585 in
2851 1532 3025 1588 Veteri
3044 1535 3384 1593 Testamento
3410 1543 3639 1609 propriis
3668 1558 3763 1597 no—

2209 1613 2439 1668 minibus
2480 1618 2737 1673 nominati
2783 1630 2928 1686 sunt,
2973 1632 3257 1695 antequam
3295 1633 3763 1685 nascerentur?—

2212 1702 2363 1773 Resp.
2407 1704 2676 1771 Quatuor:
2706 1710 2913 1777 Ismael,
2959 1714 3127 1782 Isaac,
3171 1716 3417 1774 Salomon
3466 1731 3521 1775 et
3567 1721 3775 1790 Josias,

440 1845 443 1848 ν
546 1775 776 1827 litteram
806 1773 1079 1839 Hebrmam
1124 1772 1355 1827 additam
1386 1772 1709 1835 dixerimus;
1740 1772 2108 1865 idiomaenim
2140 1784 2185 1844 Β
2212 1795 2370 1849 cenis
2392 1797 2705 1865 quibusdam
2733 1815 2796 1855 ex
2828 1772 3025 1859 mmsis.

2277 1885 2440 1940 Inter.
2467 1888 2585 1943 “'8.
2631 1889 2917 1959 Quaeritur,
2948 1910 3066 1950 cum
3108 1906 3219 1952 tres
3265 1901 3363 1955 viri
3408 1913 3623 1968 essent,
3671 1908 3759 1974 qui

2207 1974 2432 2029 Abrahae
2478 1991 2858 2047 apparuerunt,
2889 1988 3153 2053 quomodo
3189 1990 3528 2059 singulariter
3574 1993 3747 2049 Domi-

2210 2081 2334 2118 num
2364 2069 2591 2137 appellat
2619 2072 2799 2125 dicens
2822 2092 2833 2126 :
2861 2074 3095 2142 Domine,
3122 2080 3167 2132 si
3196 2080 3364 2154 inveni
3390 2086 3610 2151 gratiam
3642 2094 3762 2137 ante
3859 2124 3863 2128 η

2206 2170 2254 2213 te
2302 2162 2474 2231 (vers.
2501 2164 2690 2233 5)?—
2720 2164 2871 2234 Resp.
2917 2166 3081 2238 Igitur
3126 2171 3178 2224 in
3230 2171 3432 2240 angelis
3480 2172 3762 2230 Dominum

2206 2251 2462 2317 sentiens,
2495 2253 2718 2308 Domino
2744 2256 2938 2325 potius,
2970 2273 3127 2327 quam
3156 2261 3359 2329 angelis
3402 2262 3545 2333 loqui
3576 2266 3751 2336 elegit.

2194 2338 2271 2392 Et
2312 2343 2834 2415 quidem-aliquando
2878 2348 3299 2420 imaginibus,et
3326 2364 3447 2409 ante
3475 2372 3760 2430 corporcos

2205 2432 2405 2495 oculos,
2431 2434 2494 2489 ad
2521 2443 2728 2504 tempus
2748 2453 2814 2492 ex
2844 2454 2966 2494 aere
2997 2444 3283 2511 assumptis
3308 2460 3406 2514 per
3434 2447 3649 2517 angelos
3676 2448 3757 2503 lo-

2204 2523 2382 2588 quitur
2410 2522 2574 2589 Deus,
2621 2526 2758 2580 sicut
2803 2544 2945 2582 nunc
2992 2529 3260 2586 Abraham
3291 2549 3394 2587 non
3441 2536 3611 2589 solum
3654 2546 3762 2593 tres

2204 2612 2349 2665 viros
2390 2612 2570 2667 videre
2622 2612 2814 2684 potuit,
2847 2618 2940 2672 sed
2983 2621 3143 2674 etiam
3195 2630 3408 2677 terreno
3458 2625 3759 2681 habitaculo

2204 2703 2438 2771 recipere
2464 2712 2519 2757 et
2543 2720 2726 2760 eorum
2756 2707 2941 2763 usibus
2977 2711 3137 2763 etiam
3167 2711 3312 2766 cibos
3342 2713 3612 2769 adhibere.
3643 2714 3755 2769 Nisi

2203 2795 2347 2847 enim
2376 2795 2570 2865 angeli,
2603 2811 2722 2851 cum
2748 2799 2989 2866 quaedam
3018 2800 3169 2853 nobis
3207 2802 3261 2855 in
3310 2810 3451 2856 terra
3488 2806 3757 2869 nuntiant,
3842 2804 3845 2806 ’

2203 2884 2268 2937 ad
2298 2892 2505 2954 tempus
2531 2901 2595 2939 ex
2637 2902 2761 2940 aere
2800 2902 2995 2958 corpus
3024 2901 3381 2957 assumerent,
3410 2896 3759 2950 exterioribus

2201 2971 2438 3041 profecto
2465 2976 2660 3029 nostris
2684 2976 2953 3032 obtutibus
2985 2995 3088 3034 non
3114 2990 3451 3051 apparerent.
3474 2982 3584 3037 Nec
3610 2984 3757 3041 cibos

2130 3104 2174 3165 Ο
2206 3078 2325 3117 cum
2366 3063 2633 3119 Abraham
2681 3078 2970 3134 sumerent,
3002 3072 3104 3125 nisi
3146 3082 3363 3141 propter
3386 3088 3484 3128 nos
3534 3074 3757 3130 solidum

618 3176 780 3231 Inter.
811 3136 928 3229 174.
959 3175 1136 3242 Quare
1163 3176 1431 3230 Abraham
1461 3178 1925 3233 circumcisionem
1949 3195 2103 3235 acce-
2130 3136 2174 3165 υ
2204 3152 2400 3222 aliquid
2440 3171 2503 3208 ex
2552 3156 2755 3211 (³⁸⁵1⁸⁵⁸³
2800 3158 3062 3214 clamem”
3106 3171 3396 3230 gestam)"
3429 3163 3537 3220 Nec
3566 3168 3756 3223 mirum

544 3266 625 3333 pit
652 3261 801 3333 (vers.
824 3262 1035 3333 24)?-
1066 3262 1219 3333 Resp.
1248 3263 1450 3319 Idcirco
1477 3264 1704 3320 Abrahae
1730 3268 2101 3323 commendata

546 3351 695 3425 [Hs.,
719 3350 863 3425 data]
908 3362 991 3407 est
1031 3353 1383 3419 circumcisio,
1412 3364 1471 3408 ut
1514 3356 1612 3409 sub
1636 3355 1749 3426 lege
1767 3365 1935 3435 esset,
1965 3358 2103 3413 sicut

545 3442 664 3515 [et]
708 3443 898 3510 Adam,
935 3459 1004 3498 ne
1047 3445 1113 3499 dc
1158 3444 1298 3514 ligno
1345 3445 1722 3511 manducaret,
1763 3442 1821 3500 ut
1857 3462 2101 3518 compro-

543 3536 779 3598 baretur,
807 3535 850 3588 si
880 3535 1171 3605 compleret
1214 3535 1335 3597 hoc,
1375 3551 1441 3588 an
1490 3536 1633 3589 non?
1675 3536 1912 3592 Credens
1957 3539 2099 3592 enim

547 3623 710 3678 filium
740 3640 797 3679 se
840 3611 1163 3691 habiturum,
1192 3641 1287 3695 per
1314 3625 1464 3693 cujus
1493 3631 1888 3697 generationem
1929 3632 2101 3684 omni-

544 3715 640 3768 bus
669 3716 910 3785 gentibus
938 3717 1236 3770 benedictio
1265 3716 1443 3770 futura
1468 3726 1631 3781 esset,
1661 3728 1715 3773 et
1744 3721 1797 3774 in
1826 3722 1977 3791 cujus
2006 3738 2099 3776 ne-

543 3804 752 3873 potibus
796 3808 1055 3860 castitatis
1106 3817 1159 3860 et
1207 3807 1509 3863 sobrietatis
1560 3812 1771 3865 unicum
1814 3814 2101 3868 mansisset

543 3895 851 3965 exemplar:
886 3898 1026 3951 unde
1052 3898 1105 3950 in
1135 3914 1197 3951 ea
1236 3907 1386 3968 parte
1431 3902 1670 3968 corporis
1719 3903 1926 3971 signum
1978 3904 2099 3959 ﬁdei

542 3987 764 4054 accepit,
798 3986 936 4039 unde
964 3985 1059 4061 [et]
1095 3987 1232 4041 filius
1263 3988 1382 4041 fidei
1407 3987 1595 4060 [Edit.,
1620 3990 1758 4062 Dei],
1787 4008 1890 4047 non
1921 3996 2100 4051 carnis

547 4074 850 4127 nasciturus
877 4084 1025 4140 erat;
1056 4092 1153 4130 nec
1181 4087 1423 4132 truncata
1454 4083 1693 4149 corporis
1738 4091 1888 4153 parte
1926 4084 2100 4141 defor-

545 4164 700 4227 mior,
731 4162 824 4216 sed
869 4163 987 4218 fidei
1017 4167 1067 4218 in
1100 4165 1264 4219 Deum
1310 4170 1459 4238 signo
1487 4170 1780 4239 gloriosior.
1812 4174 1975 4244 Igitur
2001 4193 2099 4245 pro

544 4254 653 4306 Deo
680 4253 876 4322 aliquid
906 4256 1127 4325 perdere
1172 4258 1376 4312 lucrum
1418 4270 1516 4325 est,
1559 4278 1664 4315 non
1706 4264 1976 4320 damnum.
2022 4268 2096 4323 Ita

541 4343 807 4398 Abraham
839 4346 956 4401 fidei
984 4363 1094 4401 sua:
1114 4350 1320 4419 signum
1349 4353 1615 4421 accipiens
1642 4368 1743 4411 non
1768 4355 2097 4413 deformatus

2201 3244 2351 3321 quod
2372 3244 2441 3297 illi
2471 3244 2567 3313 ipsi
2598 3246 2686 3314 qui
2718 3250 2951 3317 suscepti
2990 3258 3134 3315 sunt,
3188 3253 3347 3325 modo
3374 3255 3569 3324 angeli,
3600 3259 3759 3313 modo

2201 3331 2453 3386 Dominus
2483 3333 2672 3406 [Edit.,
2703 3335 2936 3416 Domini]
2964 3348 3250 3407 vocantur;
3281 3344 3406 3412 quia
3442 3344 3753 3416 angelorum

2201 3419 2460 3474 vocabulo
2502 3415 2904 3492 exprimuntur,
2938 3430 3028 3496 qui
3076 3432 3313 3485 exterius
3360 3415 3756 3502 ministrabant,

2198 3516 2253 3561 et
2279 3509 2627 3577 appellatione
2676 3512 2883 3569 Domini
2928 3518 3245 3584 ostenditur,
3278 3522 3367 3589 qui
3411 3523 3490 3579 eis
3534 3525 3756 3583 interius

2200 3610 2457 3668 praeerat:
2489 3612 2547 3662 ut
2586 3620 2681 3674 per
2725 3606 2826 3661 hoc
2869 3610 3200 3678 praesidentis
3242 3613 3553 3683 imperium,
3580 3626 3636 3670 et
3660 3632 3755 3686 per

2200 3688 2325 3744 illud
2352 3690 2672 3747 claresceret
2692 3694 2922 3751 ofﬁcium
2948 3699 3384 3755 ministrantium.
3596 3763 3603 3771 ,

2266 3779 2425 3849 322
2447 3780 2608 3835 Inter.
2632 3784 2748 3837 179.
2774 3784 2912 3849 Quid
2934 3797 3017 3841 est
3036 3787 3243 3843 clamor
3265 3788 3647 3861 Sodomorum;
3673 3798 3752 3851 vel

2198 3870 2323 3937 quid
2348 3878 2447 3931 est,
2475 3873 2615 3938 quod
2641 3872 2895 3928 Dominus
2931 3875 3097 3930 dixit:
3130 3878 3445 3934 Dcscendam
3474 3894 3523 3937 et
3553 3885 3750 3952 videbo,

2198 3968 2369 4011 utrum
2398 3960 2673 4015 clamorem
2698 3965 2785 4033 qui
2814 3968 2945 4020 venit
2973 3968 3041 4021 ad
3085 3987 3182 4033 me,
3212 3988 3360 4042 apere
3389 3976 3747 4045 compleverint

2200 4046 2362 4120 (Gen.
2392 4066 2552 4115 xvui,
2576 4052 2663 4117 20,
2701 4054 2911 4126 21η-
2942 4057 3097 4129 Resp.
3127 4061 3409 4118 Peccatum
3452 4083 3574 4123 cum
3625 4087 3752 4129 voce

2196 4146 2279 4191 est
2324 4139 2473 4207 culpa
2505 4143 2568 4194 in
2598 4146 2834 4211 actione;
2864 4160 3142 4217 peccatum
3194 4168 3322 4209 vero
3349 4170 3470 4212 cum
3510 4160 3751 4220 clamore

2197 4236 2280 4282 est
2314 4229 2464 4299 culpa
2512 4248 2631 4287 cum
2687 4236 2931 4292 libertate
2974 4249 3028 4295 et
3060 4242 3336 4310 jactantia.
3366 4247 3517 4313 Quod
3569 4262 3749 4309 autem

2196 4320 2365 4373 dixit:
2396 4320 2711 4378 Descendarn
2731 4336 2783 4380 et
2825 4330 3019 4397 videbo,
3050 4343 3105 4389 et
3146 4334 3384 4412 [cetera]
3424 4342 3761 4413 huiusmodi,

541 4443 642 4499 est,
672 4437 763 4489 sed
792 4438 1114 4492 melioratus.
1160 4414 1215 4493 Di
1259 4443 1397 4495 enim
1427 4414 1591 4497 A-dam
1636 4455 1847 4515 pactum
1879 4450 1970 4505 Dei
2002 4467 2096 4506 cu-
2127 4431 2153 4491 ί

2163 4414 2534 4483 (omnipotens
2560 4414 2814 4472 Dominus
2834 4428 2888 4473 et
2912 4426 3090 4479 omnia
3120 4430 3324 4498 sciens;
3354 4448 3452 4487 cur
3481 4445 3605 4491 ante
3628 4454 3739 4508 pro-

542 4523 809 4588 stodisset,
838 4526 1106 4580 Abraham
1136 4530 1237 4581 hoc
1264 4542 1476 4598 pactum
1520 4549 1625 4587 non
1652 4540 1960 4608 accepisset.
1994 4542 2099 4599 Sed

542 4614 665 4680 quia
696 4613 779 4667 ille
805 4615 856 4667 in
889 4617 989 4668 hoc
1030 4618 1269 4671 membro
1296 4620 1503 4688 culpam
1534 4625 1899 4685 inobedientiaa
1926 4634 2097 4702 primo

542 4705 985 4771 agnovit,decuit
1010 4716 1067 4760 ut
1110 4709 1208 4762 iste
1234 4709 1284 4762 in
1318 4710 1415 4764 hoc
1443 4714 1682 4769 membro
1724 4719 1930 4787 signum
1971 4724 2097 4779 obc—

543 4792 755 4845 uientiac
781 4796 1011 4847 secundo
1041 4796 1171 4865 [Al.,
1200 4799 1487 4873 secundus]
1516 4804 1805 4872 acciperet;
1836 4820 1895 4864 ut
1920 4824 2097 4868 osten-

542 4880 757 4935 deretur
805 4882 1109 4939 obedientes
1158 4890 1472 4958 quandoque
1520 4908 1805 4963 generasse
1853 4898 1987 4956 filios
2028 4907 2095 4959 ad

545 4968 727 5034 vitam,
754 4972 879 5027 dum
903 4971 1030 5027 olim
1056 4979 1491 5044 praevaricatores
1521 4998 1842 5053 generarunt
1860 4994 1926 5047 ad
1954 4999 2095 5049 mor-

548 5065 677 5111 tem.

612 5182 773 5240 Inter.
800 5187 915 5242 175.
948 5190 1193 5263 Nunquid
1222 5194 1504 5268 [dubitanti
1533 5205 1736 5279 animo]
1781 5211 1950 5266 dixit:
1984 5215 2094 5269 Pu-

544 5285 699 5339 tasne.
714 5284 1005 5335 centenario
1030 5299 1269 5343 nascetur
1293 5291 1455 5359 ﬁlius,
1477 5305 1525 5349 et
1555 5296 1719 5351 Sarra
1745 5309 2093 5371 nonagenaria

544 5371 705 5435 pariet
751 5372 899 5443 (vers.
929 5376 1045 5446 l7)?
1064 5408 1133 5417 —-
1155 5379 1308 5451 Resp.
1336 5382 1448 5437 Non
1474 5388 1636 5443 verba
1662 5391 1776 5445 harc
1803 5392 2093 5452 dubitantis

548 5456 880 5515 difﬁdentiam
901 5465 1206 5533 ostendunt,
1229 5471 1322 5524 sed
1346 5472 1655 5531 admirantis
1681 5480 1947 5549 gaudium.
1972 5483 2092 5539 Ideo

544 5562 650 5614 pne
677 5548 868 5619 gaudio
914 5554 1134 5611 ridentis
1175 5556 1402 5625 Abrahae
1441 5563 1579 5619 filius
1611 5548 1886 5625 dicebatur
1918 5572 2084 5630 Isaac.

546 5635 723 5710 [Nam]
754 5641 892 5698 risus
921 5644 1020 5701 iste
1064 5648 1116 5701 in
1158 5647 1296 5703 bono
1326 5655 1491 5721 accipi
1522 5657 1697 5724 debet,
1727 5669 1786 5715 ut
1831 5663 1884 5718 in
1916 5664 2089 5720 Evan-

2198 4499 2463 4555 hationem
2511 4506 2665 4572 quasi
2716 4506 2947 4575 dubitat,
3001 4515 3104 4570 nisi
3154 4527 3213 4572 ut
3262 4523 3541 4591 gravitatis
3594 4499 3748 4583 nobis

2196 4590 2491 4658 exemplum
2518 4604 2796 4664 proponat,
2829 4615 2894 4654 ne
2922 4603 3061 4657 mala
3092 4605 3364 4663 hominum
3394 4621 3516 4668 ante
3546 4629 3747 4685 praesu-

2196 4692 2405 4732 mamus
2434 4683 2651 4738 credere
2696 4701 2853 4755 quam
2887 4692 3145 4759 probare?
3169 4695 3236 4750 Et
3259 4713 3383 4754 ecce
3411 4712 3469 4757 ut
3510 4683 3608 4776 per
3645 4724 3743 4762 an~

2195 4769 2337 4838 gelos
2363 4772 2427 4824 ad
2452 4780 2817 4843 cognoscenda
2859 4782 2996 4835 mala
3024 4785 3317 4856 descendit,
3362 4810 3483 4849 mox
3510 4769 3742 4855 -facino-

2197 4874 2345 4958 rosas
2369 4864 2615 4958 percutit.
2643 4864 2817 4936 Atque
2849 4870 2933 4925 ille
2983 4877 3211 4945 patiens,
3256 4882 3343 4937 ille
3384 4887 3550 4952 mitis,
3580 4883 3741 4958 [ille,]

2195 4950 2259 5004 de
2282 4965 2388 5019 quo
2416 4953 2668 5023 scriptum
2696 4966 2778 5011 est
2805 4976 2817 5012 :
2860 4959 2935 5015 Tu
2965 4975 3135 5021 autem
3172 4970 3431 5045 [Domine]
3462 4950 3745 5034 cunt-trait;

2191 5040 2443 5133 quitlitate
2476 5043 2688 5111 judicas
2726 5047 2876 5119 (Sap.
2900 5067 2998 5118 xn,
3028 5056 3132 5127 18).
3164 5058 3251 5115 llle
3279 5062 3343 5117 de
3387 5040 3494 5133 quo
3530 5082 3745 5124 rursum

2191 5130 2447 5198 scriptum
2489 5141 2607 5187 est:
2636 5135 2886 5193 Dominus
2932 5145 3131 5211 patiens
3178 5160 3274 5215 est,
3449 5153 3547 5229 [in]
3592 5167 3743 5214 tanto

2190 5221 2411 5275 crimine
2454 5222 2714 5279 involutos
2761 5228 3053 5301 inveniens,
3077 5241 3229 5308 quasi
3274 5221 3580 5313 patientiam
3607 5266 3743 5320 pra:-

2192 5312 2438 5375 termisit,
2465 5322 2519 5367 et
2545 5316 2683 5372 diem
2713 5328 2934 5381 extremi
2965 5326 3148 5397 judicii
3190 5312 3501 5404 exspectare
3528 5340 3593 5394 ad
3607 5312 3740 5397 ain-

2192 5400 2596 5497 dictam’noluit,
2628 5410 2719 5464 sed
2748 5427 2840 5469 eos
2866 5415 2989 5485 igne
3019 5416 3205 5484 iudicii
3248 5400 3370 5478 ante
3398 5425 3534 5481 diem
3554 5429 3749 5497 judicii.

2191 5492 2459 5557 praevenit.
2490 5495 2627 5552 Ecce
2655 5502 2871 5566 malum,
2894 5512 2948 5558 et
2972 5510 3124 5574 quasi
3149 5526 3268 5566 cum
3295 5492 3599 5575 difﬁcultate
3623 5536 3739 5576 cre-

2112 5633 2131 5641 _
2191 5582 2325 5637 didit
2345 5600 2466 5641 cum
2497 5591 2725 5656 audivit;
2757 5601 2811 5647 et
2836 5602 3009 5653 tamen
3037 5602 3152 5656 sine
3188 5604 3432 5665 tarditate
3455 5611 3736 5681 percussit,

2191 5685 2309 5725 cum
2338 5690 2521 5733 verum
2552 5685 2916 5749 cognoscendo
2949 5692 3183 5760 reperit:
3218 5704 3275 5749 ut
3300 5697 3454 5754 nobis
3496 5699 3737 5757 videlicet
