4272 6202
464 337 557 392 inii
1051 328 1450 389 EXEGETICA.
1492 365 1560 375 -—
1595 334 1963 390 INTERROG.
2002 335 2090 389 ΕΤ
2130 332 2455 388 llESPONS.
2498 334 2579 388 lN-
2604 334 2866 389 GENES..
2915 336 3059 391 ETC.

3557 342 3663 397 542

466 452 614 500 daret
639 444 959 514 exemplum,
987 445 1113 512 quia
1140 446 1344 515 majora
1368 446 1592 500 crimina
1620 453 1675 499 et
1709 445 1858 500 tarde
1894 460 2009 499 cre-
2036 449 2083 503 Α
2110 456 2217 496 non
2243 442 2441 510 poterit
2475 441 2720 495 liberari?
2749 443 2813 495 Et
2840 443 2977 498 hanc
3004 446 3335 499 occasionem
3382 447 3665 504 inﬁdelita-

468 535 635 595 .tenda
662 543 785 588 sunt
823 549 943 588 cum
974 534 1280 588 audiuntur.
1310 542 1365 587 et
1389 535 1546 589 citius
1570 534 1859 605 punienda,
1890 548 2009 586 cum
2054 599 2061 606 ⁵

469 635 726 678 veracuer
767 630 1142 692 agnoscuntur.

536 712 695 765 Inter.
724 710 842 766 180.
875 710 1055 777 Quare
1094 711 1363 765 Abraham
1405 712 1578 766 dixit:
1617 709 1793 773 Paleis
1826 726 1939 764 sum
1965 719 2010 762 et

469 803 593 857 ritus
617 798 767 870 (Gen.
794 816 945 863 xvni,
965 800 1077 871 27),
1102 815 1223 854 cum
1250 808 1425 853 tantas
1446 799 1826 869 promissiones
1850 815 1881 852 a
1906 799 2013 852 Deo

467 890 790 960 accepisset?
807 921 875 930 —
897 890 1049 960 Resp.
1072 890 1457 945 Sublimitatem
1485 891 1893 961 promissionum
1920 890 2014 943 hu-

468 979 705 1034 militatis
735 981 1047 1048 temperavit
1072 979 1415 1048 subjectione.
1453 981 1587 1050 Apte
1629 978 1779 1051 [Ms.,
1810 978 2012 1051 aperte]

467 1072 609 1124 enim
637 1070 941 1140 intelligitur
968 1072 1023 1125 in
1068 1086 1173 1139 quo
1200 1071 1317 1127 loco
1344 1086 1400 1126 se
1424 1079 1692 1141 posuerat,
1719 1072 1807 1139 qui
1835 1070 2014 1143 pulve—
2067 1102 2072 1107 -

466 1178 577 1216 rem
606 1177 665 1216 se
703 1177 768 1217 ac
797 1164 1031 1217 cinerem
1060 1164 1221 1218 etiam
1265 1173 1377 1218 tum
1406 1180 1527 1218 cum
1555 1163 1665 1218 Deo
1689 1163 2011 1231 loqueretur,

466 1251 777 1305 :estimabat.
810 1250 865 1306 Si
890 1252 1049 1323 igitur
1069 1268 1127 1307 se
1153 1254 1226 1307 ita
1252 1254 1491 1323 despicit,
1517 1255 1606 1323 qui
1632 1269 1799 1322 usque
1827 1253 1892 1307 ad
1920 1254 2014 1307 ho-

467 1338 649 1395 norem
695 1342 882 1396 divina:
933 1342 1292 1418 collocutionis
1341 1342 1489 1415 [Ms.,
1532 1340 2011 1413 contemplationis]

467 1433 734 1497 ascendit,
785 1431 1005 1488 sollicita
1050 1435 1339 1508 intentione
1382 1435 1707 1505 pensandum
1751 1442 1864 1497 est,
1910 1449 2013 1502 qua

464 1538 623 1592 paena
650 1523 723 1578 illi
749 1521 972 1579 feriendi
997 1532 1139 1590 sunt,
1162 1527 1251 1594 qui
1274 1527 1341 1580 ad
1363 1541 1568 1582 summa
1587 1540 1692 1581 non
1712 1524 2010 1596 proﬁciunt,

466 1627 521 1667 et
545 1625 718 1669 tamen
748 1616 813 1670 de
839 1617 1071 1671 minimis
1097 1618 1436 1672 extolluntur.

536 1705 698 1759 Inter.
728 1706 846 1760 181.
880 1706 1053 1772 Quieri
1082 1707 1215 1762 solet
1257 1717 1435 1762 utrum
1476 1709 1617 1777 quod
1659 1708 1723 1762 de
1771 1706 2014 1762 Sodomis

2113 530 2204 594 tis,
2231 530 2391 583 etiam
2422 531 2477 583 in
2506 529 2642 583 ﬁlias
2666 532 2837 587 coitus
2882 531 3201 602 principium
3230 535 3438 591 dedisse
3464 548 3667 591 eertum

2089 622 2211 673 'est.
2235 618 2334 684 Qui
2363 621 2505 673 enim
2536 628 2754 673 caeteras
2774 620 2930 689 323
2960 622 3163 675 viderat
3191 622 3371 676 subrui
3398 624 3667 689 civitates,

2111 716 2166 762 et
2187 709 2324 762 hanc
2353 706 2538 779 [stare,
2567 724 2728 777 seque
2757 710 2952 763 auxilio
2994 710 3088 765 Dei
3135 721 3341 767 erutum
3386 712 3475 783 (In
3516 714 3669 780 edit.,

2112 796 2373 861 mendose,
2399 790 2454 851 et
2482 799 2620 852 hanc
2645 798 2825 861 fuisse,
2850 814 2966 868 qua:
2991 799 3080 854 Dei
3111 801 3305 856 auxilio
3330 811 3480 856 eruta
3507 800 3667 874 est)];

2112 885 2292 953 utique
2322 885 2387 939 de
2431 902 2494 939 eo
2522 887 2663 956 quod
2695 888 2794 941 sibi
2842 904 3151 944 concessum
3196 891 3454 956 audierat,
3498 892 3669 947 ambi-

2113 989 2237 1043 gere
2266 990 2369 1029 non
2401 976 2599 1030 debuit.

2182 1064 2343 1118 Inter.
2373 1065 2493 1120 185.
2517 1065 2623 1120 Cur
2646 1060 2805 1136 igitur
2826 1070 3022 1139 angeli,
3039 1072 3188 1138 quasi
3213 1074 3446 1142 hospites
3474 1077 3668 1139 coacti,

2114 1154 2331 1209 domum
2382 1156 2481 1211 Lot
2520 1158 2779 1213 introisse
2817 1160 3108 1215 dicuntur?
3144 1192 3214 1202 --
3245 1162 3398 1234 Resp.
3442 1164 3509 1219 Ut
3549 1174 3670 1220 ten-

2116 1256 2224 1301 tata
2266 1258 2409 1303 esset
2462 1250 2695 1304 charitas
2741 1251 2857 1313 Lot,
2911 1253 3133 1321 probata
3175 1262 3229 1308 et
3292 1265 3669 1310 remunerata:

2112 1345 2166 1390 et
2202 1345 2259 1391 ut
2285 1338 2657 1395 ostenderetur
2690 1352 2943 1410 quantum
2989 1354 3134 1399 esset
3169 1346 3544 1415 hospitalitatis
3576 1350 3672 1404 bo-

2112 1442 2278 1486 num.,
2310 1427 2634 1496 Hospitalem
2678 1446 2804 1485 vero
2833 1436 3045 1487 domum
3078 1436 3249 1505 angeli
3286 1438 3675 1507 ingressi.sunt

2112 1517 2179 1570 ad
2214 1516 2542 1573 liberandum
2583 1522 2843 1589 hospitem
2884 1538 3037 1577 suum
3072 1540 3085 1577 :
3116 1528 3325 1582 clausas
3353 1539 3530 1584 autem
3580 1532 3673 1585 ho-

2113 1609 2337 1679 spitibus
2358 1611 2541 1667 domos
2554 1613 2690 1682 ignis
2714 1614 2982 1683 ingressus
3005 1613 3129 1687 [est]
3150 1618 3215 1671 ad
3238 1619 3535 1685 perdendos
3555 1634 3676 1688 pec—

2114 1710 2323 1755 catores
2346 1700 2397 1753 in
2415 1702 2511 1756 eis.
2536 1702 2735 1757 idcirco
2765 1704 2997 1774 hospites
3024 1720 3127 1760 non
3156 1716 3279 1760 sunt
3299 1708 3552 1772 evitandi,
3581 1710 3672 1764 sed

466 1794 599 1848 dixit
620 1796 778 1857 Deus,
798 1811 901 1849 non
923 1809 981 1849 se
1005 1798 1225 1866 perdere
1245 1798 1438 1861 locum,
1462 1799 1506 1852 si
1530 1799 1894 1853 invenirentur
1913 1798 2017 1852 illic
2051 1779 2092 1836 Β
2120 1792 2258 1846 ultro
2286 1793 2564 1847 invitandi.

466 1897 678 1944 centum
705 1890 784 1943 vcl
829 1891 1007 1945 decem
1050 1889 1178 1958 justi
1203 1890 1350 1962 (vers.
1381 1892 1470 1956 26,
1498 1892 1587 1960 3,2)
1606 1932 1620 1956 ,
1643 1892 1859 1960 speciali
1888 1907 2018 1960 qua-

465 1983 587 2036 dam
617 1982 880 2036 sententia
910 1983 974 2036 de
1001 1982 1088 2035 illa
1120 1982 1352 2047 civitate,
1384 1999 1448 2036 an
1487 1983 1551 2037 de
1579 1982 1822 2036 omnibus
1862 1984 2015 2037 intel-

465 2069 728 2141 ligendum
752 2072 821 2126 sit
839 2073 1178 2141 generaliter,
1204 2089 1423 2143 parcere
1454 2075 1619 2128 Deum
1644 2074 1780 2138 loco,
1807 2076 1857 2128 in
1886 2091 2017 2144 quo-

465 2178 673 2232 cunque
715 2166 795 2218 vel
832 2165 1015 2220 decem
1056 2166 1187 2235 justi
1232 2166 1553 2220 fuerint?—
1580 2166 1729 2236 Resp.
1778 2164 1894 2220 Non
1937 2176 2019 2220 est

467 2250 723 2323 [quidem]
773 2269 1014 2320 necesse,
1060 2263 1121 2308 ut
1169 2256 1270 2311 hoc
1316 2256 1379 2310 de
1424 2258 1569 2311 omni
1616 2256 1732 2311 loco
1777 2257 2018 2325 accipere

464 2342 857 2411 compellamur.
892 2344 1264 2399 Verumtamen
1312 2346 1378 2399 de
1435 2345 1678 2400 Sodomis
1724 2348 1897 2414 potuit
1940 2348 2017 2400 sic

465 2430 592 2496 diei,
621 2434 744 2499 quia
788 2432 989 2486 sciebat
1032 2432 1191 2498 Deus,
1220 2435 1289 2487 ibi
1324 2450 1427 2488 non
1471 2450 1589 2489 esse
1616 2435 1698 2489 vel
1730 2436 1933 2499 decem,
1963 2444 2018 2487 et

466 2524 585 2577 ideo
614 2524 691 2578 sic
720 2524 1136 2594 respondebatur
1158 2526 1407 2590 Abrahae,
1426 2535 1481 2579 ut
1504 2528 1895 2597 signiﬁcaretur
1918 2542 2015 2582 nec

382 2609 388 2615 ’
467 2624 545 2668 tot
570 2615 641 2670 ibi
670 2630 823 2685 posse
864 2617 1105 2681 inveniri,
1137 2617 1203 2671 ad
1230 2622 1690 2688 exaggerationem
1720 2621 2014 2689 iniquitatis

466 2706 692 2758 illorum.

537 2792 698 2847 Inter.
732 2794 848 2848 182.
873 2796 1047 2861 Quare
1073 2795 1337 2850 Abraham
1365 2799 1419 2850 in
1464 2797 1631 2849 tribus
1658 2798 1786 2850 viris
1817 2797 1937 2857 illis,
1971 2798 2015 2851 si

464 2881 630 2937 Deum
658 2884 913 2939 intellexit
936 2887 1013 2940 vel
1042 2886 1271 2958 angelos,
1297 2896 1348 2941 et
1373 2888 1563 2941 iterum
1590 2886 1689 2940 Lot
1715 2887 1766 2940 in
1787 2886 2013 2953 duobus,

465 2986 555 3023 eos
590 2973 820 3026 humano
861 2975 980 3028 cibo
1031 2976 1171 3028 vesci
1222 2975 1556 3044 putabat?—
1583 2974 1735 3044 Resp.
1767 2975 2015 3029 Fortasse

2191 1881 2361 1936 Inter.
2396 1884 2517 1939 186.
2548 1884 2819 1951 Quaeritur
2839 1896 3003 1955 qnare
3039 1888 3103 1941 de
3131 1888 3266 1943 cutio
3289 1889 3521 1944 vindicta
3557 1890 3678 1943 data

2118 1980 2199 2024 est
2219 1987 2377 2041 super
2398 1974 2724 2030 habitatores
2749 1977 2939 2046 impios
2986 1978 3261 2033 civitatum
3288 1980 3496 2033 illarum
3524 1978 3674 2051 (Gen.

2090 2062 2228 2125 Διικ,
2260 2061 2394 2134 2i)?
2431 2095 2499 2103 —
2529 2065 2682 2135 Resp.
2714 2069 2847 2133 Quia
2879 2070 3078 2123 clamor
3106 2074 3440 2140 peccantium
3472 2073 3523 2125 in
3564 2087 3675 2126 ca:-

2116 2151 2222 2204 lum
2268 2157 2571 2211 ascendisse
2620 2159 2850 2223 dicitur;
2880 2162 3078 2217 idcirco
3123 2164 3188 2217 de
3237 2165 3374 2219 cmlo
3423 2163 3677 2234 puniendi

2116 2250 2289 2296 erant.

2194 2336 2357 2390 Inter.
2419 2337 2540 2393 187.
2594 2337 2702 2393 Cur
2750 2339 3036 2409 sulphureo
3100 2356 3219 2411 igne
3282 2344 3680 2411 puniebantur?

2115 2460 2185 2467 —
2214 2428 2364 2497 Resp.
2397 2427 2466 2482 Ut
2493 2428 2858 2496 putidissimus
2889 2430 3123 2486 libidinis
3161 2434 3320 2487 ardor
3342 2435 3678 2501 putidissimo

2114 2518 2446 2571 ﬂammarum
2482 2518 2670 2573 ardore
2695 2520 2990 2587 puniretur.

2185 2608 2346 2663 Inter.
2381 2608 2499 2665 188.
2529 2608 2637 2663 Cur
2675 2609 2896 2683 [autem]
2930 2629 3060 2665 uxor
3100 2613 3199 2666 Lot
3228 2616 3279 2666 in
3307 2622 3535 2666 statuam
3580 2630 3668 2667 sa-

2116 2702 2179 2755 lis
2241 2717 2496 2755 conversa
2549 2711 2633 2756 est
2689 2702 2856 2772 (vers.
2886 2702 3014 2773 26).
3046 2733 3115 2742 ——
3166 2702 3317 2773 Resp.
3358 2703 3433 2757 Ad
3484 2703 3668 2755 condi-

2114 2798 2351 2844 mentum
2400 2790 2670 2856 ﬁdelium;
2724 2793 2847 2858 quia
2892 2796 3096 2857 punitio
3132 2795 3278 2863 impii
3301 2794 3531 2849 eruditio
3584 2803 3668 2849 est

2109 2883 2259 2952 justi.

2184 2973 2347 3027 Inter.
2391 2973 2508 3028 189.
2565 2972 2678 3039 Quo
2726 2974 2947 3028 consilio
2996 2974 3117 3029 ﬁliae
3170 2976 3266 3029 Lot
3322 2980 3667 3032 concubitum

467 3062 608 3127 prius
650 3076 741 3114 eos
786 3062 1025 3115 homines
1071 3076 1192 3115 esse
1238 3064 1476 3115 arbitrati
1523 3072 1678 3126 sunt,
1724 3064 1777 3115 in
1821 3064 2011 3131 quibus
2037 3107 2085 3172 ε
2111 3063 2278 3130 patris
2316 3061 2582 3131 petierunt
2648 3061 2823 3131 (vers.
2860 3063 2947 3123 5|,
2979 3064 3047 3117 55
3079 3062 3135 3132 );
3213 3063 3289 3116 vel
3345 3065 3413 3118 ab
3468 3065 3671 3120 incestu

469 3148 626 3172 nm"...
660 3149 797 3172 1.....--2
844 3151 1243 3172 2-..-Il..__-_--__n-
1290 3152 1594 3172 -.-ξι.---.1-...
1636 3152 1816 3172 .l:_.:_.,..
1850 3153 1981 3172 ___-:_
2117 3167 2180 3172 _.._
2223 3154 2328 3172 ..-με
2386 3161 2600 3172 ..-Α----ιι
2684 3153 2792 3172 Δηώ-
2846 3152 2942 3172 ι.--
2990 3154 3209 3172 -A'.A.x_
3262 3150 3530 3172 1‘.-___-x_.,
3594 3153 3671 3172 911Δ

469 3148 628 3201 Deum
660 3149 801 3219 loqui
843 3151 1244 3215 intellexerunt;
1284 3152 1600 3219 quibusdam
1630 3152 1819 3205 divinae
1849 3153 2013 3221 maje—

464 3240 615 3294 statis
665 3241 1013 3295 existentibus
1062 3249 1117 3295 et
1178 3241 1556 3310 apparentibus
1597 3241 1795 3310 signis,
1836 3249 2018 3309 postea

467 3330 626 3385 fuisse
674 3331 885 3401 angelos
926 3341 1309 3403 cognoverunt,
1349 3347 1468 3386 cum
1514 3333 1593 3386 eis
1620 3332 1920 3385 videntibus
1964 3333 2018 3385 in

465 3422 655 3477 coelum
685 3422 1004 3477 issentaSed
1052 3406 1359 3476 intuentium
1386 3432 1468 3477 est
1509 3423 1597 3477 hic
1636 3412 1891 3491 quantum
1921 3422 2013 3475 bo-

465 3530 590 3568 num
641 3515 710 3567 sit
761 3513 1107 3583 hospitalitas.
1164 3514 1487 3585 Hospitalem
1536 3515 1749 3568 domum
1796 3514 2017 3583 ingressi

464 3614 587 3659 sunt
609 3605 799 3675 angeli,
822 3605 1028 3659 clausas
1057 3606 1289 3659 hostium
1314 3603 1805 3686 [IIs.,\hospitibus]
1834 3605 2017 3659 domos

464 3698 730 3767 ingressus
759 3705 841 3751 est
870 3698 1021 3767 ignis.
1746 3758 1752 3763 _
1821 3686 1827 3691 ’

533 3788 693 3842 Inter.
728 3786 929 3841 l83.,Si
954 3788 1206 3856 judicium
1240 3788 1329 3842 Dei
1353 3789 1557 3857 justum
1603 3796 1705 3851 est,
1735 3802 1901 3856 quare
1930 3788 2014 3841 in-

462 3878 636 3932 fantes
682 3879 734 3931 in
773 3876 1017 3931 Sodomis
1046 3877 1245 3949 [simul]
1291 3894 1408 3934 cum
1438 3879 1750 3949 parentibus
1795 3882 2015 3935 cremati

462 3970 702 4023 sunt?-—
732 3968 881 4037 Resp.
915 3968 979 4022 Ut
1009 3970 1166 4023 nimis
1196 3970 1415 4039 impium
1460 3969 1666 4025 facinus
1713 3971 2014 4025 Sodomita-

462 4076 578 4113 rum
609 4060 776 4128 possit
802 4059 1024 4123 adverti,
1054 4068 1328 4128 peccatum
1358 4076 1539 4115 eorum
1577 4063 1819 4129 pervenit
1847 4078 2014 4132 usque

464 4152 529 4205 ad
561 4165 743 4204 necem
772 4149 1017 4214 ﬁliorum,
1050 4166 1115 4204 ne
1144 4150 1209 4204 de
1239 4151 1443 4221 origine
1471 4152 1677 4207 illorum
1701 4154 1909 4223 aliquod
1938 4155 2011 4208 si-

461 4257 619 4311 gnum
668 4249 983 4295 remaneret.
1025 4240 1209 4295 Nonne
1251 4244 1519 4311 provisum
1562 4254 1647 4298 est
1676 4241 1798 4309 illis,
1829 4262 1894 4299 ne
1921 4247 2041 4317 diu,

460 4330 697 4383 viventes
740 4330 976 4397 exempla
1008 4341 1355 4399 sequerentur
1382 4342 1625 4401 patrum;
1653 4346 1708 4389 et
1750 4336 1915 4389 levius
1957 4336 2008 4389 in

459 4415 636 4468 futuro
663 4418 985 4479 crucientur,
1011 4418 1093 4472 vel
1122 4420 1337 4472 omnino
1364 4436 1491 4483 non,
1523 4423 1696 4475 aliena
1725 4437 1886 4476 causa
1914 4438 2007 4478 oc-

460 4507 576 4560 cisi.
608 4506 860 4563 Parentes
900 4507 1087 4581 [enim]
1117 4519 1223 4564 tam
1250 4525 1347 4579 pro
1386 4527 1443 4566 se
1481 4528 1640 4581 quam
1680 4530 1777 4583 pro
1820 4517 1901 4570 his
1931 4519 2005 4571 rei

461 4606 601 4663 sunt.
634 4599 773 4670 Ergo
802 4616 945 4655 mors
986 4600 1208 4654 ﬁliorum
1247 4603 1449 4655 crimen
1493 4612 1578 4657 est
1618 4614 1914 4673 parentum,
1958 4616 2013 4662 et

461 4691 580 4746 ideo
605 4690 765 4745 futuri
812 4702 939 4746 sunt
978 4702 1314 4749 accusatores
1348 4702 1643 4764 parentum.
1688 4697 1784 4749 Est
1825 4698 2009 4765 quale-

458 4795 667 4849 cunque
690 4780 1003 4834 beneﬁcium
1031 4798 1188 4865 reum.
1205 4800 1305 4838 non
1334 4800 1471 4850 esse,
1495 4789 1581 4854 qui
1613 4786 1875 4855 gloriosus
1904 4804 2009 4841 non

463 4878 546 4925 est
574 4890 586 4921 :
617 4869 833 4938 prodest
861 4871 1000 4923 enim
1040 4873 1322 4953 pauperem
1352 4890 1455 4929 non
1485 4891 1623 4940 esse,
1654 4878 1744 4945 qui
1774 4893 1863 4931 rex
1894 4892 2011 4932 esse

458 4972 566 5017 non
593 4968 783 5031 potest.

529 5050 690 5104 Inter.
716 5051 831 5104 184.
860 5049 1123 5115 Ουεειδὶῐιιτ
1166 5065 1329 5120 quare
1359 5053 1457 5107 Lot
1498 5070 1617 5108 cum
1650 5057 1829 5124 jussus
1871 5066 2011 5111 esset

457 5139 527 5194 ad
554 5146 784 5191 montem
814 5138 1017 5209 fugere,
1047 5138 1213 5211 Segor
1256 5143 1564 5211 prtetulerit,
1597 5152 1653 5198 ut
1681 5146 1747 5198 ibi
1778 5145 2010 5199 salvare-

460 5235 577 5290 tur;
608 5234 662 5280 et
686 5243 895 5281 rursum
922 5229 985 5281 de
1014 5228 1183 5299 Segor
1203 5231 1267 5284 ad
1298 5241 1528 5285 montem
1553 5235 1833 5303 migrasset
1859 5233 2005 5304 (Gen.

459 5329 574 5378 lux,
598 5315 724 5387 20)?
745 5346 815 5355 —
837 5314 987 5383 Resp.
1016 5318 1258 5373 Tradunt
1286 5320 1485 5374 Hebraei
1517 5324 1655 5390 quod
1693 5323 1859 5393 Segor
1902 5324 2008 5377 fre—

460 5415 684 5477 quenter
702 5417 863 5462 teme
886 5417 1032 5461 motu
1062 5410 1304 5475 subruta,
1330 5412 1453 5465 Bale
1476 5415 1724 5481 primum,
1749 5425 1804 5469 et
1826 5424 2007 5484 postea

461 5496 661 5552 Salissa
707 5499 966 5567 appellata
1018 5499 1118 5564 sit,
1165 5501 1502 5572 timueritque
1547 5503 1645 5557 Lot
1694 5506 1913 5559 dicens:
1954 5506 2007 5561 Si

462 5606 581 5645 cum
618 5598 819 5646 cetera:
869 5592 1039 5646 adhuc
1083 5591 1243 5647 urbes
1284 5602 1506 5658 starent,
1551 5597 1652 5655 ista
1702 5611 1844 5665 saepe
1881 5597 2008 5650 sub-

464 5693 615 5733 versa
656 5690 757 5745 est,
800 5690 996 5751 quanto
1036 5683 1206 5752 magis
1260 5699 1397 5739 nunc
1450 5687 1499 5739 in
1544 5688 1810 5742 communi
1856 5690 2007 5743 ruina

2117 3154 2331 3221 purgari
2386 3161 2626 3220 possunt,
2676 3153 2797 3206 dum
2846 3152 2945 3206 hoc
2987 3154 3214 3206 scientes
3262 3150 3535 3220 fecerunt;
3592 3153 3679 3208 ille

2116 3257 2242 3295 vero
2292 3239 2490 3311 [quasi]
2532 3242 2809 3295 nesciens?
2838 3273 2907 3281 —
2959 3241 3111 3312 Resp.
3156 3242 3379 3297 Videtur
3402 3241 3675 3315 [namque]

2118 3332 2253 3386 ﬁlias
2280 3332 2384 3406 .Lot
2411 3332 2650 3400 quedam
2690 3332 2936 3386 didicisse
2965 3334 3028 3386 de
3071 3334 3247 3387 sceculi
3298 3333 3448 3405 μη,
3476 3334 3678 3405 mundi}

2117 3422 2595 3485 consummatione,
2653 3428 2771 3489 qua:
2822 3422 3120 3476 immineret
3178 3438 3271 3490 per
3322 3424 3533 3491 ignem:
3586 3424 3679 3477 sed

2120 3522 2367 3580 tanquam
2393 3511 2578 3579 puella:
2607 3527 2709 3564 non
2734 3498 3102 3579 intelligebant
3123 3514 3377 3583 perfecte,
3400 3529 3516 3582 qua:
3544 3514 3678 3567 didi-

2116 3609 2346 3653 cerant.-
2382 3597 2742 3668 [Nescierunt]
2791 3602 2930 3666 quod
2958 3601 3298 3655 Sodomiticis
3337 3603 3455 3671 igne
3493 3612 3673 3654 vasta-

2117 3689 2185 3741 tis
2230 3686 2453 3741 multum
2494 3687 2665 3739 adhuc
2709 3687 2936 3755 spatium
2988 3689 3250 3756 integrum
3308 3676 3563 3741 resideret
3620 3690 3671 3741 in

2115 3777 2309 3831 mundo
2350 3778 2628 3845 suspicatm
2674 3785 2817 3840 sunt,
2860 3776 2962 3829 tale
3010 3776 3208 3844 aliquid
3249 3776 3465 3839 factum,
3519 3778 3676 3845 quale

2115 3868 2168 3920 in
2219 3867 2543 3935 temporibus
2588 3864 2698 3920 Noe
2751 3867 3053 3930 audierant,
3107 3875 3159 3921 et
3212 3869 3278 3921 oh
3327 3870 3671 3937 reparandum

2114 3956 2415 4029 mortalium
2463 3957 2831 4024 posteritatem
2871 3957 3010 4010 solas
3044 3972 3098 4009 se
3139 3973 3254 4011 esse
3292 3952 3411 4011 cum
3456 3967 3677 4026 parente

2113 4054 2371 4098 servatas.
2422 4044 2788 4111 Recuperandi
2832 4046 2994 4114 igitur
3031 4046 3247 4111 humani
3285 4048 3494 4114 generis
3538 4048 3675 4100 desi-

2111 4136 2316 4188 derium
2367 4140 2601 4194 sumunt,
2644 4141 2804 4201 atque
2847 4134 3175 4189 instaurandi
3224 4135 3402 4190 Stecnli
3446 4151 3509 4189 ex
3558 4152 3674 4190 sese

2110 4224 2341 4277 dandum
2387 4224 2670 4291 opinantur
2716 4222 3013 4277 exordium.
3053 4224 3119 4278 Et
3163 4241 3463 4294 quanquam
3514 4242 3671 4295 grave

2110 4314 2187 4368 eis
2214 4314 2416 4368 crimen
2443 4311 2729 4386 [videatur]
2764 4312 2927 4367 furari
2966 4317 3302 4369 concubitum
3335 4318 3519 4383 patris,
3548 4332 3667 4384 gra-

2110 4405 2227 4458 vior
2257 4414 2432 4459 tamen
2470 4404 2549 4457 eis
2593 4403 2835 4470 impietas
2880 4402 3171 4465 videbatur,
3215 4404 3257 4455 si
3308 4402 3570 4463 humanm,
3610 4413 3669 4455 ut

2112 4495 2383 4563 putabant,
2426 4491 2756 4559 posteritatis
2784 4505 2929 4559 spem
2978 4501 3185 4544 servata
3226 4492 3470 4545 castitate
3499 4492 3671 4546 delesi

2108 4593 2243 4639 sent.
2275 4583 2497 4649 Propter
2526 4582 2626 4634 hoc
2651 4597 2777 4651 ergo
2804 4581 3082 4635 consilium
3114 4582 3313 4645 ineunt,
3347 4582 3572 4646 minore,
3608 4594 3667 4637 ut

2108 4672 2356 4735 arbitror,
2404 4670 2557 4739 culpa
2596 4669 2710 4742 [spe
2746 4669 2943 4740 tamen]
2993 4681 3413 4741 argumentoque
3444 4673 3663 4741 majore,

2106 4763 2273 4834 patris
2300 4763 2607 4817 maestitiam
2638 4763 2721 4816 vel
2749 4762 2977 4829 rigorem
2999 4763 3124 4816 vino
3153 4764 3395 4817 molliunt
3424 4774 3477 4819 et
3502 4767 3667 4820 resol-

2106 4861 2235 4907 vunt
2259 4871 2278 4904 ι
2303 4853 2526 4921 singulis
2548 4854 2798 4921 ingressa:
2826 4852 3091 4917 noctibus,
3124 4852 3342 4922 singula:
3370 4853 3663 4920 suscipiunt

2106 4945 2171 4998 ab
2212 4943 2487 5014 ignorante
2533 4952 2885 5012 conceptum;
2919 4942 3054 4995 ultra
3103 4958 3207 4997 non
3250 4948 3513 5010 repetunt,
3566 4954 3666 4994 nec

2107 5036 2401 5104 requirunt.
2450 5036 2551 5091 Ubi
2592 5036 2715 5090 hinc
2743 5035 2979 5089 libidinis
3016 5036 3191 5104 culpa,
3220 5035 3289 5087 ibi
3328 5032 3511 5086 incesti
3559 5034 3666 5085 cri-

2106 5139 2227 5178 men
2264 5126 2543 5192 arguitur;
2572 5122 2834 5193 quomodo
2875 5124 3087 5178 dabitur
3122 5126 3173 5177 in
3212 5122 3354 5185 vitio,
3388 5111 3667 5190 quod'non

2106 5217 2330 5270 iteratur
2361 5220 2411 5271 in
2441 5217 2623 5271 facto?

2178 5327 2338 5381 Inter.
2360 5328 2477 5381 190.
2503 5326 2556 5379 Si
2583 5326 2682 5379 Lot
2704 5324 2899 5397 [quasi]
2923 5328 3153 5381 incestus
3178 5326 3309 5398 [Αι.,
3332 5327 3585 5399 incertus]
3610 5328 3665 5383 in

2108 5419 2209 5473 hoc
2246 5420 2382 5474 facto
2415 5417 2703 5484 culpandus
2741 5427 2843 5482 est,
2878 5421 2956 5473 an'
2983 5421 3132 5473 non?
3158 5451 3228 5460 —-
3255 5420 3405 5490 Resp.
3439 5420 3665 5491 Culpan-

2108 5512 2205 5564 dus
2242 5517 2322 5561 est
2362 5507 2572 5574 quidem
2607 5506 2657 5560 in
2696 5507 2794 5561 hoc
2823 5508 2963 5563 facto
2990 5510 3109 5574 Lot,
3149 5508 3404 5579 quantum
3438 5511 3665 5567 ebrieta-

2112 5601 2179 5655 tis
2203 5598 2366 5670 μὴ..
2397 5595 2650 5667 ebrietas]
2684 5597 2982 5666 ignorantia
3012 5608 3262 5654 meretur.
3290 5599 3421 5653 Nam
3446 5608 3498 5653 et
3528 5601 3665 5654 hanc

2110 5693 2189 5746 lex
2242 5696 2437 5743 aeterna
2488 5686 2822 5754 condemnat,
2871 5707 2989 5759 qum
3016 5692 3188 5743 cilium
3243 5700 3293 5744 et
3332 5701 3512 5761 potum
3561 5706 3662 5745 non
