4258 6200
496 342 606 408 865

1073 354 1467 409 EXEGETICA.
1495 384 1564 394 -—
1597 349 1963 406 lNTERROG.
2006 348 2091 401 ET
2126 348 2456 404 RESPONS.
2499 350 2564 402 lN
2602 348 2873 411 GENES.,
2917 348 3063 402 ETC.

3538 300 3541 301 ί
3578 342 3697 404 546

503 465 810 529 monitione,
842 474 893 518 et
924 467 1150 520 nominis
1185 466 1544 522 recordatione
1582 463 1888 518 tentationis
1913 477 2044 531 pon-
2069 464 2113 518 Α
2142 468 2197 513 et
2242 462 2295 514 in
2339 463 2545 530 signum
2575 462 2683 516 dati
2719 463 2901 516 arietis
2938 463 3109 517 soleat
3153 463 3312 517 etiam
3361 476 3499 514 nunc
3531 478 3695 516 cornu

503 558 602 612 dus
636 558 1076 622 accumularetur,
1106 568 1158 613 et
1181 569 1431 627 paternus
1458 560 1680 613 affectus
1711 565 2049 626 torqueretur

503 662 568 700 ex
597 647 849 700 memoria
894 647 1295 714 promissionis:
1326 645 1445 700 cum
1491 655 1613 699 ante
1643 646 1780 698 Deus’
1829 644 2047 697 dixisset

503 735 568 788 ad
595 749 714 787 eum
744 750 756 785 :
792 733 859 787 In
885 734 1037 788 Isaac
1062 737 1325 789 vocabitur
1358 736 1449 787 tibi
1474 753 1662 789 semen.
1704 734 1864 793 Ouasi
1896 732 2042 803 [.ils.,

502 819 645 893 quia]
670 821 712 875 si
737 822 820 876 ille
844 823 1191 887 occideretur,
1222 832 1326 876 tota
1356 840 1474 893 spes
1500 823 1864 891 promissionis
1895 822 2043 892 [31s,

502 911 932 983 promissionum]
957 911 1316 967 frustraretur.

569 1018 730 1071 Inter.
760 1018 880 1071 20L
932 1021 997 1072 Et
1042 1036 1137 1074 cur
1183 1036 1285 1073 non
1327 1021 1502 1073 statim
1554 1021 1701 1074 licuit
1729 1022 1775 1074 ei
1806 1021 2047 1074 occidere

499 1108 684 1171 filium,
712 1110 801 1163 sed
827 1109 1065 1163 triduana
1091 1111 1295 1164 itineris
1320 1114 1485 1174 mora,
1513 1127 1631 1164 eum
1663 1112 2044 1175 immolaturus,

500 1214 679 1254 secum
708 1200 899 1255 ducere
926 1200 1105 1269 jussus
1128 1203 1322 1255 est?—
1342 1201 1491 1271 Resp.
1523 1202 1791 1268 Quatenus
1822 1204 2049 1270 longitu-

500 1289 621 1343 dine
636 1293 906 1359 temporis,
921 1294 1225 1346 tentationis
1238 1308 1444 1361 quoque
1459 1301 1740 1362 augeretur
1760 1294 2049 1347 incremen-

500 1389 632 1433 tum.
664 1381 793 1434 Nam
818 1397 912 1450 per
932 1380 1161 1435 triduum
1191 1384 1293 1436 iter
1315 1385 1663 1452 protenditur,
1688 1392 1743 1437 ct
1762 1400 1855 1451 per
1878 1392 2045 1437 totum

414 1521 447 1529 _
501 1471 731 1524 triduum
775 1472 1133 1527 crescentibus
1169 1474 1311 1527 curis
1332 1485 1549 1541 paterna
1572 1475 1775 1545 viscera
1801 1476 2044 1527 crucian—

500 1569 585 1614 tur
614 1577 626 1612 :
658 1570 713 1614 ut
739 1563 881 1615 omni
900 1562 912 1572 '
932 1564 1031 1616 hoc
1059 1563 1228 1630 spatio
1272 1572 1379 1615 tam
1405 1565 1613 1632 prolixo
1662 1565 1957 1617 intueretur
1987 1566 2048 1617 li-

487 1650 626 1703 lium
650 1660 817 1719 pater,
845 1654 1019 1706 cibum
1045 1668 1163 1705 cum
1197 1669 1260 1707 eo
1289 1663 1540 1718 sumeret,
1570 1663 1626 1707 ut
1650 1654 1770 1726 [tot]
1800 1656 2046 1709 noctibus

499 1755 631 1815 puer
658 1739 911 1810 penderet
953 1743 1004 1796 in
1049 1742 1375 1817 amplexibus
1414 1746 1596 1813 patris,
1646 1746 1928 1800 iuhtereret
1955 1762 2046 1815 pe-

500 1831 656 1895 ctori,
704 1832 987 1899 cubitaret
1021 1833 1074 1885 in
1123 1835 1350 1901 gremio;
1401 1844 1661 1902 quatenus
1707 1851 1802 1903 per
1840 1838 2042 1905 singula

500 1931 764 1975 momenta
801 1922 851 1974 in
881 1930 1100 1990 paterno
1131 1923 1321 1977 affectu
1348 1924 1499 1977 dolor
1534 1926 1807 1979 occidendi
1840 1926 1931 1979 lilii
1960 1943 2047 1979 ac-

499 2014 879 2069 cumularetur.

566 2121 729 2177 Inter.
784 2122 906 2176 205.
966 2122 1021 2177 Si
1067 2124 1332 2178 Abraham
1384 2124 1742 2178 indubitanter
1793 2135 1846 2178 et
1894 2125 2046 2179 ﬁrmo

490 2212 676 2269 animo
715 2213 983 2281 cogitabat
1032 2221 1262 2266 mactare
1286 2228 1506 2281 puerum
1538 2215 1761 2267 Domino
1804 2215 1857 2267 in
1902 2215 2049 2268 holo—

490 2313 762 2367 caustum,
782 2304 909 2372 quid
934 2312 1015 2359 est
1034 2300 1333 2373 quodldixit
1356 2306 1532 2372 pueris
1560 2306 1671 2359 suis
1698 2323 1709 2358 :
1749 2304 1849 2358 Vos
1872 2323 2049 2375 exspe-

488 2406 629 2468 ctate
654 2399 775 2451 hic:
802 2414 893 2467 ego
920 2408 967 2451 et
994 2414 1135 2467 puer.
1170 2415 1287 2451 cum
1311 2399 1715 2464 adoraverimus,
1741 2410 2051 2453 revertemur

499 2488 567 2541 ad
595 2504 679 2542 vos
719 2486 868 2559 (Gen.
899 2504 1030 2553 un,
1053 2488 1233 2559 5)?—
1267 2489 1420 2559 Resp.
1466 2489 1651 2560 [Igitur
1692 2502 1745 2545 et
1788 2492 2048 2546 dubitanti

499 2576 675 2628 animo
726 2588 957 2631 mactare
1000 2592 1222 2646 puerum
1270 2579 1577 2647 cogitabat,
1623 2589 1677 2635 et
1733 2581 2049 2635 indubitanti

496 2667 676 2719 animo
719 2668 773 2720 iu
801 2668 963 2721 Deum
1010 2669 1317 2722 resuscitari
1353 2670 1600 2723 credebat
1632 2671 1799 2741 eum]
1848 2672 2049 2725 Idcirco

495 2763 781 2822 utrumque
809 2756 976 2811 laudis
999 2756 1149 2827 [Ms.,
1173 2757 1467 2829 laudabilis]
1495 2768 1575 2813 est
1600 2768 1655 2813 et
1678 2762 1728 2812 in
1750 2764 2047 2816 constantia

499 2843 773 2907 oﬂ‘erendi,
802 2855 855 2899 et
879 2847 931 2899 in
960 2846 1062 2900 {ide
1088 2849 1454 2901 resuscitandi.
1514 2848 1725 2905 Sciebat
1752 2852 2047 2905 certissime

502 2932 666 2986 Deum
709 2932 888 2987 fallere
917 2949 1018 2987 non
1064 2950 1253 3003 posse:
1283 2945 1337 2989 et
1376 2937 1497 2991 licet
1523 2954 1654 3007 puer
1693 2941 2045 3007 occideretur,

498 3025 901 3093 promissionem
947 3034 1120 3081 tamen
1149 3028 1240 3081 Dei
1285 3028 1481 3083 salvam
1527 3045 1853 3098 permanere.
1901 3034 2047 3088 Unde

502 3109 765 3167 et’Paulus
793 3116 1061 3183 apostolus
1089 3131 1183 3186 per
1207 3116 1460 3184 Spiritum
1492 3130 1730 3174 sanctum
1768 3123 2044 3186 didicerat,
2073 3128 2118 3188 (ζ

503 3203 626 3272 quid
664 3206 826 3258 animi
858 3206 1124 3260 habuisset
1149 3206 1414 3262 Abraham
1446 3209 1579 3285 intra
1619 3226 1696 3273 se,
1733 3212 1856 3265 dum
1890 3211 2045 3266 [idem

502 3296 616 3365 ejus
662 3297 838 3352 laudat
881 3297 1031 3370 [Ms.,
1059 3299 1311 3377 laudavit]
1355 3303 1579 3357 dicens:
1627 3302 1753 3357 Fide
1778 3303 2046 3357 Abraham

496 3400 608 3442 non
630 3390 911 3454 haesitavit,
929 3405 1047 3443 cum
1079 3391 1289 3449 unicum
1314 3390 1545 3456 olferret,
1565 3394 1617 3446 in
1641 3411 1744 3461 quo
1770 3405 2047 3465 acceperat

501 3480 905 3546 promissionem
927 3476 1079 3549 [Ms.,
1098 3481 1571 3552 repromissiones],
1604 3482 1888 3557 [cogitans]
1920 3488 2045 3556 quia

504 3585 532 3622 a
565 3569 788 3623 mortuis
817 3584 937 3622 eum
967 3570 1281 3623 resuscitare
1307 3578 1493 3639 potens
1522 3584 1601 3625 est
1622 3575 1759 3629 Deus
1779 3575 2043 3645 (Rom.tv,

504 3658 613 3732 20).

573 3774 731 3828 Inter.
754 3774 874 3828 206.
920 3775 1065 3831 Unde
1088 3776 1228 3831 aries
1254 3777 1371 3840 iste,
1398 3778 1483 3845 qui
1510 3792 1606 3846 pro
1634 3779 1778 3833 Isaac
1803 3779 2045 3834 immola-

502 3869 588 3914 tus
613 3869 695 3914 est
722 3861 872 3928 (Gen.
900 3879 1029 3925 xm,
1056 3865 1163 3933 15),
1200 3866 1575 3930 venerit,solet
1603 3869 1766 3936 qureri
1800 3887 1811 3921 :
1842 3885 1909 3923 an
1936 3869 2045 3941 [de]

508 3963 648 4005 terra
685 3953 757 4006 ibi
790 3954 964 4007 subito
990 3962 1199 4008 creatus
1226 3964 1384 4017 esset,
1415 3957 1497 4010 vel
1532 3958 1743 4011 aliunde
1770 3960 1836 4011 ab
1861 3961 2047 4029 angelo

506 4041 813 4097 allatus?—
839 4041 991 4119 Resp.
1020 4043 1170 4097 Aries
1211 4044 1308 4097 iste
1336 4060 1437 4096 non
1482 4047 1750 4113 putativus
1775 4044 1923 4116 μὴ,
1952 4064 2048 4115 pu-

504 4130 691 4201 tatus],
740 4132 830 4185 sed
860 4147 1015 4185 verus
1042 4148 1157 4187 esse
1192 4134 1484 4189 credendus
1526 4144 1623 4189 est.
1671 4136 1792 4190 ldeo
1819 4138 1989 4205 magis
2015 4153 2045 4191 a

506 4221 810 4276 doctoribus
837 4223 1150 4289 :estimatur,
1186 4225 1396 4278 aliunde
1444 4239 1563 4279 eum
1610 4228 1854 4295 angelum
1904 4236 2045 4280 attu-

506 4312 651 4375 lisse,
700 4328 857 4380 quam
906 4314 974 4367 ibi
1027 4313 1093 4368 de
1142 4324 1301 4374 terra.
1332 4325 1449 4385 post
1495 4332 1582 4369 sex
1629 4318 1834 4371 dierum
1864 4334 2043 4386 opera,

508 4400 783 4453 Dominum
820 4416 1145 4468 procreasse.

576 4510 736 4573 Inter.
766 4510 888 4563 207.
925 4511 1097 4576 Quare
1126 4511 1402 4579 appellavit
1428 4514 1692 4567 Abraham
1725 4530 1916 4568 nomen
1945 4517 2045 4571 loci

505 4598 685 4653 illius:
712 4599 959 4654 Dominus
981 4602 1100 4654 vidit
1132 4602 1289 4672 (Ibid.
1316 4603 1503 4671 v.14);
1542 4619 1661 4657 cum
1692 4621 1948 4674 nusquam
1981 4609 2051 4662 sit

510 4691 649 4757 quod
672 4689 924 4743 Dominus
955 4706 1056 4743 non
1087 4693 1292 4745 videat?
1319 4723 1385 4731 —
1413 4692 1562 4762 Resp.
1611 4692 1747 4747 Vidit
1770 4710 1865 4763 pro
1887 4714 2049 4765 appa-

509 4780 610 4831 ruit
637 4778 769 4832 dixit
792 4796 807 4833 :
834 4778 933 4832 hoc
960 4790 1059 4842 est,
1097 4783 1259 4835 videri
1309 4782 1452 4844 fecit.
1484 4786 1618 4839 sicut
1665 4788 1733 4840 ibi
1762 4806 1775 4840 :
1822 4788 1885 4840 Et
1917 4806 2050 4843 nunc

509 4874 716 4941 cognovi
740 4873 858 4941 quia
881 4874 1024 4926 times
1045 4875 1226 4938 Deum,
1261 4877 1313 4930 id
1347 4887 1445 4939 est,
1478 4876 1577 4932 feci
1623 4888 1681 4932 ut
1714 4872 2052 4949 cognoscaris

513 4959 660 5031 [ιιι.
686 4970 1061 5030 cognoscatur;
1096 4964 1191 5027 al.,
1219 4967 1554 5037 cognoscar],
1589 4983 1653 5021 eo
1681 4985 1874 5038 genere
1902 4971 2050 5025 loeu-

513 5052 691 5117 tionis,
721 5053 843 5107 dum
872 5069 965 5122 per
992 5054 1298 5109 eﬂieientem
1339 5057 1666 5127 signiﬁcatur
1692 5060 1743 5112 id
1771 5060 1909 5127 quod
1944 5059 2054 5113 eiii-

511 5138 647 5193 citur
676 5157 687 5191 :
714 5143 1077 5211 sicutpigrum
1113 5143 1274 5213 frigus
1302 5145 1543 5209 dicimus,
1571 5162 1635 5201 eo
1661 5146 1801 5215 quod
1828 5146 2049 5217 [pigros]

514 5228 689 5283 faciat.
726 5230 856 5283 Illud
891 5226 1064 5287 autem
1111 5236 1250 5302 quod
1279 5236 1409 5290 dixit
1452 5254 1464 5287 :
1519 5236 1667 5291 Unde
1706 5255 1861 5307 usque
1905 5239 2053 5291 hodie

515 5317 703 5371 dicitur
731 5318 978 5373 Dominus
1004 5324 1055 5374 in
1076 5334 1295 5378 montem
1323 5325 1523 5378 videbit.
1561 5325 1761 5380 Exinde
1786 5329 1920 5395 apud
1950 5327 2053 5379 lle—

517 5406 685 5461 brmos
714 5410 1043 5476 proverbium
1071 5414 1212 5465 venit
1241 5414 1392 5485 [Μία
1418 5412 1567 5483 exiit]
1596 5425 1652 5469 ut
1689 5417 1733 5467 si
1763 5418 1971 5483 quando
2002 5417 2051 5469 in

519 5498 757 5563 angustia
786 5500 1057 5551 constituti
1086 5510 1225 5564 sunt,
1259 5501 1354 5573 [et]
1376 5502 1586 5567 Domini
1613 5518 1823 5570 quoque
1865 5512 2052 5571 Optant

520 5587 709 5641 auxilio
736 5588 1020 5652 sublevari,
1044 5590 1220 5643 dicant
1246 5609 1259 5643 :
1288 5591 1352 5644 In
1380 5602 1547 5644 monte
1574 5592 1820 5644 Dominus
1850 5594 2051 5651 videbit.

524 5673 619 5726 hoc
649 5682 748 5743 est,
790 5676 928 5729 sicut
948 5676 1192 5735 Abrahre,
1234 5680 1566 5734 miserebitur
1594 5690 1645 5733 et
1675 5682 1858 5734 nostri.
1904 5681 2053 5735 Unde

2148 552 2414 619 clangere.

2220 643 2382 695 Inter.
2410 642 2530 695 9.08.
2565 644 2783 697 Vocavit
2810 642 3033 714 [autem]
3058 644 3276 711 augebis
3298 643 3505 697 Domini
3529 644 3699 698 Abra-

2148 736 2268 788 ham
2299 736 2527 788 secundo
2556 734 2620 786 de
2647 734 2781 788 cmlo
2812 735 2993 788 dicens
3023 750 3036 785 :
3070 733 3203 798 Quia
3244 734 3407 801 fecisti
3436 749 3539 787 rem
3562 734 3696 787 hanc.

2146 834 2191 874 et
2233 839 2331 875 non
2360 823 2627 890 pepercisti
2657 822 2768 888 ﬁlio
2799 833 2883 873 tuo
2910 823 3168 890 unigenito
3188 830 3393 889 propter
3416 838 3493 873 me
3512 820 3698 891 (Ibid..

2149 930 2192 965 r.
2226 911 2327 979 lG).
2380 910 2622 979 Nunquid
2649 911 2913 963 Abraham
2953 919 3168 978 propter
3206 897 3448 977 anzgclum
3480 926 3582 962 non
3614 925 3700 978 pe-

2148 1003 2315 1069 percit
2341 1003 2447 1076 tilio
2479 1017 2592 1065 suo,
2623 1010 2677 1055 et
2706 1018 2807 1054 non
2838 1011 3052 1070 propter
3079 1002 3278 1054 Deum?
3298 1032 3364 1039 —-
3396 1000 3547 1068 Resp.
3574 1000 3700 1071 [Aut

2147 1090 2310 1161 enim]
2360 1092 2526 1158 angi-li
2561 1092 2771 1145 nomine
2807 1091 3061 1143 Dominus
3085 1091 3327 1143 Christus
3372 1090 3701 1158 signiﬁcatus

2146 1189 2248 1245 est,
2275 1182 2365 1248 qui
2392 1182 2505 1234 sine
2532 1182 2689 1233 dubio
2718 1181 2853 1233 Deus
2878 1188 2977 1241 est,
3009 1195 3062 1232 et
3094 1178 3369 1231 manifeste
3391 1196 3417 1229 a
3444 1180 3696 1246 propheta

2148 1274 2321 1325 dictus
2346 1282 2447 1335 est,
2490 1274 2663 1341 magni
2689 1272 2889 1325 consilii
2918 1272 3148 1341 angelus.
3197 1272 3300 1333 Ant
3350 1271 3517 1342 [quia]
3565 1272 3699 1325 ῡιξιις

2150 1361 2305 1433 [erat]
2334 1364 2383 1415 in
2412 1365 2626 1431 angelo;
2659 1361 2920 1432 et[l:'tlit.,
2943 1362 3052 1431 aut]
3078 1376 3141 1415 ex
3168 1378 3392 1430 persona
3423 1363 3512 1414 Dei
3542 1378 3695 1431 ange-

2148 1459 2228 1512 lus
2265 1458 2599 1525 loquebatur,
2644 1458 2781 1511 sicut
2821 1458 2870 1509 in
2910 1456 3183 1523 prophetis
3212 1457 3372 1508 etiam
3404 1457 3514 1509 lieri
3545 1455 3695 1508 solet.

2148 1547 2277 1599 Nam
2310 1548 2359 1600 in
2391 1547 2837 1612 consequentibus
2865 1545 2965 1597 hoc
2992 1545 3159 1612 magis
3186 1544 3393 1595 videtur
3423 1557 3699 1611 apparere,

2147 1638 2236 1690 ubi
2258 1637 2481 1705 legitur:
2514 1634 2627 1706 [Et]
2682 1636 2871 1687 vocarit
2923 1634 3133 1701 angelus
3193 1634 3397 1685 Domini
3440 1634 3698 1686 Abraham

2145 1729 2329 1780 iterum
2356 1727 2418 1779 de
2442 1726 2586 1784 caelo,
2614 1727 2787 1779 dicens
2810 1743 2827 1779 :
2854 1724 2955 1779 Per
2981 1726 3324 1795 memetipsum
3355 1726 3548 1793 juravi,
3574 1724 3699 1777 dicit

2152 1816 2420 1869 Dominus.

2152 1912 2163 1921 '
2218 1905 2377 1958 Inter.
2427 1906 2550 1959 “209.
2596 1906 2731 1972 Quid
2770 1907 3018 1974 estquod
3067 1906 3299 1959 secumlo
3342 1908 3405 1957 ad
3434 1904 3698 1957 Abraham

2146 1997 2341 2049 czedem
2379 2007 2431 2050 et
2473 2014 2574 2049 non
2616 1998 2733 2050 alia:
2773 1997 3152 2064 promissiones
3192 1998 3341 2048 ructre
3368 2003 3489 2047 sunt
3516 1992 3697 2063 (Ibid..

2147 2087 2441 2151 v.17)?——-
2489 2087 2640 2155 Resp.
2690 2087 2965 2156 Signiﬁcat
3014 2086 3200 2153 duplex
3254 2100 3433 2137 semen
3478 2083 3703 2136 Altrahm

2148 2175 2382 2228 futurum
2411 2192 2547 2234 esse.
2580 2194 2739 2229 unum
2788 2177 3017 2233 carnale.
3069 2177 3209 2229 aliud
3252 2176 3540 2244 spiritu-ale.
3583 2175 3703 2228 Ideo

2148 2264 2279 2318 dixit
2306 2265 2353 2317 ei
2381 2264 2632 2318 Dominus
2662 2284 2672 2317 :
2700 2264 2820 2336 [sic]
2851 2268 2952 2318 erit
2978 2280 3156 2319 semen
3182 2276 3350 2327 tuum,
3379 2266 3512 2317 sicut
3539 2262 3702 2316 stella:

2148 2352 2289 2413 cmli,
2317 2362 2371 2406 et
2398 2353 2534 2406 sicut
2558 2369 2719 2407 arena
2750 2354 2912 2407 maris
2940 2372 2951 2404 :
2998 2354 3049 2406 in
3092 2354 3257 2407 stellis
3279 2353 3421 2415 cmli,
3453 2351 3701 2420 spiritua-

2149 2443 2255 2506 les;
2286 2445 2335 2497 in
2363 2460 2522 2497 arena
2553 2445 2737 2508 maris,
2761 2444 3000 2497 carnales
3026 2443 3228 2513 [volens
3260 2442 3478 2513 intelligi
3504 2442 3694 2511 (Edit.,

2149 2534 2579 2604 intelliguntur)].

2222 2624 2382 2677 Inter.
2415 2625 2536 2677 210.
2584 2623 2691 2678 Cur
2718 2623 2905 2695 [enim]
2935 2624 3225 2677 nominavit
3259 2622 3531 2690 Scriptura
3562 2622 3700 2675 ﬁlios

2150 2714 2361 2766 bachor
2406 2712 2585 2765 fratris
2626 2713 2852 2765 Abrahae
2904 2713 3088 2784 (Ibid.,
3122 2729 3249 2766 vers.
3280 2711 3413 2781 20)?
3440 2743 3506 2751 —
3547 2710 3697 2781 Resp.

2149 2804 2281 2870 Quia
2325 2803 2388 2855 de
2434 2802 2553 2862 illis,
2594 2802 2674 2853 vel
2716 2803 2780 2855 de
2826 2802 3035 2855 illorum
3066 2804 3241 2869 .stirpe
3269 2802 3466 2870 aliquid
3495 2800 3702 2854 celebre

2148 2904 2330 2962 postea
2360 2902 2563 2961 gestum
2592 2907 2709 2944 esse
2754 2892 2961 2959 legitur.
2994 2891 3173 2959 Itaque
3201 2891 3310 2943 llus
3349 2890 3500 2961 μὴ,
3532 2888 3698 2961 Chus]

2150 2998 2285 3036 unus
2326 2990 2454 3041 erat,
2498 2982 2561 3032 de
2597 2979 2745 3047 cujus
2786 2982 2948 3047 stirpe
2972 2978 3070 3033 Joh
3109 2981 3397 3035 descendit.
3427 2980 3587 3050 326
3614 2978 3703 3036 Sic

2148 3073 2289 3127 enim
2336 3072 2591 3139 scriptum
2636 3079 2716 3122 est
2761 3070 2812 3122 in
2855 3069 3072 3123 exordio
3104 3069 3385 3124 voluminis
3424 3069 3577 3135 ejus:
3612 3066 3703 3121 Vir

2148 3151 2244 3229 fuit
2272 3163 2325 3213 in
2346 3171 2483 3212 terra
2512 3158 2624 3212 "its
2648 3158 2791 3229 [Ms.,
2819 3158 2977 3229 Clitis]
3011 3160 3213 3211 nomine
3233 3158 3351 3210 Job.
3380 3158 3513 3213 Male
3543 3159 3703 3229 igitur

2147 3253 2482 3305 aestimabant
2512 3250 2659 3321 [Ms.,
2688 3250 2977 3321 mstimant]
3024 3251 3258 3318 quidam,
3291 3249 3390 3303 Joh
3417 3251 3481 3304 de
3510 3266 3703 3319 genere

2146 3342 2285 3396 Esau
2335 3349 2538 3401 natum,
2592 3339 2644 3393 in
2691 3339 2840 3407 cujus
2882 3354 3075 3408 genere
3121 3350 3201 3392 est
3246 3340 3423 3392 Balatu
3456 3338 3605 3409 [Ms.,
3632 3339 3697 3392 de

2147 3441 2303 3503 gente
2328 3433 2487 3485 Esau.
2518 3430 2793 3484 Secundus
2837 3438 2962 3483 natu
3005 3437 3087 3482 est
3124 3430 3186 3482 de
3228 3429 3425 3483 .‘lleleha
3455 3429 3599 3491 ani,
3633 3444 3696 3482 ex

2146 3524 2296 3591 cujus
2320 3539 2513 3593 genere
2541 3534 2620 3578 est
2642 3523 2843 3587 Balam,
2866 3521 2997 3594 etc.]
3034 3522 3121 3574 ille
3155 3521 3382 3584 divinus,
3411 3530 3468 3574 ut
3493 3520 3697 3575 Hebraei

2146 3617 2377 3677 tradunt,
2410 3613 2497 3682 qui
2541 3613 2592 3667 in
2631 3612 2765 3665 libro
2792 3609 2891 3663 Job
2917 3610 3112 3664 dicitur
3140 3609 3290 3664 Belin
3326 3629 3337 3661 :
3363 3612 3593 3679 primum
3616 3611 3697 3661 vir

2144 3713 2361 3757 sanctus
2388 3702 2483 3775 [et]
2513 3703 2766 3772 propheta
2793 3700 2909 3767 Dei,
2942 3710 3120 3771 postea
3152 3714 3247 3771 per
3288 3698 3697 3756 inobedieutiam

2145 3806 2198 3849 et
2226 3796 2545 3851 desiderium
2573 3811 2852 3848 munerum
2882 3803 3198 3869 excecatus,
3228 3795 3350 3847 dum
3392 3792 3549 3845 Israel
3578 3808 3689 3844 ma-

2146 3885 2372 3941 ledicere
2397 3886 2573 3955 cmpit,
2601 3886 2764 3938 divini
2786 3884 3040 3938 vocabulo
3070 3892 3420 3952 nuncupatus.
3449 3882 3699 3953 [Dicitur-

2146 3993 2252 4046 qne
2278 3980 2330 4031 in
2354 3979 2537 4032 eodem
2568 3977 2706 4032 libro
2737 3994 2750 4029 :
2784 3978 2849 4029 Et
2877 3977 3043 4031 iratus
3072 3975 3221 4028 lleliu
3254 3974 3391 4028 illius
3419 3972 3694 4027 Barachiel

2146 4070 2400 4125 Buzites..
2430 4068 2507 4121 De
2533 4067 2689 4134 hujus
2719 4066 2963 4119 videlicet
2998 4065 3124 4117 ani
3170 4064 3347 4117 radice
3376 4062 3699 4116 descendens

2146 4157 2312 4213 Cham
2353 4156 2438 4211 vel
2481 4164 2633 4225 pater
2679 4153 2793 4222 ejus
2837 4154 3101 4207 Damasci.
3153 4152 3269 4221 ipsa
3314 4153 3454 4206 enim
3482 4148 3702 4206 vocatur

2145 4250 2310 4311 Aran,
2341 4263 2457 4317 qua:
2483 4248 2569 4301 hic
2602 4261 2697 4314 pro
2725 4244 2875 4315 Syria
2912 4245 3105 4312 scripta
3134 4252 3217 4297 est
3243 4252 3294 4295 et
3324 4243 3438 4311 ipso
3481 4240 3695 4295 nomine

2148 4340 2341 4408 legitur
2386 4339 2437 4392 in
2479 4337 2633 4391 Isaia.
2674 4336 2868 4390 Caseth
2894 4348 3103 4401 quoque
3128 4341 3354 4401 quartus
3392 4339 3491 4393 est,
3535 4344 3566 4382 a
3592 4344 3700 4399 quo

2076 4430 2411 4523 l)Casiadei,
2451 4428 2502 4481 id
2548 4436 2631 4481 est
2673 4425 2921 4489 Chaldtei,
2970 4432 3151 4492 postea
3199 4422 3368 4476 vocati
3396 4428 3554 4475 sunt.
3599 4420 3699 4475 Ba.

2151 4520 2319 4583 thuel,
2350 4520 2413 4571 de
2455 4533 2558 4586 quo
2597 4517 2833 4571 Rebecca
2880 4525 2933 4570 et
2960 4516 3136 4569 Laban
3172 4524 3323 4585 pater
3366 4513 3473 4568 Lize
3516 4519 3567 4568 et
3594 4511 3698 4564 Βι-

2149 4607 2313 4678 chel.]
3462 4618 3465 4621 '
3749 4602 3753 4606 ’

2219 4698 2383 4751 Inter.
2424 4698 2547 4751 211.
2590 4696 2696 4751 Cur
2736 4711 2839 4749 una
2865 4696 3050 4750 civitas
3072 4694 3281 4747 llebron
3312 4692 3479 4745 tribus
3518 4688 3699 4759 appel-

2150 4788 2255 4842 lata
2300 4797 2381 4843 est
2427 4786 2745 4847 nominibus,
2793 4783 3064 4843 videlicet,
3110 4780 3344 4846 liebron,
3393 4780 3555 4842 Arbe,
3604 4776 3697 4849 [et]

2152 4879 2387 4934 Mambre
2414 4877 2563 4947 (Gen.
2594 4891 2750 4937 χχιιι,
2781 4873 2835 4941 2)
2856 4873 2879 4925 ἲ
2900 4904 2964 4911 -
2990 4872 3138 4941 Resp.
3176 4872 3380 4925 IIebron
3408 4868 3637 4942 [civitas]
3668 4884 3698 4923 a

2150 4968 2483 5036 Gigantibus,
2516 4981 2545 5018 a
2577 4964 2766 5031 quibus
2796 4963 3059 5032 quondam
3094 4962 3303 5015 condita
3330 4969 3409 5013 est
3436 4977 3450 5012 :
3490 4966 3543 5013 et
3566 4959 3698 5011 Arbe

2150 5074 2180 5109 a
2211 5070 2452 5116 numero,
2499 5054 2745 5107 videlicet
2787 5061 3033 5121 quatuor,
3075 5049 3256 5121 [habet
3280 5046 3516 5120 nomen],
3558 5049 3697 5117 quod

2152 5148 2222 5199 ibi
2268 5154 2493 5215 quatuor
2516 5146 2831 5214 patriarcha:
2877 5142 3065 5211 sepulti
3099 5150 3253 5203 sunt,
3284 5140 3448 5194 Adam
3477 5156 3696 5208 magnus

2152 5238 2365 5289 humani
2412 5238 2621 5305 generis
2646 5244 2821 5303 pater;
2861 5233 3146 5295 Abraham,
3175 5228 3270 5302 [et]
3298 5231 3441 5284 lsaac
3483 5229 3577 5300 [et]
3606 5228 3693 5281 Ja-

2153 5330 2268 5379 eob.
2338 5328 2456 5379 Haec
2503 5326 2686 5379 eadem
2736 5341 2765 5378 a
2812 5326 3039 5394 quodam
3093 5321 3381 5375 amicorum
3428 5318 3692 5373 Abraham

2158 5418 2385 5469 Mambre
2412 5423 2596 5468 vocata
2623 5424 2723 5467 est.

2224 5502 2383 5555 Inter.
2412 5503 2533 5555 912.
2578 5500 2883 5572 [Qumritur]
2910 5500 3035 5568 quid
3080 5496 3340 5566 signiﬁcat
3366 5494 3504 5563 quod
3528 5496 3695 5549 Abra-

2152 5594 2272 5644 ham
2301 5606 2462 5659 puero
2491 5606 2585 5643 suo
2614 5592 2738 5643 dicit
2763 5588 2934 5641 :I'one
2954 5603 3161 5639 manum
3192 5594 3330 5636 tuam
3359 5600 3509 5651 super
3529 5582 3691 5647 femur

2152 5697 2337 5737 meum.
2368 5691 2413 5730 et
2450 5682 2574 5746 jura
2602 5695 2689 5745 per
2713 5678 2981 5731 Dominum
3012 5677 3172 5728 Deum
3222 5676 3329 5728 caeli
3362 5674 3509 5744 (Cen.
3546 5686 3689 5731 “tv,
