4272 6254
568 363 669 418 567

1403 357 1461 411 Β.
1500 355 1562 410 F.
1603 353 1824 409 ALBINI
1862 352 1990 408 SEU
2030 348 2613 406 ALCIIINI‘OPERUM
2651 347 2828 403 PARS
2862 348 2923 403 II.

3545 347 3758 409 ,548

570 473 945 545 2,5)?—-Resp.
970 472 1206 526 Tradunt
1231 469 1433 524 Hebraei
1452 468 1593 538 quod
1619 468 1673 522 in
1695 464 2111 521 sanctiﬁcatione
2142 466 2184 522 Α
2212 459 2389 534 uxor].
2438 461 2503 515 Et
2552 462 2631 515 sic
2675 462 2885 515 videtur
2925 457 3170 531 [depositi
3206 458 3341 532 jam]
3386 459 3613 529 Abrahae
3638 470 3768 513 aeta:

570 567 702 636 ejus,
732 566 836 620 hoc
868 573 949 618 est
993 561 1418 624 circumcisione,
1457 558 1737 627 iuraverit.
1786 556 1890 610 Sed
1934 554 2123 614 melius

570 651 965 724 intelligendum
991 658 1075 705 est
1093 648 1302 716 iurasse
1331 649 1385 703 in
1415 647 1617 702 semine
1640 645 1886 707 Abrahae,
1917 644 2017 697 hoc
2042 651 2124 697 est

568 744 798 801 Chlisto.
842 741 975 807 Quia
1021 741 1134 809 ipse
1159 739 1410 793 Dominus
1436 738 1577 792 Deus
1606 736 1725 791 caeli
1762 736 1816 788 in
1861 748 1921 787 ea
1965 749 2125 786 carne,

570 841 680 886 tum
727 838 981 885 venturus
1026 837 1162 885 erat.
1212 842 1329 896 qua:
1366 828 1432 882 de
1475 826 1569 880 illo
1607 824 1805 880 femore
1839 833 2124 893 propagata

572 928 649 972 est
662 957 674 971 .

647 1009 805 1062 Inter.
844 1005 965 1062 ἓιὸ.
998 1006 1272 1074 Quomodo
1318 1020 1503 1059 servus
1534 1003 1762 1057 Abrahze
1788 1003 1840 1055 in
1869 1001 2126 1070 petitione

570 1098 709 1167 signi
740 1096 1104 1167 augurationis
1128 1096 1259 1149 vitio
1287 1092 1579 1163 culpandus
1603 1105 1705 1145 non
1725 1099 1807 1144 est
1833 1089 1983 1159 (vers.
2004 1088 2151 1157 I4)!

573 1187 814 1257 —Resp.
860 1187 1014 1245 Aliud
1047 1193 1129 1240 est
1176 1182 1362 1255 [enim]
1421 1183 1615 1236 mirum
1675 1179 1875 1249 aliquid
1923 1188 2125 1247 petere,

568 1276 714 1344 quod
747 1276 860 1344 ipso
889 1272 1142 1328 miraculo
1171 1271 1500 1341 signiﬁcatur
1547 1268 1700 1340 [1⁵18.⁹
1727 1268 1863 1336 quod
1890 1283 1985 1335 pro
2015 1268 2128 1335 ipso

574 1370 834 1423 miraculo
868 1348 1073 1437 signum
1103 1364 1224 1437 sit];
1258 1365 1399 1419 aliud
1425 1373 1530 1435 [est
1552 1360 1733 1432 etiam]
1760 1361 2018 1414 humanos
2034 1374 2126 1411 ‘er-

576 1472 728 1513 rores
775 1456 1137 1525 superstitiosa
1164 1454 1398 1506 vanitate
1433 1454 1485 1506 iu
1525 1450 1794 1518 auspiciis,
1825 1447 2129 1517 auguratio-

574 1547 734 1602 nibus
759 1545 854 1618 [et]
878 1542 1289 1600 divinationibus
1330 1543 1631 1595 observare.
1686 1539 1938 1604 Quaedam
1983 1538 2127 1591 enim

532 1644 533 1647 ‘
580 1643 733 1707 pacta
772 1633 924 1706 μισ..
952 1632 1110 1715 facta]
1138 1640 1261 1686 sunt
1306 1630 1578 1686 diabolicae
1629 1628 2024 1689 familiaritatis,
2076 1635 2131 1679 et

578 1742 687 1781 non
731 1726 845 1780 sine
882 1724 1066 1795 grandi
1114 1731 1332 1793 peccato
1370 1722 1521 1785 ﬁunt,
1566 1722 1777 1789 quando
1804 1720 1953 1773 ﬁunt.
1999 1719 2130 1773 Illud

2223 551 2484 615 excusari,
2511 567 2577 604 ne
2602 566 2764 605 senex
2799 557 2920 620 post
2944 558 3166 604 mortem
3196 550 3379 604 uxoris
3404 550 3593 604 vetuL'e
3618 551 3771 603 novis

2224 638 2421 707 nuptiis
2472 646 2726 706 arguatur
2768 638 3056 693 lascivisse.
3108 636 3341 710 [Fertur]
3390 654 3598 708 quoque
3648 640 3772 708 quia

2227 731 2315 784 ﬁlii
2338 731 2583 794 Abrahze,
2607 732 2695 800 qui
2724 732 2773 785 ei
2797 731 2860 785 de
2883 730 3109 785 Cethura
3150 734 3255 787 nati
3283 740 3429 794 sunt,
3455 732 3769 805 [occupave-

2226 830 2350 875 runt
2394 831 2593 876 terram
2639 838 2758 891 qua:
2800 822 2993 876 Arabia
3026 831 3259 884 vocatur,
3292 840 3460 893 usque
3503 825 3569 878 ad
3612 826 3773 880 maris

2216 911 2414 981 Rubri]
2452 912 2647 965 littora.
2677 911 2881 964 Dicitur
2911 920 3086 965 autem
3119 928 3254 966 unus
3274 928 3338 966 ex
3364 913 3590 983 posteris
3610 913 3774 968 Abra-

2226 992 2323 1061 hm,
2348 1002 2437 1069 qui
2485 1001 2780 1070 appellatur
2802 1002 2962 1055 Asser
3007 1000 3154 1071 [.lls.,
3178 1004 3541 1071 appellabatur
3565 1003 3773 1076 Assur].

2226 1090 2439 1143 duxisse
2478 1091 2731 1144 adversus
2771 1089 2973 1144 Lubian
3022 1087 3171 1160 [Ms.,
3215 1091 3416 1162 Lahan]
3461 1093 3775 1155 exercitum,

2225 1187 2281 1231 et
2309 1179 2379 1233 ibi
2408 1179 2629 1233 devictis
2657 1179 2897 1232 hostibus
2923 1179 3244 1244 consedisse,
3274 1180 3493 1249 ejusque
3533 1191 3775 1251 posteros

2226 1284 2291 1322 ex
2320 1269 2532 1324 nomine
2552 1270 2702 1322 Atavi
2725 1268 2957 1324 Africam
2998 1287 3347 1341 nuncupasse.
3397 1272 3542 1326 Alios
3568 1287 3779 1341 quoque

2228 1356 2363 1412 filios
2388 1357 2613 1411 Abrahm
2642 1373 2706 1412 ex
2734 1358 2963 1413 Cethura
3013 1352 3299 1428 occupasse
3328 1360 3507 1427 Judege
3536 1363 3776 1431 regiones

2229 1444 2375 1517 [Ms.,
2409 1446 2616 1501 Indiam
2651 1448 2943 1520 regionem]
2972 1450 3283 1503 aestimatur.

2298 1536 2459 1590 Inter.
2485 1537 2606 1590 220.
2636 1538 2907 1603 Quomodo
2930 1540 3173 1593 convenit
3202 1539 3427 1593 Abrahae
3457 1549 3561 1593 tam
3591 1550 3780 1593 sancto

2229 1626 2342 1678 viro
2385 1626 2523 1693 quod
2563 1626 2755 1680 dicitur
2791 1641 2805 1678 :
2859 1627 2921 1679 Et
2964 1627 3200 1696 deﬁciens
3236 1640 3465 1682 mortuus
3508 1638 3580 1682 est
3625 1628 3776 1703 (Cen.

2232 1732 2352 1781 xxv,
2386 1716 2474 1786 8)?
2504 1746 2569 1756 -—
2596 1717 2748 1786 Resp.
2776 1718 2831 1771 In
2871 1718 3090 1773 Ilebrteo
3117 1735 3219 1774 non
3252 1721 3476 1775 habetur
3518 1722 3779 1788 deﬁciens,

583 1815 743 1886 igitur
787 1814 1026 1883 superius
1067 1812 1336 1881 petitionis
1381 1826 1545 1881 genus
1584 1810 1945 1891 comprobatio
1980 1809 2130 1881 [Ms.,
2167 1802 2207 1861 Β
2235 1807 2326 1861 sed
2355 1822 2383 1859 a
2415 1806 2752 1876 Septuaginta
2778 1808 3154 1876 Interpretibus
3185 1810 3417 1864 additum
3443 1822 3541 1864 est.

582 1904 912 1973 computatio
938 1900 1079 1972 ﬁdei]
1119 1916 1209 1955 seu
1259 1899 1560 1970 coniunctio
1589 1901 1708 1955 ﬁdei
1733 1909 1813 1954 est
1846 1902 1910 1955 ad
1937 1901 2130 1965 Deum;

587 1996 693 2049 hoc
714 1993 976 2064 posterius
1002 1992 1324 2046 inﬁielitatis
1347 1991 1649 2060 coniunctio
1688 1991 1752 2045 ad
1778 1990 2062 2044 diabolum.

653 2080 817 2135 Inter.
842 2080 963 2132 2H.
989 2078 1123 2146 Quid
1147 2083 1266 2143 hoc,
1289 2082 1657 2149 proﬁciscente
1676 2081 1913 2134 Rebecca
1943 2098 1954 2132 :
1976 2079 2137 2133 Soror

583 2179 761 2222 nostra
792 2186 865 2231 es,
913 2186 1110 2222 crescas
1155 2171 1207 2222 in
1250 2169 1414 2222 millia
1454 2170 1672 2222 millium
1712 2180 1758 2222 et
1788 2170 2135 2223 ha'reditatem

587 2260 807 2313 obtineat
848 2258 990 2322 [Ms.,
1019 2257 1297 2331 possideat]
1324 2266 1490 2312 semen
1524 2270 1667 2311 tuum
1694 2270 1867 2327 portas
1899 2261 2135 2312 inimico-

590 2365 703 2403 rum
725 2366 933 2403 suorum
966 2350 1114 2419 (vers.
1139 2350 1264 2417 60)?
1300 2350 1433 2404 Num
1459 2351 1728 2419 prdphetm
1757 2349 1989 2414 fuerunt,
2014 2351 2136 2418 quia

593 2437 743 2509 [Ms.,
770 2438 883 2510 qui]
919 2440 1019 2493 hoc
1045 2441 1292 2508 dixerunt
1320 2440 1459 2508 quod
1504 2440 1555 2492 in
1598 2439 1775 2493 futuro
1817 2439 2011 2493 factum
2058 2449 2139 2495 est

594 2528 745 2601 [Ms.,
789 2532 926 2599 quod
979 2530 1209 2585 futurum
1241 2533 1435 2587 factum
1478 2531 1793 2602 fuerat]?—-
1836 2532 1986 2602 Resp.
2026 2532 2139 2597 Non

591 2622 864 2688 propheta:
907 2620 1142 2687 fuerunt,
1186 2629 1276 2674 aut
1305 2623 1541 2675 vanitate
1577 2629 1680 2675 tam
1720 2637 1905 2690 magna
1930 2632 2141 2690 optave-

595 2717 742 2774 runt,
769 2711 860 2765 sed
892 2724 1002 2774 eos,
1036 2726 1152 2781 quae
1182 2712 1498 2781 promiserat
1529 2712 1669 2765 Deus
1703 2711 1947 2776 Abrahre,
1978 2712 2142 2766 latere

598 2814 703 2852 non
731 2808 1033 2868 potuerunt.
1172 2860 1177 2868 _

667 2888 829 2943 Inter.
876 2888 997 2942 ‘2I5.
1052 2888 1178 2954 Qure
1229 2900 1309 2944 est
1359 2892 1667 2945 exercitatio
1714 2892 1875 2955 Isaac,
1926 2907 2029 2961 qua
2088 2907 2145 2948 se

600 2997 851 3038 exercere
899 2982 1092 3036 dicitur
1128 2983 1177 3035 in
1223 2998 1408 3051 eampo
1434 2984 1500 3037 ad
1525 2997 1796 3051 vesperam
1841 2983 1996 3053 (vers.
2021 2983 2146 3054 63)?

2305 1896 2465 1950 Inter.
2494 1897 2612 1949 221.
2650 1898 2785 1963 Quid
2813 1897 2934 1969 [est]
2959 1899 3097 1967 quod
3124 1900 3309 1969 plenus
3332 1900 3531 1954 dierum
3556 1903 3782 1956 dicitur’

2233 2017 2301 2027 —
2328 1986 2479 2056 Resp.
2508 1986 2657 2053 Quod
2679 1988 2812 2041 lucis
2836 1996 2889 2041 et
2909 1988 3009 2041 diei
3037 1983 3282 2055 opeiibus
3310 1988 3495 2058 plenus
3525 1993 3785 2044 occubue-

2236 2078 2323 2131 rit.

2306 2167 2465 2220 Inter.
2500 2167 2619 2220 ἓξὲξ.
2651 2168 2785 2233 Quid
2820 2178 2900 2222 est
2928 2170 3068 2236 quod
3109 2170 3236 2223 dicit
3271 2170 3542 2240 Scriptura
3571 2173 3635 2227 de
3667 2174 3790 2227 ﬁliis

2234 2256 2422 2310 lsmael
2449 2275 2461 2307 ι
2491 2257 2862 2311 Ηαὺιιαυενιιηι
2892 2258 2953 2310 ab
2978 2258 3127 2311 Ebila
3152 2276 3306 2328 usque
3333 2262 3398 2312 ad
3428 2261 3554 2324 Sur,
3580 2280 3693 2332 qum
3716 2276 3787 2316 Pal

2234 2359 2414 2403 contra
2440 2349 2624 2418 faciem
2664 2349 2874 2419 .Egypti
2914 2352 3061 2421 (vers;
3096 2350 3215 2417 I8)?
3245 2382 3313 2390 ——
3361 2350 3511 2421 Resp.
3542 2353 3689 2408 Ebila
3710 2368 3792 2407 est

2236 2440 2382 2510 regio
2407 2454 2565 2509 quam
2590 2439 2905 2494 circumﬂuit
2930 2439 3079 2510 μὴ,
3100 2440 3308 2512 circuit]
3334 2441 3525 2495 Phison
3548 2458 3609 2495 ex
3635 2459 3789 2511 ραι-ιι-

2236 2531 2352 2585 diso
2392 2529 2581 2594 ﬂuens,
2614 2531 2752 2584 dicta
2794 2545 2824 2582 a
2864 2530 3089 2598 quodam
3135 2530 3281 2585 Ebila
3328 2541 3515 2600 nepote
3558 2532 3705 2588 Noe:
3739 2544 3793 2587 et

2238 2629 2319 2674 est
2348 2611 2576 2675 solitudo
2604 2626 2787 2675 centra
2829 2619 3015 2674 faciem
3054 2619 3289 2691 Egypti.
3337 2621 3442 2675 Sur
3473 2638 3679 2692 quoque
3714 2635 3794 2677 est

2241 2710 2466 2765 solitudo
2495 2711 2634 2764 inter
2660 2709 2828 2764 Gades
2868 2720 2921 2764 et
2952 2710 3152 2775 Barad,
3197 2713 3486 2766 extendens
3532 2714 3790 2779 desertum

2241 2818 2408 2870 usque
2433 2803 2497 2855 ad
2526 2814 2673 2853 mare
2702 2800 2938 2854 Rubrum
2966 2810 3020 2853 et
3048 2799 3261 2870 Egypti
3291 2802 3538 2857 conﬁnia.

2314 2891 2473 2945 Inter.
2503 2891 2625 2944 223.
2659 2890 2794 2955 Quid
2817 2899 2900 2944 est
2924 2886 3062 2959 quod
3086 2891 3279 2969 dicitur
3304 2893 3368 2946 de
3395 2893 3612 2947 lsmaele
3638 2892 3791 2965 (vers.

2246 2981 2351 3053 16),
2380 2983 2517 3051 quod
2556 2982 2831 3036 duodecim
2863 2990 3165 3058 generasset
3203 2983 3483 3051 principes,
3514 2985 3596 3039 vel
3633 2987 3797 3042 duces

601 3102 667 3112 -
692 3072 842 3143 Resp.
877 3072 1152 3141 Signiﬁcat
1194 3073 1414 3146 [autem]
1466 3075 1551 3127 illa
1594 3074 1908 3128 exercitatio
1948 3076 2144 3130 oratio-
2178 3132 2216 3146 -
2246 3069 2357 3139 [qui
2379 3072 2680 3141 regionibus
2702 3071 2782 3125 vel
2809 3073 3051 3126 tribubus
3073 3073 3285 3126 nomina
3310 3074 3795 3146 dederunt(omissa

603 3178 723 3217 nem
750 3132 802 3225 ,Ι
836 3132 1123 3218 secundum
1182 3132 1309 3218 illud
1374 3132 1513 3234 quod
1558 3164 1799 3220 Christus
1848 3166 2035 3219 orabat
2092 3166 2143 3219 in
2172 3132 2217 3194 Ο
2336 3132 2619 3232 ms.]]?——
2647 3161 2800 3231 Resp.
2848 3162 3118 3230 Signiﬁcat
3162 3166 3301 3232 quod
3342 3165 3532 3235 singuli
3573 3132 3795 3222 ﬁliorum

603 3258 778 3305 monte
804 3269 815 3303 :
856 3260 915 3305 ut
941 3252 1100 3306 etiam
1131 3252 1253 3308 hinc
1293 3252 1438 3307 Isaae
1465 3262 1645 3324 typum
1672 3254 1901 3308 Domini.
1925 3255 2147 3322 gesserit
2246 3253 2481 3307 Ismaclis
2508 3252 2834 3324 [regionibus
2862 3254 2944 3307 vel
2970 3254 3212 3310 tribubus
3243 3257 3457 3310 nomina
3496 3257 3796 3329 dederunt],

604 3340 753 3409 (vers.
785 3339 896 3411 62).

676 3428 834 3483 Inter.
864 3429 984 3484 216.
1009 3430 1137 3497 Quae
1162 3441 1242 3487 est
1268 3433 1355 3487 illa
1382 3440 1522 3486 terra
1547 3432 1745 3495 Austri,
1771 3432 1857 3486 ubi
1879 3434 2148 3489 habitabat

603 3519 773 3585 Isaae,
801 3530 1097 3576 revertente
1135 3536 1288 3577 servo
1327 3524 1495 3593 patris
1530 3524 1609 3577 sui
1642 3540 1762 3577 cum
1789 3524 2060 3581 Rebecca?
2080 3557 2147 3566 —

608 3610 756 3678 Resp.
810 3608 993 3681 [Terra
1020 3610 1221 3684 Austri]
1268 3612 1529 3682 signiﬁcat
1576 3622 1771 3667 terram
1816 3613 1956 3667 illam
1995 3615 2145 3685 [Ms.,

605 3699 828 3771 Gerara]
874 3700 1011 3754 unde
1056 3716 1085 3754 a
1115 3711 1265 3770 patre
1312 3703 1378 3756 ad
1409 3702 1785 3757 immolandum
1831 3702 2145 3776 [quondam]

606 3788 777 3842 fuerat
804 3791 1061 3844 adductus
1088 3790 1237 3851 (vers.
1268 3791 1377 3845 65l.
1630 3788 1633 3791 λ

610 3953 618 3959 ,
678 3896 843 3951 Inter.
877 3898 1000 3951 2l‘l.
1051 3897 1185 3965 Quid
1232 3908 1314 3954 est
1360 3902 1688 3969 theristrum,
1717 3921 1821 3974 quo
1862 3924 1917 3961 se
1945 3912 2150 3977 operuit

608 3982 975 4039 Rebecca?-
1014 3985 1165 4057 Resp.
1212 3988 1360 4062 Pallii
1410 4006 1573 4058 genus
1614 4001 1709 4053 est,
1744 4004 1801 4048 ut
1842 4013 1981 4051 nunc
2030 4009 2151 4052 sunt

504 4115 537 4161 θ.
579 4070 834 4132 ,Arabica
878 4077 1186 4131 vestimenta
1221 4076 1368 4148 [Ms.,
1411 4082 1679 4136 teristrum
1699 4085 1913 4153 pallium
1936 4090 2148 4154 dicitur,

609 4176 776 4231 genus
803 4164 960 4216 etiam
995 4180 1135 4251 nunc
1156 4166 1368 4220 Arabiei
1411 4171 1758 4243 vestimenti],
1803 4178 1992 4243 quibus
2038 4195 2153 4231 mu-

610 4251 766 4305 lieres
789 4252 1072 4319 provincire
1098 4254 1239 4307 illius
1262 4255 1522 4311 velantur.

678 4338 840 4395 Inter.
881 4342 1001 4397 2I8.
1035 4342 1141 4397 Cur
1165 4344 1429 4400 Abraham
1471 4357 1589 4417 post
1618 4353 1931 4419 promissum
1964 4357 2063 4411 sibi
2102 4368 2155 4413 et

609 4437 792 4484 natum
821 4429 988 4495 Isaae,
1016 4432 1069 4485 in
1097 4447 1199 4501 quo
1222 4435 1271 4487 ei
1298 4437 1660 4507 multiplicatio
1688 4444 1873 4511 prolis,
1904 4454 1958 4499 et
1990 4431 2156 4502 bene:
2179 4455 2225 4513 ι)

612 4518 773 4573 dictio
805 4522 1036 4590 gentium
1070 4523 1329 4588 promissa
1355 4532 1435 4579 est
1468 4543 1497 4579 a
1527 4529 1653 4591 Deo,
1684 4532 1840 4587 aliam
1868 4535 2029 4589 voluit
2058 4538 2151 4591 du-

615 4621 735 4696 cere
784 4624 998 4696 uxorem
1043 4608 1197 4680 (Cen.
1228 4628 1346 4677 xxv,
1372 4613 1739 4687 I)?-—‘Resp.
1788 4621 1901 4677 Non
1936 4635 2152 4696 propter

614 4692 1082 4761 incontinentiam,
1105 4714 1223 4752 eum
1246 4699 1357 4767 jam
1384 4713 1524 4758 esset
1552 4710 1892 4776 grandazvus;
1932 4692 2153 4771 δαί-δίε-

612 4788 670 4834 ut
705 4782 846 4851 Agar
885 4790 938 4835 et
974 4783 1159 4839 Ismael
1203 4790 1503 4858 signiﬁcant
1554 4797 1794 4854 carnales
1824 4800 2027 4857 Veteris
2055 4805 2153 4860 Te—

611 4872 888 4936 stamenti;
921 4872 999 4927 sic
1024 4873 1251 4931 Cethura
1280 4887 1332 4931 et
1357 4880 1450 4935 ﬁlii
1472 4882 1583 4949 ejus
1621 4882 1919 4957 signiﬁcant
1947 4893 2152 4951 bmreti-

613 4976 723 5023 cos,
746 4962 834 5031 qui
870 4978 927 5023 se
953 4963 1018 5017 ad
1042 4963 1242 5019 Novum
1266 4967 1658 5027 Testamentum
1682 4980 1943 5045 pertinere
1973 4986 2151 5037 existi-

615 5058 779 5100 mant.
825 5050 928 5107 Sed
974 5064 1213 5123 utraeque
1252 5060 1561 5117 concubina:
1600 5062 1874 5133 dicuntur;
1906 5072 1983 5125 sic
2009 5075 2150 5133 enim

613 5138 808 5191 dicitur
852 5138 1047 5197 :Filiis
1110 5142 1327 5218 [autem]
1371 5152 1770 5217 concubinarum
1816 5154 2035 5227 largitus
2080 5174 2151 5216 est

617 5241 826 5281 munera
855 5227 1095 5299 (vers.6).
1128 5233 1247 5287 Sola
1282 5234 1442 5289 Sarra
1472 5254 1605 5294 uxor
1634 5257 1841 5313 semper
1867 5256 2104 5303 vocatur.

684 5316 1172 5409 Inter.219.—Qu:e
1189 5337 1268 5379 est
1281 5326 1425 5399 [ista]
1443 5328 1693 5395 Cethura,
1719 5344 1810 5389 aut
1830 5337 1969 5391 unde
1992 5354 2155 5409 genus

617 5406 767 5460 duxit
787 5408 935 5479 [Hs.',
962 5412 1302 5485 ducens]?—
1322 5417 1472 5489 Resp.
1502 5420 1752 5493 [Cethura
1782 5406 2157 5495 interpretatur

618 5497 880 5565 copulata,
912 5510 1001 5555 aut
1029 5503 1235 5570 vincta;
1274 5520 1429 5574 quam
1460 5510 1528 5563 ob
1558 5512 1793 5583 causam]
1823 5518 2157 5584 suspicantur

621 5584 825 5642 Ilebrzci
849 5588 1003 5658 327
1023 5595 1257 5650 eamdem
1283 5610 1401 5651 esse
1423 5597 1563 5665 Agar
1580 5618 1717 5669 quae,
1745 5602 1904 5657 Sarra
1931 5618 2153 5671 mortua,

619 5689 685 5727 ex
740 5680 1027 5731 concubina
1081 5685 1346 5738 transierit
1395 5687 1446 5739 in
1495 5703 1709 5743 uxorem
1765 5692 1895 5763 [Al.,
1928 5693 2060 5749 facta
2090 5699 2156 5751 sit

2244 3356 2273 3395 e
2300 3341 2489 3409 quibus
2520 3342 2903 3409 primogenitus
2931 3341 3043 3410 ejus
3082 3342 3182 3396 fuit
3222 3343 3485 3399 Nabaioth
3513 3344 3660 3417 [Ms.,
3690 3346 3782 3400 Na-

2246 3430 2434 3493 baoth;
2484 3431 2579 3495 al.,
2624 3430 2909 3502 Nabeoth],
2972 3447 2999 3484 a
3034 3448 3138 3501 quo
3182 3434 3354 3487 omnis
3398 3435 3541 3505 regio
3581 3437 3647 3488 ah
3690 3438 3796 3490 Eu-

2246 3522 2434 3588 phrate
2457 3522 2521 3574 ad
2548 3536 2692 3575 mare
2718 3521 2953 3576 Rubrum
2980 3513 3284 3577 Nabathena
3331 3539 3497 3594 usque
3521 3526 3677 3579 hodie
3716 3527 3798 3580 di-

2247 3614 2404 3676 citur,
2432 3629 2549 3683 qua:
2587 3629 2709 3683 pars
2734 3622 2815 3667 est
2845 3614 3070 3668 Arahim.
3120 3613 3249 3666 Nam
3284 3623 3337 3667 et
3378 3614 3588 3669 familia:
3614 3629 3798 3669 eorum

2247 3705 2543 3773 oppidaque
2564 3712 2616 3756 et
2639 3705 2758 3773 pagi
2783 3720 2844 3757 ac
2867 3706 3063 3757 munita
3090 3702 3327 3766 castella,
3350 3713 3403 3757 et
3424 3704 3594 3758 tribus
3613 3705 3798 3758 borum

2248 3792 2595 3863 appellatione
2634 3794 2986 3847 celebrantur.
3030 3792 3111 3847 Ab
3138 3808 3244 3847 uno
3273 3807 3337 3847 ex
3376 3793 3460 3847 his
3500 3792 3704 3850 Cedaar
3746 3793 3798 3846 in

2249 3885 2479 3948 deserto,
2510 3886 2743 3939 Eoduma
2772 3886 2871 3939 alia
2902 3886 3063 3957 regio,
3096 3896 3149 3941 et
3182 3886 3445 3941 Hemanea
3480 3888 3631 3961 [Ms.,
3658 3889 3799 3943 The-

2252 3977 2427 4049 mana]
2459 3980 2524 4031 ad
2558 3988 2795 4032 austrum
2830 3988 2882 4033 et
2916 3978 3141 4033 Cedema
3180 3981 3245 4034 ad
3280 3980 3547 4036 Orientem
3588 3982 3797 4037 dicitur.

2320 4069 2481 4122 Inter.
2496 4069 2617 4137 29,4.
2642 4069 2775 4133 Quid
2794 4078 2880 4122 est
2898 4071 3036 4138 quod
3056 4071 3247 4124 dicitur
3267 4071 3331 4125 de
3347 4072 3527 4125 eodem
3550 4071 3799 4125 lsmaele:

2252 4157 2437 4209 Coroni
2474 4158 2706 4210 omnibus
2737 4157 2982 4225 fratribus
3003 4160 3109 4212 suis
3136 4160 3260 4212 obiit
3283 4158 3433 4229 (vers.
3461 4160 3580 4221 i7)?
3600 4160 3681 4214 vel
3710 4162 3801 4227 qui

2252 4254 2373 4299 sunt
2411 4245 2632 4299 fratrum
2676 4246 2888 4300 nomine
2924 4247 3049 4300 dicti
3080 4244 3228 4317 [Ms.,
3259 4247 3504 4318 censiti]?
3536 4278 3605 4287 -—
3647 4248 3797 4319 Resp.

2250 4335 2306 4389 Id
2333 4344 2434 4401 est,
2457 4338 2511 4389 in
2539 4338 2781 4391 manibus
2801 4338 3035 4392 omnium
3062 4338 3344 4392 liberorum
3375 4338 3522 4411 [δίδη
3552 4341 3797 4412 ﬁliorum]

2251 4439 2464 4479 suorum
2492 4433 2733 4479 mortuus
2771 4435 2873 4491 est,
2915 4426 3289 4495 superstitibus
3328 4429 3574 4483 omnibus
3599 4431 3797 4491 liberis,

2251 4524 2304 4569 ct
2332 4514 2473 4568 nullo
2518 4517 2661 4584 prius
2711 4524 2881 4571 morte
2915 4524 3195 4584 prmrepto.
3243 4516 3459 4574 Fratres
3497 4535 3669 4576 autem
3704 4537 3801 4589 pro

2252 4606 2373 4660 ﬁliis
2406 4607 2683 4676 appellari,
2708 4608 2773 4662 ad
2796 4605 2959 4661 Jaeob
2988 4606 3167 4661 Laban
3210 4608 3536 4664 demonstrat
3580 4612 3759 4669 dicens
3784 4632 3795 4665 :

2252 4693 2487 4746 Ponatur
2524 4698 2696 4747 coram
2735 4694 3005 4764 [fratribus
3038 4697 3163 4750 meis
3186 4696 3257 4769 et]
3302 4698 3548 4767 fratribus
3584 4702 3707 4755 tuis.
3746 4714 3801 4756 ut

2240 4783 2475 4851 judicent
2498 4784 2631 4836 inter
2660 4801 2752 4837 nos
2782 4783 2930 4855 (Gen.
2962 4802 3110 4852 χιιι,
3133 4788 3243 4857 37).
3274 4788 3381 4845 Nec
3407 4792 3549 4846 enim
3577 4793 3800 4862 legimus

2249 4872 2381 4926 alios
2415 4871 2606 4928 fratres
2632 4872 2793 4930 Jacob
2820 4875 2891 4929 ibi
2914 4876 3131 4943 habere,
3166 4880 3403 4946 exceptis
3428 4881 3606 4937 liberis
3630 4882 3763 4935 suis.

2320 4982 2483 5037 Inter.
2500 4984 2622 5039 225.
2647 4985 2914 5051 Qwitur
2936 5002 3041 5056 quo
3063 4988 3187 5042 ierit
3210 4989 3447 5045 Rebecca
3474 4993 3802 5068 interrogare

2252 5074 2553 5137 Dominum,
2583 5091 2703 5129 cum
2728 5077 2931 5142 parvuli
2958 5077 3117 5149 [ejus]
3149 5080 3201 5132 in
3231 5083 3801 5145 ntero'mllidebautur

2253 5163 2403 5232 (Gen.
2435 5181 2557 5229 xxv,
2582 5165 2705 5236 22)?
2727 5197 2797 5207 —
2827 5166 2978 5239 Resp.
3018 5168 3176 5225 Forte
3218 5173 3281 5226 ad
3318 5174 3498 5231 locum
3530 5177 3615 5230 ubi
3651 5192 3799 5233 aram

2253 5254 2599 5308 constituerat
2615 5254 2904 5320 Abraham,
2929 5273 3082 5313 orare
3105 5260 3242 5313 venit
3271 5280 3283 5313 :
3310 5264 3391 5317 vel
3416 5263 3621 5336 [etiam]
3646 5276 3800 5325 erant

2255 5341 2413 5409 aliqui
2450 5341 2625 5417 [tales]
2656 5346 2709 5401 in
2738 5360 2803 5403 eo
2830 5357 3067 5417 tempore
3102 5349 3341 5405 homines
3378 5352 3489 5415 Dei,
3527 5351 3580 5406 In
3606 5356 3799 5423 quibus

2254 5442 2430 5499 posset
2458 5434 2595 5491 Deus
2625 5436 2961 5505 interrogari.

2327 5520 2487 5575 Inter.
2537 5524 2660 5577 226.
2716 5525 2797 5576 An
2853 5528 3137 5580 secundum
3187 5528 3459 5584 historiam
3503 5535 3585 5586 vel
3635 5534 3797 5591 etiam

2256 5612 2558 5681 allegoriam
2589 5616 2981 5693 intelligendum
3012 5627 3091 5670 est
3114 5620 3254 5686 quod
3292 5620 3541 5674 Dominus
3584 5638 3799 5693 respon-

2259 5702 2334 5755 dit
2367 5701 2617 5757 Rebecca:
2648 5719 2661 5755 :
2694 5704 2819 5757 Diue
2856 5715 3023 5773 gentes
3069 5716 3183 5756 sunt
3225 5707 3278 5757 in
3326 5718 3464 5760 utero
3506 5718 3593 5762 tuo
3622 5720 3669 5764 et
3694 5713 3795 5767 duo
