4272 6200
494 331 608 388 τεῦ

1044 329 1455 389 ῘΕΧΕΕΕΤΙΕᾹ.
1495 364 1561 373 —
1599 333 1962 388 INTERROG.
2003 332 2090 386 ΕΤ
2124 332 2428 389 RESPONS
2486 334 2551 387 IN
2587 335 2731 389 GENI

1352 334 1455 389 CA.
1495 364 1561 373 —
1599 333 1962 388 lSTERROG.
2003 332 2090 386 ΕΤ
2124 332 2428 389 RESPONS
2486 334 2551 387 IN
2587 334 2849 399 GENES.,
2894 336 3038 391 ETC.

3597 329 3698 389 ἷίῗέὒ

506 412 675 517 populi
702 461 767 499 ea:
785 454 952 500 ventre
991 454 1080 497 tuo
1106 444 1422 509 dividentur,
1468 443 1783 513 populusque
1805 441 2046 512 populum
2075 448 2120 507 Α
2152 440 2443 496 idololatria
2474 440 2625 513 [Ils.,
2667 459 2769 497 non
2812 443 3121 499 idololatria:
3165 443 3284 499 fecit
3333 442 3564 505 simile]:
3606 459 3699 498 nec

501 536 778 605 superabit,
804 545 851 587 et
871 535 1041 603 major
1062 535 1239 587 serviet
1266 535 1451 587 minori
1477 532 1625 603 (vers.
1655 532 1777 601 25)?
1797 560 1865 569 —
1894 528 2044 600 Resp.

503 624 805 679 Secundum
832 633 1112 692 utrumque
1142 624 1351 676 modum
1383 636 1397 674 :
1436 621 1777 689 spiritualiter
1814 634 1938 672 vero
1974 620 2049 672 sic

499 715 632 769 solet
664 716 880 784 intelligi
908 717 1045 784 quod
1072 715 1268 768 dictum
1294 722 1395 777 est,
1420 712 1521 783 [ut]
1551 713 1602 765 in
1632 712 1769 764 Esau
1796 710 2050 780 ﬁguratus

502 805 569 857 sit
600 807 768 873 major
800 806 1025 874 populus
1068 806 1179 867 Dei,
1228 806 1328 858 hoc
1370 814 1470 865 est,
1516 803 1837 857 lsraeliticus
1865 817 2051 856 secun-

501 900 624 948 dum
659 910 902 959 carnem;
932 910 1026 963 per
1052 893 1215 947 Jacob
1238 902 1411 947 autem
1445 889 1699 962 liguiatus
1726 899 1808 946 est
1829 891 1938 960 ipse
1963 888 2050 944 Ja-

498 981 598 1037 enb
622 982 672 1034 in
694 982 884 1050 populo
910 983 1233 1045 Christiano,
1259 983 1546 1035 secundum
1578 980 1903 1049 spiritualem
1929 994 2051 1047 pro-

498 1071 705 1138 geniem
756 1080 1042 1141 propagato
1100 1070 1258 1141 [Ms.,
1311 1086 1469 1140 quam
1521 1068 1881 1148 propagavit].
1948 1069 2050 1123 Sed

503 1160 663 1212 etiam
694 1152 942 1214 historica
971 1161 1292 1228 proprietate
1325 1160 1590 1214 invenitur
1608 1160 1709 1213 hoc
1742 1172 2050 1225 responsum

502 1262 622 1301 esse
655 1248 991 1314 completum,
1024 1248 1110 1301 ubi
1153 1248 1377 1318 populus
1400 1247 1576 1310 Israel,
1622 1248 1723 1302 hoc
1755 1257 1856 1309 est,
1888 1234 2050 1300 Jacob

507 1336 679 1388 minor
701 1335 840 1390 ﬁlius
864 1337 1129 1404 superavit
1162 1336 1435 1400 ldumteos,
1461 1352 1595 1405 quos
1622 1336 1787 1407 [Ms.,
1808 1338 1908 1390 hoc
1947 1344 2049 1399 est,

502 1434 710 1492 gentem
740 1424 989 1497 quam...]
1022 1427 1331 1494 propagavit
1366 1426 1526 1490 Esau,
1563 1442 1761 1494 eosque
1801 1426 1923 1479 fecit
1953 1428 2048 1479 tri-

502 1516 737 1569 butarios
770 1531 864 1584 per
916 1516 1096 1579 David,
1147 1518 1284 1585 quod
1333 1518 1423 1572 diu
1472 1517 1595 1572 fecit
1642 1518 1843 1572 scilicet
1889 1532 2049 1587 usque

503 1602 653 1671 [Ms.,
695 1605 923 1672 quandiu
958 1604 1168 1658 fuerunt
1198 1621 1365 1674 usque
1396 1605 1482 1678 ...]
1519 1610 1582 1660 ad
1622 1623 1799 1677 regem
1828 1609 1926 1661 sub
1946 1623 2050 1676 quo

501 1689 710 1744 Idumaei
752 1692 1158 1757 rebellaverunt,
1197 1703 1249 1747 et
1283 1694 1467 1763 jugum
1504 1696 1845 1769 Israeliticum
1878 1712 1906 1749 a
1932 1711 2044 1751 cer-

504 1780 617 1833 vice
639 1796 731 1834 sua
760 1782 1132 1849 deposuerunt.
1448 1818 1455 1825 ο
1776 1824 1777 1827 η
1970 1802 1971 1805 η
2004 1787 2007 1790 ’

574 1869 735 1923 Inter.
765 1871 885 1925 927.
918 1873 1044 1938 Qum
1076 1881 1197 1927 sunt
1232 1875 1576 1944 primogenita
1607 1855 1738 1943 qua).
1752 1876 1888 1929 Esau
1918 1892 2046 1928 ven-

503 1959 635 2012 didit
672 1959 834 2015 Jacob
869 1962 1019 2016 fratri
1059 1980 1155 2018 suo
1195 1964 1344 2034 (vers.
1378 1964 1502 2035 5|)?
1530 1994 1592 2031 7—-
1616 1965 1779 2034 Resp.
1812 1966 2048 2037 Tradunt

505 2047 705 2103 llebrazi
733 2066 917 2105 omnes
962 2053 1341 2122 primogenitos
1378 2052 1522 2124 fungi
1568 2054 1750 2108 solitos
1776 2054 1946 2108 ollicio
1972 2042 2050 2107 sa-
2080 2044 2089 2053 ’

498 2138 752 2191 cerdotali
778 2137 926 2208 [δίδη
945 2140 1299 2213 sacerdotum]
1321 2150 1602 2210 antequam
1619 2143 1790 2197 Aaron
1812 2144 1863 2195 in
1883 2158 2049 2195 sacer—

502 2227 675 2297 dotem
710 2226 857 2300 [Ms.,
880 2232 1255 2303 sacerdotium]
1279 2232 1590 2302 eligeretur;
1615 2243 1668 2287 et
1693 2234 1939 2288 habuisse
1964 2248 2049 2285 ve-

500 2316 747 2380 stimenta
787 2320 1165 2384 sacerdotalia,
1206 2322 1398 2389 quibus
1443 2322 1610 2376 induti
1660 2322 1899 2375 victimas
1942 2321 2050 2373 Deo

500 2404 831 2481 offerebant:
856 2416 909 2461 ct
943 2409 1055 2462 haec
1077 2423 1194 2463 esse
1219 2411 1531 2465 vestimenta
1562 2410 1722 2479 328
1749 2410 1907 2472 Esau,
1936 2408 2052 2477 qui-

504 2496 603 2549 bus
650 2495 884 2549 Rebecca
937 2498 1106 2553 induit
1160 2497 1323 2554 Jacob
1373 2499 1538 2554 ﬁlium
1601 2517 1777 2564 suum,
1827 2516 2050 2569 quorum

498 2586 665 2641 odore
690 2598 840 2655 pater
876 2588 1168 2644 oblectatus
1212 2591 1590 2647 benedictionis
1626 2592 1831 2661 initium
1862 2592 2053 2647 astruit

507 2674 655 2742 (Gen.
685 2692 850 2738 xxvu,
882 2678 989 2747 15).

575 2764 735 2818 Inter.
766 2767 888 2822 228.
921 2768 978 2821 Si
1006 2769 1103 2823 viri
1124 2770 1251 2840 justi
1275 2772 1515 2827 voluntas
1538 2774 1675 2828 bona
1703 2783 1802 2837 est,
1827 2775 1953 2842 quid
1974 2782 2053 2828 est

506 2857 645 2923 quod
676 2856 821 2911 Isaac
848 2873 951 2912 non
979 2859 1136 2925 Esau,
1166 2877 1322 2930 quem
1346 2864 1533 2929 voluit,
1560 2866 1649 2919 sed
1678 2864 1860 2930 Jacob,
1895 2881 2052 2935 quem

507 2943 691 3008 noluit,
724 2948 1122 3002 benedixit?‘-—
1152 2950 1302 3021 Resp.
1337 2936 1497 3007 Iusti.
1512 2954 1760 3017 hominis,
1799 2965 2053 3023 quantum

508 3034 575 3088 ad
599 3037 975 3091 conscientiam
1013 3042 1258 3109 pertinet,
1301 3044 1546 3099 voluntas
1579 3046 1714 3099 bona
1746 3055 1857 3109 est;
1885 3062 2054 3114 quan-

510 3132 617 3177 tum
641 3134 816 3180 autem
844 3128 908 3181 ad
942 3131 1328 3196 praescientiam
1378 3132 1528 3204 [Ms.,
1572 3134 1929 3207 prrcscntiam]
1957 3136 2055 3189 im—

506 3215 683 3268 munis
706 3223 789 3269 cst
812 3216 878 3270 ab
908 3218 1164 3273 adversis.
1211 3221 1350 3297 Deus
1379 3224 1519 3277 enim
1569 3225 1710 3279 solus
1755 3233 1836 3279 est
1862 3227 1951 3295 qui
1992 3227 2057 3281 de

509 3299 700 3357 futuris
722 3303 944 3372 iudicat.
975 3306 1051 3362 Ac
1070 3323 1166 3377 per
1202 3309 1299 3364 hoc
1314 3308 1469 3366 Isaac
1486 3314 1676 3382 justus,
1706 3325 1960 3383 quantum
1988 3317 2054 3370 ad

504 3401 819 3457 praesentem
842 3404 1037 3449 statum
1066 3396 1216 3468 [Ms.;
1245 3400 1647 3473 humanitatem]
1683 3405 1933 3472 pertinet,
1975 3405 2053 3459 di-

507 3493 669 3546 gnum
690 3495 805 3536 esse
830 3484 1083 3550 majorem
1114 3486 1275 3540 lilium
1301 3490 1664 3564 benedictione
1685 3496 1903 3559 putabat
1927 3493 2052 3564 [ma-

509 3565 631 3638 gis].
665 3567 769 3624 Sed
802 3570 960 3638 Deus,
991 3575 1316 3629 occultorum
1346 3562 1609 3648 cognitor,
1654 3583 1908 3635 minorem
1929 3562 2051 3637 —me-

509 3656 616 3711 reri
641 3653 1057 3716 benedictionem
1097 3666 1344 3729 ostendit,
1374 3666 1453 3737 [ut
1479 3656 1531 3721 in
1558 3670 1920 3724 benedictione
1948 3687 2051 3725 non

508 3743 738 3802 hominis
771 3753 1060 3807 ostenderit
1103 3769 1218 3809 esse
1252 3757 1577 3819 beneﬁcium,
1613 3762 1705 3813 sed
1742 3761 1831 3815 Dei
1862 3761 2049 3831 (Edit.,

511 3843 570 3890 ut
596 3837 1015 3895 benedictionem
1041 3860 1143 3899 non
1172 3848 1417 3909 hominis,
1440 3849 1530 3903 sed
1566 3850 1661 3904 Dei
1685 3852 2049 3924 ostenderet)].

511 3924 632 3981 Ideo
655 3925 853 4019 dictu‘m
876 3938 959 3983 est
985 3932 1036 3984 in
1062 3932 1306 3988 Numeris
1325 3936 1390 3989 ad
1417 3936 1626 4004 Moysen
1661 3945 1714 3991 et
1747 3939 1923 3993 Aaron
1964 3956 2050 3994 sa-

427 4030 434 4035 ·
512 4019 818 4072 oerdotem:
850 4020 1032 4074 Ponite
1068 4039 1246 4076 nomen
1289 4040 1456 4077 meum
1488 4042 1640 4093 super
1684 4027 1819 4095 ﬁlias
1867 4027 2049 4095 Israel,

510 4120 603 4172 ego
630 4105 878 4161 Dominus
906 4109 1197 4163 benedicam
1224 4128 1307 4166 eos
1338 4111 1520 4183 (Num.
1563 4132 1635 4181 vi,
1663 4117 1772 4189 27).
1799 4117 2056 4174 Sacerdo-
2100 4112 2101 4115 “

516 4192 583 4245 tis
611 4202 693 4248 est
715 4195 1025 4253 benedicere
1044 4240 1057 4265 ,
1101 4201 1193 4255 Dei
1217 4210 1297 4257 est
1321 4201 1561 4258 eﬂ‘ectum
1586 4206 1818 4261 tribuere
1842 4210 2055 4263 benedi-

511 4282 721 4377 cti-onis.
749 4285 896 4339 Unde
924 4288 1179 4343 intellexit
1197 4291 1342 4347 Isaac
1366 4308 1461 4377 per
1482 4294 1724 4364 spirituum
1747 4299 2052 4365 prophetia,

2079 1784 2121 1842 Β

2150 532 2289 585 enim
2313 541 2453 595 tunc,
2479 547 2577 586 nec
2598 542 2779 601 postea
2798 533 3149 602 frequentavit
3166 530 3391 609 lapidem
3413 533 3696 592 adorando.

2151 630 2242 673 aut
2264 619 2312 673 ci
2342 619 2719 685 sacriﬁcando;
2756 622 2847 675 sed
2886 622 3092 690 signum
3134 620 3235 675 fuit
3264 622 3555 691 prophetiae
3592 622 3697 677 evi-

2151 693 2468 764 dentissima
2493 709 2641 780 [Ms.,
2669 711 2720 763 in
2744 711 3015 780 prophetia
3056 711 3471 784 evidentissima]
3505 714 3687 766 consti-

2152 808 2339 862 tutum,
2354 786 2502 867 quod
2529 798 2675 869 [Ms.,
2693 798 2842 870 quae]
2859 800 3087 873 pertinet
3112 802 3177 854 ad
3204 801 3523 854 unctionem.
3544 800 3700 854 ‘Unde

2150 900 2207 944 et
2232 889 2427 943 Christi
2464 886 2653 942 nomen
2676 906 2707 942 a
2731 890 3017 944 chrismate
3041 902 3140 943 est.
3374 958 3378 964 Α

2220 978 2380 1031 Inter.
2407 978 2529 1031 231.
2558 976 2929 1047 [Qumrendum
2953 977 3055 1049 cst]
3082 979 3346 1047 quomodo
3371 978 3567 1032 dictum
3595 977 3696 1030 sit:

2151 1069 2371 1123 Serririt
2387 1068 2548 1121 Jacob
2575 1084 2666 1136 pro
2703 1065 2893 1119 Rachel
2920 1078 3105 1135 septem
3137 1068 3308 1130 annis,
3332 1076 3377 1119 et
3403 1067 3700 1120 videbantur

2149 1160 2227 1213 illi
2264 1159 2416 1229 pauci
2443 1159 2551 1211 dies
2593 1157 2742 1226 (Cen.
2791 1173 2937 1220 xxxx,
2983 1157 3103 1228 20);
3135 1174 3252 1211 cum
3291 1156 3459 1227 magis
3498 1152 3699 1227 [etiam]

2150 1251 2307 1303 breve
2350 1258 2556 1318 tempus
2596 1247 2807 1314 longum
2871 1263 2987 1301 esse
3040 1247 3205 1321 soleat
3259 1246 3598 1299 amantibus?
3634 1272 3686 1285 -ο

2152 1338 2303 1408 Resp.
2338 1338 2543 1390 Dictum
2579 1346 2657 1389 est
2696 1335 2864 1406 [ergo]
2903 1346 3117 1407 propter
3143 1337 3374 1389 laborem
3409 1334 3695 1393 servitutis,

2136 1435 2307 1495 quem
2333 1426 2540 1480 facilem
2569 1433 2621 1479 et
2645 1426 2808 1479 levem
2833 1441 2982 1480 amor
3014 1426 3259 1479 iaciebat.

2221 1537 2379 1590 Inter.
2404 1536 2526 1610 252.
2562 1536 2688 1590 Post
2727 1538 3035 1592 servitutem
3075 1546 3273 1605 septem
3316 1551 3573 1591 annorum
3609 1535 3697 1591 Ja-

2150 1629 2267 1691 cob,
2289 1630 2464 1681 soceri
2495 1629 2574 1681 sui
2625 1628 2809 1682 fraude
2843 1626 3111 1697 deceptus,
3154 1629 3428 1697 copulatus
3456 1638 3536 1697 est
3564 1628 3697 1692 Litt;

2154 1731 2219 1769 an
2257 1717 2416 1784 etiam
2453 1726 2570 1785 pust
2618 1717 2749 1771 alios
2787 1727 2989 1785 septem
3020 1718 3289 1771 servitutis
3317 1732 3482 1771 annos
3509 1716 3705 1772 Rachel

2149 1814 2460 1874 accepturas
2498 1808 2645 1860 erat?
2681 1837 2749 1846 —
2782 1807 2934 1875 Resp.
2969 1806 3083 1860 Non
3130 1804 3357 1877 [igitur],
3400 1815 3457 1860 ut
3489 1807 3701 1875 quidam

2149 1896 2283 1949 male
2315 1897 2597 1958 testimant,
2624 1908 2743 1964 post
2764 1906 2963 1965 septem
2991 1900 3303 1952 annosalios
3331 1897 3525 1952 Rachel
3554 1911 3695 1952 acce-

2147 1986 2225 2051 pit
2250 1999 2496 2044 uxorcm;
2528 1988 2619 2039 sed
2640 1996 2758 2053 post
2781 1972 2980 2054 septem
3011 1987 3125 2040 dies
3156 1987 3457 2055 nuptiarum
3486 1988 3701 2056 primae;

2149 2088 2269 2125 nam
2302 2073 2575 2141 sequitur:
2610 2073 2673 2125 Et
2710 2075 2967 2143 ingressus
3000 2083 3073 2143 est
3098 2074 3166 2126 ad
3208 2073 3420 2139 Rachel,
3446 2082 3491 2127 et
3523 2074 3701 2128 dilexit

2150 2158 2339 2217 Rachel
2381 2166 2543 2233 magis
2584 2181 2738 2234 quam
2773 2165 2943 2229 Liam,
2968 2176 3014 2219 et
3045 2166 3245 2219 servivit
3274 2167 3320 2219 ei
3342 2174 3527 2235 septem
3554 2167 3700 2240 annis

2149 2252 2266 2305 aliis
2294 2254 2444 2323 (vers.
2475 2253 2586 2321 50).

2220 2340 2381 2394 Inter.
2410 2342 2533 2395 255.
2558 2340 2681 2413 [An]
2713 2342 2830 2396 duae
2857 2341 3056 2395 ancillae
3094 2340 3218 2395 Bala
3264 2348 3318 2394 et
3350 2340 3545 2410 Zelpha
3576 2357 3697 2394 uxo-

2151 2446 2258 2495 res,
2290 2446 2356 2483 an
2384 2432 2689 2485 concubina:
2720 2432 2954 2485 dicenda:
2982 2440 3107 2485 sunt
3133 2429 3283 2495 (Cen.
3313 2447 3439 2496 xxx,
3457 2431 3509 2496 4,
3524 2432 3577 2501 9)
3595 2432 3616 2483 ?
3637 2462 3692 2471 —

2152 2519 2304 2589 Resp.
2354 2520 2511 2573 Forte
2562 2521 2736 2573 omnis
2786 2521 3112 2582 concubina,
3161 2536 3320 2583 uxor;
3380 2536 3482 2574 non
3529 2529 3701 2573 autem

2153 2609 2368 2681 [omnis]
2408 2627 2541 2664 uxor
2572 2612 2887 2674 concubina,
2920 2626 3064 2665 more
3098 2611 3342 2680 loquendi
3386 2612 3438 2664 in
3470 2609 3714 2680 Scriptu-

2153 2702 2226 2753 ris
2256 2700 2404 2772 [.lls.,
2436 2700 2874 2771 Scripturarum],
2908 2702 3222 2770 appellatur,
3243 2702 3294 2755 id
3328 2709 3425 2765 est,
3457 2712 3513 2755 ut
3544 2701 3708 2756 Sarra

2151 2799 2205 2843 et
2229 2790 2486 2854 Rebecca,
2514 2789 2653 2861 [Lia]
2682 2798 2737 2844 et
2760 2790 2954 2845 Rachel
2987 2792 3292 2845 concubinae
3327 2792 3429 2845 dici
3459 2805 3560 2845 non
3582 2806 3710 2859 pos-

2153 2877 2301 2933 sint:
2337 2878 2478 2948 Agar
2522 2893 2649 2932 vero
2696 2887 2750 2932 et
2791 2877 3037 2943 Cethur‘a,
3088 2888 3142 2933 et
3179 2880 3302 2933 llala
3339 2889 3393 2934 et
3422 2880 3615 2950 Zelpha
3653 2892 3705 2934 et

2155 2988 2348 3046 uxores
2384 2982 2437 3026 ct
2461 2972 2787 3026 concubina.

2228 3062 2388 3115 Inter.
2418 3062 2538 3115 954.
2562 3061 2834 3127 Quomodo
2853 3075 2950 3129 pro
2983 3070 3198 3131 aspectu
3236 3062 3505 3132 virgarum
3530 3062 3688 3116 varia-

2156 3164 2272 3202 rum
2309 3149 2441 3201 varii
2488 3163 2735 3217 pecorum
2784 3147 2923 3202 fetus
2970 3151 3327 3204 nascebantur
3380 3150 3529 3220 (vers.
3582 3150 3705 3219 58)?

2150 3264 2219 3275 -ο
2245 3234 2393 3305 Resp.
2422 3236 2753 3311 Observahat
2790 3236 2955 3292 Jacob
3002 3248 3238 3307 tempora
3279 3240 3470 3308 quibus
3513 3255 3702 3309 pecora

2151 3327 2594 3391 ascendebantur,
2637 3334 2691 3381 et
2732 3335 2850 3396 post
2890 3327 3123 3382 calorem
3169 3330 3271 3383 diei
3313 3331 3378 3384 ad
3422 3332 3706 3400 potandum

2151 3417 2303 3470 avida
2342 3418 2668 3488 pergebant:
2698 3418 2985 3473 discolores
3032 3421 3211 3488 virgas
3254 3420 3341 3473 hic
3380 3422 3609 3488 ponebat
3647 3412 3706 3476 in

2150 3505 2447 3569 canalibus,
2470 3518 2523 3560 et
2540 3490 2787 3561 admissis
2814 3509 3071 3563 arietibus
3099 3519 3152 3563 et
3183 3510 3347 3563 hircis
3381 3511 3431 3563 in
3461 3511 3571 3580 ipsa
3608 3526 3696 3579 po-

2150 3593 2293 3647 tandi
2321 3594 2568 3647 aviditate
2596 3610 2722 3649 oves
2746 3605 2799 3649 et
2826 3611 3013 3664 capras
3038 3596 3264 3651 faciebat
3289 3600 3522 3663 ascendi,
3550 3610 3607 3653 ut
3630 3616 3698 3655 ex

2150 3682 2342 3750 duplici
2372 3682 2655 3748 desiderio,
2692 3686 2815 3739 dum
2856 3686 3006 3740 avide
3048 3687 3231 3741 bibunt
3267 3695 3319 3738 et
3344 3690 3701 3743 ascenduntur

2151 3788 2179 3826 a
2204 3775 2467 3836 maribus,
2508 3775 2661 3829 tales’
2686 3774 2824 3829 fetus
2868 3777 3223 3844 conciperent,
3267 3778 3451 3846 quales
3486 3780 3705 3835 umbras

2150 3864 2375 3916 arietum
2407 3872 2461 3918 et
2484 3864 2751 3919 hircorum
2786 3866 3010 3934 desuper
3037 3868 3431 3921 ascendentium
3461 3869 3509 3921 in
3538 3884 3692 3937 aqua-

2150 3962 2267 4001 rum
2316 3951 2525 4018 speculo
2580 3954 3088 4021 contemplabantur.
3134 3955 3212 4009 Ex
3260 3956 3421 4026 virgis
3462 3957 3603 4011 enim
3650 3959 3704 4009 in

2151 4039 2422 4094 canalibus
2440 4042 2626 4109 positis
2648 4045 2827 4097 varius
2846 4043 3052 4115 [etiam]
3078 4054 3194 4099 erat
3222 4046 3507 4117 imaginum
3535 4046 3696 4108 color.

2154 4128 2261 4183 Nec
2282 4131 2475 4184 mirum
2504 4132 2642 4186 hanc
2678 4134 2729 4186 in
2773 4145 3029 4203 conceptu
3057 4135 3373 4189 feminarum
3403 4150 3521 4190 esse
3551 4144 3689 4189 natu-

2154 4232 2287 4282 ram,
2314 4227 2372 4271 ut
2396 4219 2576 4288 quales
2602 4224 2986 4290 perspexerint,
3015 4224 3124 4277 sive
3148 4233 3322 4278 mente
3344 4229 3679 4295 conceperint
3697 4268 3709 4288 .

2153 4306 2207 4361 in
2231 4317 2470 4362 extremo
2509 4310 2793 4380 voluptatis
2836 4322 2987 4376 mstu,
3035 4329 3139 4382 quo
3180 4316 3499 4382 concipiunt,
3545 4318 3698 4371 talem

511 4385 541 4425 ει
566 4371 673 4427 Deo
698 4373 1113 4479 beqedictionim
1316 4372 1760 4479 minorem‘tilium
1783 4387 2054 4460 praedesti-
2083 4418 2130 4477 ο
2154 4397 2384 4450 sobolem
2412 4371 2709 4467 procreent,
2738 4416 2857 4455 cum
2898 4371 3000 4457 hoc
3044 4371 3213 4472 ipsum
3254 4371 3412 4458 etiam
3455 4371 3504 4459 in
3538 4423 3695 4479 equa-

515 4475 689 4515 natam
708 4502 723 4525 ,
769 4464 948 4519 dicens
979 4483 991 4518 :
1029 4466 1275 4522 Benedixi
1295 4471 1358 4533 ei,
1386 4481 1432 4524 et
1458 4474 1552 4525 erit
1577 4473 1866 4528 benedictus
1898 4475 2049 4545 (Gen.

516 4566 676 4615 xxv",
704 4552 814 4623 35).

581 4639 743 4693 Inter.
775 4644 895 4697 229.
931 4645 1066 4711 Quid
1098 4655 1179 4701 est
1204 4649 1343 4718 quod
1378 4649 1539 4706 Jacob
1580 4652 1711 4707 dixit
1742 4668 1757 4706 :
1794 4653 2054 4711 Terribilis

512 4741 583 4783 est
612 4730 751 4784 locus
778 4734 889 4796 iste,
914 4751 1015 4788 non
1036 4746 1107 4789 est
1126 4740 1209 4792 hic
1229 4740 1373 4794 aliud
1398 4744 1494 4796 nisi
1519 4744 1700 4798 domus
1723 4745 1815 4808 Dei
1840 4756 1885 4799 et
1908 4758 2055 4816 porta

444 4876 455 4881 η
513 4819 624 4871 caeli
654 4819 801 4889 (Gen.
838 4838 1021 4885 xxvm,
1050 4824 1169 4894 l7)?
1203 4856 1272 4867 -—
1301 4827 1453 4897 Resp.
1486 4830 1609 4887 llaec
1641 4836 1800 4889 verba
1839 4834 1906 4889 ad
1934 4851 2057 4905 pro-

518 4912 747 4976 phetiam
772 4914 1049 4982 pertinent,
1081 4917 1218 4991 quod
1248 4915 1392 4988 [Ms.,
1420 4919 1565 4992 quia]
1606 4921 1837 4977 futurum
1862 4935 1977 4979 erat
2002 4927 2054 4980 in

519 5008 657 5054 tera
685 5004 1071 5070 promissionis,
1115 4992 1280 5061 Deum
1308 5024 1486 5064 verum
1536 5013 1721 5069 timere
1758 5025 1812 5069 et
1858 5016 2053 5080 colere,

518 5087 1015 5162 tabernaculumque
1055 5096 1103 5149 ei
1152 5096 1265 5150 ﬁeri
1301 5115 1312 5149 :
1349 5113 1590 5169 eumque,
1636 5104 1725 5173 qui
1770 5112 1851 5159 est
1900 5122 2057 5175 super

516 5176 692 5231 omnia
727 5180 1034 5238 benedictus
1060 5184 1216 5251 Deus,
1258 5189 1477 5256 pedibus
1515 5190 1667 5265 [suis]
1705 5196 1973 5251 ambulare
2001 5197 2053 5250 in

515 5280 596 5319 ea.
624 5265 838 5322 Portam
863 5280 1037 5327 autem
1073 5277 1191 5331 cmli
1220 5279 1296 5333 sic
1324 5281 1613 5351 intelligere
1640 5284 1908 5351 debemus,
1943 5296 2055 5340 tan-

516 5373 672 5426 quam
713 5360 834 5416 inde
877 5363 969 5417 liat
1009 5368 1179 5423 aditus
1207 5372 1540 5427 credentibus
1573 5375 1638 5428 ad
1678 5381 2052 5445 capessendum

519 5463 733 5517 regnum
760 5454 1033 5509 caelorum.

582 5523 744 5594 Inter.
775 5542 896 5597 230.
929 5545 1036 5600 Cur
1061 5544 1221 5603 Jacob
1249 5553 1420 5608 oleum
1452 5556 1584 5610 fudit
1624 5572 1781 5626 super
1804 5559 2049 5627 lapidem,

516 5642 669 5689 quem
700 5633 867 5687 erexit
899 5634 949 5687 in
978 5635 1182 5692 titulum
1213 5639 1360 5695 lrers.
1404 5643 1525 5700 l8)?
1558 5678 1627 5686 —
1652 5646 1803 5717 Resp.
1841 5648 1952 5703 Non
1986 5665 2050 5704 ex

2132 4504 2267 4565 vrum
2295 4493 2541 4561 gregibus
2568 4496 2703 4564 apud
2733 4495 2995 4567 Hispanos
3032 4499 3241 4555 dicatur
3278 4500 3409 4555 ﬁeri.
3443 4502 3509 4570 Et
3535 4501 3698 4567 Quin-

2151 4579 2361 4634 tilianus
2388 4584 2439 4634 in
2467 4598 2529 4637 ea
2552 4587 2907 4640 controversia
2936 4606 2947 4639 :
2979 4589 3029 4640 in
3047 4597 3168 4658 ‘qua
3202 4592 3548 4645 accusabatur
3591 4609 3702 4648 ma-

2153 4675 2302 4723 trona
2355 4672 2627 4739 qumdam,
2677 4690 2794 4742 qua:
2847 4675 3148 4745 .tEthiopem
3206 4689 3481 4749 pepererat
3536 4680 3699 4752 (illa,

2152 4761 2356 4829 quod...
2381 4760 2687 4835 pepererit],
2732 4780 2826 4832 pro
2858 4766 3161 4823 defensione
3199 4765 3338 4825 illius
3366 4783 3703 4843 argumente-

2153 4858 2260 4913 tur,
2283 4852 2335 4903 in
2361 4853 2459 4904 hoc
2480 4864 2733 4921 conceptu
2773 4854 2877 4924 [Ms
2909 4896 2923 4919 ,
2964 4856 3099 4912 hanc
3130 4858 3438 4929 conceptus]
3463 4874 3580 4913 esse
3607 4876 3700 4913 na-

2154 4945 2347 5000 turam,
2376 4952 2533 5005 quam
2564 4954 2721 5009 supra
2750 4942 2910 5013 329
2935 4945 3181 5000 diximus.
3219 4929 3287 5000 Et
3316 4946 3479 5001 multa
3508 4948 3698 5001 dicun-

2154 5033 2242 5080 tur
2264 5026 2453 5080 similia
2480 5026 2629 5099 μη,
2657 5031 2917 5106 similiter]
2941 5034 3055 5088 ﬁeri
3078 5035 3130 5088 in
3156 5035 3461 5091 animalium
3481 5035 3695 5091 fetibus.

2155 5113 2304 5187 [Sed]
2324 5112 2379 5171 et
2398 5118 2604 5173 mulieri
2627 5120 2881 5176 accidisse
2908 5120 3148 5184 traditur,
3178 5130 3236 5177 ut
3265 5124 3518 5193 scriptum
3551 5140 3697 5194 repe-

2153 5208 2288 5261 ritur
2308 5208 2361 5261 in
2391 5208 2538 5263 libris
2565 5210 2915 5276 antiquissimi
2942 5220 2995 5265 et
3019 5213 3323 5281 peritissimi
3354 5214 3541 5269 medici
3574 5214 3698 5283 Hip-

2152 5300 2400 5367 pocratis,
2427 5315 2544 5369 quae
2580 5300 2879 5369 suspicione
2919 5303 3158 5359 adulterii
3198 5304 3371 5359 fuerat
3410 5306 3695 5374 punienda,

2153 5405 2272 5443 cum
2322 5391 2731 5458 pulcherrimum
2783 5408 3005 5462 puerum
3053 5398 3374 5466 peperisset,
3424 5400 3699 5469 utriusque

2152 5478 2387 5547 parentis
2416 5479 2592 5547 generi
2620 5478 2771 5551 μη,
2796 5482 3006 5551 utrique
3028 5485 3231 5554 parenti
3267 5485 3571 5558 generique]
3596 5486 3700 5545 dis-

2154 5565 2397 5626 similem,
2426 5564 2526 5619 nisi
2558 5576 2879 5622 memoratus
2912 5572 3148 5625 medicus
3184 5572 3426 5628 solvisset
3450 5574 3697 5645 quastio-

2155 5671 2291 5712 nem.
2336 5656 2437 5710 illis
2468 5657 2766 5721 admonitis,
2797 5662 3189 5729 quzererent,si
3220 5661 3355 5717 forte
3380 5662 3550 5733 aliqua
3578 5665 3698 5716 talis
