4272 6208
618 319 714 373 551

1447 319 1513 376 Β.
1547 319 1610 376 F.
1645 321 1865 377 ALBINI
1904 321 2032 376 εει]
2067 318 2337 378 ἀιουιΝι
2368 324 2647 382 ΟΡΕΒῘΣΜ
2682 328 2859 385 PARS
2894 331 2954 385 ll.

3709 333 3817 390 sa

621 447 823 499 pictura
868 442 1007 489 esset
1057 435 1109 488 in
1152 434 1422 500 cubiculo;
1470 449 1573 503 qua
1613 434 1849 497 inventa,
1896 431 2084 486 mulier
2133 449 2164 485 a
2190 439 2240 493 Α
2263 435 2475 502 quidem
2501 444 2702 492 tantum
2737 441 2913 495 timuit
2938 442 3075 495 Esau
3108 444 3326 498 fratrem
3364 460 3516 499 suum
3549 444 3699 516 (vers.
3725 443 3823 502 7η

624 529 925 590 suapicione
951 524 1173 585 liberata
1203 531 1305 578 est.

688 620 845 665 Inter.
874 612 996 667 9.55.
1028 612 1202 677 Quare
1242 612 1404 667 Iacob
1430 612 1596 681 primi
1628 612 1884 681 temporis
1920 625 2014 664 sua
2055 627 2173 666 esse

622 703 803 765 voluit,
828 709 881 754 et
904 702 1133 755 serotina
1164 700 1377 755 Laban?
1410 700 1494 753 vel
1525 699 1674 771 υἷι,
1702 700 1776 772 et]
1811 715 1906 754 cur
1928 702 2029 763 hac
2061 708 2173 753 arte

614 804 722 842 non
772 803 864 841 sua
924 790 1091 858 magis
1133 790 1313 843 omnia
1364 804 1481 843 esse
1537 788 1963 859 {cem-Resp.
2011 787 2172 842 Iacob

620 878 848 944 prudens
878 885 929 931 et
966 878 1187 932 callidus
1222 878 1475 945 iustitiam
1519 889 1570 932 et
1613 880 1918 947 aequitatem
1949 880 2001 933 in
2039 895 2172 933 nova

621 974 736 1019 arte
766 968 1026 1020 servabat.
1052 967 1107 1021 Si
1133 968 1275 1021 enim
1302 983 1487 1022 omnes
1519 984 1685 1037 agnos
1712 980 1767 1023 et
1794 971 1971 1024 bredos
1998 972 2172 1025 varios

623 1069 812 1120 pecora
845 1064 1229 1123 procreassent,
1261 1066 1378 1110 erat
1424 1057 1600 1125 aliqua
1646 1059 1876 1126 suspicio
1910 1057 2082 1130 [doli],
2120 1068 2173 1115 et

618 1152 798 1210 aperte
832 1130 955 1199 huic
975 1146 1055 1205 rei
1082 1145 1261 1201 Laban
1294 1147 1501 1201 invidus
1526 1151 1885 1204 contraiisset.
1916 1151 2057 1220 Ergo
2099 1154 2169 1206 ita

611 1236 797 1287 omnia
828 1237 1160 1303 temperavit,
1190 1247 1247 1290 ut
1278 1239 1386 1306 ipse
1416 1237 1640 1292 fructum
1683 1242 1760 1294 sui
1794 1242 1987 1297 laboris
2034 1247 2172 1299 acci-

621 1331 790 1391 peret,
822 1332 875 1378 et
901 1325 1081 1379 Laban
1115 1342 1218 1380 non
1256 1329 1465 1396 penitus
1510 1330 1845 1398 spoliaretur.
1877 1327 1931 1385 Si
1962 1334 2171 1401 quando

618 1430 744 1469 oves
782 1427 836 1471 et
878 1432 1049 1489 capra:
1082 1419 1256 1488 primo
1299 1428 1533 1487 tempore
1574 1422 2012 1486 ascendebantur,
2048 1426 2169 1493 quia

620 1524 812 1564 vernus
839 1519 919 1564 est
945 1509 1102 1575 fetus,
1130 1520 1252 1565 ante
1284 1513 1426 1580 ipsas
1451 1514 1678 1580 ponebat
1715 1516 1908 1585 virgas,
1941 1526 1999 1569 ut
2023 1518 2168 1570 varia

619 1599 826 1677 soboles
864 1609 1188 1654 nasceretur.
1238 1601 1573 1670 Quzecunque
1607 1619 1732 1657 oves
1762 1615 1815 1658 et
1848 1621 2021 1674 caprae
2050 1623 2170 1661 sero

620 1691 924 1758 quaerebant
952 1706 1143 1753 mares,
1185 1702 1307 1745 ante
1346 1693 1532 1746 harum
1562 1695 1741 1748 oculos
1787 1711 1889 1749 non
1918 1699 2162 1763 ponebat,

620 1789 678 1834 ut
725 1781 880 1834 unius
928 1779 1120 1834 coloris
1161 1795 1351 1848 pecora
1387 1791 1730 1835 nascerentur
1771 1801 1781 1835 :
1829 1793 1884 1836 et
1922 1786 2168 1853 quicquid
2203 1767 2244 1824 Β

620 1868 851 1935 primum
894 1869 1230 1933 nascebatur,
1272 1882 1424 1924 suum
1471 1881 1604 1933 erat,
1639 1873 1761 1940 quiia
1801 1872 2051 1943 [discolor
2092 1873 2166 1943 et]

622 1958 825 2010 varium
861 1968 1013 2013 erat:
1043 1961 1291 2029 quicquid
1325 1972 1524 2029 postea,
1561 1963 1778 2018 Laban:
1818 1967 1974 2019 unius
2006 1967 2167 2030 enim,

623 2057 728 2099 tam
754 2048 894 2116 nigri
923 2064 1081 2117 quam
1108 2050 1214 2103 albi
1240 2050 1455 2115 coloris,
1494 2068 1653 2121 pecus
1685 2055 1977 2109 oriebatur.

695 2134 856 2188 Inter.
887 2136 1008 2191 236.
1038 2137 1145 2192 Cur
1186 2154 1282 2194 nec
1323 2139 1484 2195 Iacob
1523 2140 1724 2197 fraudis
1765 2145 1815 2196 in
1851 2146 1957 2199 hoc
1985 2145 2167 2218 [facto]

622 2228 919 2296 arguendus
946 2229 1059 2283 est?
1089 2257 1157 2268 --
1194 2228 1345 2299 Resp.
1383 2230 1484 2285 Per
1510 2233 1609 2287 hoc
1636 2233 1775 2301 cogit
1807 2234 2000 2303 inquiri
2043 2252 2169 2304 pro-

618 2317 872 2386 phetiam,
920 2327 974 2372 et
1018 2319 1249 2388 aliquam
1299 2320 1574 2389 ﬁguratam
1611 2324 2046 2393 signiﬁcationem
2088 2343 2170 2382 res

620 2404 741 2469 ista,
772 2422 925 2475 quam
958 2407 1071 2462 sine
1095 2409 1254 2462 dubio
1283 2418 1341 2463 ut
1369 2414 1622 2479 propheta
1666 2412 1797 2467 fecit
1840 2413 2022 2470 Iacob.
2054 2418 2169 2471 Non

618 2495 757 2548 enim
789 2497 886 2550 tale
912 2496 1125 2565 aliquid,
1155 2499 1256 2553 nisi
1287 2501 1609 2555 revelatioue
1644 2504 1906 2571 spirituali
1942 2522 2064 2561 eum
2097 2506 2171 2561 fe-

627 2584 762 2638 cisse
785 2584 1103 2637 credcndum
1133 2595 1232 2640 est.
1285 2573 1289 2576 i
1836 2586 1839 2589 ’
1868 2576 1880 2592 ’

692 2671 851 2725 Inter.
890 2672 1012 2726 9.37.
1056 2657 1327 2738 Quomodo
1374 2678 1555 2733 decem
1594 2680 1796 2737 vicibus
1836 2683 1957 2738 dicit
2006 2683 2168 2740 Iacob

622 2774 807 2814 socero
826 2776 940 2822 suo,
964 2770 1197 2817 mutasse
1215 2778 1334 2819 eum
1361 2770 1655 2823 mercedem
1676 2786 1823 2825 suam
1846 2770 1994 2842 (Gen.
2019 2790 2167 2836 xxxi,

621 2849 745 2920 Il)?
766 2881 833 2890 —
854 2850 1007 2922 Resp.
1039 2853 1135 2908 Hic
1161 2863 1242 2907 est
1270 2870 1474 2921 sensus,
1497 2859 1636 2927 quod
1658 2874 1755 2928 per
1779 2861 2010 2930 singulos
2032 2864 2170 2920 fetus

622 2954 830 3009 semper
875 2941 1450 3001 Laban.eonditionem
1504 2950 1804 3003 mutaverit.
1858 2950 1913 3005 Si
1960 2953 2169 3025 videbat

624 3029 828 3082 varium
857 3032 1001 3084 nasci
1027 3045 1188 3099 pecus
1227 3031 1367 3104 [post
1400 3034 1587 3107 fetum]
1624 3037 1863 3090 dicebat:
1892 3036 2020 3091 Nolo
2050 3037 2162 3110 [F.,

2268 551 2335 570 -.—
2360 521 2509 592 Resp.
2541 524 2686 580 Satis
2715 529 2766 581 in
2792 532 2966 584 verbis
2993 531 3229 598 ejusdem
3258 534 3440 598 Iacob,
3462 552 3576 602 quze
3596 550 3820 605 sequun-

2271 619 2372 673 tur,
2407 623 2459 665 et
2487 615 2715 669 humana
2744 617 3041 683 inﬁrmitas,
3077 632 3129 675 et
3160 623 3289 677 fides
3332 625 3542 693 pietatis
3568 636 3819 696 apparet;

2270 711 2327 754 ut
2359 713 2413 756 et
2437 704 2574 758 Deus
2609 706 2859 762 liberaret
2896 726 3016 764 eum
3048 722 3100 765 et
3136 729 3251 782 qua:
3278 716 3521 783 promisit
3557 718 3821 787 impleret.

2268 795 2593 881 Admonendi
2621 815 2802 855 sumus
2834 810 3005 856 tamen
3034 802 3180 874 [Ills.,
3213 806 3375 879 enim]
3422 807 3816 881 hoc-exemplo,

2269 896 2327 939 ut
2353 872 2593 955 quamvis
2622 892 2900 947 credamus
2924 896 2975 948 in
3006 896 3189 959 Deum,
3223 897 3479 954 faciamus
3503 909 3679 956 tamen
3703 920 3820 973 qua:

2269 974 2506 1031 facienda
2554 989 2673 1045 sunt
2714 980 2801 1052 [ab
2852 984 3174 1057 hominibus]
3229 988 3279 1041 in
3327 991 3627 1057 praesidium
3682 994 3822 1048 salu-

2270 1064 2374 1117 tis:
2405 1075 2461 1118 ut
2488 1070 2949 1135 prmtermittentes
2974 1087 3035 1125 ea
3068 1072 3233 1129 Deum
3274 1085 3478 1131 tentare
3514 1094 3615 1133 non
3646 1080 3825 1159 videa-

2270 1166 2321 1204 m
2331 1168 2358 1203 ιι
2371 1167 2411 1204 Γ.

2341 1261 2498 1314 Inter.
2544 1264 2664 1317 2&2.
2690 1265 2961 1331 Quomodo
2998 1285 3126 1340 ergo
3172 1270 3334 1327 Iacob
3378 1277 3445 1330 ah
3488 1290 3553 1330 eo
3589 1278 3822 1347 postulat

2268 1348 2527 1412 benedici,
2561 1353 2641 1405 cui
2670 1353 2919 1410 luctando
2946 1361 3222 1425 praevaluit
3251 1364 3399 1431 (rers.
3428 1364 3553 1435 26)?
3573 1398 3640 1407 —
3665 1367 3818 1439 Resp.

2269 1435 2452 1504 Magna
2482 1436 2636 1510 [luee]
2672 1452 2752 1495 est
2785 1444 2848 1497 de
2882 1444 3093 1501 Christo
3123 1452 3418 1517 prophetia.
3451 1454 3647 1524 Duplex
3678 1435 3820 1512 enim

2267 1526 2425 1595 330
2452 1527 2579 1600 [hic]
2604 1529 2764 1585 Iacob
2795 1534 3121 1606 intelligitur,
3162 1541 3211 1594 id
3246 1552 3345 1604 est.
3373 1546 3601 1599 carnalis
3634 1556 3687 1602 et
3709 1549 3813 1618 spio

2268 1616 2487 1672 ritualis.
2538 1621 2815 1677 Prtevaluit
2850 1628 2989 1681 enim
3027 1628 3188 1685 Iacob
3233 1634 3472 1700 Christo,
3506 1639 3599 1693 .vel
3644 1616 3821 1709 potius

2267 1706 2549 1771 pnnvalere
2591 1710 2737 1764 visus
2768 1722 2851 1766 est
2893 1730 3051 1784 super
3093 1732 3184 1772 eos
3232 1720 3512 1787 Israelitas,
3552 1741 3580 1778 a
3629 1706 3823 1795 quibus

2270 1796 2557 1851 cruciﬁxus
2578 1808 2656 1851 est
2695 1798 2966 1866 Christus;
3002 1816 3052 1858 et
3080 1809 3144 1860 ab
3175 1823 3238 1861 eo
3268 1811 3595 1866 benedicitur
3632 1814 3823 1886 [‘lsrae~

2270 1885 2465 1957 litieus]
2491 1889 2539 1939 in
2566 1890 2643 1943 eis
2664 1891 2752 1958 qui
2774 1894 3108 1960 crediderunt
3135 1898 3183 1950 in
3214 1899 3513 1967 Christum;
3542 1885 3822 1973 exquibus

2267 1982 2380 2025 erat
2404 1975 2493 2042 qui
2519 1975 2724 2031 diccbat
2759 1997 2770 2030 :
2804 1979 2871 2032 Et
2896 1998 2991 2050 ego
3022 1983 3258 2039 Israeiita
3290 2006 3352 2041 ex
3376 2007 3555 2058 genere
3581 1994 3815 2057 Abrahm,

2267 2080 2330 2116 ex
2356 2065 2490 2117 tribu
2527 2065 2801 2135 Benjamin
2840 2069 3011 2139 (Rom.
3060 2088 3135 2138 ιιι,
3184 2076 3255 2141 i).
3306 2078 3453 2134 Urnis
3496 2098 3622 2152 ergo
3663 2096 3821 2154 atque

2269 2153 2407 2207 idem
2431 2153 2591 2210 Iacob
2618 2166 2669 2210 et
2694 2158 2913 2214 claudus
2949 2172 3002 2216 et
3028 2166 3332 2221 benedictus
3362 2188 3372 2221 :
3412 2173 3630 2227 clanius
3658 2175 3708 2227 in
3746 2176 3821 2227 la-

2270 2249 2491 2304 titudine
2529 2250 2761 2315 feruoris,
2818 2264 3066 2323 tanquam
3123 2257 3173 2311 in
3224 2258 3553 2315 multitudine
3593 2264 3816 2331 generis,

2269 2339 2331 2391 de
2364 2355 2467 2407 quo
2498 2342 2694 2411 dictum
2724 2352 2840 2400 est:
2871 2355 2917 2397 et
2946 2345 3360 2399 claudicat'emnt
3405 2365 3437 2400 a
3480 2351 3669 2402 semitis
3708 2352 3819 2405 suis

2269 2428 2436 2496 (Psal.
2486 2447 2612 2493 xvu,
2663 2432 2771 2505 26).
2818 2434 3131 2488 Benedictus
3167 2445 3341 2489 autem
3384 2437 3435 2491 iu
3474 2440 3572 2503 eis,
3609 2440 3673 2493 de
3695 2442 3819 2509 qui-

2269 2520 2367 2573 bus
2390 2521 2583 2573 dictum
2609 2533 2687 2575 est
2720 2540 2733 2575 :
2770 2522 3016 2591 Reliquiae
3037 2541 3128 2593 per
3150 2524 3441 2580 electionem
3463 2529 3642 2596 gratim
3662 2528 3819 2584 salva

2267 2609 2420 2676 facite
2453 2620 2572 2663 sunt
2608 2609 2780 2680 (Rom.
2806 2624 2901 2675 xtl,
2929 2612 3003 2684 5).

2337 2738 2496 2792 Inter.
2522 2740 2640 2794 245.
2659 2740 2785 2807 Quae
2806 2749 2887 2796 est
2909 2757 3068 2796 causa
3095 2743 3355 2798 immutati
3382 2747 3607 2800 nominis
3629 2747 3812 2811 Iacob.

2267 2835 2325 2881 ut
2351 2823 2508 2882 Israel
2537 2840 2815 2884 vocaretur
2854 2816 3002 2901 (Gen.
3039 2848 3207 2896 xxx",
3239 2833 3363 2905 28)?
3388 2866 3456 2876 —
3477 2836 3630 2907 Resp.
3655 2838 3812 2892 Varia

2268 2924 2420 2993 hujus
2458 2924 2685 2978 neminis
2724 2926 3085 2994 interpretatio
3121 2929 3443 2993 aestimatur;
3492 2930 3581 2983 sed
3628 2932 3816 2986 beatus

2266 3008 2615 3081 Hieronymus
2668 3013 2844 3068 taliter
2888 3016 2953 3068 de
3003 3014 3118 3083 ejus
3166 3018 3596 3085 interpretatione
3640 3022 3810 3076 dixit:

623 3116 763 3189 volo]
794 3120 845 3173 in
868 3097 1102 3175 futurum
1123 3097 1271 3177 varia
1301 3125 1427 3178 mihi
1456 3097 1761 3181 nascantur.
1792 3127 2020 3183 Rursum
2044 3097 2165 3187 cum
2193 3097 2236 3158 (ἶ
2267 3115 2451 3154 sensus
2497 3103 2673 3170 itaque
2713 3104 2797 3157 hic
2838 3113 2919 3159 est
2949 3123 2961 3158 :
2990 3122 3093 3159 non
3125 3108 3399 3161 vocabitur
3437 3125 3625 3165 nomen
3666 3122 3812 3167 tuum

618 3205 834 3260 vidisset
868 3208 1022 3262 unius
1065 3210 1259 3264 coloris
1301 3213 1445 3266 nasci
1484 3228 1675 3283 pecora
1712 3213 1909 3285 [Iacob
1934 3233 2162 3287 quoque,

622 3296 721 3350 hoc
748 3298 945 3361 audito,
980 3299 1156 3369 virgas
1193 3300 1246 3353 in
1286 3302 1559 3358 canalibus
1593 3321 1697 3359 non
1735 3308 1983 3379 ponebat]
2019 3309 2162 3363 dice-

618 3388 710 3441 bat
742 3403 757 3441 :
795 3387 999 3446 futuros
1023 3390 1162 3445 fetus
1206 3393 1361 3447 unius
1399 3393 1590 3466 coloris
1623 3410 1815 3464 pecora
1866 3399 1993 3451 mihi
2043 3415 2165 3469 pro—

534 3496 537 3497 ν
619 3478 892 3531 creabant.
920 3479 985 3543 Et
1010 3480 1137 3548 quid
1166 3480 1350 3550 plura?
1376 3498 1540 3552 usque
1560 3486 1626 3539 ad
1652 3486 1833 3541 decem
1863 3489 2004 3545 vices
2026 3506 2163 3545 sem—

615 3577 711 3629 per
735 3563 786 3635 [a
814 3564 991 3619 Laban‘
1010 3568 1221 3634 pecoris
1247 3568 1350 3639 sui]
1370 3568 1536 3626 Iacob
1562 3580 1764 3627 mutata
1788 3576 2023 3643 conditio
2044 3588 2158 3632 est:

616 3653 1037 3724 etquodcunque
1064 3657 1170 3712 sibi
1197 3669 1545 3727 proposuerat
1580 3660 1783 3728 Laban,
1827 3674 1886 3719 ut
1919 3681 2163 3723 nascere-

617 3747 725 3803 tur,
748 3742 801 3793 in
821 3746 1144 3799 contrarium
1172 3746 1750 3809 coloremvertebatur.
1780 3754 1855 3808 Ne
1878 3756 1969 3808 cui
1987 3766 2164 3811 autem

620 3829 673 3883 in
710 3846 803 3886 se:
832 3833 985 3887 annis
1031 3831 1213 3890 decem
1244 3840 1483 3905 pariendi
1514 3841 1659 3895 vices
1703 3844 2043 3900 incredibiles
2087 3848 2166 3899 vi-

617 3920 857 3986 deantur,
887 3922 1001 3993 lege
1035 3923 1332 3993 Virgilium,
1373 3926 1426 3985 in
1454 3942 1559 3997 quo
1585 3930 1784 4005 dicitur
1810 3950 1823 3984 :

975 4033 1058 4084 Bis
1078 4037 1290 4096 gravida;
1312 4038 1625 4100 peeudes.....

618 4127 812 4183 Natura
839 4138 1015 4185 autem
1037 4132 1337 4188 ltalicarum
1359 4137 1535 4190 ovium
1562 4147 1614 4191 et
1643 4138 2030 4207 Mesopotamia:
2058 4160 2159 4196 una

602 4232 739 4273 .esse
765 4219 1091 4287 perhibetur.
1526 4268 1527 4271 η

699 4306 859 4361 Inter.
888 4310 1011 4365 258.
1044 4309 1217 4375 Quare
1251 4313 1520 4368 constituit
1555 4313 1716 4371 Iacob
1744 4316 1964 4385 lapidem
2010 4335 2167 4388 super

619 4398 826 4453 titulum
856 4396 1003 4472 (vers.
1031 4400 1237 4471 t5)?-A-
1262 4403 1415 4490 Resp.
1439 4405 1727 4471 Diligenter
1750 4409 2166 4465 animadverteu-
2196 4439 2239 4497 ο

621 4487 743 4541 dum
778 4496 858 4543 est
886 4490 1025 4558 quod
1054 4491 1185 4546 istos
1213 4486 1395 4548 titulos
1432 4495 1485 4548 in
1526 4496 1603 4548 rei
1633 4494 1993 4567 cujuscunque
2021 4502 2165 4554 testi-

622 4564 855 4628 monium
882 4580 1290 4641 constituebant,
1319 4598 1421 4636 non
1447 4594 1506 4637 ut
1541 4600 1633 4638 eos
1664 4601 1761 4654 pro
1784 4587 1883 4641 diis
1906 4564 2163 4654 colerent,

622 4664 713 4716 sed
737 4672 794 4717 ut
818 4666 895 4717 eis
920 4666 1119 4735 aliquid
1147 4670 1523 4738 signiﬁcarent.

691 4749 850 4804 Inter.
873 4750 996 4808 259.
1029 4754 1164 4820 Quid
1212 4772 1291 4811 est
1331 4762 1467 4827 quod
1498 4762 1658 4823 Iacob
1678 4766 1874 4834 jurarit
1900 4786 1991 4837 per
2018 4773 2166 4825 timo-

624 4856 728 4919 rem
756 4844 919 4917 patris
955 4845 1037 4898 sui
1076 4843 1231 4898 Isaac
1258 4848 1407 4915 (vers.
1447 4848 1571 4923 53)?
1596 4884 1663 4892 -—-
1691 4853 1841 4925 Resp.
1869 4857 1966 4912 “er
2002 4862 2162 4915 Deum

622 4914 821 4996 utique,
859 4945 1016 5000 quem
1053 4914 1274 4988 timebat
1317 4934 1461 4991 Isaac
1496 4914 1647 5007 pater
1687 4914 1820 5009 ejus,
1861 4947 2044 5015 iurare
2086 4952 2162 5003 in-

621 5014 890 5082 telligitur.
914 5018 1077 5086 Quem
1104 5026 1345 5079 timorem
1382 5027 1538 5079 etiam
1570 5033 1808 5097 superius
1830 5014 2162 5093 cummenda-

621 5100 707 5165 vit,
739 5118 859 5158 cum
899 5106 1127 5165 diceret:
1162 5113 1295 5165 Deus
1326 5117 1486 5183 patris
1526 5118 1623 5169 mei
1660 5118 1896 5181 Abralue.
1928 5135 1975 5175 et
2012 5128 2165 5180 timor

624 5195 785 5246 ~miris
816 5196 915 5248 mei
942 5195 1092 5251 Isaac
1123 5200 1270 5269 (vers.
1302 5202 1410 5273 42).

690 5280 849 5335 Inter.
877 5283 998 5338 240.
1028 5285 1154 5351 Qua:
1181 5300 1303 5342 sunt
1329 5301 1499 5345 castra
1546 5294 1655 5357 Dei,
1687 5312 1803 5365 quas
1848 5300 1985 5375 vidit.
2000 5300 2163 5359 Iacob

619 5368 669 5420 in
704 5371 890 5427 itinere
920 5372 1069 5444 (Gen.
1107 5392 1279 5441 nm,
1325 5381 1374 5442 i,
1402 5380 1583 5451 2η-
1615 5384 1765 5456 Resp.
1814 5368 1985 5443 Nulla'
2014 5394 2162 5447 dubi-

618 5461 746 5513 tatio
770 5472 851 5517 est
874 5466 998 5531 quin
1030 5469 1333 5535 angelorum
1366 5469 1521 5525 fuerit
1544 5475 1839 5532 multitudo.
1871 5480 1943 5534 Ea
1970 5485 2161 5551 quippe

616 5549 666 5599 in
699 5549 985 5621 Seripturis
1010 5558 1193 5613 militia
1221 5562 1339 5615 εαξη
1362 5562 1621 5617 nominari
1654 5568 1803 5622 solet.

684 5638 843 5691 Inter.
875 5642 995 5697 241.
1027 5645 1298 5712 Quomodo
1322 5650 1471 5704 'ldcm
1500 5650 1683 5704 habuit
1717 5656 1896 5723 Iacob,
1923 5668 2150 5729 quando-

2266 3189 2649 3257 supplantator,
2681 3192 2781 3244 hoe
2816 3201 2912 3255 est,
2941 3190 3133 3259 Iacob;
3164 3196 3253 3249 sed
3278 3199 3551 3253 vocabitur
3568 3202 3814 3271 princeps

2263 3290 2382 3329 eum
2414 3277 2539 3340 Deo,
2562 3280 2662 3333 hoc
2691 3286 2790 3338 est.
2841 3279 3015 3335 lsrael.
3052 3283 3325 3348 Quomodo
3357 3287 3499 3338 enim
3546 3303 3643 3358 ego
3670 3292 3814 3358 prin-

2263 3377 2385 3431 ccps
2411 3380 2543 3427 sum,
2585 3367 2661 3420 sie
2695 3364 2793 3437 [et]
2831 3376 2905 3432 tu,
2954 3370 3043 3437 qui
3090 3386 3294 3424 mecum
3342 3373 3529 3427 luctari
3577 3378 3812 3445 potui5ti,

2260 3450 2503 3519 princeps
2530 3454 2823 3507 vocaberis.
2875 3454 2930 3509 Si
2973 3464 3149 3510 autem
3178 3472 3301 3512 cum
3340 3460 3447 3514 Deo
3480 3466 3590 3518 sive
3629 3467 3813 3538 angelo

2264 3537 2533 3606 (quoniam
2560 3541 2799 3610 plerique
2824 3545 2970 3599 varie
2999 3546 3431 3622 interpretantur)
3462 3556 3699 3622 pugnare
3716 3572 3812 3625 po-

2263 3628 2429 3691 tuisti,
2460 3640 2657 3700 quanto
2683 3635 2848 3703 magis
2872 3651 2989 3689 cum
3028 3637 3349 3705 hominibus,
3378 3644 3478 3698 hoc
3515 3654 3614 3709 est,
3644 3632 3810 3720 [eum]

2262 3717 2417 3781 Esau,
2451 3719 2650 3792 [quem]
2684 3722 2969 3779 formidare
2998 3742 3104 3780 non
3142 3729 3318 3785 debes.

2334 3847 2494 3902 Inter.
2525 3850 2647 3905 ΞΗ.
2684 3852 2819 3919 Quid
2851 3853 2971 3927 [sibi
2998 3858 3131 3930 vult]
3166 3863 3306 3931 quod
3332 3861 3494 3922 Iacob
3529 3868 3604 3921 ait
3638 3866 3825 3941 [fratri

2264 3937 2383 4024 suo]
2414 3955 2426 3987 τ
2460 3938 2549 3993 Sic
2574 3942 2673 3994 ridi
2700 3944 2881 4011 faciem
2908 3956 3069 4011 tuam,
3092 3945 3239 4019 quasi
3262 3953 3481 4007 viderem
3504 3937 3687 4024 facient
3715 3956 3813 4012 Dei

2265 4023 2412 4091 (Gen.
2442 4042 2632 4095 nstri,
2656 4030 2757 4103 10).
2784 4032 2970 4086 Utrum
2996 4039 3233 4102 paventis
3256 4048 3309 4093 et
3329 4023 3619 4108 perturbati
3648 4044 3813 4098 animi

2267 4115 2424 4167 verba
2460 4122 2625 4183 usQue
2659 4119 2711 4171 in
2750 4122 2886 4176 hanc
2920 4124 3272 4182 adulationem
3319 4133 3705 4197 proruperunt?
3743 4163 3814 4175 ——

2273 4201 2419 4271 Resp.
2462 4204 2583 4259 Hcce
2626 4210 2784 4263 verba
2835 4211 3066 4267 fraterna
3111 4225 3234 4270 sunt
3272 4225 3325 4271 et
3372 4220 3597 4291 benigno
3635 4223 3813 4279 animo

2265 4290 2422 4353 dicta,
2462 4296 2709 4360 quoniam
2746 4308 2863 4367 post
2890 4302 3167 4372 benignam
3213 4290 3597 4377 susceptionem
3640 4322 3813 4371 metus

2265 4380 2375 4448 ipse
2400 4385 2713 4439 transierat.
2756 4388 2819 4442 Et
2854 4390 3095 4447 tortassis
3123 4394 3215 4449 Dei
3261 4399 3472 4452 nomine
3507 4404 3811 4469 angelorum

2264 4470 2491 4538 aliquem
2518 4474 2600 4527 vel
2632 4486 2933 4533 sanctorum
2961 4479 3111 4552 [Ms.,
3160 4485 3241 4540 vel
3278 4486 3504 4555 aliquem
3544 4489 3809 4563 sanctum]

2264 4562 2364 4616 hoc
2402 4563 2517 4618 loco
2552 4565 2845 4639 intelligere
2869 4571 3145 4638 debemus,
3174 4578 3461 4631 secundum
3482 4578 3806 4647 Apostolum.

2262 4650 2350 4717 qui
2378 4653 2510 4706 dixit
2533 4669 2547 4707 :
2575 4654 2689 4709 Etsi
2712 4670 2829 4712 sunt
2849 4662 2935 4729 qui
2961 4663 3203 4716 dicuntur
3223 4665 3317 4729 dii,
3346 4667 3449 4720 sive
3468 4669 3522 4721 in
3542 4669 3685 4734 calo,
3706 4672 3811 4727 sive

2263 4737 2315 4789 in
2336 4747 2492 4802 terra,
2517 4744 2940 4810 quemadmodum
2970 4757 3087 4801 sunt
3108 4750 3181 4802 dii
3208 4752 3355 4806 multi
3376 4765 3421 4807 et
3446 4756 3639 4823 domini
3661 4760 3811 4813 multi

2263 4825 2313 4892 (I
2343 4826 2462 4879 (ἔον.
2491 4844 2606 4892 vni,
2642 4832 2715 4902 ii).

2333 4935 2490 4989 Inter.
2526 4939 2645 4993 243.
2674 4943 2943 5007 Quomodo
2980 4950 3222 5015 promisit
3245 4951 3410 5006 Iacob
3438 4951 3585 5009 fratri
3613 4968 3726 5019 suo.
3749 4966 3810 5014 'tt

2261 5039 2571 5093 sequeretur
2620 5035 2836 5101 vestigia
2876 5036 2991 5104 ejus
3038 5055 3157 5091 cum
3200 5041 3301 5095 alio
3344 5042 3530 5098 itinere
3574 5049 3810 5104 tenderet

2264 5114 2411 5183 (Gen.
2456 5133 2644 5181 xxxiii,
2689 5122 2809 5190 l4)?
2836 5156 2901 5165 -ο
2926 5127 3077 5196 Resp.
3121 5129 3279 5185 Forte
3308 5135 3370 5186 ad
3409 5135 3588 5191 horam
3621 5155 3806 5211 seque-

2260 5207 2532 5261 batur.Vel
2554 5210 2723 5278 primo
2748 5216 2945 5283 [veraci
2974 5218 3169 5289 animo]
3192 5225 3521 5289 promiserat,
3547 5230 3637 5282 sed
3664 5207 3805 5288 aliud

2259 5303 2439 5361 postea
2470 5295 2770 5367 [cogitando
2797 5303 2984 5373 [Edit.,
3014 5309 3297 5382 cogitabat]
3324 5312 3555 5386 delegit].

2330 5406 2488 5459 Inter.
2516 5410 2636 5464 246,
2661 5411 2931 5477 Quomodo
2958 5417 3061 5467 duo
3084 5418 3171 5472 ﬁlii
3197 5420 3359 5475 Iacob
3382 5431 3580 5479 tantum
3607 5429 3801 5485 aedem

2258 5503 2311 5545 et
2336 5494 2774 5562 depraylationem
2803 5515 2900 5568 per
2923 5518 2979 5556 se
3023 5506 3073 5557 in
3123 5516 3259 5561 terra
3295 5510 3463 5565 aliena
3507 5513 3680 5570 facere
3711 5529 3804 5586 po—

2261 5590 2466 5635 tuerunt
2499 5584 2648 5653 (Gen.
2680 5601 2861 5652 χχχιιι,
2894 5590 3017 5660 25)?
3041 5624 3109 5634 —-
3133 5595 3280 5665 Resp.
3311 5598 3586 5657 Multitudo
3614 5584 3797 5678 [enim]

2258 5689 2357 5728 non
2405 5691 2563 5743 parva
2605 5685 2720 5729 erat
2762 5692 2883 5731 cum
2927 5680 3108 5749 Iacob,
3160 5687 3246 5753 qui
3291 5689 3570 5757 plurimum
3609 5692 3804 5749 ditatus
