4258 6194
448 323 549 377 555

1044 311 1445 370 EXEGETICA.
1484 339 1556 359 -ρ
1588 303 1960 363 INTERROG.
2003 300 2091 356 ΕΤ
2127 300 2455 357 RESPONS.
2495 301 2561 357 IN
2600 302 2725 359 6E3

1382 312 1445 365 Δ.
1484 339 1556 359 -ρ
1588 303 1960 363 INTERROG.
2003 300 2091 356 ΕΤ
2127 300 2455 357 RESPONS.
2495 301 2561 357 IN
2600 302 2874 368 GENES.,
2918 304 3062 358 ETC.

3574 304 3671 357 55v!

448 431 583 484 run;
613 427 705 483 sed
731 425 825 480 lilii
853 422 970 491 ejus
993 422 1047 477 in
1074 423 1176 477 hoc
1200 420 1341 475 facto
1368 419 1730 478 nominantur,
1757 415 1845 482 qui
1866 412 2009 482 ejus-
2037 410 2091 469 Α
2116 409 2283 464 noluit
2326 409 2570 466 habitare
2602 427 2725 466 cum
2777 414 3089 482 parentibus
3136 413 3266 475 suis,
3316 412 3472 492 [sive]
3501 428 3568 467 ex
3595 414 3681 467 illa

446 522 565 576 dem
602 516 731 572 facti
766 514 1038 585 principes
1070 520 1125 566 et
1152 519 1402 565 auctores
1434 506 1670 561 fuerunt.

515 607 681 663 Inter.
711 606 836 661 247.
863 603 1002 673 Quid
1028 610 1111 659 est
1135 602 1277 672 quod
1299 599 1468 655 Iacob
1491 598 1627 653 dixit
1651 595 1830 652 domui
1857 609 1966 649 sua:
1997 611 2009 645 :

446 698 696 769 Projicite
733 697 856 750 deos
884 695 1081 749 alienos
1116 694 1204 762 qui
1234 694 1287 747 in
1326 689 1495 744 medio
1524 696 1645 743 sunt
1684 686 1834 741 vestri
1860 684 2010 756 (Gen.

441 806 607 855 xxxv,
635 789 728 861 2)?
754 790 820 843 Et
853 789 1048 842 iterum
1078 804 1090 839 :
1130 770 1399 839 Dederunt
1430 784 1478 836 ei
1510 798 1683 837 omnes
1724 779 1846 834 deos
1868 778 2011 847 alie-

443 897 557 943 nos,
582 895 710 949 quos
734 878 1007 939 habebant,
1039 884 1086 929 et
1115 876 1321 927 inaures
1347 888 1462 943 qua
1495 872 1550 924 in
1587 869 1801 922 auribus
1835 883 2012 922 eorum

441 980 591 1025 erant
621 970 771 1041 (vers.
808 968 883 1039 4).
914 967 1041 1034 Qua:
1068 967 1113 1020 si
1140 972 1452 1019 ornamenta
1487 970 1658 1026 erant,
1690 962 1757 1016 ad
1793 960 2013 1015 idolola-

443 1060 603 1114 triam
638 1073 743 1112 non
774 1056 1144 1126 pertinebant?
1166 1084 1237 1094 ——
1263 1053 1417 1123 Resp.
1464 1053 1865 1123 Intelligendum
1907 1062 2011 1113 est,

444 1147 544 1202 has
588 1147 803 1201 inaures
845 1144 1175 1215 phylacteria
1222 1142 1647 1215 fuissegdeorum
1696 1140 2009 1194 alienorum.

442 1235 576 1291 Nam
614 1213 976 1288 Rebeccamva
1017 1247 1171 1287 servo
1216 1213 1443 1286 Abrahae
1486 1232 1697 1284 inaures
1748 1230 2014 1298 accepisse

444 1325 721 1395 Scriptura
749 1333 975 1379 testatur
1004 1342 1015 1375 :
1047 1323 1188 1392 quod
1232 1337 1336 1376 non
1369 1321 1540 1383 ﬁeret,
1588 1322 1631 1375 si
1680 1321 1759 1375 eis
1800 1307 2015 1373 inaures

442 1415 638 1470 habere
674 1414 977 1469 ornamenti
1022 1413 1195 1482 gratia
1243 1427 1347 1466 non
1394 1411 1596 1465 liceret.
1632 1410 1771 1479 Ergo
1797 1409 1899 1463 illa:
1934 1408 2014 1461 in-

440 1523 622 1572 aures,
646 1520 974 1577 qurecunque
1000 1505 1191 1575 [Edit.,
1217 1520 1333 1573 qua:
1354 1501 1499 1573 cum]
1533 1500 1686 1555 idolis
1714 1502 1849 1558 data:
1869 1508 2009 1561 sunt,

439 1607 501 1655 ut
528 1600 730 1654 dictum
759 1606 862 1662 est,
884 1596 1147 1651 idolorum
1176 1594 1503 1666 phylacteria
1528 1592 1764 1647 fuerunt.

510 1691 673 1747 Inter.
701 1690 824 1745 248.
857 1690 1034 1756 Quare
1059 1688 1292 1743 secundo
1327 1686 1522 1740 dicitur
1560 1684 1627 1738 ad
1666 1682 1829 1738 Iacob
1856 1684 2005 1752 (vers.

2115 500 2531 555 commutatione
2586 499 2735 573 [ιιι.
2790 501 3173 572 commotione]
3224 517 3328 571 qua
3384 502 3597 559 dolebat
3627 520 3684 559 se

2113 589 2483 646 benedictione
2529 588 2878 656 fraudatum;
2912 593 3022 648 sive
3080 608 3245 649 causa
3297 609 3525 649 uxorum
3561 609 3684 651 sua—

2113 692 2255 742 rum,
2282 692 2417 747 quas
2456 678 2671 733 odiosas
2716 680 2931 735 videbat
2959 694 3080 735 esse
3120 682 3455 751 parentibus,
3484 690 3539 737 et
3576 697 3685 739 cte-

2113 776 2272 837 perat
2294 769 2538 823 habitare
2562 769 2613 823 in
2661 778 2839 823 monte
2862 768 3001 824 Seir.
3052 769 3252 825 Deinde
3293 781 3415 841 post
3456 772 3685 827 reditum

2112 854 2277 913 Iacob
2308 859 2493 913 fratris
2521 858 2625 921 sui,
2686 852 2827 913 facta
2873 860 3013 913 inter
3041 874 3133 933 eos
3161 864 3469 927 concordia,
3506 878 3687 924 rever-

2114 960 2206 999 sus
2235 954 2399 1000 estet
2448 948 2561 1016 ipse
2593 948 2661 1001 ad
2695 958 2987 1018 parentes;
3025 958 3078 1004 et
3122 966 3244 1004 cum
3295 962 3563 1007 mortuum
3589 968 3683 1022 pa-

2113 1044 2249 1090 trem
2281 1036 2438 1091 simul
2488 1037 2995 1109 sepelissent,’qnia
3018 1054 3109 1095 eos
3157 1040 3445 1111 plurimum
3489 1044 3686 1097 ditatos

2113 1133 2258 1179 terra
2290 1126 2401 1192 illa,
2432 1129 2571 1183 sicut
2594 1130 2848 1199 scriptum
2869 1139 2973 1195 est,
3003 1131 3221 1186 minime
3267 1134 3534 1202 capiebat,
3566 1136 3685 1187 abs-

2112 1217 2274 1271 cessit
2305 1232 2493 1273 rursus
2522 1219 2573 1273 in
2600 1218 2740 1283 Seir,
2771 1228 2825 1274 et
2864 1220 2932 1274 ibi
2976 1222 3287 1291 propagavit
3327 1231 3535 1292 gentem
3567 1224 3684 1277 ldu-

2116 1322 2392 1361 ιητεοτυω.

2186 1398 2349 1456 Inter.
2400 1401 2525 1456 255.
2578 1400 2742 1455 Erant
2786 1401 3003 1476 [autem]
3053 1405 3151 1471 ﬁlii
3201 1404 3364 1458 Jacob
3413 1405 3682 1458 duodecim

2116 1486 2268 1555 (Gen.
2295 1505 2459 1553 xxxv,
2491 1490 2590 1561 .22)
2616 1509 2630 1557 ;
2662 1501 2715 1545 et
2743 1494 3066 1563 computatis
3086 1494 3353 1558 omnibus,
3377 1494 3681 1563 Benjamin-

2112 1593 2239 1647 que,
2270 1588 2325 1633 et
2349 1580 2578 1635 addidit:
2614 1580 2682 1634 Hi
2705 1582 2801 1643 ﬁlii
2828 1582 3012 1649 Jatob,
3040 1586 3129 1652 qui
3157 1585 3266 1637 nati
3291 1594 3408 1638 sunt
3434 1587 3547 1638 eiin
3578 1585 3686 1638 Mc—

2114 1670 2400 1735 sopotamia
2450 1669 2623 1739 Syriw
2674 1675 2827 1739 (vers.
2858 1672 2987 1737 26);
3040 1688 3064 1713 α
3097 1675 3222 1729 dum
3250 1684 3465 1731 constat
3496 1677 3684 1744 Benja-

441 1781 530 1853 ιο)
576 1800 591 1835 :
630 1781 753 1835 Non
792 1780 1049 1835 vocaberis
1094 1776 1275 1842 Iacob,
1332 1775 1421 1829 sed
1467 1773 1637 1834 Israel
1680 1774 1776 1827 erit
1825 1790 2010 1826 nomen
2041 1760 2089 1819 Β
2115 1758 2224 1853 Illi"
2248 1768 2579 1853 “aiulnfb'se
2602 1762 2653 1815 ίη
2680 1760 3007 1853 (Ἇιθηληεὲίιν
3038 1765 3302 1832 (ἰυοωοάο
3334 1775 3459 1820 "mc
3487 1767 3683 1820 δυσάρ-

438 1880 585 1925 tuum
613 1886 632 1924 :
658 1879 705 1923 et
732 1864 1143 1939 appellavit‘eum
1178 1864 1386 1920 Israel?
1406 1895 1476 1905 —
1500 1862 1656 1933 Resp.
1684 1863 1892 1918 Dudum
1922 1879 2011 1917 ne-

440 1946 703 2029 quaquam
739 1958 790 2012 ei
827 1958 893 2010 ab
927 1956 1115 2025 angelo
1149 1968 1341 2008 nomen
1391 1952 1700 2020 imponitur,
1740 1952 1833 2005 sed
1869 1950 2012 2020 quod

440 2047 819 2117 imponendum
866 2046 937 2100 sit
978 2046 1027 2100 ei
1066 2061 1095 2099 a
1141 2047 1247 2099 Deo
1290 2043 1619 2113 praedicitur.
1656 2041 1809 2109 Quod
1849 2042 2012 2109 igitur

441 2138 560 2211 [ibi]
590 2138 825 2193 futurum
850 2137 1198 2206 promittitur,
1224 2136 1350 2190 hinc
1374 2134 1569 2188 dicitur
1603 2133 1889 2202 expletum.
1916 2126 2008 2184 Ni-

439 2228 636 2284 mirum
665 2241 859 2281 nomen
896 2228 998 2281 hoc
1021 2225 1088 2279 ad
1115 2224 1258 2278 illam
1305 2232 1448 2279 recte
1485 2221 1799 2291 intelligitur
1842 2222 2008 2289 perti-

440 2332 569 2372 nere
597 2316 1024 2386 promissionem,
1050 2314 1139 2368 ubi
1164 2315 1241 2367 sic
1267 2313 1533 2368 videbitur
1556 2311 1715 2373 Deus,
1745 2311 2010 2378 quomodo

441 2414 657 2467 nonest
689 2414 812 2458 ante
847 2420 876 2457 a
905 2405 1147 2472 patribus
1171 2404 1282 2459 suis
1310 2404 1475 2457 visus.

510 2497 673 2550 Inter.
704 2496 827 2550 249.
856 2495 983 2561 Qua:
1006 2503 1087 2550 est
1110 2494 1333 2559 Eiirata,
1360 2494 1448 2547 ubi
1473 2492 1636 2547 Jacob
1662 2491 1855 2546 Rachel
1881 2506 2009 2545 uxo-

440 2602 553 2642 rem
590 2602 741 2641 suam
772 2586 1073 2640 condidisse
1099 2586 1294 2639 dicitur
1324 2583 1472 2654 (vers.
1500 2583 1585 2644 19,
1609 2583 1735 2650 ‘20)?
1762 2614 1829 2621 —
1856 2582 2006 2651 Resp.

439 2676 637 2732 El‘frata
673 2686 727 2729 et
755 2676 1025 2729 Bethleem
1070 2676 1225 2727 unius
1269 2675 1415 2727 verbi
1460 2673 1773 2729 vocabulum
1802 2682 1883 2727 est
1910 2673 2009 2727 sub

442 2766 878 2836 interpretatione
919 2765 1179 2820 consimili
1227 2782 1238 2818 :
1290 2764 1551 2833 siquidem
1596 2764 1648 2816 iu
1701 2762 2009 2832 frugiferam

442 2857 680 2920 domum,
716 2865 769 2911 et
798 2857 1011 2911 domum
1036 2858 1189 2926 panis
1229 2856 1472 2919 vertitur,
1501 2864 1718 2925 propter
1757 2869 1878 2908 eum
1916 2870 2010 2924 pa-

443 2963 565 3003 nem
589 2947 679 3018 qui
707 2948 771 3003 de
792 2947 927 3001 coelo
952 2946 1289 3001 descendisse
1316 2946 1527 3000 dicitur.
1730 2930 1731 2937 “

514 3059 679 3114 Inter.
700 3056 824 3112 250.
866 3055 965 3111 Ubi
1001 3064 1082 3110 est
1104 3055 1265 3109 turris
1292 3056 1487 3124 gregis,
1509 3054 1661 3122 juxta
1688 3070 1847 3124 quam
1870 3055 2005 3109 dici-
2033 3083 2078 3147 Ο

441 3162 529 3209 tur
563 3151 728 3207 Iacob
760 3151 1024 3205 habitasse
1048 3148 1198 3220 (vers.
1232 3150 1353 3220 21)?
1378 3172 1445 3189 -ι-
1476 3149 1627 3218 Resp.
1659 3147 1814 3202 Juxta
1849 3147 2010 3203 Beth-

444 3244 600 3311 leem,
630 3244 719 3299 ubi
747 3241 869 3315 [vel]
897 3242 1204 3312 angelorum
1232 3258 1361 3313 grex
1393 3242 1443 3295 in
1481 3242 1688 3296 Domini
1716 3252 1833 3298 ortu
1864 3244 2006 3297 ceci-

441 3334 522 3389 nit
554 3350 565 3385 :
594 3333 677 3387 vel
712 3332 801 3387 ubi
825 3327 1003 3385 ’Jacob
1032 3346 1251 3400 pascens
1299 3345 1493 3400 pecora
1531 3346 1624 3385 sua
1664 3330 1779 3385 loco
1815 3345 2008 3385 nomen

442 3422 695 3492 imposuit
724 3439 734 3473 :
768 3422 871 3484 vel,
895 3422 1036 3488 quod
1072 3422 1373 3484 veriusest,
1409 3421 1549 3489 quod
1587 3420 1838 3473 vaticinio
1864 3418 2006 3472 futu-

380 3574 382 3578 ν
442 3530 628 3568 rorum
677 3522 804 3567 tunc
852 3513 1167 3580 mysterium
1226 3513 1623 3565 monstrabatur
1682 3510 1834 3582 [.‘lfs.,
1886 3511 2008 3579 quia

442 3606 750 3660 vaticinatio
780 3603 1079 3658 futurorum
1102 3601 1213 3671 jam
1239 3611 1365 3656 tunc
1392 3618 1488 3671 per
1516 3604 1827 3670 mysterium
1859 3618 2009 3656 mon-

442 3695 759 3767 strabatur].
1016 3755 1033 3769 __

513 3786 675 3840 Inter.
700 3786 847 3839 ~25l.
891 3785 1027 3851 Quid
1069 3794 1151 3839 est
1183 3785 1321 3853 quod
1372 3784 1436 3839 de
1482 3785 1629 3839 lsaac
1673 3784 1903 3837 dicitur:
1940 3784 2006 3835 Et

443 3884 773 3942 consumptus
804 3884 954 3927 (etate
992 3885 1224 3927 mortuus
1273 3884 1364 3935 est,
1424 3885 1469 3925 et
1517 3874 1778 3942 appositus
1819 3873 2007 3942 populo

441 3977 535 4023 suo
566 3961 719 4035 (Cen.
753 3978 913 4028 xxxv,
942 3963 1071 4033 29)?
1100 3963 1374 4029 Quomodo
1404 3971 1769 4030 consumptus,
1800 3963 1883 4016 vel
1921 3962 2007 4017 cui

442 4054 635 4125 populo
664 4055 965 4124 appositus?
991 4055 1144 4124 331
1170 4085 1238 4094 —
1265 4053 1417 4123 Resp.
1443 4054 1800 4121 Consumptus
1827 4061 2002 4115 aetate,

445 4144 497 4199 id
520 4155 622 4213 est,
644 4145 911 4216 perfectus
931 4134 1104 4199 (etate.
1140 4144 1335 4203 Verum
1369 4143 1677 4211 angelorum
1706 4142 1899 4213 populo
1924 4142 2007 4196 vel

442 4244 747 4291 sanctarum
791 4236 1088 4294 animarum
1132 4243 1495 4305 apponuntur,
1531 4236 1621 4305 qui
1669 4236 1806 4289 hanc
1840 4235 2005 4289 vitam

444 4330 553 4383 Deo
571 4328 839 4395 placentes
868 4326 1076 4381 ﬁniunt.
1110 4328 1263 4382 Tunc
1282 4326 1533 4381 dicuntur
1554 4327 1766 4397 apponi,
1792 4327 2006 4397 quando

444 4418 587 4474 nulla
614 4416 726 4485 jam
760 4424 997 4472 remanet
1034 4417 1332 4471 sollicitudo
1368 4419 1741 4481 tentationum,
1777 4428 1832 4472 et
1864 4419 2005 4487 peri-
2032 4443 2081 4503 υ

445 4508 620 4562 culum
642 4517 998 4578 peccatorum.
1027 4508 1175 4574 Quod
1204 4509 1414 4563 intuens
1437 4509 1711 4577 Scriptura
1739 4511 1814 4563 ait
1837 4529 1847 4561 :
1874 4512 2003 4563 Ante

444 4608 658 4653 mortem
703 4616 763 4655 ne
801 4600 978 4659 laudes
1027 4601 1629 4668 hominemeqnemquam
1675 4600 1862 4670 (Eccli.
1926 4616 1997 4660 xi,

443 4689 554 4758 50).

516 4786 678 4841 Inter.
709 4784 833 4841 259.
882 4784 1160 4850 Quomodo
1200 4786 1480 4856 Scriptura
1524 4787 1677 4850 dicit,
1704 4797 1823 4855 post
1867 4802 2002 4839 mor-

447 4887 552 4931 tem
582 4877 732 4931 lsaac
756 4876 923 4946 patris
953 4875 1053 4937 sui,
1089 4874 1227 4929 Esau
1254 4878 1578 4931 abscessisse
1600 4878 1665 4932 de
1694 4886 1837 4931 terra
1862 4876 2001 4931 Cha-

447 4981 605 5030 naan,
633 4975 687 5020 et
719 4966 989 5020 habitasse
1037 4964 1089 5018 in
1124 4972 1303 5019 monte
1339 4966 1461 5018 Seir
1512 4964 1662 5033 (Gen.
1690 4982 1874 5029 xxxvr,
1907 4968 1960 5034 8)
1987 4983 2012 5029 μ

448 5069 570 5113 cum
606 5056 851 5122 veniente
897 5055 962 5108 de
992 5053 1369 5122 Mesopotamia
1408 5054 1570 5111 Jacob
1620 5055 1826 5123 legatur
1852 5054 2000 5123 (Gen.

448 5157 619 5205 xxxu,
649 5142 702 5211 5)
730 5158 853 5199 eum
901 5143 1110 5197 misisse
1155 5144 1366 5198 nuntios
1395 5144 1462 5197 ad
1512 5143 1733 5198 fratrem
1765 5160 1918 5199 suum
1953 5146 2003 5198 in

449 5244 593 5290 terra
620 5234 757 5299 Seir,
808 5237 1040 5305 regionis
1084 5238 1272 5301 Edom,
1304 5251 1423 5291 cum
1479 5238 1547 5292 ibi
1576 5238 1843 5293 habitaret
1880 5246 2005 5292 tunc

450 5328 703 5396 ternporis
730 5326 883 5401 [Ms.,
902 5340 1133 5397 eumque
1150 5329 1220 5383 ibi
1244 5325 1529 5383 habitasse
1544 5336 1670 5384 tunc
1692 5330 2005 5403 temporis]?

449 5413 674 5484 ——Rup.
702 5416 759 5475 In
790 5424 1035 5489 promptu
1058 5425 1143 5471 est
1167 5418 1405 5489 cogitare
1446 5417 1584 5485 quod
1614 5412 1815 5473 scilicet
1842 5420 2002 5483 Esau,

450 5510 793 5572 posteaquam
820 5506 875 5561 in
910 5504 1537 5573 Mesopotamiamfrater
1586 5504 1699 5572 ejus
1725 5508 2004 5571 abscessit,

526 5708 551 5748 ε
588 5696 759 5758 Locus
787 5700 871 5756 hic
906 5708 1121 5755 sanatus
1150 5716 1211 5753 ex
1249 5716 1355 5753 nis.

772 5796 1035 5857 Parnm.
1081 5793 1146 5854 C.

2113 1847 2215 1901 cim
2243 1851 2391 1903 nasci
2415 1851 2666 1904 dicuntur
2692 1852 2745 1906 in
2780 1852 3205 1922 Mesopotamia?
3240 1884 3310 1895 -—
3350 1854 3503 1925 Resp.
3529 1856 3679 1910 Nulla

2112 1946 2191 1991 est
2240 1937 2415 2011 [ergo]
2448 1938 2658 1995 facilior
2694 1941 2889 1998 solutio
2946 1943 3102 2032 hujus
3146 1946 3480 2013 quatstionis,
3522 1963 3682 2015 quam

2112 2040 2170 2084 ut
2203 2048 2299 2100 per
2325 2034 2696 2101 synecdochen
2721 2036 3033 2105 accipiatur.
3064 2036 3162 2091 Ubi
3202 2037 3344 2092 enim
3368 2037 3539 2104 major
3560 2056 3685 2109 pars

2110 2133 2193 2177 est
2229 2133 2321 2177 aut
2348 2123 2538 2178 fortior
2568 2124 2719 2195 [Μεη
2746 2126 2966 2198 potior],
3017 2127 3154 2180 solet
3183 2127 3421 2195 ejusdem
3471 2131 3685 2183 nomine

2110 2213 2273 2267 etiam
2332 2213 2461 2277 illud
2516 2216 2892 2283 comprehendi
2947 2217 3088 2286 quod
3142 2218 3205 2268 ad
3266 2218 3435 2285 ipsum
3489 2233 3682 2271 nomen

2113 2300 2265 2375 [non]
2294 2307 2549 2374 pertinet.

2183 2395 2343 2449 Inter.
2378 2397 2501 2451 254.
2545 2398 2823 2463 Quomodo
2873 2400 3147 2469 impletum
3171 2401 3433 2459 somnium
3466 2400 3683 2469 Joscpi,,

2110 2501 2215 2555 quo
2242 2486 2369 2541 dicit
2405 2502 2464 2541 se
2490 2488 2686 2542 vidisse
2716 2489 2877 2541 solem
2903 2498 2955 2541 et
2988 2488 3188 2553 lunam,
3213 2499 3267 2543 et
3291 2492 3537 2544 undecim
3562 2493 3683 2546 Siri-

2110 2576 2188 2629 las
2212 2578 2463 2633 adorasse
2489 2594 2546 2632 se
2600 2577 2754 2647 (Gen.
2803 2596 3011 2643 xxxvu,
3043 2582 3095 2647 9)
3124 2598 3136 2641 ;
3177 2580 3303 2633 dum
3356 2591 3588 2644 constat,
3620 2598 3685 2637 co

2112 2679 2370 2739 regnante
2423 2672 2475 2725 in
2503 2670 2756 2742 AIgypto,
2815 2682 3045 2727 matrem
3102 2672 3217 2740 ejus
3265 2673 3465 2728 Rachel
3520 2676 3686 2731 mul'o

2110 2767 2237 2811 ante
2276 2773 2395 2815 esse
2424 2760 2769 2824 defunctam;
2804 2763 2910 2815 imo
2946 2778 3045 2817 nec
3092 2774 3298 2831 patrem
3351 2763 3507 2834 [ejus]
3555 2766 3683 2833 legi-

2110 2865 2228 2903 mus
2259 2865 2380 2903 eum
2405 2850 2661 2904 adorasse
2681 2854 2702 2902 ‘.’
2737 2881 2806 2889 ——
2854 2850 3004 2921 Resp.
3057 2851 3241 2923 [Ergo]
3275 2853 3326 2906 in
3365 2852 3577 2908 Christo
3599 2853 3676 2907 fa-

2106 2940 2262 2996 cilius
2290 2939 2481 3012 [Edit.,
2506 2940 2684 3012 facile)
2713 2950 2795 2995 est
2828 2943 3019 3002 somnii
3066 2943 3363 3013 intelligere
3390 2946 3675 3013 perfectio—

2108 3049 2273 3088 nem:
2317 3033 2440 3087 huic
2485 3032 2627 3086 enim
2657 3034 2835 3085 datum
2865 3044 2938 3086 est
2993 3051 3199 3096 nomen,
3248 3037 3385 3105 quod
3429 3048 3502 3090 est
3526 3056 3680 3106 super

2112 3138 2262 3181 omne
2283 3139 2484 3184 nomen,
2529 3130 2583 3174 ut
2613 3123 2665 3173 in
2697 3123 2901 3175 nomine
2941 3123 3053 3191 ejus
3082 3122 3223 3193 [Ms..
3255 3125 3403 3198 Iesu]
3445 3127 3684 3194 ﬂectatur

2113 3228 2264 3265 omne
2288 3228 2419 3282 genu
2447 3210 2745 3276 caelestium,
2769 3214 3089 3266 terrestrium
3105 3226 3150 3275 et
3179 3215 3503 3281 infernarum
3533 3217 3685 3285 (Ph:-

2110 3305 2201 3376 lip.
2228 3323 2288 3369 ιι,
2317 3304 2421 3374 10).

2183 3397 2347 3453 Inter.
2374 3396 2495 3451 9.53.
2539 3396 2806 3461 Quaeritur
2832 3411 2999 3465 quare
3031 3397 3326 3453 lsluaeiilas
3380 3398 3675 3466 Scriptura,

2110 3489 2303 3556 quibus
2332 3502 2361 3539 a
2398 3486 2654 3540 fratribus
2702 3488 2947 3541 venditus
2996 3497 3077 3541 est
3117 3487 3334 3555 .loseph,
3386 3491 3547 3543 etiam
3576 3492 3681 3544 Illa—

2111 3578 2341 3635 dianitas
2368 3585 2521 3630 vocet
2544 3575 2692 3645 (Gen.
2734 3593 2939 3640 xxxvii,
2971 3577 3061 3643 98)
3088 3595 3100 3638 ;
3144 3594 3263 3631 cum
3313 3580 3500 3633 lsmael
3528 3582 3595 3631 sit
3619 3583 3681 3629 (in

2110 3658 2253 3737 Agar
2284 3668 2423 3722 ﬁlius
2471 3668 2720 3727 Ahralne,
2776 3668 3078 3722 Madianiue
3126 3684 3253 3722 vero
3307 3670 3372 3723 de
3402 3670 3632 3723 Cetlmra
3661 3674 3681 3721 1'

2110 3790 2177 3797 —
2206 3758 2356 3828 Resp.
2398 3760 2531 3824 Quia
2580 3757 2855 3827 Scriptura
2887 3761 2951 3812 de
2996 3759 3269 3814 Abraham
3294 3761 3503 3813 dixerat
3528 3759 3678 3831 (Cen.

2112 3867 2239 3914 xxv,
2269 3851 2321 3919 li)
2378 3851 2519 3920 quod
2564 3866 2784 3904 munera
2833 3851 3065 3905 dedisset
3111 3853 3233 3905 filiis
3263 3854 3680 3909 concubinarum

2109 3956 2353 4005 suarum,
2385 3943 2529 4011 Agar
2554 3942 2760 3995 scilicet
2781 3951 2834 3996 et
2874 3941 3161 4004 Cethurzc;
3202 3952 3258 3996 et
3298 3944 3477 3998 divisit
3528 3944 3676 4013 [.l!s.,

2110 4030 2391 4100 dimiserit]
2444 4046 2537 4084 eos
2563 4032 2629 4084 ab
2657 4031 2803 4085 lsaac
2846 4031 2953 4085 ﬁlio
2979 4048 3076 4086 suo
3140 4034 3190 4086 in
3226 4042 3367 4086 terra
3395 4033 3546 4105 [Δία.
3572 4045 3681 4088 ter.-

2109 4116 2246 4188 ram]
2287 4118 2539 4172 Orientis.
2577 4118 2758 4188 Itaque
2802 4134 2961 4175 unam
3011 4129 3221 4192 gentem
3270 4122 3459 4177 fecisse
3488 4122 3680 4179 intelli—

2108 4209 2265 4279 gendi
2290 4218 2430 4262 sunt.

2183 4299 2346 4355 Inter.
2387 4302 2507 4356 256.
2544 4302 2825 4369 Quomodo
2874 4305 3279 4375 intelligendum
3331 4308 3459 4361 illud
3490 4308 3676 4378 [quod]

2108 4392 2275 4447 Iacob
2298 4392 2508 4464 [dicit]:
2553 4394 2871 4449 Descendam
2894 4396 2963 4447 ad
3012 4397 3178 4460 ﬁlium
3212 4414 3381 4451 meum
3426 4398 3677 4452 lnbensin

2107 4482 2367 4550 infernum
2422 4480 2575 4553 (Gen.
2606 4499 2813 4546 xxxvii,
2845 4484 2955 4547 55).
2996 4515 3064 4525 --
3106 4486 3254 4555 Resp.
3300 4488 3603 4543 Perturbati
3628 4501 3677 4541 et

2106 4571 2524 4627 dolentisxverba
2551 4582 2694 4637 sunt,
2748 4574 2887 4628 mala
2930 4591 3025 4631 sua
3063 4578 3224 4629 etiam
3277 4577 3400 4630 hinc
3450 4594 3675 4647 exagge-

2108 4665 2295 4719 rantis.
2339 4664 2432 4718 Vel
2462 4666 2624 4719 etiam
2656 4663 2849 4721 inferni
2878 4667 3088 4727 nomine
3131 4665 3433 4735 sepulcrum
3477 4670 3674 4737 signiti—

2109 4757 2267 4819 cavit,
2300 4756 2455 4825 quasi
2481 4758 2721 4812 diceret:
2761 4757 2815 4813 in
2842 4757 2983 4811 luctu
3013 4772 3225 4819 maneo,
3257 4757 3425 4812 donec
3466 4774 3549 4811 me
3574 4768 3669 4812 ter-

2110 4862 2164 4899 ra
2195 4848 2450 4916 suscipiat
2477 4845 2808 4918 [sepultum],
2841 4847 2980 4900 sicut
3010 4845 3177 4901 illum.

2180 4957 2341 5010 Inter.
2377 4956 2500 5010 257.
2543 4956 2783 5023 Qualiter
2830 4958 3054 5011 historia
3110 4960 3174 5013 de
3219 4959 3351 5014 Juda
3406 4972 3459 5013 et
3506 4964 3674 5015 ιτὶξυη

2109 5050 2229 5103 filiis
2267 5048 2381 5116 ejus
2408 5058 2464 5105 et
2486 5065 2655 5105 uxore
2696 5049 2811 5118 ejus
2841 5051 3077 5105 Thamar
3116 5052 3268 5122 (Gen.
3322 5057 3551 5119 xxxviii)
3597 5058 3675 5110 iu-

2109 5151 2189 5195 tra
2220 5150 2328 5196 tam
2356 5157 2559 5212 paucos
2591 5157 2760 5197 annos
2804 5143 3061 5211 compleri
3109 5146 3323 5212 potuit?
3360 5146 3513 5220 [Cum
3544 5163 3673 5219 ergo

2109 5246 2247 5285 anno
2289 5232 2316 5271 ι’
2352 5248 2440 5286 xiv
2481 5233 2653 5286 aetatis
2697 5246 2807 5284 suae
2870 5233 3117 5288 venditus
3169 5234 3333 5291 fuisse
3380 5225 3668 5297 credatur;

2108 5338 2203 5377 xm
2235 5338 2403 5377 annos
2448 5331 2729 5391 peregerat
2755 5322 2807 5375 in
2836 5318 3067 5395 Egypto
3100 5326 3312 5396 ignotus
3360 5326 3627 5383 Pharaoni
3656 5348 3666 5387 :

2110 5414 2175 5467 ad
2202 5414 2298 5469 hos
2347 5414 2489 5467 enim
2543 5412 2799 5466 tredecim
2848 5429 3019 5469 annos
3048 5426 3393 5472 accesserunt
3434 5434 3507 5473 νη
3547 5422 3670 5472 anni

2109 5503 2385 5561 ubertatis,
2418 5511 2472 5556 et
2512 5501 2637 5556 facti
2664 5512 2787 5557 sunt
2816 5506 2939 5560 anni
2969 5522 3034 5559 rx
3073 5524 3083 5558 :
3120 5509 3201 5561 his
3242 5509 3508 5562 adduntur
3534 5511 3667 5566 duo;

2182 5706 2205 5751 ιι
2247 5704 2504 5771 Ambigua
2534 5704 2691 5758 lectio
2720 5723 2728 5755 :
2776 5705 2909 5757 forte
2941 5722 3069 5757 xm.

3087 5796 3239 5855 ’18
