4258 6204
684 274 787 333 555

1482 281 1541 335 Β.
1578 279 1637 333 F.
1676 276 1897 333 ALBINI
1936 275 2067 334 SEU
2107 272 2378 330 ALCUINI
2414 274 2699 361 OPRREM
2728 278 2903 335 PARS
2940 280 3000 334 Η.

3793 284 3894 338 656

675 394 811 465 quia
835 392 1066 449 secantdo
1092 406 1228 445 anno
1249 389 1405 443 famis
1424 387 1588 444 Iacob
1612 388 1920 443 introivitin
1946 385 2235 458 Egyptum
2266 385 2311 443 Δ
2407 385 2571 441 Inter.
2599 388 2721 443 266.
2759 388 3034 455 Quomodo
3065 391 3130 445 de
3159 405 3273 445 viro
3297 401 3481 446 sancto
3518 391 3712 461 Ioseph
3742 392 3896 447 intel-

683 497 809 538 eum
846 481 969 535 filiis
1000 480 1131 545 suis,
1162 487 1213 533 et
1235 478 1576 532 inveniuntur
1615 492 1727 531 xxii
1758 476 1906 539 anni,
1932 473 2124 545 quibus
2148 475 2241 528 ab-

686 574 787 631 fuit
834 571 1031 642 Ioseph
1062 587 1094 625 a
1120 580 1273 640 patre
1314 578 1367 623 et
1393 584 1423 623 a
1448 568 1705 624 fratribus
1754 568 1885 623 suis.
1925 566 2041 633 Quo
2066 564 2242 620 medio

685 676 928 735 tempore
954 660 1218 734 quomodo
1248 659 1361 713 ﬁeri
1410 656 1766 730 potuerunt]?
1798 688 1871 698 —
1910 655 2059 726 Resp.
2094 654 2241 709 Solet

682 753 876 829 [enim]
907 753 1185 823 Scriptura
1205 757 1390 806 saneta
1426 764 1524 819 per
1552 746 2062 817 recapitulationem»
2077 745 2241 799 multa

687 844 946 914 proferre.
984 842 1199 911 Aliquot
1248 854 1376 909 ergo
1415 838 1570 892 annis
1598 836 2018 891 antevcnditum
2047 833 2241 903 Ioseph

688 934 801 989 hate
854 932 971 987 ﬁeri
1019 931 1245 999 coepisse
1286 926 1505 997 intelligi
1553 926 1728 980 datur.
1769 924 1943 978 Etiam
1999 940 2142 987 mox,
2184 933 2243 976 ut

688 1025 1013 1080 adolesceret
1036 1022 1214 1086 Iudas,
1267 1021 1449 1075 incidit
1499 1018 1651 1091 [IIs.,
1681 1019 1843 1087 cmpit
1887 1015 2157 1088 incidisse]
2190 1017 2241 1070 in

688 1130 924 1170 amorem
948 1112 1082 1182 eius,
1108 1128 1269 1183 quam
1315 1112 1465 1167 duxit
1490 1124 1733 1175 uxorem,
1772 1110 2005 1164 nondum
2032 1108 2246 1163 vendito

685 1202 881 1273 Ioseph
911 1204 962 1257 in
993 1201 1302 1273 Egyptum.

760 1290 925 1346 Inter.
957 1290 1078 1345 258.
1120 1290 1229 1346 Cur
1272 1288 1405 1345 dixit
1432 1287 1497 1343 de
1536 1286 1812 1343 Thamar:
1851 1287 2116 1359 Depositis
2158 1302 2247 1342 te

687 1380 953 1437 stimentis
978 1382 1250 1436 viduitatis
1286 1395 1397 1434 sua:
1438 1378 1589 1450 (vers.
1624 1378 1709 1451 14)
1738 1378 1855 1432 2-
1876 1376 2028 1447 Resp.
2072 1376 2143 1432 Ut
2170 1378 2249 1431 in-

687 1472 961 1545 telligatpr
1008 1470 1161 1544 μὴ,
1190 1480 1456 1541 quatenus
1494 1468 1859 1541 intelligeres],
1903 1484 1970 1525 ex
2001 1470 2249 1538 tempori-

686 1562 786 1616 bus
827 1562 1252 1631 patriarcharum
1305 1568 1454 1615 certa
1494 1568 1555 1614 et
1575 1575 1669 1614 sua
1725 1558 1888 1615 fuisse
1932 1560 2249 1614 vestimenta

688 1652 986 1717 viduarum,
1037 1669 1141 1707 non
1190 1653 1372 1721 utique
1388 1651 1512 1705 talia
1540 1650 1717 1719 qualia
1739 1650 2163 1721 conjugatarum.

2338 476 2500 546 ligere
2523 476 2793 536 debemus.
2821 479 2963 549 quod
2989 480 3307 534 inebriasset
3340 478 3536 534 fratres
3585 496 3709 535 suos
3740 478 3893 552 (Gen.

2340 584 2489 633 sun,
2542 570 2630 640 54)
2679 598 2750 611 -
2799 567 2953 639 Resp.
3002 569 3246 624 Ebrietas
3286 570 3576 625 secundum
3619 570 3896 627 Hebraeam

2338 657 2571 729 linguam
2596 658 2746 730 [Ms.,
2778 660 2970 714 idioma
2992 658 3266 713 liebraicaa
3290 657 3503 731 linguae]
3528 674 3624 728 pro
3651 660 3899 715 satietate

2338 749 2570 817 ponitur,
2595 749 2732 803 sicut
2755 748 2807 801 in
2838 747 3040 817 psalmo
3065 765 3077 801 :
3123 745 3351 802 Visitasti
3382 758 3572 801 terram
3603 757 3651 802 et
3669 747 3897 802 inebria-

2338 840 2405 892 sti
2444 855 2578 892 eam.
2612 839 2679 893 Et
2719 840 2957 894 iterum:
2990 839 3394 893 Incbriabuntur
3444 840 3509 893 ab
3552 839 3783 894 ubertate
3805 839 3899 893 do-

2338 944 2453 981 mus
2476 938 2598 981 luat.

2410 1015 2573 1071 Inter.
2603 1016 2725 1072 267.
2753 1016 2891 1083 Quid
2924 1018 3025 1075 sibi
3056 1018 3168 1072 vult
3190 1018 3331 1089 quod
3379 1017 3576 1089 Ioseph
3604 1018 3764 1074 toties
3788 1016 3901 1073 fra-

2344 1116 2451 1161 tres
2472 1124 2597 1162 suos
2634 1110 2946 1187 luditicavit,
2971 1120 3024 1165 et
3047 1118 3194 1163 tanta
3232 1112 3629 1179 exspectatione
3676 1125 3902 1181 suspen-

2344 1198 2443 1261 dit,
2493 1209 2779 1268 antequam
2831 1199 3172 1255 manifestare
3226 1216 3284 1255 se
3326 1201 3717 1255 voluisset?—
3747 1200 3900 1272 Resp.

2346 1287 2659 1342 Tribuiabat
2694 1303 2807 1353 eos,
2836 1305 2942 1343 non
2971 1297 3027 1344 ut
3067 1304 3123 1343 se
3149 1291 3446 1345 vindicaret
3477 1289 3551 1361 [in
3582 1289 3703 1362 eis],
3730 1291 3824 1346 sed
3847 1298 3905 1344 ut

2347 1376 2464 1432 illos
2501 1390 2754 1447 purgaret
2780 1395 2807 1432 a
2830 1380 3053 1434 crimine
3104 1382 3357 1435 transacti
3405 1382 3621 1436 sceleris
3665 1383 3718 1436 in
3741 1396 3900 1436 cum:

2347 1467 2429 1521 vel
2459 1469 2645 1538 magis,
2685 1477 2745 1522 ut
2778 1469 2881 1524 hac
2906 1470 3159 1523 dilatione
3200 1472 3629 1525 accumularetur
3654 1473 3905 1541 gaudium

2347 1571 2555 1621 eorum,
2587 1558 2712 1611 dum
2759 1558 3003 1611 viderent
3033 1567 3233 1613 tantam
3279 1561 3502 1630 gloriam
3554 1560 3687 1629 ejus,
3747 1575 3906 1630 quem

2352 1645 2404 1717 [a
2434 1646 2515 1719 se]
2541 1649 2861 1702 exstinctum
2888 1662 3005 1702 esse
3031 1650 3448 1704 arbitrabantur.

957 1741 1120 1796 Inter,
1157 1742 1281 1796 259,
1322 1742 1496 1807 Quare
1545 1741 1681 1795 dixit
1710 1739 1910 1794 Iudas:
1945 1739 2146 1794 Iustior
2167 1749 2250 1795 est
2282 1728 2323 1785 Β
2419 1736 2583 1789 Inter.
2611 1736 2733 1790 268.
2773 1736 3049 1803 Quomodo
3096 1738 3290 1795 dicitur
3331 1754 3345 1793 :
3387 1738 3515 1792 Filii
3565 1741 3677 1811 ejus
3702 1748 3749 1794 et

690 1830 928 1885 Thamar
978 1846 1139 1900 quam
1198 1846 1296 1902 ego
1349 1828 1500 1900 (Gen.
1551 1845 1779 1893 xxxviii,
1808 1829 1950 1899 26)?
1986 1859 2054 1869 —
2090 1820 2242 1899 Resp.

688 1920 925 1976 Thamar
951 1920 1003 1974 in
1055 1921 1196 1974 bivio
1222 1919 1414 1973 sedens
1438 1919 1522 1972 vel
1564 1927 1787 1987 eapeto;
1827 1919 1918 1972 ubi
1948 1920 2249 1989 diligentius

688 2012 844 2067 debet
890 2012 1066 2065 viator
1106 2012 1366 2078 aspicere,
1413 2011 1552 2079 quod
1582 2011 1683 2063 iter
1720 2010 1993 2080 gradiendi
2027 2011 2244 2079 capiat;

686 2118 792 2158 non
822 2111 880 2158 ut
903 2118 1089 2173 vagam
1132 2102 1476 2171 turpitudinis
1524 2100 1797 2156 libidinem
1850 2102 2107 2169 impleret,
2158 2102 2275 2156 sed

689 2202 746 2249 ut
767 2193 963 2248 liberos
1002 2208 1031 2245 a
1058 2206 1244 2246 socero
1290 2191 1603 2259 susciperet,
1627 2188 1855 2258 iustiore
1881 2204 2064 2253 causa,
2089 2204 2249 2258 quam

693 2300 883 2340 socer:
919 2284 1007 2338 ille
1032 2285 1173 2336 enim
1224 2281 1476 2355 libidinis,
1506 2281 1597 2335 illa
1648 2280 1936 2345 liberorum
1961 2281 2163 2349 gratia:
2197 2291 2251 2336 et

690 2378 807 2431 ideo
834 2376 887 2428 in
917 2374 1313 2442 comparatione
1338 2369 1452 2438 ejus
1478 2372 1654 2425 minus
1673 2370 1810 2425 male
1831 2370 2051 2425 fecerat.

762 2462 927 2518 Inter.
964 2462 1086 2516 260.
1129 2460 1186 2515 Si
1238 2460 1442 2515 Phares
1489 2460 1612 2514 inde
1659 2459 1878 2514 sortitus
1930 2468 2013 2515 est
2058 2475 2250 2514 nomen

691 2552 984 2614 divisionis,
1029 2551 1152 2619 quia
1213 2550 1467 2604 diviserat
1542 2540 1908 2602 membranam
1964 2550 2249 2603 secundam

689 2638 841 2715 [IIs.,
874 2637 1268 2711 secundarum],
1314 2638 1454 2692 unde
1473 2637 1609 2691 Zara
1659 2637 1781 2710 [sic]
1829 2654 2019 2693 nomen
2045 2640 2252 2708 accepit

690 2732 841 2803 (vers.
884 2731 975 2794 29,
1006 2730 1145 2802 30)?
1203 2729 1353 2801 Resp.
1394 2730 1531 2785 Zara
1587 2730 2002 2801 interpretratur
2043 2730 2247 2787 Oriens.

692 2819 783 2877 Sic
816 2822 976 2893 igitur
1011 2830 1253 2884 vocatur,
1308 2819 1389 2875 vel
1432 2821 1553 2889 quia
1580 2822 1784 2890 primus
1836 2823 2119 2893 apparuit,
2167 2821 2252 2877 vel

690 2914 831 2983 quod
858 2913 1068 2984 plurimi
1097 2928 1161 2968 ex
1193 2929 1257 2969 eo
1282 2914 1388 2967 nati
1417 2922 1541 2969 sunt
1560 2912 1713 2981 justi,
1735 2914 1875 2970 sicut
1904 2915 1958 2969 in
1979 2913 2252 2983 Paralipo:

691 3018 883 3059 menon
911 3004 1133 3074 legimus
1154 3002 1204 3076 (I
1234 3004 1357 3057 Par.
1389 3020 1451 3068 ii,
1473 3004 1549 3075 I).

2348 1825 2723 1879 descenderunt
2769 1844 2885 1879 cum
2927 1827 3091 1881 Iacob
3142 1830 3197 1882 in
3235 1828 3521 1899 Afgyptunt
3579 1829 3731 1901 (Cen.
3761 1845 3905 1894 ιινι,

2352 1915 2427 1984 7),
2458 1931 2577 1969 cum
2599 1914 2765 1970 Iacob
2792 1916 2971 1986 plures
3022 1932 3127 1971 non
3153 1919 3400 1973 habuerit
3428 1918 3586 1983 ﬁlias,
3623 1934 3781 1988 quam
3820 1920 3906 1974 Dic

2350 2019 2471 2057 nam
2507 2008 2869 2061 tantummodo
2894 2007 2918 2060 ?
2953 2038 3023 2047 —
3052 2007 3205 2078 Resp.
3258 2008 3363 2061 Aut
3394 2008 3601 2080 [etiam]
3632 2020 3818 2079 neptes
3845 2010 3905 2064 ti-

2350 2093 2541 2147 liarum
2569 2097 2784 2150 nomine
2820 2096 3113 2166 intelligere
3149 2098 3430 2162 debemus;
3456 2106 3547 2150 aut
3570 2099 3789 2166 pluralis
3810 2114 3905 2153 nu-

2350 2198 2528 2238 merus
2556 2200 2652 2253 pro
2696 2172 2950 2255 singulari
3000 2188 3204 2257 positus
3231 2198 3331 2253 est,
3380 2190 3517 2243 sicut
3538 2190 3651 2246 ibi:
3686 2191 3828 2244 Misit
3853 2194 3906 2245 in

2349 2276 2422 2328 eis
2458 2292 2687 2330 muscam
2718 2279 2977 2331 caninam.

2419 2364 2583 2419 Inter.
2615 2366 2737 2421 269.
2780 2366 2929 2433 Quod
2976 2363 3105 2422 dicit
3138 2368 3412 2441 Scriptura
3444 2392 3455 2425 :
3486 2373 3673 2429 Omnes
3718 2378 3905 2431 animae

2348 2470 2464 2523 qua
2516 2472 2732 2525 egresso:
2782 2469 2897 2512 sunt
2924 2460 2987 2513 de
3029 2460 3307 2528 femoribus
3358 2463 3520 2517 Iacob
3557 2465 3706 2534 (vers.
3759 2466 3849 2538 26)
3888 2484 3901 2519 :

2350 2544 2476 2611 quid
2514 2548 2937 2615 respondendum
2986 2558 3069 2605 est
3097 2552 3174 2605 eis
3205 2554 3294 2619 qui
3318 2555 3420 2608 hoc
3450 2557 3754 2612 testimonio
3779 2572 3901 2612 con-

2351 2630 2566 2690 ﬁrmare
2622 2638 2881 2703 nituntur,
2924 2656 2953 2693 a
2982 2644 3291 2709 parentibus
3335 2645 3492 2699 simul
3531 2646 3738 2701 animas
3779 2663 3900 2701 cum

2350 2727 2663 2795 corporibus
2689 2730 3013 2797 propagari?
3048 2760 3116 2768 —
3156 2730 3309 2800 Resp.
3345 2732 3584 2803 [Animas
3613 2736 3782 2791 dictas
3806 2751 3903 2805 pro

2351 2814 2671 2879 hominibus,
2700 2832 2729 2869 a
2752 2828 2903 2885 parte
2933 2826 3099 2872 totum
3130 2820 3459 2889 signiﬁcante
3484 2821 3676 2894 [Edit.,
3700 2826 3901 2897 signiti-

2350 2906 2491 2978 cata]
2518 2907 2803 2973 locutione,
2831 2909 3004 2965 nullus
3030 2913 3184 2967 debet
3206 2914 3490 2986 dubitare].

2422 2992 2585 3048 Inter.
2622 2996 2847 3049 270.‘Hi
2870 2999 2969 3065 ﬁlii
2996 2999 3126 3066 Line,
3169 3019 3295 3071 quos
3321 3006 3492 3072 genuit
3520 3006 3574 3059 in
3614 3007 3904 3079 Mesopota-

767 3091 927 3146 Inter.
962 3059 1089 3145 261.
1131 3059 1238 3146 (iur
1273 3059 1787 3163 gentileslbomines
1834 3093 1924 3162 qui
1955 3093 2169 3150 fuerunt
2194 3096 2247 3151 in
2279 3059 2324 3119 ϐ
2354 3083 2448 3135 ίηῖα

2222 3112 2247 3151 η
2279 3059 2324 3119 C
2354 3083 2459 3135 mia
2496 3083 2663 3153 Syria
2685 3102 2800 3138 cum
2828 3086 2989 3152 Dina,
3015 3059 3202 3142 animo,
3224 3059 3453 3159 ﬁliorum
3486 3105 3533 3148 et
3559 3059 3791 3165 ﬁliarunrt
3810 3109 3903 3153 m-

691 3196 909 3238 carcere
950 3197 1067 3237 cum
1107 3179 1322 3253 Ioseph,
1369 3185 1625 3255 pnesagia
1658 3186 1958 3241 futurorum
2003 3187 2249 3242 viderunt

695 3270 845 3344 (Gen.
877 3288 961 3335 ςι,
986 3272 1087 3344 5)?
1121 3302 1190 3313 -—
1225 3272 1377 3343 Resp.
1416 3274 1530 3328 Non
1578 3290 1675 3343 pro
1725 3277 1837 3329 suis
1889 3278 2116 3340 meritis,
2157 3277 2251 3331 sed

693 3370 755 3418 ut
797 3364 1229 3434 magniﬁcaretur
1264 3361 1484 3433 Ioseph,
1514 3373 1569 3417 et
1596 3362 2031 3419 manifestaretur
2056 3366 2144 3433 qui
2172 3364 2249 3419 la—

695 3450 861 3505 tebat.
2118 3478 2123 3481 -

765 3539 929 3596 Inter.
953 3540 1076 3596 262.
1122 3541 1257 3609 Quid
1285 3535 1454 3615 [sunt]
1487 3551 1595 3598 tres
1615 3545 1929 3615 propagines
1953 3543 2102 3615 (ms.
2130 3545 2253 3617 t0)?

689 3658 763 3673 --
789 3630 942 3698 Resp.
972 3633 1106 3689 Tres
1136 3632 1477 3705 [propagines
1501 3645 1627 3689 sunt
1646 3634 1778 3706 tres]
1810 3637 1963 3689 rami.

762 3719 925 3775 Inter.
966 3722 1089 3777 263.
1127 3722 1235 3777 Cur
1262 3723 1473 3778 Pharao
1500 3732 1553 3778 et
1582 3724 1816 3780 llerodes
1860 3727 1974 3781 dies
2002 3728 2252 3783 nativita-

695 3812 764 3865 tis
789 3824 899 3864 suat
951 3811 1242 3866 honoribus
1307 3812 1526 3867 festivos
1573 3814 1878 3870 habuerunt
1931 3817 2081 3887 (vers.
2109 3819 2253 3889 20)?

694 3927 767 3940 .-
800 3897 950 3968 Resp.
993 3899 1069 3955 Eo
1088 3900 1227 3969 quod
1248 3909 1569 3968 putaverunt
1612 3903 1755 3971 quod
1787 3904 1920 3958 hora
1960 3907 2257 3963 nativitatis

694 4000 881 4041 eorum
908 4001 1002 4042 cos
1029 3986 1154 4058 [Με.
1184 3986 1262 4057 se]
1302 3989 1600 4043 ordinassel
1630 3991 1681 4044 in
1714 4006 1931 4063 regnum
1960 4012 1972 4047 ε
2024 3996 2252 4052 similem

696 4090 811 4129 rem
836 4074 1093 4129 facientes
1130 4076 1459 4143 adoratione,
1509 4088 1567 4137 ut
1596 4095 1820 4149 quorum
1871 4093 1987 4137 erat
2026 4100 2125 4155 par
2155 4088 2252 4141 im-

698 4163 889 4231 pietas,
920 4172 1059 4218 esset
1082 4174 1187 4218 una
1212 4166 1539 4221 solemnitas.

770 4252 934 4306 Inter.
972 4253 1095 4307 264.
1139 4254 1274 4320 Quid
1298 4264 1381 4309 est
1428 4258 1568 4325 quod
1616 4257 1824 4315 Pharao
1868 4262 2038 4317 dixit:
2090 4264 2252 4320 Puta-

2348 3174 2489 3240 ginta
2512 3185 2612 3229 tres
2637 3178 2787 3245 (vers.
2823 3178 2932 3248 15).
2980 3179 3225 3249 Nunquid
3269 3183 3383 3237 istae
3404 3198 3588 3241 omnes
3617 3188 3830 3257 triginta
3853 3196 3909 3244 et

2352 3271 2459 3317 tres
2490 3266 2679 3341 animm
2707 3283 2774 3321 ex
2798 3268 2891 3322 Lia
2921 3270 2973 3322 in
3004 3270 3379 3343 Mesopotamia
3407 3275 3577 3346 Syria:
3599 3288 3737 3335 nata:
3760 3292 3907 3347 sunt,

2352 3354 2474 3408 dum
2500 3356 2569 3410 ibi
2603 3355 2769 3413 Iacob
2817 3375 2919 3414 non
2946 3360 3065 3429 plus
3117 3362 3320 3437 [quam]
3368 3368 3555 3437 viginti
3608 3372 3763 3427 annis
3786 3386 3907 3428 cum

2351 3460 2537 3500 socm'o
2562 3462 2660 3501 suo
2696 3458 2937 3503 moratus
2961 3461 3064 3516 est,
3085 3464 3138 3505 et
3160 3464 3362 3522 septem
3404 3459 3529 3512 anni
3562 3465 3903 3529 transierunt,

2352 3548 2638 3607 antequam
2689 3538 2839 3594 Liam
2894 3559 3113 3599 uxorem
3164 3546 3446 3605 duxisset?
3494 3583 3562 3594 —-—
3600 3553 3756 3627 Resp.
3787 3558 3910 3614 Ideo

2353 3627 2558 3702 [igitur]
2586 3631 2856 3703 Scriptura
2891 3646 3071 3690 sancta
3102 3638 3200 3693 hos
3230 3656 3415 3696 omnes
3454 3644 3505 3696 in
3530 3644 3907 3715 Mesopotamia

2350 3732 2496 3775 ortos
2552 3738 2671 3778 esse
2720 3725 2872 3790 dixit,
2920 3729 3171 3795 quoniam
3226 3745 3407 3787 eorum
3458 3744 3635 3803 patres
3680 3739 3753 3793 ibi
3803 3741 3906 3795 orti

2350 3822 2496 3867 sunt.

2423 3902 2584 3957 Inter.
2632 3907 2751 3963 27!.
2805 3908 2857 3964 Si
2884 3915 3158 3984 sexaginta
3206 3926 3258 3971 et
3290 3933 3382 3973 sex
3410 3923 3599 3977 animae
3639 3934 3764 3979 sunt
3790 3942 3909 3996 qua

2353 3995 2603 4065 ingressa:
2641 4009 2763 4063 sunt
2821 4016 2940 4056 cum
2971 4001 3135 4059 Iacob
3171 4006 3222 4059 in
3260 4007 3587 4078 Ᾰεῖεςγιηυιῐι,⁸
3608 4022 3661 4067 et
3710 4014 3780 4072 ibi
3811 3995 3909 4069 Io-

2350 4088 2480 4154 seph
2525 4102 2646 4143 cum
2690 4092 2893 4146 duobus
2932 4094 3053 4149 filiis
3082 4098 3192 4151 suis
3237 4099 3478 4154 inventus
3508 4112 3589 4157 est
3632 4105 3782 4173 (vers.
3814 4106 3904 4173 26,

2351 4175 2463 4245 27),
2516 4179 2779 4246 quomodo
2836 4182 2991 4253 333
3030 4189 3363 4257 septuaginta
3415 4204 3597 4259 postea
3654 4196 3913 4252 dicuntur

2349 4278 2468 4317 esse
2497 4266 2686 4320 anima:
2713 4268 2898 4323 domus
2920 4272 3083 4327 Iacob
3104 4276 3211 4325 ?—-
3232 4276 3383 4348 Resp.
3406 4281 3523 4350 Ipso
3549 4293 3698 4352 patre
3719 4285 3903 4352 Iacob,

698 4344 813 4442 bam
845 4360 923 4396 me
949 4354 1087 4397 stare
1128 4361 1281 4414 super
1305 4346 1495 4414 ﬂumen
1536 4346 1684 4419 (Gen.
1723 4366 1829 4415 xu,
1862 4351 1956 4422 i)?
1990 4384 2057 4394 -
2094 4354 2243 4426 Resp.
2278 4383 2326 4442 υ
2353 4358 2503 4423 quasi
2526 4358 2719 4423 radice,
2769 4362 3138 4423 adnumerato.
3162 4344 3493 4441 septuaginta
3527 4344 3645 4430 esse
3673 4344 3903 4433 noscun;

696 4420 932 4506 ld'[.ils.,
962 4433 1128 4507 Idem]
1163 4446 1243 4490 est
1279 4438 1418 4504 quod
1454 4440 1505 4491 in
1555 4440 1656 4493 alio
1683 4440 1800 4497 loco
1853 4420 2081 4514 legitur:
2114 4420 2247 4501 Ecee

696 4540 789 4595 ego
816 4542 968 4593 super
993 4526 1183 4593 fatalem
1212 4542 1359 4594 aqua
1390 4538 1467 4581 sto
1512 4527 1663 4599 (Gen.
1693 4545 1839 4597 xxiv,
1868 4534 1975 4605 15).
2020 4536 2129 4591 Hoc
2159 4554 2248 4607 ge-

699 4626 829 4666 nere
880 4612 1159 4668 locutionis
1183 4623 1237 4667 et
1265 4615 1317 4666 in
1365 4616 1565 4683 psalmo
1615 4619 1843 4671 dicitur:
1878 4621 1978 4686 Qui
2015 4625 2249 4691 fundavit

698 4713 892 4758 terram
943 4718 1097 4771 super
1144 4720 1332 4772 aquam
1388 4705 1542 4773 [Ms.,
1590 4708 1806 4780 aquas].
1864 4710 1998 4781 [Non
2053 4730 2251 4785 cogun-

701 4808 785 4849 tur
820 4794 1059 4848 homines
1086 4805 1273 4862 putare
1302 4796 1439 4850 sicut
1469 4813 1657 4853 navem
1708 4812 1893 4855 natare
1940 4814 2133 4859 terram
2164 4822 2253 4860 su—

701 4901 793 4953 per
811 4884 1017 4955 aquas].
1042 4882 1344 4939 Secundum
1371 4887 1505 4941 hanc
1523 4888 1706 4961 [enim]
1733 4892 2248 4970 locutionem[recte]

703 4974 1031 5041 intelligitur,
1063 4974 1204 5045 quod
1232 4972 1389 5026 altior
1417 4976 1485 5029 sit
1515 4987 1659 5031 terra
1696 4996 1855 5048 quam
1886 5000 2042 5053 aqua.
2080 4989 2250 5043 Altius

704 5063 896 5129 quippe
936 5064 1002 5117 ab
1047 5066 1199 5133 aquis
1255 5065 1569 5131 sustollitur,
1619 5070 1707 5123 ubi
1756 5072 1996 5127 habitant
2042 5086 2249 5132 terrena

707 5149 978 5202 animalia.

776 5240 939 5291 Inter.
980 5237 1101 5292 265.
1140 5240 1413 5305 Quomodo
1458 5247 1737 5303 multitudo
1785 5247 2255 5322 [IrugttmLarenm

709 5326 1079 5403 [tiiultitudini]
1112 5342 1452 5407 comparatur
1476 5336 1627 5406 (Cen.
1655 5355 1763 5403 xu,
1799 5341 1885 5409 49)
1914 5342 1937 5393 ?
1987 5372 2054 5381 ——
2100 5342 2251 5411 Resp.

708 5416 838 5479 Quia
891 5421 1027 5473 sicut
1082 5436 1242 5474 arena
1294 5422 1691 5480 innumerabilis
1745 5440 1845 5493 est,
1877 5433 1947 5484 ita
1978 5432 2255 5487 multitudo

708 5505 917 5573 frugum
972 5510 1169 5564 usitato
1224 5524 1447 5565 numero
1498 5519 1872 5584 comprehendi
1928 5537 2032 5575 non
2083 5534 2257 5591 potest

711 5593 832 5664 [113.
846 5638 857 5659 ,
890 5599 1133 5675 poterat].

2356 4458 2458 4501 tur.

2422 4542 2581 4597 Inter.
2622 4545 2744 4599 272.
2776 4546 2909 4601 Dum
2955 4548 3040 4600 hic
3081 4546 3155 4619 [in
3184 4550 3397 4623 Genesi]
3437 4552 3655 4623 legimus
3695 4567 3905 4628 septua—

2354 4633 2495 4700 ginta
2522 4648 2640 4688 esse
2666 4638 2873 4689 animas
2900 4637 3089 4690 domus
3111 4636 3293 4702 Iacob,
3318 4646 3576 4710 quomodo
3611 4648 3662 4701 in
3692 4648 3907 4702 Actibus

2354 4722 2713 4789 apostolorum
2754 4726 2875 4793 (vn,
2917 4726 3011 4795 14)
3046 4728 3257 4794 dicitur,
3295 4732 3348 4783 in
3385 4733 3661 4789 animabus
3691 4747 3905 4806 septua-
3968 4764 3971 4767 ι

2354 4812 2495 4879 ginta
2546 4814 2777 4880 quinque
2819 4814 3153 4871 descendisse
3197 4819 3359 4875 Iacob
3404 4824 3453 4875 in
3495 4823 3906 4894 £gyptum?-—

2356 4899 2508 4971 Resp.
2541 4902 2653 4956 Non
2690 4916 2899 4973 poterat
2932 4906 3102 4962 Lucas
3138 4908 3379 4982 [aliquid]
3408 4919 3734 4971 contrarium
3773 4923 3905 4976 seri-

2354 4993 2479 5049 bere
2521 4998 2773 5051 adversus
2825 5015 2944 5053 eam
2992 4999 3351 5070 Scripturain,
3412 5023 3527 5074 quae
3568 5008 3680 5074 jam
3734 5012 3907 5069 fuerat

2353 5087 2593 5154 gentibus
2619 5089 2879 5175 divulgata
2912 5108 2921 5141 :
2954 5101 3005 5146 et
3032 5096 3209 5162 utique
3248 5098 3459 5166 majoris
3499 5103 3783 5171 Opinionis,
3820 5106 3904 5159 illo

2354 5176 2613 5227 duntaxat
2647 5185 2902 5245 tempore,
2940 5185 3264 5252 septuaginta
3292 5186 3636 5256 interpretum
3678 5194 3908 5249 habeba-

2356 5272 2441 5316 tur
2461 5270 2768 5333 auctoritas,
2798 5286 2956 5337 quam
2988 5273 3177 5337 Lucas,
3218 5279 3305 5343 qui
3346 5279 3553 5346 ignotus
3590 5290 3644 5334 et
3681 5284 3816 5347 vilis,
3853 5295 3906 5339 et

2356 5366 2456 5403 non
2483 5368 2683 5422 magna:
2713 5357 2829 5411 fidei
2866 5361 2916 5412 in
2952 5362 3252 5420 nationibus
3280 5368 3719 5447 ducebatt.-._'Al.,
3746 5373 3901 5444 erat].

2356 5440 2468 5495 Hoc
2511 5456 2685 5499 autem
2725 5450 3038 5517 generaliter
3072 5452 3456 5509 observandum
3498 5440 3755 5535 est},va
3791 5440 3905 5515 ubi-

2357 5546 2563 5601 cunque
2597 5540 2765 5590 sancti
2804 5541 3023 5607 apostoli
3066 5543 3145 5597 vel
3184 5547 3452 5614 apostolici
3487 5550 3587 5603 viri
3626 5554 3905 5619 loquuntur

2359 5622 2423 5673 ad
2469 5622 2709 5691 populos,
2756 5626 2837 5678 his
2886 5629 3195 5701 plerumque
3241 5636 3552 5691 testimoniis
3598 5639 3899 5703 abutuntur,
