4272 6218
379 331 476 397 35Ἴ

970 341 1376 399 EXEGETICA.
1407 372 1482 388 η-κ
1519 339 1630 398 Σῖζ
1652 339 1717 394 ῗ”“
1833 339 1886 396 ἓ.
1930 339 2013 394 ..μ’

2469 344 2482 397 ζ
2523 343 2786 406 uallis”
2831 340 2977 396 ΕΠΖ.
3511 339 3611 392 558

2327 345 2354 356 ,ν
2417 342 2434 358 ἢ

2055 371 2214 398 ...ιλ-α’
2238 363 2381 400 u-.J.
2419 377 2462 398 ι-

379 470 498 526 qua
517 457 629 526 jam
664 454 875 512 fuerant
918 455 972 510 in
1009 455 1254 527 gentibus
1289 455 1592 527 divulgata;
1631 455 1753 509 licet
1783 454 1945 522 pleri-
1971 457 2020 514 Α
2047 452 2262 512 Scilicet
2290 465 2573 527 postquam
2592 458 2868 526 iuraverat
2895 459 2944 512 ei
2970 456 3108 511 tilius
3130 455 3396 530 [securus]
3425 459 3490 513 de
3515 473 3611 527 pc-

284 538 287 541 ’
367 559 484 617 quc
507 546 742 609 tradunt,
775 545 973 600 Lucam
1011 543 1459 619 [evangelistam],
1494 553 1553 598 ut
1596 543 1943 614 proselytum,

376 631 628 691 Hebrazas
654 635 862 690 litteras
890 636 1186 706 ignorasse.

446 724 612 780 Inter.
643 726 767 781 275.
799 726 915 781 Filii
950 725 1117 781 Iacob
1143 727 1453 799 interrogati
1485 725 1612 795 quid
1638 724 1815 794 operis
1850 725 1946 779 ha-

373 814 582 879 herent,
622 816 1012 886 responderunt
1041 834 1055 870 z
1088 815 1330 871 Pastores
1366 817 1538 869 ovium
1577 830 1776 877 sumus,
1815 813 1947 866 sicut

374 918 422 962 et
453 919 624 978 patres
668 910 830 961 nostri
873 888 1023 979 (den.
1064 923 1231 971 nvu,
1271 909 1348 977 ὅ).
1397 906 1572 986 Quare
1613 906 1947 975 patriarchas

372 999 594 1069 primos,
618 1005 863 1067 pastores
883 998 1084 1061 ovium,
1099 1006 1155 1051 et
1176 1013 1281 1050 non
1306 995 1503 1068 [reges]
1526 997 1759 1067 gentium
1782 994 1948 1050 fuisse

373 1086 634 1158 legimus?
657 1115 727 1128 -
755 1086 908 1156 Resp.
949 1086 1082 1153 Quia
1129 1087 1245 1140 sine
1281 1086 1386 1139 ulla
1432 1085 1759 1139 dubitatione
1797 1081 1948 1149 justa

374 1179 626 1241 servitus,
657 1176 874 1244 etjusta
905 1186 990 1231 est
1017 1177 1328 1238 dominatio,
1358 1191 1478 1230 cum
1517 1189 1708 1245 pecora
1747 1175 1947 1229 homini

318 1249 636 1331 ’νεανίιιημ
661 1276 715 1322 et
736 1270 894 1322 homo
915 1266 1196 1338 pecoribus
1222 1266 1542 1320 dominatur.
1573 1265 1662 1319 Sic
1696 1267 1839 1319 enim
1868 1265 1948 1319 di-

374 1365 516 1411 ctum
540 1366 626 1412 est
651 1358 847 1415 homini
879 1373 998 1411 cum
1027 1365 1300 1411 crearetur
1327 1375 1340 1409 :
1378 1355 1661 1409 Faciamus
1690 1358 1946 1410 hominem

373 1447 444 1501 ad
468 1449 746 1517 imaginem
780 1457 826 1502 et
856 1446 1249 1500 similitudinem
1290 1456 1537 1506 nostram,
1567 1455 1613 1498 et
1650 1445 1832 1499 habeat
1858 1463 1948 1516 po-

370 1547 604 1595 testatem
636 1541 852 1608 piscium
890 1540 1052 1592 maris
1090 1548 1137 1590 et
1175 1536 1457 1590 volatilium
1487 1536 1619 1600 caeli,
1642 1545 1687 1588 et
1715 1537 1967 1612 omnium‘

369 1645 490 1701 qua:
518 1639 635 1683 sunt
662 1644 814 1698 super
838 1638 1031 1680 terram
1058 1625 1208 1697 (Gen.
1235 1624 1294 1694 l).
1329 1625 1428 1680 Ubi
1460 1626 1761 1680 insinuatur
1785 1626 1948 1679 ratio-

372 1734 496 1774 nem
519 1718 712 1772 debere
738 1718 1000 1772 dominari
1027 1716 1316 1770 irrationali
1345 1710 1484 1770 vitae.
1512 1715 1737 1769 Servum
1767 1724 1945 1771 autem

2051 546 2237 601 titione
2264 563 2426 617 quam
2454 549 3026 622 rogaverat,°adoravit
3058 548 3224 603 Deum
3252 547 3403 621 [Ms.,
3434 549 3610 602 Domi-

2049 652 2174 690 num
2200 638 2362 706 coepit
2390 637 2636 710 adorare]
2663 648 2853 693 contra
2881 647 3040 708 caput
3065 638 3243 693 lectuli
3261 639 3614 703 Sui;$anctus

2049 728 2242 797 quippe
2268 735 2323 781 et
2347 725 2457 781 Deo
2485 713 2736 783 obediens
2764 727 2917 800 [Ils.,
2947 726 3178 798 deditus]
3207 729 3308 791 vir,
3329 742 3613 797 oppressus

2048 825 2345 880 senectute,
2391 816 2623 871 habebat
2649 817 2900 872 lectulum
2939 819 3012 871 ita
3040 819 3292 888 positum,
3316 827 3375 871 ut
3403 820 3512 887 ipse
3531 817 3616 886 ja~

2049 921 2178 961 cens
2201 905 2459 978 [habitus]
2489 907 2690 977 absque
2717 907 2821 961 ulla
2860 906 3173 962 difficultate
3214 908 3281 962 ad
3318 909 3614 963 orationem

2047 1007 2194 1054 esset
2219 1007 2458 1068 paratus.

2118 1090 2278 1163 334
2317 1090 2339 1141 Ι
2348 1101 2478 1144 nter.
2517 1090 2640 1146 278.
2665 1089 2801 1158 Quid
2833 1099 2916 1146 est
2941 1092 3080 1161 quod
3107 1090 3272 1147 Iacob
3296 1091 3425 1148 dicit
3451 1110 3465 1146 :
3494 1090 3612 1145 Duo

2047 1177 2146 1247 ﬁlii
2182 1181 2256 1232 tui
2287 1179 2559 1247 Eﬂ‘remet
2594 1180 2884 1244 Manasses,
2924 1183 3055 1234 sicut
3095 1181 3274 1235 Ruben
3316 1192 3364 1235 et
3404 1180 3614 1238 Simcon

2046 1277 2198 1321 erunt
2220 1269 2345 1321 mihi
2369 1267 2517 1337 (Gen.
2542 1285 2724 1331 sum,
2743 1269 2912 1338 5)?—
2928 1269 3078 1339 Resp.
3099 1269 3374 1340 Significat
3397 1289 3408 1322 :
3432 1268 3612 1341 [sicut]

2049 1355 2235 1411 Ruben
2263 1366 2317 1411 et
2345 1355 2557 1412 Simeon
2588 1357 2703 1411 dum
2727 1358 2894 1412 tribus
2924 1368 3099 1421 erunt,
3130 1368 3183 1412 et
3207 1361 3318 1413 suis
3342 1358 3614 1412 vocabulis

2047 1447 2406 1511 vocabuntur;
2432 1447 2722 1501 sicEll‘rem
2739 1457 2794 1500 et
2812 1447 3084 1503 Manasscs
3106 1449 3220 1500 dum
3242 1448 3408 1502 tribus
3427 1459 3609 1509 erunt;

2047 1536 2181 1592 duos
2210 1553 2419 1606 quoque
2449 1536 2669 1606 populos
2702 1539 3077 1607 procreabant,
3102 1548 3156 1592 et
3185 1537 3307 1612 [sic]
3337 1540 3618 1593 haeredita-

2046 1626 2176 1679 bunt
2203 1626 2574 1695 promissionis
2603 1635 2820 1690 terram,
2860 1628 2996 1681 sicut
3019 1637 3071 1681 ct
3099 1627 3188 1681 lilii
3214 1628 3335 1681 mei.
3367 1628 3617 1697 Reliquos

2049 1723 2224 1769 autem
2266 1715 2423 1779 filios,
2455 1732 2590 1784 quos
2622 1726 2743 1786 post
2774 1726 2999 1772 mortem
3031 1734 3203 1773 meum
3235 1720 3498 1788 genueris,
3541 1720 3615 1773 tui

372 1805 643 1860 hominem
682 1806 883 1859 homini
924 1803 1004 1858 vel
1041 1805 1295 1872 iniquitas
1335 1803 1476 1867 fecit,
1508 1803 1591 1856 vel
1629 1804 1942 1858 adversitas.
1977 1801 2022 1860 Β
2048 1814 2207 1859 erunt
2235 1824 2245 1858 :
2277 1805 2372 1877 [et]
2402 1807 2454 1859 in
2479 1808 2692 1860 nomine
2718 1817 2927 1876 patrum
2959 1824 3176 1862 suorum
3208 1810 3536 1862 vocabuntur
3561 1810 3611 1863 in

276 1894 278 1897 ’
371 1892 626 1964 Iniquitas
647 1895 879 1963 quiiem,
910 1895 1050 1947 sicut
1078 1895 1272 1948 dictum
1308 1901 1390 1947 est
1420 1914 1431 1945 :
1467 1892 1773 1948 Maledictus
1804 1895 1942 1948 (21ιά-

377 1999 537 2046 naan,
565 1985 660 2036 erit
688 2000 860 2037 servus
890 1982 1137 2051 fratribus
1167 1984 1274 2035 suis
1308 1981 1456 2052 (Gen.
1490 1999 1566 2046 ιχ,
1595 1982 1705 2051 25).
1737 1984 1942 2036 Adver-

372 2071 504 2125 sitas
549 2085 697 2134 vero,
727 2072 864 2125 sicut
909 2061 1102 2125 accidit
1130 2066 1226 2140 ipsi
1266 2069 1483 2138 Ioseph,
1533 2078 1592 2123 ut
1639 2069 1884 2124 venditus
1913 2085 1943 2123 a

371 2156 628 2214 fratribus
657 2175 843 2214 servus
869 2159 1178 2229 alienigena:
1206 2159 1376 2213 fieret.
1403 2160 1581 2228 Itaque
1608 2160 1809 2230 primos
1830 2172 1946 2213 ser-

368 2266 490 2319 vos,
521 2254 712 2323 quibus
763 2254 868 2307 hoc
910 2268 1102 2307 nomen
1145 2254 1196 2305 in
1228 2252 1416 2306 Latina
1456 2251 1634 2320 lingua
1672 2251 1944 2306 inductum

369 2350 474 2405 est,
499 2341 631 2414 bella
660 2340 928 2405 fecerunt;
960 2355 1079 2394 cum
1104 2338 1258 2412 [Ils.,
1280 2339 1392 2412 qui]
1413 2340 1554 2394 enim
1576 2340 1734 2393 homo
1759 2339 1826 2392 ab
1850 2341 1945 2393 ho-

372 2431 515 2486 mine
546 2440 850 2501 superatus,
871 2430 992 2501 jure
1016 2430 1134 2484 belli
1160 2431 1328 2501 possit
1350 2431 1542 2494 occidi,
1567 2430 1690 2499 quia
1713 2440 1944 2483 senatus

371 2528 486 2584 est,
528 2537 702 2574 servus
742 2530 826 2575 est
865 2519 1176 2590 appellatus.
1215 2517 1339 2584 inde
1379 2528 1432 2572 et
1477 2520 1773 2588 mancipia,
1819 2520 1942 2586 quia

371 2606 540 2683 [sunt]
569 2627 725 2662 manu
755 2620 922 2677 capta.

440 2699 603 2755 Iner.
634 2700 755 2752 274.
784 2700 910 2766 Qum
938 2709 1020 2754 est
1053 2708 1196 2754 terra
1237 2698 1436 2755 Gersen
1469 2699 1599 2770 [Αι.,
1631 2699 1828 2771 Gesen]
1860 2701 1942 2754 vel

367 2784 662 2845 Ramesse?
687 2820 751 2829 —-
782 2788 935 2859 Resp.
961 2788 1125 2843 Iudaei
1153 2798 1432 2843 autumant
1467 2804 1606 2853 eam,
1644 2804 1762 2858 qua:
1803 2804 1942 2842 nunc

370 2878 645 2936 Thebaida
691 2880 1004 2950 appellatur,
1054 2880 1311 2935 Ramesse
1358 2895 1586 2950 pagum;
1625 2879 1939 2934 Arsenatem

369 2966 451 3023 sic
478 2968 603 3022 olim
631 2979 874 3023 vocatum
903 2978 1109 3039 putant.

442 3054 603 3108 Inter.
635 3056 756 3110 2Ἱ5.
787 3056 1050 3123 Qumritur
1073 3059 1336 3128 quomodo
1359 3059 1410 3112 in
1435 3067 1576 3113 terra
1607 3055 1820 3128 Egypti
1840 3073 1952 3130 pa-.

2047 1893 2358 1948 haereditate
2401 1909 2528 1959 sua;
2570 1894 2705 1966 [qui]
2737 1911 2839 1949 non
2879 1897 3142 1966 aecipient
3182 1899 3469 1966 separatim
3509 1907 3617 1951 ter-

2046 1999 2182 2048 ram,
2211 1999 2309 2038 nec
2331 1984 2592 2038 funiculus
2615 1986 2885 2039 habebunt
2907 1987 3172 2054 proprios,
3198 1994 3255 2038 ut
3283 1985 3498 2053 reliqum
3518 1971 3613 2040 tri-

2044 2075 2143 2131 bus
2176 2096 2187 2129 :
2219 2077 2274 2133 ln
2303 2077 2439 2132 tribu
2465 2077 2660 2131 Ell'rem
2687 2075 2814 2148 [διε.
2844 2075 3083 2148 Etlraim]
3108 2085 3161 2129 et
3192 2075 3432 2132 Manasse
3458 2077 3610 2144 quasi

2045 2165 2364 2234 appendices
2389 2163 2566 2233 p0puli
2593 2164 3095 2217 commisccbuntur.

2117 2251 2280 2307 Inter.
2325 2254 2446 2307 279.
2491 2253 2599 2308 Cur
2625 2252 2788 2306 Iacob
2819 2254 2926 2305 tilio
2965 2269 3061 2307 suo
3089 2250 3306 2322 Ioseph,
3338 2252 3489 2321 quasi
3519 2268 3611 2308 nc-

2044 2343 2255 2407 scienti,
2284 2345 2521 2398 indicare
2547 2343 2731 2406 voluit,
2757 2343 2846 2397 ubi
2870 2350 2925 2398 et
2959 2342 3171 2413 quando
3209 2341 3476 2412 sepelierit
3498 2357 3614 2396 ina-

2044 2437 2180 2484 trem
2207 2430 2325 2500 ejus
2358 2434 2508 2503 (vers.
2541 2432 2631 2501 'l)?
2654 2461 2719 2470 --
2751 2431 2904 2500 Resp.
2936 2431 3094 2484 Forte
3129 2431 3434 2501 prophetice
3461 2445 3610 2484 eom-

2044 2537 2343 2580 memorare
2367 2523 2551 2588 voluit,
2582 2525 2651 2577 ibi
2699 2524 2958 2593 sepultam
3005 2529 3229 2577 matrem
3263 2521 3481 2592 Ioseph,
3521 2522 3612 2576 ubi

2043 2611 2291 2668 Christus
2316 2612 2488 2667 fuerat
2513 2615 2831 2668 nasciturus.
3410 2685 3412 2687 g

2113 2699 2277 2754 Inter.
2319 2702 2442 2757 280.
2484 2705 2612 2768 Qua:
2654 2713 2740 2757 est
2781 2719 2907 2772 pars
2952 2719 3056 2756 una
3083 2716 3240 2771 quam
3279 2699 3444 2757 Iacob
3472 2701 3618 2756 dedit

2040 2788 2236 2860 Ioseph
2273 2791 2381 2845 lilio
2410 2807 2507 2846 suo
2539 2791 2712 2863 [extra
2745 2791 2938 2846 fratres
2963 2790 3134 2861 suos],
3160 2807 3316 2860 quam
3344 2791 3528 2845 tulisse
3553 2805 3613 2843 so

2041 2880 2108 2936 de
2146 2897 2304 2935 manu
2346 2876 2774 2936 Amorrhmorum
2802 2883 2930 2936 dicit
2955 2883 3006 2936 in
3051 2883 3225 2952 gladio
3246 2863 3322 2936 ἐι
3358 2897 3486 2935 arcu
3516 2896 3614 2934 suo

2041 2971 2187 3042 (vers.
2214 2971 2340 3043 22)?
2360 3003 2427 3010 —
2451 2971 2604 3041 Resp.
2631 2971 2961 3044 Significavit
2981 2973 3187 3036 urbem,
3212 2986 3330 3040 quae
3352 2969 3612 3025 Hebraico

2039 3062 2253 3116 Sichem
2289 3063 2501 3127 dicitur,
2548 3071 2602 3116 et
2643 3063 2933 3117 secundum
2981 3060 3221 3116 Graecam
3268 3069 3322 3114 et
3364 3059 3610 3113 Latinam

371 3151 801 3225 scua'pecoribus
828 3153 1046 3206 inveniri
1075 3162 1378 3222 potuerunt,
1409 3169 1529 3208 cum
1556 3169 1620 3209 ea
1647 3163 1788 3208 terra
1817 3155 1935 3224 plu-
1964 3132 2009 3193 (ἶ
2041 3152 2444 3207 declinationem
2477 3153 2710 3207 Sicbima
2736 3153 3058 3224 appellatur;
3085 3160 3138 3205 et
3161 3160 3406 3220 corrupte
3433 3166 3463 3206 a
3490 3149 3610 3222 plu-

371 3238 475 3293 Viis
495 3255 597 3294 non
620 3241 900 3310 irrigatur;
927 3251 980 3296 et
1004 3234 1194 3296 fratres
1214 3240 1408 3312 Ioseph
1438 3244 1556 3298 ideo
1580 3253 1775 3297 terram
1799 3243 1938 3297 Cha-

369 3339 509 3381 naan
548 3329 826 3398 reliquisse
869 3330 972 3402 [se]
1018 3315 1218 3395 dicunt,
1267 3334 1408 3402 quod
1451 3333 1646 3387 herbas
1689 3334 1940 3403 gregibus

370 3417 485 3472 suis
510 3433 613 3473 non
644 3420 968 3476 invenissent
996 3421 1151 3492 (Cen.
1180 3440 1345 3486 XLVII,
1374 3423 1467 3491 4)?
1502 3454 1573 3463 —
1612 3423 1767 3495 Resp.
1807 3424 1936 3480 Per-

372 3502 586 3562 bibetuv
610 3507 677 3560 ab
705 3511 783 3562 eis
823 3511 912 3577 qui
939 3512 1053 3564 loca
1083 3509 1274 3576 sciunt,
1305 3514 1357 3566 in
1397 3513 1575 3566 multis
1605 3512 1818 3582 Aigypti
1841 3528 1938 3584 pa-

369 3595 578 3652 ludibus
599 3599 833 3668 potuisse
851 3614 1046 3669 pascua
1075 3617 1179 3654 non
1208 3603 1413 3665 deesse,
1437 3603 1595 3655 etiam
1623 3617 1742 3656 cum
1767 3602 1936 3658 fames

370 3696 514 3742 esset
541 3687 951 3754 frumentorum,
976 3707 1094 3760 quze
1120 3691 1292 3746 solent
1321 3692 1421 3746 Nili
1452 3692 1684 3748 ﬂuminis
1715 3694 1938 3748 inunda-

373 3777 518 3831 tione
546 3780 846 3847 provenire.
881 3781 1045 3851 Magis
1096 3783 1241 3837 enim
1285 3784 1534 3838 dicuntur
1575 3783 1796 3855 paludes
1839 3786 1940 3840 illa:

373 3863 580 3922 feraces
610 3867 761 3940 μη,
795 3869 1044 3944 feracius]
1066 3887 1265 3943 pascua
1291 3875 1528 3944 gignere,
1560 3875 1773 3944 quando
1801 3890 1940 3944 aqua

375 3954 478 4014 Nili
509 3958 683 4013 minus
709 3960 986 4013 excrescit.
1493 3969 1500 3976 '

443 4045 605 4101 Inter.
635 4047 758 4101 276.
785 4047 917 4114 Quid
947 4049 1047 4103 sibi
1075 4049 1208 4114 vult,
1247 4066 1276 4105 a
1316 4059 1461 4106 tanto
1486 4052 1601 4106 viro
1626 4061 1681 4106 et
1718 4051 1815 4106 tali
1846 4068 1939 4123 pa-

374 4135 609 4192 triarcha
651 4146 758 4190 tam
786 4137 1009 4192 sollicita
1037 4140 1275 4208 corporis
1298 4142 1708 4206 commendatio,
1745 4150 1803 4196 ut
1835 4159 1939 4197 non

376 4228 431 4286 in
469 4238 612 4285 terra
652 4228 868 4300 Egypti
909 4231 1219 4300 sepeliatur,
1265 4234 1357 4288 sed
1409 4234 1461 4287 in
1508 4243 1652 4288 terra
1687 4233 1939 4289 Chanaan

371 4318 524 4393 juxta
553 4329 735 4390 patres
762 4336 886 4375 suos
914 4320 1060 4391 (vers.
1090 4323 1216 4393 30)?
1243 4355 1312 4365 ——
1340 4324 1491 4396 Resp.
1518 4327 1573 4381 ln
1604 4327 1687 4382 his
1710 4327 1936 4399 [figurat]

380 4417 710 4464 sacramenta
742 4408 833 4464 tibi
852 4413 1138 4486 iquterenda
1166 4423 1308 4478 sunt,
1336 4424 1386 4468 et
1417 4414 1680 4490 [majoris]
1711 4419 1942 4484 admira-

2039 3243 2188 3296 rimis
2218 3241 2410 3296 Sichar
2436 3243 2742 3296 nominatur
2777 3260 2789 3294 :
2824 3256 2940 3311 qua:
2962 3249 3014 3294 et
3041 3240 3169 3311 [Al.,
3201 3240 3278 3311 ut]
3306 3254 3447 3293 nunc
3473 3237 3612 3292 Nea-
3704 3283 3708 3285 .

2039 3331 2174 3401 polis
2197 3332 2324 3385 urbs
2355 3331 2814 3396 Samaritanorum
2853 3331 3066 3385 dicitur.
3111 3330 3323 3385 Sichem
3365 3328 3464 3402 [in]
3505 3328 3610 3384 lle-

2039 3421 2180 3474 braaa
2206 3422 2381 3490 lingua
2406 3420 2728 3474 transfertur
2754 3423 2804 3474 in
2828 3422 3108 3476 humerum
3135 3419 3264 3492 [Al.,
3283 3419 3610 3492 numerum],

2039 3512 2177 3566 unde
2208 3511 2549 3581 Septuaginta
2581 3511 2888 3583 [przecipue]
2921 3513 3250 3580 interpretati
3290 3519 3430 3567 sunt.
3460 3503 3612 3575 Quod

2039 3609 2214 3654 autem
2233 3601 2360 3654 dicit
2379 3615 2437 3654 se
2458 3617 2575 3655 eam
2604 3599 2897 3672 [Ms.,jam]
2920 3603 2970 3655 in
3000 3617 3125 3655 arcu
3156 3609 3210 3655 et
3237 3601 3409 3671 gladio
3430 3615 3613 3671 posse-

2039 3691 2203 3753 disse,
2249 3704 2432 3744 arcum
2479 3692 2566 3744 hic
2612 3701 2665 3744 et
2710 3692 2941 3760 gladium
2981 3693 3242 3761 justitiam
3291 3701 3465 3754 vocat,
3516 3707 3612 3762 per

2040 3794 2198 3848 quam
2237 3779 2449 3841 meruit,
2492 3781 2805 3848 peregrinus
2845 3788 2900 3834 et
2942 3780 3165 3841 advena,
3213 3779 3492 3834 interfecto
3528 3780 3612 3833 Si-

2039 3870 2191 3922 chem
2222 3877 2274 3921 et
2303 3868 2484 3931 Emor,
2527 3869 2593 3922 de
2624 3869 2859 3938 periculo
2896 3869 3129 3924 liberari.
3163 3869 3361 3924 Timuit
3398 3867 3609 3942 [enim],

2039 3958 2181 4026 quod
2215 3974 2374 4026 supra
2405 3958 2651 4027 legimus,
2683 3974 2751 4012 ne
2778 3960 2951 4012 vicina
2981 3960 3169 4028 Oppida
3201 3968 3360 4030 atque
3389 3960 3612 4015 castella

2039 4048 2108 4100 sb
2134 4049 2464 4102 eversionem
2494 4047 2764 4102 fmderatre
2789 4049 2936 4103 urbis
2976 4051 3256 4104 adversum
3297 4063 3354 4105 se
3390 4064 3614 4106 consur-

2042 4144 2244 4206 gerent,
2277 4145 2326 4191 et
2369 4135 2620 4190 Dominus
2664 4151 2767 4190 non
2816 4138 2963 4192 dedit
3000 4139 3077 4192 eis
3120 4146 3177 4192 ut
3217 4146 3475 4193 nocerent
3517 4138 3609 4191 illi.

2045 4227 2163 4299 [Vel
2203 4237 2348 4282 certe
2384 4228 2462 4282 sic
2506 4227 2901 4297 intelligendum
2936 4246 2948 4280 :
2988 4227 3126 4281 dabo
3167 4227 3258 4280 tibi
3295 4226 3610 4291 Sichimam,

2042 4335 2201 4389 quam
2230 4320 2282 4372 in
2314 4317 2624 4373 fortitudine
2650 4332 2790 4381 mea,
2824 4318 2926 4370 hoc
2949 4325 3053 4381 est,
3081 4317 3134 4372 in
3169 4318 3417 4387 pecunia,
3451 4333 3611 4386 quam

2043 4402 2209 4463 multo
2253 4408 2434 4462 labore
2480 4417 2536 4462 et
2583 4408 2778 4463 sudore
2822 4409 3058 4478 quaesivi.
3093 4409 3242 4476 Quod
3276 4411 3450 4463 autem
3491 4410 3608 4463 ait:

377 4501 540 4555 tionis
559 4502 808 4571 gaudium
832 4469 1087 4558 invenies.
1113 4469 1468 4561 Cadaveribus
1487 4469 1680 4578 qiiippe
1706 4480 1942 4563 mortuo-
1972 4469 2021 4530 Β
2045 4516 2202 4570 super
2221 4499 2412 4554 fratres
2437 4508 2578 4568 tuos,
2601 4500 2852 4562 ostendit,
2880 4499 3079 4568 absque
3102 4507 3245 4553 sorte
3265 4513 3382 4552 eam
3406 4498 3612 4551 dedisse

378 4606 497 4646 rum
525 4601 742 4662 peccata
766 4593 1052 4662 signiﬁcari
1080 4597 1131 4649 in
1162 4595 1274 4667 lege
1299 4610 1403 4649 non
1433 4606 1517 4650 est
1539 4598 1773 4652 dubium.
1810 4598 1944 4654 Hinc
1979 4646 1982 4654 λ

378 4680 465 4736 illa
493 4683 752 4735 sententia
779 4683 934 4736 ducta
958 4682 1108 4755 [Ils.,
1134 4684 1294 4758 dicta]
1324 4695 1405 4740 est
1432 4706 1441 4739 :
1469 4686 1569 4752 Qui
1592 4689 1884 4759 baptizatur
1913 4709 1945 4743 α

379 4781 662 4836 mortuo,et
686 4773 867 4824 iterum
883 4773 1041 4843 tangit
1058 4776 1363 4848 illum,quid
1382 4780 1781 4847 proﬁcitlavutio
1793 4784 1946 4854 ejus."
2036 4835 2044 4838 η

378 4863 453 4917 sic
482 4871 529 4916 et
548 4864 634 4933 qui
651 4862 854 4933 jejunat
878 4880 1030 4934 super
1045 4875 1252 4935 peccata
1271 4883 1366 4920 sua
1390 4879 1434 4921 et
1459 4872 1646 4924 iterum
1674 4873 1943 4928 ambulem

384 4950 492 5007 hcc
513 4954 690 5010 eadem
712 4954 855 5022 facit,
874 4963 974 5009 etc.
1003 4952 1194 5025 (Eccle.
1223 4972 1407 5022 nxw,
1425 4958 1509 5019 30.
1535 4957 1643 5030 31).
1665 4960 1943 5031 Scpultura

383 5053 510 5112 ergo
534 5051 862 5100 mortuorum
901 5046 1265 5101 remissionem
1301 5047 1563 5120 significat
1586 5060 1940 5119 peccatorum.

380 5128 459 5189 Eo
471 5133 847 5204 pertinetquod
867 5136 1064 5192 dictum
1077 5147 1159 5191 est
1173 5157 1183 5189 :
1205 5138 1346 5191 Beati
1358 5156 1572 5208 quorum
1590 5142 1811 5196 remissa:
1827 5151 1946 5195 sunt

383 5221 682 5294 iniquitates
703 5236 748 5280 et
766 5239 1125 5296 quorumtecta
1141 5241 1261 5284 sunt
1284 5244 1489 5299 peccata
1508 5231 1528 5304 (
1541 5235 1678 5289 l'sal.
1707 5252 1852 5300 xxxi,
1870 5235 1943 5306 l).

381 5318 479 5377 Ubi
503 5333 632 5394 ergo
653 5321 955 5393 sepelienda
979 5331 1133 5380 erant
1155 5323 1276 5396 hac
1306 5326 1657 5397 significantia
1684 5330 1945 5385 cadavera

383 5409 828 5481 patriarcharum,
855 5413 954 5468 nisi
984 5412 1037 5467 in
1063 5427 1128 5469 ea
1155 5422 1296 5471 terra
1324 5416 1413 5471 ubi
1443 5416 1529 5471 ille
1557 5418 1841 5476 cruciﬁxus
1868 5430 1949 5474 est

385 5494 535 5567 cujus
559 5500 814 5567 sanguine
837 5498 977 5554 facta
1004 5508 1086 5555 est
1112 5505 1354 5560 remissio
1379 5513 1735 5577 peccatorum.

460 5587 618 5643 Inter.
647 5587 769 5643 277.
793 5587 932 5655 Quid
948 5602 1033 5647 est
1052 5591 1192 5662 quod
1209 5592 1376 5650 Iacob
1393 5608 1681 5649 conversus
1699 5595 1763 5649 ad
1791 5606 1950 5666 caput

387 5672 561 5730 lectuli
589 5677 671 5732 sui
695 5679 866 5732 oravit
891 5678 1168 5735 Dominum
1194 5679 1344 5750 (Gen.
1372 5699 1536 5746 xum,
1559 5681 1765 5756 5t)?-
1791 5685 1942 5755 Resp.

2045 4592 2200 4646 tribui
2230 4589 2446 4662 Ioseph,
2474 4599 2527 4644 et
2562 4590 2889 4645 mausoleum
2927 4587 3040 4657 ejus
3079 4590 3149 4644 ibi
3195 4590 3457 4658 hodieque
3495 4605 3612 4643 cer—

2045 4678 2233 4754 nitur.]

2151 4813 2236 4868 DE
2267 4809 2866 4868 BENEDICTIONlBUS
2902 4808 3503 4868 PATRIARCIIARUM.

2117 4963 2279 5018 Inter.
2317 4961 2439 5018 251.
2481 4962 2619 5030 Quid
2650 4963 3048 5034 intelligendum
3073 4972 3157 5024 est
3190 4963 3257 5017 de
3281 4961 3608 5018 benedictio‘

2035 5053 2202 5127 .nibus
2232 5052 2422 5124 quibus
2449 5051 2614 5109 Iacob
2634 5055 2940 5125 patriarcha
2976 5054 3246 5108 benedixit
3273 5053 3408 5110 filios
3439 5072 3563 5110 suos
3597 5076 3606 5106 :

2047 5156 2116 5195 an
2142 5142 2397 5198 historice
2425 5142 2505 5196 vel
2535 5141 2813 5211 allegorice
2838 5142 3187 5212 intelligenda:
3215 5152 3359 5211 sunt.
3381 5135 3502 5199 dum
3530 5144 3611 5206 di—

2045 5236 2125 5288 xit
2156 5250 2166 5285 :
2200 5232 2591 5302 Congregamini
2614 5232 2712 5301 filii
2747 5232 2910 5287 Iacob
2933 5230 3161 5305 [audite,
3189 5221 3355 5294 Israel
3372 5274 3388 5304 ,
3411 5222 3608 5304 pater

2047 5322 2313 5394 oestrum],
2338 5332 2392 5374 ut
2418 5323 2715 5381 annuntiem
2743 5322 2879 5377 vobis
2904 5339 3019 5393 qua:
3049 5334 3259 5379 petitura
3289 5323 3407 5378 sunt
3430 5324 3482 5376 in
3513 5341 3609 5378 no-

2047 5415 2264 5472 vissimis
2301 5413 2480 5465 diebus
2507 5409 2658 5482 (σοι.
2680 5429 2827 5478 sux,
2860 5415 2909 5485 l)
2930 5431 2942 5478 ;
2965 5425 3020 5470 et
3045 5417 3339 5471 videturex
3374 5415 3456 5469 his
3491 5430 3612 5472 ver-

2046 5505 2128 5560 bis
2172 5504 2342 5574 magis
2387 5503 2690 5573 allegoriam
2738 5521 2928 5561 sonare
2977 5521 3136 5575 quam
3181 5505 3496 5561 historiam?
3540 5535 3611 5547 ~—

2052 5596 2201 5664 Rcsp.
2235 5594 2530 5666 Utrumque
2567 5594 2737 5670 [vero]
2785 5605 2839 5652 et
2870 5599 3146 5652 historiam
3183 5607 3238 5651 ct
3279 5598 3604 5670 allegoriam.

2051 5686 2357 5748 Historiam,
2387 5684 2450 5738 de
2480 5683 2736 5750 divisione
2765 5697 2920 5741 terrm
2949 5688 3340 5758 prmnissionis,
3361 5703 3479 5758 qua!
3507 5687 3610 5760 [di—
