4258 6190
338 344 434 401 56!

934 346 1337 403 EXEGETICA.
1380 378 1445 388 α-
1485 346 1853 401 ΙΝΤΕΒΗΟΒ.
1896 343 1956 397 ΕΤ

2031 342 2350 401 RESPONS.
2392 343 2459 398 1N
2497 344 2763 410 GENES.,
2810 344 2957 400 ETC.

3463 344 3567 399 563

334 471 524 523 verum
564 457 697 526 quia
729 465 971 513 mortuus
994 465 1097 523 est,
1126 466 1182 513 et
1219 474 1323 514 non
1354 457 1665 520 resurrexit,
1694 463 1750 509 et
1778 468 1900 508 rur-
1926 454 1972 512 Α
2000 452 2135 508 lecta
2175 462 2320 519 sunt,
2346 453 2526 524 lupum
2551 455 2974 526 sanguinarium,
3002 454 3182 526 lupum
3205 471 3451 513 voracem
3480 460 3569 512 su-

334 563 456 605 sum
494 547 684 604 ductus
730 555 917 619 captus
962 558 1047 605 est
1084 549 1268 615 lsrael,
1303 549 1440 604 alius
1490 549 1620 604 mihi
1658 547 1905 603 Salvator
2001 557 2100 613 per
2138 544 2325 599 altaris
2374 545 2813 615 interpretatione
2854 552 3133 616 ponentes,
3184 554 3239 601 et
3278 545 3570 616 spoliorum

335 635 493 711 [Ed.,
518 653 726 705 verum,
757 639 849 709 qui
878 646 1121 694 mortuos
1160 647 1246 695 est
1273 648 1329 695 et
1355 639 1668 705 resurrexit,
1693 637 1780 692 ille
1808 636 1906 707 igi-

336 735 427 783 tur
451 728 585 783 mihi
606 728 858 793 salvator,
881 728 1218 801 etc.}mundi
1246 736 1302 784 et
1326 729 1432 783 mei
1456 729 1665 799 generis
1685 733 1910 797 praesto-

337 817 529 875 landus
567 814 670 885 est,
704 828 758 873 ut
787 821 976 886 ueniat,
1014 821 1101 873 cui
1144 820 1424 891 repositum
1464 826 1559 884 est,
1599 826 1646 871 et
1677 817 1784 887 ipse
1810 816 1907 869 erit

334 896 647 982 exspectatio
675 913 930 982 gentium.

405 1002 568 1073 336
591 1000 706 1057 Gud
735 1004 996 1056 accinctus
1037 1001 1365 1073 prteliabitur
1404 1010 1525 1056 ante
1550 1017 1700 1065 eum,
1730 1008 1780 1055 et
1802 999 1911 1069 ipss

336 1094 627 1164 aecingetui
662 1102 965 1160 retrorsum,
994 1092 1147 1164 (vers.
1180 1093 1269 1165 l9)
1298 1092 1586 1165 signiﬁcat,
1616 1090 1760 1162 quod
1785 1096 1912 1143 ante

338 1182 548 1246 Ruben,
574 1190 631 1239 et
662 1179 937 1238 dimidiam
967 1184 1163 1239 tribum
1208 1184 1472 1249 Manasse,
1502 1191 1558 1238 et
1581 1182 1738 1247 ﬁlios.
1777 1192 1913 1251 quos

336 1278 488 1326 trans
513 1271 801 1327 Iordanem
845 1272 1000 1344 [Μελ.
1030 1274 1166 1329 ﬁlios
1188 1290 1313 1329 suos
1344 1276 1495 1328 trans
1520 1270 1832 1344 Iordanem]
1860 1272 1912 1326 in

340 1360 735 1428 possessionem
751 1361 1047 1429 dimiserat,
1065 1369 1184 1437 post
1212 1362 1617 1432 qnatuordecim
1639 1374 1807 1415 annos
1828 1376 1915 1414 re-

335 1454 573 1513 vertens,
608 1448 846 1519 praelium
875 1450 1160 1506 adversum
1197 1465 1292 1505 eos
1334 1451 1573 1520 gentium
1615 1449 1913 1503 vicinarum

335 1538 545 1608 grande
585 1540 785 1609 reperit
822 1548 877 1595 et
901 1541 1057 1595 victis
1094 1541 1337 1595 hostibus
1378 1539 1589 1594 fortiter
1620 1539 1909 1593 dimicavit.

335 1625 478 1698 Lege
512 1628 708 1685 librum
750 1628 876 1685 Iesu
922 1630 1070 1685 Nave
1110 1630 1265 1703 (xm,
1290 1631 1353 1704 7)
1376 1638 1432 1687 et
1471 1630 1915 1701 Paralipomenon

336 1716 475 1787 (LV,
504 1719 558 1783 ι,
588 1721 695 1792 ιι).

2005 632 2318 689 divisionem
2342 649 2503 704 super
2538 634 2920 700 sacerdotibus,
2968 635 3059 707 qui
3086 636 3381 690 servientes
3417 634 3571 691 altari

2004 724 2193 779 vivunt
2240 724 2307 779 de
2364 724 2519 780 altari
2558 723 2873 796 [ﬂuensque
2917 739 2983 780 ex
3028 723 3400 798 Hieronymo].
3450 724 3577 780 Haec

2006 816 2267 871 hactenus
2292 814 2443 887 (illa.
2472 814 2675 888 autem]
2697 815 2973 871 historice.

2078 902 2441 975 Spiritualiter
2483 913 2661 960 autem
2698 904 2799 977 [in]
2828 905 3015 961 Ruben
3041 905 3240 977 prioris
3270 903 3449 976 populi
3485 902 3579 959 Iu-

2007 994 2243 1050 daeorum
2280 996 2517 1051 ostendit
2554 1010 2863 1067 personam,
2902 997 3048 1051 cuia
3084 996 3309 1051 Domino
3338 1010 3432 1065 per
3455 1009 3580 1067 pro-

2008 1086 2229 1155 phetam
2254 1086 2451 1141 dicitur
2476 1105 2489 1139 :
2512 1085 2676 1141 Israel
2697 1087 3067 1156 primogenita:
3091 1102 3233 1139 meus
3254 1085 3407 1157 (Cen.
3431 1100 3579 1150 xux,

2009 1178 2085 1250 5).
2114 1178 2323 1234 Etenim
2338 1176 2495 1247 juxta
2512 1177 2652 1248 quod
2674 1176 3039 1248 primogenitis
3074 1176 3388 1240 debebatur,
3416 1176 3581 1245 ipsius

2010 1279 2128 1325 erat
2155 1272 2399 1340 accipere
2443 1270 2799 1324 sacerdotium
2827 1278 2883 1323 et
2910 1284 3150 1342 regnum.
3199 1268 3424 1323 Additur
3456 1284 3471 1321 :
3506 1266 3585 1319 Tu

2010 1364 2171 1416 virtus
2210 1379 2345 1417 mea.
2382 1361 2574 1431 Utique
2620 1362 2761 1431 quod
2788 1362 2912 1415 huic
2959 1360 3153 1431 populo
3181 1358 3586 1413 fundamentum

2012 1454 2133 1508 fidei
2163 1468 2229 1508 ex
2278 1454 2647 1522 ipsa.virtute
2696 1454 2791 1507 Dei
2836 1452 2990 1524 μη,
3038 1453 3164 1521 quia
3218 1467 3285 1505 ex
3326 1451 3442 1521 ipso
3493 1464 3591 1520 po—

2010 1544 2135 1615 pulo
2166 1543 2572 1597 fundamentum
2602 1542 2755 1606 ﬁdei;
2785 1557 2850 1596 ex
2878 1544 2995 1611 ipso
3022 1542 3192 1595 virtus
3217 1539 3356 1611 Dei],
3386 1539 3477 1609 qui
3508 1545 3593 1594 est

2012 1634 2275 1698 Christus,
2318 1632 2549 1687 advenit.
2581 1631 2857 1698 Quomodo
2901 1637 3081 1685 autem
3113 1630 3225 1700 ipse
3271 1630 3341 1683 sit
3386 1627 3590 1698 princi-

2013 1730 2161 1800 pium
2186 1725 2449 1789 dolorum,
2482 1725 2584 1778 nisi
2638 1724 2764 1778 dum
2811 1722 2958 1775 Patri
3006 1720 3116 1776 Deo
3151 1714 3363 1790 semper
3389 1720 3593 1789 irrogat

405 1808 710 1880 Nephtalim
747 1828 923 1868 cerrus
948 1815 1197 1879 emissus,
1228 1815 1360 1869 dans
1387 1814 1591 1885 eloquia
1620 1796 1912 1884 pulchritu-
1944 1796 1989 1856 Β
2016 1796 2262 1887 injurias,
2287 1824 2607 1871 convertens
2635 1813 2703 1867 ad
2729 1829 2854 1867 eum
2877 1812 3095 1867 dorsum
3116 1810 3214 1883 [et]
3237 1826 3339 1864 non
3366 1809 3592 1863 faciem?

335 1899 475 1953 diuis
523 1901 633 1956 sive
666 1901 968 1973 Nephtalim
1014 1922 1139 1976 ager
1179 1906 1407 1975 irrigans
1437 1904 1592 1977 (Gen.
1622 1922 1768 1971 xux,
1798 1903 1909 1975 21).

341 1990 639 2061 Utrumque
683 1994 825 2048 enim
872 1995 1142 2065 signiﬁcat
1172 1996 1453 2051 Hebraeum
1498 1997 1721 2051 verbum
1761 1996 1914 2050 Aiala

340 2081 535 2138 Selvha
573 2082 768 2156 [Edit.,
797 2084 1045 2159 Silvam].
1074 2086 1353 2158 Signiﬁcat
1378 2096 1557 2143 autem
1584 2088 1737 2158 quod
1762 2101 1916 2157 aqua:

338 2176 526 2230 calidas
550 2176 603 2230 in
625 2178 737 2246 ipsa
760 2187 1057 2233 nascuntur
1078 2180 1241 2244 tribu,
1266 2180 1380 2234 sive
1404 2179 1545 2250 quod
1565 2194 1724 2249 super
1743 2177 1917 2233 lacum

338 2265 583 2321 Genesar
609 2265 811 2321 ﬂuenta
829 2267 961 2339 [Αι.,
986 2268 1204 2342 fluento]
1225 2268 1475 2324 Iordanis
1497 2277 1642 2324 esset
1664 2269 1916 2339 irriguus.

342 2356 551 2413 Hebraei
582 2366 761 2412 autem
787 2358 974 2413 volunt
1007 2371 1228 2431 propter
1255 2361 1613 2437 Tiberiadem,
1642 2360 1761 2430 quas
1788 2360 1920 2430 legis

340 2449 623 2505 videbatur
650 2450 851 2506 habere
892 2453 1158 2519 notitiam,
1188 2467 1377 2524 agrum
1406 2445 1667 2525 irriguum
1719 2453 1807 2508 hic
1838 2454 1920 2508 in~

348 2539 513 2612 telligi
536 2541 746 2611 eloquia
771 2542 1188 2611 pulchritudinis
1205 2537 1590 2615 prophetarum
1615 2542 1769 2616 [Ms.,
1799 2544 1923 2600 ini-

335 2648 506 2702 gnum
535 2640 589 2687 et
618 2633 829 2701 eloquia
877 2633 1291 2703 pulchritudinis
1328 2626 1689 2707 prophetari].
1717 2633 1949 2701 Cervus

344 2731 525 2776 autem
566 2723 801 2778 emissus
845 2731 1221 2794 temporaneas
1264 2723 1445 2794 fruges
1483 2732 1539 2781 et
1580 2724 1921 2781 velocitatem

343 2819 507 2893 terra:
523 2810 786 2867 uberioris
812 2814 1066 2869 ostendit.
1098 2812 1205 2870 Sed
1225 2814 1437 2881 melius,
1460 2816 1506 2869 si
1532 2814 1599 2869 ad
1622 2816 1921 2871 doctrinam

346 2903 644 2963 Salvatoris
684 2918 875 2962 cuncta
902 2907 1223 2973 referamus,
1266 2908 1409 2978 quod
1453 2909 1525 2964 ibi
1558 2908 1643 2965 vel
1690 2908 1924 2967 maxime

339 3000 589 3055 docuerit
613 2999 882 3066 Salvator,
920 3009 982 3055 ut
1006 3001 1061 3054 in
1095 2998 1385 3071 Evangelio
1420 3006 1633 3069 quoque
1663 2999 1924 3070 scriptum

344 3100 435 3147 est
461 3092 674 3163 (Matth.
700 3108 775 3157 IV,
794 3091 923 3165 ιδ).

424 3180 593 3237 Filius
636 3199 783 3237 meus
825 3198 1121 3239 accrescens
1161 3183 1376 3255 Ioseph,
1407 3183 1551 3253 [ilius
1572 3200 1718 3239 meus
1746 3199 1924 3239 accre-

347 3289 513 3352 scens
537 3281 586 3327 et
636 3272 854 3327 decorus
904 3281 1135 3344 aspectu.
1189 3272 1347 3329 Filii:
1391 3273 1730 3328 decurrerunt
1773 3289 1927 3343 super

348 3380 580 3430 murum,
607 3365 696 3419 sed
742 3377 1171 3436 msperaoerunt
1199 3382 1338 3431 eum,
1366 3375 1414 3418 et
1438 3366 1643 3435 jurgati
1669 3374 1811 3431 sunt,
1840 3366 1927 3420 in-

350 3458 601 3527 uidiaque
639 3456 738 3527 [lla
784 3456 920 3521 Ms.;
968 3457 1054 3511 Al.
1103 3457 1495 3529 inviderunth
1540 3456 1642 3528 illi]
1685 3458 1927 3514 habentes

347 3549 548 3622 iacula.
601 3550 747 3605 Sedit
784 3550 838 3604 in
881 3550 1005 3619 forti
1051 3567 1206 3606 arcus
1252 3551 1388 3622 ejus,
1433 3559 1481 3605 et
1524 3550 1777 3605 dissoluta
1808 3557 1931 3621 sunt

352 3638 557 3695 uincula
585 3639 914 3694 brachiorum
936 3648 985 3694 et
1007 3657 1259 3694 manuum
1284 3641 1513 3711 ejus‘per
1540 3656 1726 3693 manus
1746 3646 1928 3711 poten-

352 3730 419 3785 tis
445 3729 630 3785 Iacob.
658 3728 791 3784 Inde
817 3737 997 3800 pastor
1022 3718 1255 3799 egressus
1292 3738 1390 3793 est,
1415 3727 1548 3799 lapis
1576 3726 1745 3782 Israel
1771 3724 1923 3799 (Gen.

354 3834 502 3885 χιιι,
530 3819 744 3890 22-24).
768 3818 812 3873 0
840 3818 911 3873 ﬁli
935 3816 1153 3889 Ioseph,
1184 3818 1277 3889 qui
1306 3826 1412 3873 tam
1435 3817 1658 3889 pulcher
1679 3832 1761 3883 es,
1789 3825 1849 3873 ut
1876 3826 1929 3873 te

352 3921 466 3970 tota
494 3914 560 3968 de
603 3914 775 3968 muris
810 3921 866 3968 et
909 3912 1169 3979 turribus,
1219 3928 1283 3967 ac
1328 3910 1580 3968 fenestris
1626 3910 1928 3983 puellarum

354 4001 572 4075 Egypti
601 4002 755 4079 turba
796 4011 1167 4075 prospectaret
1195 4001 1348 4073 [st.,
1390 3999 1754 4074 prospectet];
1796 4003 1932 4057 invi-

349 4094 552 4150 derunt
578 4093 671 4148 tibi
703 4092 780 4165 [et
804 4101 856 4148 te
889 4093 957 4148 ad
988 4093 1319 4148 iracundiam
1344 4093 1793 4167 provocaverunt]
1816 4092 1930 4149 fra-

354 4192 466 4241 tres
493 4184 602 4250 tui,
631 4182 1105 4240 habentes'livoris
1131 4184 1355 4256 sagittas
1383 4192 1439 4241 et
1478 4185 1578 4241 zeli
1599 4184 1794 4256 jaeulis
1816 4186 1934 4242 vnl-
1975 4203 1991 4219 ι

352 4276 569 4333 aerati:
605 4291 791 4333 verum
820 4275 923 4351 [tu]
960 4291 1146 4334 arcum
1176 4285 1327 4333 tuum
1371 4287 1427 4334 et
1462 4294 1614 4335 arma
1658 4278 1930 4350 pugnandi

354 4369 580 4439 posuisti
607 4368 662 4423 in
687 4368 821 4434 Deo,
842 4370 934 4439 qui
954 4367 1111 4424 fortis
1131 4376 1217 4425 est
1233 4378 1626 4441 propugnator;
1645 4380 1700 4424 et
1716 4368 1930 4423 vincula

354 4470 469 4527 tua,
501 4460 694 4530 quibus
721 4469 772 4515 te
802 4459 998 4516 fratres
1027 4461 1342 4532 ligaverunt,
1374 4462 1442 4517 ab
1467 4461 1930 4532 ipso-solutasnnt

355 4560 411 4608 et
426 4552 687 4622 disrupta.
714 4552 784 4608 Ut
805 4567 871 4608 ex
899 4560 989 4608 tuo
1010 4552 1211 4608 semine
1232 4538 1403 4607 tribus
1430 4562 1683 4608 nascatur
1706 4550 1925 4607 Effraim

355 4642 527 4709 fortis,
557 4643 786 4711 stabilis,
814 4651 868 4701 et
906 4644 1077 4700 instar
1099 4644 1291 4717 lapidis
1317 4645 1548 4700 durioris
1574 4645 1791 4711 invicta,
1832 4644 1932 4700 im-

355 4753 554 4810 perans
577 4738 832 4811 [quoque]
855 4738 1037 4795 decem
1069 4739 1313 4795 tribubus
1342 4738 1527 4795 lsrael.

427 4828 706 4898 Beniamin
746 4828 897 4898 lupus
936 4840 1123 4907 rapat,
1173 4848 1326 4885 mane
1366 4831 1588 4886 consedit
1621 4831 1853 4902 predum
1882 4840 1931 4887 et

358 4935 561 4989 vespere
596 4917 790 4972 dividet
824 4918 988 4988 spolia
1013 4916 1162 4997 (rem.
1187 4920 1299 4991 27).
1328 4920 1499 4987 Quam
1526 4923 1590 4977 de
1618 4923 1782 4977 Paulo
1804 4938 1933 4993 ape-

291 5029 299 5046 =
357 5013 501 5070 stolo
525 5012 960 5087 manifestissima
991 5014 1061 5068 sit
1086 5014 1366 5083 prophetia
1393 5017 1641 5070 omnibus
1667 5024 1845 5086 patet.
1876 5017 1930 5071 ln

361 5109 720 5163 adolescentia
741 5109 883 5163 enim
908 5116 1221 5178 persecutus
1239 5114 1320 5161 est
1335 5106 1626 5162 Ecclesiam
1650 5106 1784 5178 (Act.
1812 5126 1927 5171 vui,

360 5197 464 5268 5);
520 5199 572 5252 in
618 5207 893 5253 senectute
941 5198 1261 5269 praedicator
1307 5197 1581 5267 Evangelii
1634 5196 1807 5254 factus
1852 5209 1935 5255 est

362 5285 503 5359 (Gai.
524 5305 566 5349 ι,
602 5289 708 5360 l5).
742 5288 953 5343 Hebr-mi
981 5296 1158 5343 autem
1195 5290 1270 5343 ita
1307 5289 1558 5343 dixerunt
1586 5287 1733 5359 (Ma,
1764 5290 1933 5345 disse-

361 5370 507 5452 runt]
535 5399 547 5433 :
577 5380 747 5434 altare
781 5379 832 5432 in
867 5393 973 5448 quo
1003 5380 1419 5434 immolabantur
1460 5380 1664 5444 hostiae,
1700 5389 1749 5434 el
1782 5382 1933 5435 victi-

356 5482 569 5525 marum
609 5465 904 5539 sangnis'in
929 5469 1101 5525 basim
1149 5470 1291 5525 illius
1317 5470 1656 5535 fundebatur,
1692 5472 1744 5525 in
1782 5482 1933 5542 parte

368 5564 534 5618 tribus
549 5562 829 5635 Benjamin
855 5561 955 5618 fuit
971 5562 1102 5636 [Al.,
1124 5564 1308 5637 fuisse]
1338 5585 1349 5618 :
1376 5566 1487 5620 lloc
1511 5565 1780 5633 inquiunt,
1804 5582 1931 5635 ergo

366 5656 625 5724 signiﬁcat
640 5655 781 5725 quod
808 5657 1114 5711 sacerdotes
1138 5657 1417 5712 immolant
1435 5672 1590 5713 mane
1616 5658 1838 5721 hostias,
1865 5660 1931 5712 ad

367 5739 641 5818 vesperam
672 5749 911 5805 dividunt
935 5764 1018 5813 ea,
1051 5762 1170 5820 quia:
1197 5750 1295 5804 sibi
1326 5768 1353 5805 a
1379 5750 1571 5822 popnlb
1600 5768 1661 5806 ex
1683 5751 1795 5822 lege
1824 5755 1933 5806 rol-

1957 4513 2009 4576 D

2014 1913 2119 1967 iste
2165 1911 2313 1981 prior
2344 1910 2396 1963 in
2443 1909 2618 1972 donis,
2667 1906 2792 1977 quia
2839 1906 2937 1976 ipsi
2966 1905 3199 1975 primum
3240 1902 3442 1958 credita
3472 1911 3597 1955 sunt

2015 2003 2226 2071 eloquia
2257 2002 2372 2063 Dei,
2415 2009 2469 2053 et
2495 1999 2779 2069 legislatio,
2823 2006 2878 2052 et
2904 2002 3281 2051 testamentum
3310 1991 3444 2064 [sive
3472 2004 3596 2060 pro-

2016 2083 2243 2164 missio].
2275 2091 2380 2145 Istc
2409 2088 2581 2157 major
2621 2089 2869 2159 imperio,
2899 2089 3083 2157 utique
3108 2101 3205 2156 pro
3235 2085 3597 2155 magnitudine

2018 2185 2236 2248 virium,
2260 2184 2390 2253 quia
2420 2180 2687 2251 copiosius
2731 2179 2940 2235 caeteris
2969 2180 3022 2233 in
3064 2179 3167 2233 hoc
3192 2176 3384 2231 saeculo
3408 2190 3598 2246 regna-

2019 2276 2096 2330 vit
2121 2273 2275 2347 [Ed.,
2305 2273 2472 2339 Deum
2501 2273 2736 2343 negavit,
2763 2269 3049 2341 mendose].
3074 2268 3290 2323 Eilusus
3314 2274 3397 2322 est
3419 2274 3596 2320 autem

2019 2367 2158 2420 sicut
2186 2380 2348 2434 aqua,
2393 2364 2666 2433 peccando
2695 2365 2748 2417 in
2787 2362 3024 2426 Christo,
3070 2376 3191 2431 qua:
3233 2361 3450 2415 vasculo
3494 2374 3597 2414 non

2021 2463 2270 2519 tenetur;
2302 2455 2594 2509 voluntatis
2624 2452 2756 2525 [Al.,
2806 2452 3113 2523 voluptatis]
3162 2452 3362 2508 etl'usus
3387 2460 3471 2507 est
3497 2453 3599 2507 im-

2020 2555 2148 2619 petu
2178 2565 2191 2601 :
2222 2554 2277 2601 et
2297 2546 2497 2601 idcirco
2524 2545 2728 2600 addidit
2754 2544 2893 2598 ultra
2914 2560 3018 2598 non
3044 2560 3265 2598 crescat.
3294 2543 3451 2615 [Quia
3477 2554 3603 2613 peo-

2020 2642 2187 2706 cavit,
2214 2649 2268 2695 et
2315 2639 2585 2695 Christum
2634 2637 2893 2711 negavit],
2938 2643 3261 2708 quapropter
3310 2638 3423 2707 ipse
3456 2645 3603 2707 post-

2022 2747 2185 2802 quam
2207 2733 2259 2786 in
2276 2733 2587 2786 universum
2616 2730 2801 2786 orbem
2832 2730 3107 2799 dispersus
3133 2739 3237 2793 est,
3258 2728 3410 2784 valde
3429 2727 3606 2783 immi-

2023 2831 2185 2878 nutus
2211 2835 2314 2877 est.
2348 2821 2453 2878 Sed
2476 2836 2645 2892 quare
2676 2820 2805 2874 talia
2833 2821 3049 2883 meruit,
3083 2820 3154 2873 ita
3177 2817 3411 2886 subjecit
3438 2835 3451 2870 :
3475 2818 3602 2888 quia

2026 2912 2310 2968 ascendisti
2356 2911 2529 2966 cubile
2582 2911 2753 2981 patris
2803 2898 2904 2973 tui,
2954 2917 3009 2962 et
3058 2908 3335 2963 maculasti
3374 2915 3599 2963 stratum

2026 3003 2176 3074 ejus;
2202 3003 2416 3077 quando
2442 3000 2635 3075 [Edit.,
2655 2998 2931 3072 quoniam]
2954 3014 3148 3070 corpus
3168 2999 3521 3063 Dominieuio,
3548 2999 3600 3053 in

2026 3111 2135 3167 quo
2186 3096 2463 3167 plenitudo
2495 3093 2801 3150 Divinitatis
2846 3090 3252 3163 requiescebat,
3305 3098 3514 3161 raptum
3551 3089 3605 3144 in

2026 3198 2188 3241 cruce
2214 3184 2576 3254 suspendit,“
2600 3181 2745 3238 ferro
2771 3181 3201 3238 eommaculavit.

2101 3291 2313 3351 Siineon
2359 3302 2408 3348 et
2452 3291 2575 3347 Levi
2617 3292 2805 3363 fratres
2856 3308 2978 3344 rasa
3022 3292 3311 3361 iniquitatis
3361 3291 3610 3347 bellantia

2031 3388 2183 3460 (vers.
2208 3385 2283 3457 5).
2312 3386 2416 3441 Per
2443 3384 2747 3440 Simeonem
2769 3391 2825 3437 et
2851 3381 2976 3437 Levi
3000 3382 3213 3447 scribae,
3242 3389 3300 3435 et
3318 3379 3607 3447 Phariszei,

2030 3466 2084 3533 ét
2101 3477 2409 3533 sacerdotes
2425 3475 2630 3530 Iudaici
2653 3474 2832 3546 populi
2851 3473 3235 3545 intelliguntur.
3260 3473 3335 3529 De
3356 3471 3609 3529 Simeone

2028 3567 2172 3623 enim
2222 3565 2413 3620 scribae
2458 3575 2615 3619 erant
2660 3561 2997 3627 Iudaeorum;
3046 3562 3114 3618 de
3143 3563 3283 3619 tribu
3307 3579 3438 3620 vero
3480 3563 3607 3618 Levi

2028 3656 2298 3729 principes
2338 3654 2703 3719 sacerdotum,
2731 3648 2891 3726 337
2924 3654 3328 3724 ‘qui'consilium
3352 3655 3604 3724 fecenmt.

2031 3758 2087 3802 ut
2113 3748 2293 3804 Iesum
2320 3746 2451 3801 dalo-
2463 3755 2692 3802 tenerent
2710 3756 2768 3800 et
2801 3745 3112 3800 occiderent.
3143 3743 3221 3799 De
3248 3732 3356 3814 quo
3382 3745 3610 3801 concilio
3718 3776 3722 3780 ι

2032 3840 2162 3897 dicit
2188 3859 2202 3897 :
2231 3840 2295 3895 In
2324 3839 2600 3895 concilium
2628 3855 2807 3895 eorum
2839 3854 2901 3893 ne
2922 3839 3091 3893 veniat
3111 3838 3287 3892 anima
3306 3854 3442 3892 mea.
3472 3836 3610 3893 lior-

2030 3938 2185 3994 rebat
2212 3938 2353 3992 enim
2383 3945 2464 3991 tot
2487 3935 2693 3992 scelera
2720 3949 2837 4005 qua:
2868 3934 2920 3989 in
2950 3932 3255 3989 novissimis
3279 3930 3609 4003 temporibus

2032 4028 2227 4087 facturi
2275 4036 2432 4084 erant
2474 4026 2671 4094 Judaei;
2698 4028 2822 4098 quia
2853 4026 2907 4081 in
2950 4024 3133 4081 furore
3162 4040 3259 4080 suo
3300 4023 3614 4080 occiderunt

2030 4124 2227 4189 virum,
2275 4121 2327 4177 id
2378 4129 2464 4176 est
2505 4118 2801 4185 Christum,
2844 4118 2912 4173 de
2960 4131 3067 4187 quo
3104 4116 3301 4172 dicitur
3329 4130 3344 4169 :
3375 4113 3510 4170 Ecce
3536 4115 3614 4169 air

2031 4213 2203 4266 oriens
2250 4226 2437 4265 nomen
2482 4209 2597 4279 ejus
2627 4206 2811 4278 (Zach.
2839 4222 2919 4271 vi,
2958 4206 3067 4274 12).
3097 4204 3315 4261 Et'alibi
3346 4218 3361 4259 :
3390 4202 3613 4259 Femina

2031 4298 2372 4355 circumdabit
2412 4297 2578 4351 uirum
2619 4293 2761 4366 (Ier.
2794 4310 2944 4360 χχχι,
2972 4294 3095 4366 22).
3127 4290 3469 4363 Suﬂoderunt
3494 4309 3610 4345 mu-

2030 4406 2169 4453 rum,
2197 4388 2251 4442 id
2278 4394 2380 4452 est,
2426 4385 2756 4457 spiritualem
2799 4384 2943 4440 illum
2992 4382 3344 4439 fortissimum
3372 4378 3611 4459 murum,

2032 4482 2121 4553 qui
2148 4479 2377 4537 custodit
2398 4478 2669 4543 lsraelem,
2691 4477 2878 4533 lancea
2899 4474 3274 4531 confoderunt.
3300 4466 3612 4527 Maledictus

2034 4571 2183 4641 furor
2228 4584 2427 4633 eorum,
2464 4568 2585 4639 quia
2622 4564 2887 4637 pertinax.
2933 4565 3128 4635 Utique
3172 4564 3389 4634 quando
3429 4561 3614 4618 furore

2033 4661 2248 4718 accensi
2293 4661 2344 4715 in
2378 4660 2457 4714 ira
2480 4657 3079 4714 obtulerunt'Christum
3113 4656 3304 4712 Pontio
3328 4655 3501 4711 Pilato
3526 4655 3609 4711 di-

2032 4762 2215 4810 centes
2246 4772 2257 4808 :
2288 4750 2573 4823 Cruciﬁge,
2619 4750 2863 4821 cruciﬁge
2886 4766 3002 4805 eum
3050 4746 3243 4821 (Ioan.
3278 4764 3390 4814 χιχ,
3422 4746 3508 4821 6).
3544 4746 3613 4800 Et

2032 4846 2323 4917 indignatio
2356 4859 2558 4907 eorum,
2583 4841 2938 4916 [quia]'dura.
2966 4839 3422 4913 DurnBarabbam
3446 4838 3611 4891 latro-

2034 4952 2155 4992 nem
2199 4943 2461 5007 peterent,
2492 4942 2548 4989 et
2581 4935 2877 5005 principem
2919 4935 3042 4989 vitae
3069 4930 3482 5002 crueiﬁgendnm
3514 4944 3610 4999 po-

2032 5027 2295 5083 stularent
2338 5024 2563 5097 (Matth.
2596 5041 2764 5091 xxvii,
2795 5024 2857 5079 2i
2952 5024 3190 5079 Dividam
3230 5038 3315 5074 eos
3339 5021 3395 5073 in
3421 5018 3609 5082 Iacob,

2031 5129 2079 5174 et
2113 5117 2408 5189 disperdam
2439 5116 2602 5191 [Ms.,'
2620 5115 2947 5189 dispergam]
2993 5112 3154 5187 [illos]
3184 5114 3239 5167 in
3269 5109 3455 5173 Israel,
3483 5111 3607 5179 quia

2034 5208 2269 5263 nonnulli
2298 5223 2365 5263 ex
2410 5208 2515 5263 illis
2545 5207 2907 5269 crediderunt,
2937 5204 3152 5274 quidam
3183 5210 3361 5257 autem
3391 5202 3442 5255 in
3490 5199 3609 5254 inﬁ-

2033 5304 2249 5358 delitate
2283 5306 2714 5375 permanserunt.
2750 5298 3009 5352 Dicuntur
3033 5297 3174 5351 enim
3205 5295 3358 5350 divisi
3384 5291 3489 5365 (lii,
3517 5295 3608 5363 qui

2028 5396 2100 5449 ab
2128 5394 2228 5465 eis]
2257 5398 2593 5464 separantur,
2623 5398 2677 5445 et
2694 5387 2916 5443 veniunt
2943 5387 3009 5441 ad
3037 5387 3230 5451 ﬁdem;
3261 5383 3489 5454 dispersi
3514 5398 3610 5437 au-

2036 5496 2140 5541 tem
2173 5483 2279 5556 [Αι.
2308 5480 2458 5552 ergo]
2486 5490 2630 5547 sunt,
2658 5496 2884 5551 quorum
2914 5480 3087 5550 patria
3115 5487 3170 5534 et
3198 5476 3452 5548 templum
3480 5476 3609 5532 sul)-

2031 5588 2243 5630 versnm
2273 5581 2376 5638 est,
2402 5580 2457 5626 et
2482 5585 2577 5641 per
2603 5572 2786 5627 orbem
2817 5578 2974 5625 terra:
3002 5584 3131 5640 gens
3155 5564 3430 5623 incredula
3454 5564 3609 5641 (Ha,

2036 5663 2365 5720 increduium
2394 5660 2583 5733 genus]
2613 5662 2903 5733 spargitur.
3572 5680 3577 5683 ‘

2102 5754 2244 5808 Jmla
2275 5764 2321 5807 te
2344 5752 2629 5806 [nudabunt
2674 5754 2860 5823 fratres
2892 5754 2967 5807 tui
3000 5750 3177 5823 (Gem,
3208 5768 3328 5807 χιιι
3352 5792 3364 5807 .
3398 5749 3470 5812 8).
3506 5746 3608 5800 I‘cl'
