4258 6194
701 306 806 363 56⁵5

1538 310 1598 364 n.
1636 308 1701 365 r.
1738 306 1962 363 Al.le
1999 305 2131 364 seu
2165 305 2440 365 unum
2479 280 2762 367 ornavit
2799 311 2979 369 rans
3012 315 3069 371 ει

3821 318 3923 379 564

701 420 844 475 hunc
886 417 1079 474 ludam
1130 432 1291 474 verus
1342 404 1627 475 confessor
1648 420 1967 489 exprimitur
1990 416 2257 482 Christus,
2286 420 2334 482 Α
2362 431 2589 486 quorum
2632 430 2899 491 precepts
2948 420 3081 494 [Al.,
3124 425 3347 499 scripta]
3395 430 3764 486 austeritatem
3815 435 3924 492 vini

697 508 790 577 qui
839 522 907 563 ex
940 506 1072 577 ejus
1109 506 1249 567 tribu
1299 506 1589 565 semiudum
1634 520 1853 562 carnem
1899 515 1983 565 est
2021 505 2256 577 genitus.

696 576 873 668 ipsum
898 576 1120 652 laudant
1136 594 1345 651 .fratres
1384 596 1489 663 sui,
1520 596 1745 667 apostoli
1768 596 1972 653 scilicet
1995 576 2052 659 et
2070 576 2259 655 omnes

695 687 1001 744 cohaaredes
1042 687 1181 757 ejus,
1205 687 1298 756 qui
1324 702 1423 756 per
1447 688 1785 758 adoptionem
1812 686 1931 743 Filii
1959 686 2055 742 Dei
2080 686 2258 743 Patris

694 784 749 830 et
767 775 965 831 Christi
980 775 1174 831 fratres
1192 774 1366 831 effecti
1380 786 1504 831 sunt
1518 792 1612 848 per
1625 762 1874 848 gratiam,
1890 791 2116 846 quorum
2143 778 2257 847 ipse

691 874 779 922 est
810 865 1065 923 Dominus
1101 880 1198 937 per
1240 875 1509 929 naturam.
1543 866 1735 921 Manus
1761 876 1867 920 tua
1894 867 1950 920 in
1974 864 2254 920 cervicibus

693 957 1023 1012 inimicorum
1066 967 1295 1013 tuarum.
1323 957 1515 1013 Iisdem
1542 958 1687 1012 enim
1714 956 1962 1012 manibus
1986 956 2274 1071 mw

702 1050 870 1071 -._.--!-
898 1050 1129 1071 ι-.-1...Δ
1163 1057 1209 1071 ,Α
1237 1063 1360 1071 -..--
1385 1050 1536 1071 .--ιιι
1610 1058 1657 1071 ,Α
1704 1049 1949 1071 ξ-Ξ-ΑΞ---
1996 1047 2216 1071 -.Ι-..ι-..Α

694 1050 873 1107 erucis
898 1050 1134 1120 trophteo
1157 1057 1212 1105 et
1235 1063 1364 1105 suos
1385 1050 1561 1115 textit,
1604 1058 1661 1104 et
1704 1049 1953 1105 inimicas
1994 1047 2251 1103 adversa?

689 1142 908 1212 riasque
958 1150 1252 1213 potestates
1299 1142 1498 1197 devicit
1549 1141 1710 1214 [Δίκη
1760 1140 2044 1214 curvavit].
2091 1139 2253 1195 Juxta

690 1232 832 1301 quod
852 1242 908 1286 et
926 1231 1087 1287 Pater
1106 1233 1368 1302 promittit
1394 1234 1445 1287 ei
1464 1233 1647 1288 dicens
1678 1250 1691 1286 :
1722 1230 1861 1287 Sede
1883 1232 1949 1287 ad
1975 1232 2252 1286 dexteram

686 1336 884 1387 meam,
907 1323 1076 1379 donec
1098 1311 1296 1393 ponam
1333 1324 1576 1378 inimicas
1603 1331 1723 1379 tuos
1747 1322 2037 1379 scabellum
2055 1324 2253 1393 pedum

687 1423 920 1468 tuorum.
952 1412 1256 1466 Adorabunt
1298 1421 1347 1467 te
1374 1412 1475 1482 ﬁlii
1513 1414 1677 1482 patris
1706 1413 1802 1475 tui,
1830 1412 2083 1482 quoniam
2101 1412 2251 1468 multi

685 1521 752 1559 ex
782 1505 907 1560 tiliis
924 1504 1091 1560 lacab
1113 1504 1399 1560 adorantes
1422 1503 1589 1578 [eum]
1615 1520 1711 1575 per
1728 1505 2044 1561 electionem
2065 1506 2253 1579 gratiae

685 1594 819 1649 salvi
848 1592 977 1649 facti
1023 1603 1164 1653 sunt.
1194 1592 1411 1649 Catulus
1451 1594 1613 1649 leonis
1649 1594 1793 1649 Judu
1823 1594 1977 1667 (vers.
2008 1597 2085 1667 9),
2117 1610 2251 1667 quo-

684 1684 833 1740 niam
874 1685 1143 1740 nascendo
1180 1684 1437 1756 parvulus
1477 1685 1652 1741 factus
1682 1693 1783 1751 est,
1814 1686 1953 1741 sicut
1990 1687 2248 1756 scriptum

2356 508 2545 579 prisce
2574 509 2725 581 .legis
2780 521 3057 586 superant,
3086 514 3213 583 quia
3260 514 3416 588 longe
3440 515 3643 573 leviora
3684 530 3831 577 sunt.
3851 520 3924 579 Et

2355 597 2533 653 dentes
2575 599 2709 655 lacte
2747 602 3093 658 candidiores.
3150 604 3353 682 Dentes
3397 617 3753 679 praeceptores
3801 621 3928 670 sunt

2356 690 2548 754 sancti,
2577 690 2667 760 qui
2694 692 2988 761 pmddunt
3026 692 3096 749 ab
3120 696 3397 751 erroribus
3434 699 3701 766 homines,
3748 711 3806 757 et
3829 717 3923 760 eos

2354 781 2509 849 quasi
2551 782 2881 837 comedenda
2935 784 2990 839 in
3042 784 3242 841 Christi
3294 802 3489 859 corpus
3535 794 3921 851 transmittunt.

2354 870 2702 929 Candidiores
2750 884 2931 931 autem
2984 877 3162 935 effecti
3214 889 3341 937 sunt
3386 882 3637 942 doctores
3684 864 3925 945 ecclesia

2354 958 2492 1016 lacte
2516 965 2720 1019 veteris
2752 964 2905 1036 legis.

2424 1051 2659 1108 Zabulan
2678 1052 2733 1110 in
2748 1054 2923 1112 littore
2943 1061 3125 1123 maris.
3146 1070 3195 1114 et
3214 1061 3269 1115 in
3294 1062 3516 1118 statione
3534 1064 3748 1118 navium
3775 1066 3926 1120 habi-

2353 1152 2425 1197 tat
2460 1141 2900 1218 [Ms,babitabit]
2931 1147 3082 1223 (vers.
3115 1149 3223 1221 t5).
3268 1150 3503 1208 Zabulan
3541 1154 3926 1225 interpretatur

2352 1231 2711 1288 habitaculum
2740 1235 3149 1312 pulchritudinis
3172 1237 3299 1310 [Al.,
3327 1238 3694 1313 fortitudinis],
3728 1254 3785 1299 et
3824 1244 3925 1300 Ec-

2351 1322 2567 1377 clesiam
2590 1325 2873 1395 significat,
2901 1342 3020 1397 quae
3044 1328 3098 1383 in
3121 1328 3299 1385 littore
3326 1331 3489 1402 338
3508 1334 3673 1389 maris
3694 1335 3919 1402 habitat,

2353 1412 2449 1486 [et]
2498 1416 2551 1469 in
2590 1418 2822 1473 statione
2875 1414 3114 1485 davium,
3159 1430 3220 1474 ut
3265 1423 3609 1478 credentibus
3650 1425 3922 1498 refugium

2353 1502 2487 1576 [sit].
2532 1513 2588 1559 et
2631 1506 3060 1575 periclitantibus
3115 1510 3448 1567 demonstret
3505 1512 3629 1569 fidei
3684 1524 3919 1584 portum.

2351 1593 2477 1649 Haec
2501 1603 2686 1650 contra
2712 1611 2900 1653 omnes
2918 1598 3173 1655 turbines
3196 1602 3377 1658 steculi
3402 1604 3720 1661 inconcussa
3754 1605 3925 1662 firmi-

2353 1692 2463 1739 tate
2515 1686 2685 1747 solida
2746 1698 3025 1758 exspectat
3078 1692 3417 1763 naufragium
3468 1694 3812 1761 Judaorum,
3867 1706 3925 1755 et

690 1787 779 1833 est
809 1796 822 1831 :
856 1777 1118 1833 Parvulas
1159 1788 1314 1833 natus
1364 1788 1438 1833 est
1466 1778 1629 1833 nobis.
1660 1778 1742 1833 Ad
1790 1779 2022 1850 predum
2065 1779 2145 1847 ﬁli
2178 1779 2249 1832 mi
2283 1768 2325 1828 Β
2352 1773 2727 1831 bieretieorum
2793 1778 3086 1847 procellas,
3140 1782 3231 1850 qui
3284 1783 3736 1840 circumferuntur
3774 1788 3922 1845 omni

690 1870 969 1925 nscendisti
986 1910 1002 1936 ,
1040 1871 1093 1926 id
1139 1879 1241 1937 est,
1289 1872 1583 1927 ascendens
1623 1871 1678 1925 in
1732 1884 1980 1937 crucem,
2010 1873 2251 1943 captivos

686 1959 908 2029 populos
952 1960 1224 2015 redemisti
1252 1959 1349 2033 [et]
1376 1976 1512 2031 quos
1540 1961 1881 2016 adversarius
1931 1960 2057 2033 [Ηο.
2078 2002 2095 2029 ,
2124 1977 2252 2017 eon-

684 2050 904 2123 trarius]
935 2051 1022 2107 ille
1050 2050 1320 2108 invaserat
1361 2051 1441 2125 [tu
1488 2054 1727 2109 moriens
1775 2054 2037 2124 eripuisti.
2088 2054 2249 2110 Deni-

682 2156 787 2213 que
817 2142 1017 2197 rediens
1043 2142 1106 2195 ab
1147 2142 1331 2213 inferis
1376 2143 1677 2217 ascendisti]
1706 2146 1760 2199 in
1788 2144 1970 2207 altum,
1996 2146 2249 2215 captivam

681 2231 879 2289 duxisti
909 2234 1273 2304 captivitatem.
1324 2233 1664 2303 Requiescens
1706 2236 1993 2290 accubuisti
2040 2246 2097 2289 ut
2147 2235 2245 2289 leo.

682 2323 1110 2380 Manifestissime
1128 2324 1374 2381 Christus
1397 2328 1644 2383 accubuit
1663 2328 1715 2383 in
1739 2328 2006 2398 passione,
2036 2328 2249 2398 quando

682 2414 934 2469 inclinato
985 2417 1158 2486 capite
1198 2418 1415 2472 tradidit
1458 2418 1735 2489 spiritum,
1782 2420 1895 2475 sive
1930 2421 2146 2491 quando
2194 2422 2248 2475 in

680 2504 925 2574 sepulcra
973 2502 1240 2579 [securus]
1292 2507 1438 2562 velut
1482 2508 1715 2578 quodam
1766 2511 2008 2579 corporis
2058 2524 2247 2564 somno

679 2597 899 2665 quievit.
924 2596 1028 2651 Sed
1052 2612 1219 2667 quare
1241 2608 1294 2652 ut
1324 2597 1402 2652 leo
1429 2608 1485 2653 et
1526 2598 1705 2671 [velut]
1730 2600 1935 2656 catulus
1960 2600 2164 2656 leonis?
2188 2600 2247 2656 ιη

680 2702 867 2741 somno
900 2701 999 2741 suo
1041 2687 1125 2742 lea
1152 2686 1274 2753 fuit,
1322 2690 1577 2759 quoniam
1621 2704 1727 2743 non
1776 2691 2123 2755 necessitate,
2152 2691 2246 2745 sed

680 2790 943 2848 potestate
996 2780 1097 2835 hac
1146 2781 1324 2850 ipsum
1375 2782 1633 2851 implevit,
1676 2761 1829 2836 'sieut
1879 2783 1995 2852 ipse
2047 2783 2177 2836 dicit
2230 2802 2241 2836 :

684 2869 850 2922 Nemo
883 2868 1025 2921 tollet
1077 2886 1109 2921 a
1153 2886 1232 2923 me
1276 2871 1505 2923 animum
1560 2887 1749 2935 meam,
1779 2870 1868 2924 sed
1916 2888 2007 2942 ego
2053 2888 2242 2941 ponam

678 2976 813 3017 eam.
847 2960 997 3027 Quod
1022 2975 1150 3016 vero
1176 2960 1418 3016 addidit:
1454 2960 1521 3015 Et
1564 2972 1619 3015 ut
1665 2962 1867 3017 catulus
1896 2962 2092 3028 leonis;
2123 2964 2246 3017 inde

677 3056 821 3114 enim
872 3063 1113 3110 mortuus
1165 3064 1274 3119 est,
1316 3056 1456 3110 unde
1508 3053 1616 3127 [et]
1657 3064 1830 3109 natus.
1876 3056 2019 3111 Bene
2067 3054 2239 3127 [ergo]

677 3146 925 3203 Christus
972 3154 1030 3200 ut
1084 3146 1494 3215 leo-requievit,
1541 3147 1629 3216 qui
1684 3162 1787 3200 non
1828 3146 2002 3215 solum
2055 3148 2245 3203 martis

676 3239 1024 3294 acerbitatem
1074 3253 1177 3291 non
1218 3238 1413 3293 timuit.
1459 3238 1552 3291 sed
1605 3238 1767 3292 etiam
1811 3239 1864 3292 in
1915 3228 2043 3308 ipsa
2072 3249 2245 3293 marte

673 3330 865 3385 mortis
911 3329 1193 3397 imperium
1240 3329 1384 3405 vicit.
1437 3328 1587 3395 Quod
1644 3338 1824 3383 autem
1870 3331 2001 3384 dicit
2052 3348 2064 3382 :
2116 3329 2243 3395 Quis

674 3423 939 3475 suscitabit
986 3422 1145 3474 eum?
1188 3420 1323 3486 Quid
1350 3420 1603 3474 estaliud
1642 3420 1742 3473 nisi
1772 3405 1912 3490 quod
1954 3422 2067 3490 ipse
2117 3421 2246 3474 dicit

676 3510 827 3582 μὴ,
858 3513 982 3581 quia
1028 3511 1224 3576 nullus,
1256 3512 1357 3567 nisi
1403 3513 1537 3582 ipse,
1561 3510 1714 3579 juxta
1744 3512 1885 3580 quod
1938 3512 2051 3581 ipse
2097 3510 2193 3581 ait]
2226 3530 2237 3563 :

676 3606 869 3659 Solvite
913 3604 1157 3673 templum
1216 3604 1349 3668 hoc,
1402 3613 1449 3657 et
1479 3604 1533 3656 in
1562 3602 1736 3655 triduo
1782 3601 2040 3654 suscitabo
2088 3599 2238 3652 illud.

677 3695 796 3749 Non
828 3694 1031 3762 deﬁciet
1059 3694 1167 3747 dua:
1188 3694 1250 3746 de
1278 3694 1419 3747 Juda
1443 3692 1521 3765 [et
1546 3691 1771 3763 reliqua]
1803 3691 1955 3757 (vers.
1991 3691 2097 3761 10).
2132 3688 2244 3746 Hoc

680 3785 1110 3841 manifestissime
1140 3784 1206 3838 ad
1240 3781 1431 3838 ludam
1461 3781 1709 3837 refertur.
1742 3782 1839 3843 Diu
1870 3782 2011 3836 enim
2039 3780 2138 3835 fuit
2175 3797 2242 3834 ex

672 3876 876 3929 semine
906 3874 1047 3928 illius
1086 3875 1406 3927 intemerata
1447 3874 1585 3943 apud
1608 3871 1820 3925 iudicas
1860 3871 2129 3925 successio
2158 3886 2244 3925 re-

670 3969 781 4039 gni.
798 3968 965 4023 donec
984 3964 1227 4022 Christus
1256 3972 1597 4020 nasceretur:
1616 3973 1668 4018 et
1690 3963 1790 4017 hoc
1806 3978 1965 4033 supra
1988 3962 2235 4017 diximus.

672 4060 904 4129 Alligans
942 4059 1010 4112 ad
1052 4060 1252 4111 vineam
1296 4056 1495 4127 pullum
1538 4072 1692 4111 suum
1732 4056 1882 4126 (vers.
1920 4055 2027 4125 ll).
2062 4054 2240 4111 Pullus

671 4168 823 4215 suus,
852 4152 1076 4223 populus
1116 4158 1200 4204 est
1245 4164 1310 4203 ex
1342 4148 1603 4218 gentibus,
1635 4148 1719 4200 cui
1766 4147 1939 4201 adhuc
1968 4164 2241 4218 nunquam

670 4241 848 4297 fuerat
874 4241 1161 4311 onuslegis
1186 4240 1512 4309 impositum.
1560 4238 1711 4293 llunc
1738 4238 2089 4308 alligaverunt
2116 4254 2243 4315 apo-

671 4332 814 4396 stoli,
842 4333 931 4401 qui
956 4347 1021 4386 ex
1048 4330 1245 4386 Iudicis
1267 4338 1407 4393 sunt,
1441 4330 1507 4383 ad
1534 4330 1744 4383 vineam
1776 4329 1841 4381 de
1871 4344 1975 4397 qua
2003 4328 2199 4383 dicitur
2224 4347 2235 4381 :

683 4419 842 4478 Vinea
866 4422 1073 4475 Domini
1094 4420 1323 4475 Sabaoth
1353 4419 1483 4491 (AL,
1514 4419 1781 4488 capulavit
1820 4418 2146 4509 adyvineam,
2174 4420 2239 4473 ad
2266 4451 2315 4509 Ι)

670 4514 939 4585 apostolos
967 4514 1193 4578 scilicet,
1238 4512 1328 4582 qui
1366 4528 1431 4565 ex
1478 4508 1675 4564 Judmis
1721 4516 1861 4563 sunt.
1897 4507 2031 4561 Nam
2082 4509 2239 4564 vinea

672 4606 878 4666 Domini
917 4604 1153 4660 Sabaoth
1202 4604 1392 4658 domus
1430 4602 1594 4657 lsrael
1638 4600 1744 4671 est]
1788 4618 1800 4654 :
1838 4601 1903 4654 Et
1943 4599 2010 4653 ad
2049 4600 2238 4663 vitem,

671 4711 790 4765 qum
812 4696 941 4749 dicit
972 4714 983 4748 :
1019 4694 1129 4763 Ego
1159 4710 1272 4747 sum
1305 4695 1418 4747 vitis
1446 4710 1580 4751 vera.
1610 4691 1691 4745 Ad
1733 4694 1871 4751 hanc
1908 4707 2034 4763 ergo
2078 4692 2241 4746 vitem

672 4786 852 4856 ailigat
894 4786 1101 4839 asinam
1141 4798 1317 4847 suam,
1350 4785 1450 4838 hoc
1477 4790 1562 4835 est
1590 4797 1914 4852 synagogam
1965 4783 2241 4853 gravidam

672 4877 823 4947 (iis,
856 4876 1215 4947 tardigradam
1262 4873 1485 4944 scilicet]
1531 4882 1585 4927 et
1619 4875 1767 4944 gravi
1822 4874 1953 4944 legis
2005 4876 2241 4944 pondere

670 4971 1000 5041 depressam.
1052 4966 1196 5020 Larit
1245 4967 1299 5020 in
1351 4967 1466 5023 vino
1492 4964 1678 5019 stolam
1714 4983 1881 5019 suam.
1915 4964 2085 5037 [Sive]
2118 4980 2239 5019 car-

671 5077 793 5118 nem
822 5078 972 5115 snam
1021 5062 1073 5115 in
1106 5059 1362 5129 sanguine
1390 5060 1682 5126 passionis;
1716 5057 1825 5111 sive
1875 5066 2111 5111 sanctam
2144 5057 2241 5111 Ec-

671 5154 888 5207 clesium
919 5153 1005 5208 illo
1044 5155 1185 5217 vino,
1212 5150 1352 5221 quod
1383 5166 1479 5225 pro
1524 5151 1705 5205 multis
1752 5148 2044 5202 etTunditur
2072 5150 2122 5203 in
2158 5164 2240 5201 re-

672 5246 978 5301 missionem
1008 5253 1369 5312 pcccatorum.
1404 5242 1469 5295 Et
1498 5245 1551 5295 in
1576 5245 1829 5314 sanguine
1870 5258 1979 5295 uva:
2023 5242 2237 5311 pallium

672 5360 840 5396 suum.
866 5340 1113 5401 Pallium,
1138 5349 1322 5409 gentes
1350 5348 1491 5399 sunt,
1523 5356 1658 5409 quas
1684 5340 1892 5411 corpori
1924 5355 2021 5395 suo
2041 5338 2238 5408 iunxit,

672 5436 811 5489 sicut
838 5435 1096 5503 scriptum
1125 5440 1208 5485 est
1232 5450 1243 5482 :
1282 5430 1399 5484 Vivo
1427 5447 1541 5499 ego,
1564 5430 1690 5484 dicit
1714 5432 1991 5495 Dominus,
2021 5433 2121 5485 nisi
2147 5432 2238 5485 nos

674 5526 1086 5579 amnesinzluant
1126 5524 1258 5578 sicut
1302 5524 1672 5581 vestimentum.
1726 5521 2061 5577 Pulchriores
2104 5522 2241 5576 oculi

674 5618 786 5685 eius
815 5619 926 5669 νὶηο
974 5618 1121 5670 (vers.
1160 5616 1263 5679 l2).
1310 5613 1455 5669 Oculi
1498 5615 1694 5671 Christi
1746 5615 1969 5686 apostoli
2009 5622 2135 5669 sunt
2187 5622 2239 5669 et

675 5709 1039 5779 Evangeiisur,
1072 5712 1157 5776 qui
1202 5709 1374 5760 lumen
1418 5708 1649 5760 s-*icnti:r
1681 5708 1928 5761 Ecclesir
1957 5714 2211 5777 prrstant

2352 1874 2514 1918 vento
2555 1865 2830 1933 doctrinae,
2862 1882 3089 1937 quorum
3120 1872 3221 1925 etsi
3266 1873 3505 1928 tunditur
3521 1873 3786 1941 fluctibus,
3815 1892 3923 1933 non

2353 1962 2531 2009 tamen
2552 1953 2835 2027 frangitur.
2862 1958 3130 2015 Pertendit
3161 1972 3333 2021 autem
3369 1980 3530 2035 usque
3548 1966 3616 2018 ad
3646 1966 3920 2034 Sidonem,

2321 2046 2453 2101 .hoc
2474 2055 2575 2112 est,
2604 2061 2773 2118 utique
2804 2051 2871 2105 ad
2892 2061 3109 2120 gentes;
3137 2052 3329 2123 legitur
3352 2056 3513 2109 etiam
3537 2056 3589 2110 in
3611 2057 3921 2127 Evangelia,

2351 2136 2473 2197 inde
2497 2148 2800 2209 assumptos
2843 2155 2963 2195 esse
2990 2141 3195 2212 aliquas
3220 2143 3517 2214 apostolos;
3549 2145 3601 2199 in
3633 2146 3763 2214 ipsis
3790 2146 3922 2203 locis

2351 2225 2635 2283 Dominum
2676 2244 2820 2301 saepe
2857 2232 3299 2298 docuisse,.sicut
3322 2237 3579 2306 scriptum
3608 2246 3692 2292 est
3720 2255 3735 2291 :
3762 2237 3922 2295 Terra

2350 2318 2609 2388 Zabulan,
2637 2333 2685 2377 ct
2711 2336 2851 2378 terra
2886 2324 3207 2393 Nephtalim,
3251 2329 3472 2407 populus
3496 2330 3585 2399 qui
3626 2329 3834 2384 sedebat
3864 2330 3923 2383 in

2349 2414 2589 2480 tenebris,
2630 2416 2757 2469 vidit
2786 2416 2952 2471 lucem
2999 2434 3261 2488 magnam.
3316 2419 3527 2489 (Matth.
3558 2435 3628 2482 tv,
3660 2420 3757 2486 i6;
3785 2420 3920 2480 lsai.

2349 2518 2431 2568 ix,
2474 2504 2525 2569 1,
2549 2504 2626 2576 2).
2654 2505 2818 2561 Sidon
2857 2508 3244 2577 interpretatur
3269 2518 3493 2564 venator
3532 2510 3616 2565 vel
3649 2512 3918 2569 venatrix.

2350 2595 2644 2651 Venatores
2672 2612 2800 2651 vero
2827 2598 2917 2667 qui
2956 2607 3100 2661 sunt,
3126 2599 3227 2653 nisi
3252 2600 3510 2669 apostoli?
3536 2602 3647 2670 qui,
3664 2588 3735 2656 ut
3758 2617 3922 2673 supra

2348 2685 2598 2748 diximus,
2631 2700 2696 2739 ex
2734 2685 2838 2741 illis
2866 2686 2997 2742 locis
3025 2690 3281 2759 assumpti
3332 2699 3486 2757 sunt;
3529 2693 3595 2745 de
3620 2692 3814 2760 quibus
3843 2691 3923 2745 di-

2349 2778 2487 2832 citur
2528 2796 2541 2831 :
2574 2777 2781 2833 Mittam
2829 2790 3093 2834 venatores
3131 2782 3356 2863 multos,
3393 2794 3439 2836 et
3480 2785 3802 2838 venabantur
3831 2799 3917 2839 vos

2346 2868 2561 2922 inomni
2595 2880 2766 2923 monte
2793 2869 2923 2941 [Al.,
2948 2870 3083 2943 loco]
3115 2872 3245 2942 (Jer.
3268 2889 3376 2939 xvi,
3405 2876 3509 2946 lli).

2419 2960 2643 3018 Isacltar
2682 2966 2861 3019 asinus
2895 2965 3046 3034 fortis
3084 2966 3236 3037 (Cen.
3262 2984 3408 3032 XLIX,
3447 2968 3530 3033 14,
3566 2969 3671 3040 15).
3704 2970 3923 3029 lsachar

2347 3053 2487 3121 quod
2510 3054 2894 3123 interpretatur
2917 3069 3144 3123 merces,
3175 3056 3407 3111 refertur
3433 3060 3496 3112 ad
3522 3060 3773 3129 populum
3795 3078 3922 3133 gen-

2350 3148 2501 3211 tium,
2532 3163 2690 3216 quem
2722 3148 2978 3203 Dominus
3023 3151 3197 3220 pretio
3232 3154 3505 3221 sanguinis
3531 3154 3611 3207 sui
3652 3165 3921 3210 mercatus

2345 3247 2444 3292 est.
2477 3238 2573 3292 llic
2612 3238 2829 3292 lsachar
2874 3240 3058 3293 asinus
3098 3239 3251 3295 fortis
3294 3242 3564 3307 scribitur,
3599 3244 3723 3313 quia
3768 3245 3921 3315 prius

2343 3327 2568 3397 populus
2603 3328 2835 3398 gentilis,
2884 3330 3039 3398 quasi
3072 3330 3377 3385 brutum'et
3426 3332 3754 3387 luxuriosum
3799 3334 3921 3389 ani-

2342 3421 2450 3475 mal
2474 3420 2701 3491 [egerat]
2726 3422 2974 3491 nullaque
3022 3426 3229 3477 ratione
3257 3424 3585 3487 subsistens;
3617 3441 3758 3481 nunc
3785 3440 3916 3483 vero

2342 3510 2498 3565 fortis
2546 3510 2918 3579 Redemptoris
2972 3512 3207 3567 dominio
3236 3513 3431 3565 collum
3479 3514 3799 3571 submittens
3848 3515 3916 3573 ad

2341 3598 2524 3671 iugum
2554 3602 2845 3671 disciplina:
2870 3602 3201 3673 Evangelicze
3228 3605 3469 3672 pervenit
3488 3604 3621 3675 (AL,
3652 3606 3743 3660 sed
3770 3614 3919 3675 past-

2343 3691 2559 3745 modum
2600 3689 2876 3760 jugum...
2910 3691 3134 3754 libenter
3184 3692 3457 3763 portavit].
3507 3692 3915 3749 llic.accubans

2341 3782 2476 3834 inter
2510 3783 2752 3834 terminos
2780 3780 2902 3834 vidit
2940 3784 3185 3851 requiem,
3212 3782 3350 3851 quod
3385 3792 3511 3835 esset
3550 3784 3713 3847 bona;
3737 3793 3784 3836 et
3814 3793 3916 3837 ter-

2344 3888 2476 3937 ram,
2502 3872 2640 3942 quod
2681 3873 2895 3942 aptium.
2920 3872 3062 3926 lntcr
3084 3873 3341 3927 terminos
3372 3871 3599 3945 [autem]
3630 3874 3911 3935 accubare.

2342 3971 2425 4016 est
2468 3961 2774 4032 praestolata
2802 3964 2985 4017 mundi
3035 3963 3143 4020 fine
3174 3966 3530 4034 requiescere,
3560 3966 3797 4035 nihilque
3825 3981 3917 4020 eo-

2343 4071 2481 4119 rum,
2518 4071 2637 4124 qure
2664 4064 2948 4110 versantur
2990 4058 3043 4111 in
3075 4059 3269 4121 medio,
3298 4074 3559 4127 quaerere,
3605 4059 3698 4113 sed
3729 4059 3913 4114 ultima

2342 4145 2669 4201 desiderare.
2704 4148 2767 4199 Et
2796 4146 2950 4201 fartis
2977 4150 3160 4201 asinus
3196 4150 3433 4217 requiem
3460 4159 3515 4204 et
3547 4159 3747 4203 terram
3776 4150 3916 4219 apti-

2342 4252 2486 4295 mam
2520 4238 2682 4301 videt,
2726 4253 2847 4291 cum
2875 4238 3099 4307 simplex
3154 4240 3425 4308 gentilitas
3472 4238 3715 4310 [idcirco]
3846 4239 3915 4294 ad

2342 4329 2505 4383 robur
2531 4328 2651 4384 boni
2695 4330 2871 4398 operis
2898 4329 3056 4397 erigit
3082 4327 3251 4399 [quia]
3297 4330 3362 4381 ad
3387 4338 3599 4384 interna:
3630 4330 3752 4383 vitae
3778 4343 3917 4399 prb-

2342 4419 2507 4471 mium
2532 4419 2717 4472 tendit.
2750 4417 2899 4473 Unde
2942 4418 3106 4471 etiam
3134 4419 3343 4488 apponit
3370 4419 3639 4476 numerum
3665 4430 3817 4473 suum
3843 4418 3913 4472 ad

2342 4510 2673 4577 portandum,
2701 4510 2826 4579 quia
2853 4510 2979 4563 dum
3000 4510 3065 4563 ad
3088 4511 3409 4579 promissam
3454 4512 3695 4580 requiem
3726 4525 3913 4579 perve-

2343 4603 2459 4656 nire
2488 4603 2779 4667 desiderat,
2818 4610 3007 4656 cuncta
3053 4603 3429 4656 mandatorum
3470 4616 3634 4656 onera
3685 4601 3912 4657 libenter

2341 4701 2539 4761 portat.
2580 4693 2728 4748 Unde
2759 4693 2927 4761 factus
2948 4701 3022 4745 est
3044 4693 3251 4745 tributis
3276 4694 3514 4755 sentiens,
3544 4693 3768 4764 hocpst,
3798 4693 3908 4761 regi

2340 4782 2555 4838 Christo
2584 4798 2681 4839 suo
2708 4782 2830 4839 ﬁdei
2859 4782 2999 4836 dona
3028 4788 3083 4835 et
3122 4796 3345 4853 aperum
3388 4783 3651 4838 bonorum
3678 4780 3908 4836 oﬂ'erens
4000 4809 4005 4818 -

2342 4892 2586 4939 munera.

2413 4970 2531 5024 Dan
2580 4958 2843 5039 judicabit
2898 4967 3143 5039 populum
3185 4985 3359 5032 suum,
3389 4968 3523 5021 sicut
3574 4965 3694 5021 alits
3745 4964 3908 5019 tribus

2342 5061 2530 5115 Israel.
2587 5061 2710 5115 Fiat
2747 5062 2866 5114 Dan
2899 5061 3105 5118 coluber
3130 5062 3185 5115 in
3218 5062 3319 5123 via,
3369 5068 3589 5113 cerastes
3623 5058 3677 5113 in
3704 5059 3904 5121 semita,

2343 5152 2420 5225 [et
2449 5153 2677 5223 reliqua]
2701 5153 2851 5223 (vers.
2888 5154 2994 5223 16).
3027 5155 3219 5209 Dicunt
3257 5151 3474 5221 quidam
3520 5150 3908 5206 Antichristum

2339 5258 2437 5311 per
2461 5243 2574 5297 haec
2597 5242 2756 5297 verba
2779 5245 3000 5314 praedici
3018 5245 3084 5299 de
3112 5242 3254 5297 tribu
3278 5242 3391 5296 Dan
3414 5240 3672 5303 futurum,
3698 5252 3796 5310 pro
3819 5252 3905 5301 eo.

2340 5336 2479 5401 quod
2498 5336 2598 5390 hoc
2619 5335 2734 5391 loco
2749 5338 2857 5391 Dan
2876 5346 2930 5391 et
2942 5336 3159 5390 coluber
3171 5334 3431 5388 asseritur
3445 5340 3500 5387 et
3513 5331 3781 5387 mordens.
3798 5327 3907 5386 Un-

2341 5430 2405 5483 de
2429 5432 2567 5482 inter
2587 5429 2758 5485 tribus
2776 5430 2934 5483 lsrael
2952 5430 3156 5498 primus
3173 5427 3283 5481 Dan
3303 5427 3369 5480 ad
3390 5423 3705 5493 Aquilonem
3729 5428 3902 5477 castra

2340 5526 2569 5574 metatus
2583 5529 2682 5585 est,
2702 5520 2847 5573 illum
2864 5518 3192 5587 significans,
3208 5519 3297 5587 qui
3328 5531 3383 5569 se
3401 5515 3452 5567 in
3476 5513 3731 5569 lateribus
3748 5510 3901 5580 Aqui-

2337 5609 2474 5665 lonis
2505 5611 2691 5665 sedere
2715 5610 2869 5672 dicit,
2908 5616 2962 5661 et
2985 5608 3049 5661 de
3070 5622 3177 5677 quo
3217 5604 3509 5676 ﬁguraliter
3535 5605 3791 5675 propheta
3817 5599 3897 5653 di-

2340 5704 2407 5757 cit
2429 5722 2437 5753 :
2456 5704 2494 5758 Α
2515 5700 2627 5758 Dan
2653 5701 2861 5755 auditus
2880 5708 2952 5752 cst
2980 5699 3209 5768 fremitus
3231 5714 3473 5767 equorum
3496 5697 3608 5765 ejus
3630 5692 3757 5763 (Jcr.
3785 5705 3874 5745 rm
3891 5729 3903 5742 .
