4258 6194
630 323 729 377 ξιϋῖ

629 443 755 488 stat.
788 434 854 488 lit
877 437 1015 491 sicut
1035 438 1173 494 Deus
1201 440 1379 506 Pater,
1409 444 1546 497 Deus
1576 444 1651 497 Fil

1472 331 1528 382 ιι.
1573 330 1631 385 r.
1669 330 1893 387 sum
1933 333 2064 390 seu
2102 336 2379 392 ALCL‘lNl
2418 338 2702 397 orsum
2741 316 2919 398 rans
2958 345 3020 398 ιι.

3751 354 3852 410 568

1778 454 1780 461 λ
1810 450 1927 501 )eus
1957 428 2186 518 Spiritus
2216 457 2264 513 Α
2291 450 2473 516 habet,
2504 463 2651 509 tanto
2677 459 2893 525 propius
2940 469 3024 514 est
3064 460 3191 526 Deo,
3223 472 3277 518 et
3306 466 3562 535 majorem
3607 470 3687 524 sui
3716 470 3855 525 Con-

628 537 848 583 sanctus
874 540 978 594 est,
1008 548 1112 587 non
1142 542 1317 588 tamen
1341 546 1449 591 tres
1477 538 1548 591 dii
1581 547 1725 604 sunt,
1752 542 1843 595 sed
1873 557 2009 597 unus
2048 544 2194 599 Deus
2290 539 2479 596 ditoris
2506 545 2643 612 gerit
2685 546 3102 603 similitudinem.
3137 548 3193 605 Si
3219 567 3367 617 vero,
3396 556 3536 624 quod
3565 557 3722 624 absit,
3753 559 3853 613 ali-

630 631 741 674 tres
756 621 959 677 habens
978 622 1263 691 personas;
1296 627 1370 681 ita
1395 636 1447 682 et
1473 630 1649 684 anima
1678 632 1997 700 intellectus,
2010 638 2189 699 anima

627 708 895 780 voluntas,
920 714 1097 768 anima
1122 719 1410 785 memoria;
1443 736 1548 775 non
1588 730 1766 778 tamen
1793 725 1983 780 animae
2000 734 2113 783 tres
2137 730 2189 783 in

623 816 732 857 uno
756 818 1002 874 corpore,
1024 806 1116 861 sed
1143 823 1247 862 una
1279 811 1457 865 anima
1489 820 1598 867 tres
1635 813 1836 870 habens
1866 818 2185 889 dignitates;

625 892 786 965 τω
833 904 994 965 atque
1014 897 1069 951 in
1100 898 1183 953 bis
1210 900 1383 954 tribus
1412 900 1531 969 ejus
1558 904 1842 975 imaginem
1871 909 2190 966 mirabiliter

620 985 761 1054 gerit
779 985 833 1040 in
858 1002 954 1041 sua
978 996 1171 1042 natura
1208 977 1391 1046 noster
1413 992 1638 1049 interior
1667 996 1827 1051 homo
1853 1016 1865 1050 :
1898 1013 1963 1053 ex
1995 1000 2187 1068 quibus

618 1078 771 1145 quasi
815 1078 1280 1136 excellentioribus
1313 1083 1504 1139 animae
1550 1085 1895 1155 dignitatibus
1936 1089 2189 1159 jubemur

616 1168 836 1238 diligere
852 1169 1217 1237 Conditorem,
1243 1182 1305 1229 ut
1335 1183 1593 1244 quantum
1620 1177 1969 1249 intelligatur,
2002 1182 2186 1254 diliga-

612 1258 845 1329 tur[Al.,
871 1260 1199 1331 intelligitur.
1220 1304 1234 1316 .
1253 1302 1266 1315 .
1296 1304 1309 1316 .
1330 1303 1345 1316 .
1379 1264 1670 1338 diligitur];
1700 1276 1756 1322 et
1783 1278 2040 1338 quantum
2070 1272 2187 1326 diliL

612 1358 789 1416 gatur,
820 1364 1032 1420 semper
1056 1353 1108 1406 in
1131 1354 1389 1407 memoria
1419 1354 1698 1410 habeatur.
1728 1355 1835 1412 Nec
1857 1356 2003 1414 solus
2041 1360 2187 1415 sum-

610 1439 687 1491 eit
714 1439 779 1495 de
807 1454 873 1495 eo
902 1441 1223 1507 intellectus,
1271 1446 1374 1500 nisi
1420 1446 1513 1500 llat
1539 1448 1590 1501 in
1619 1462 1800 1504 amore
1837 1448 1953 1518 ejus
2001 1452 2185 1508 volun-

610 1538 694 1582 tas
723 1547 737 1581 :
766 1531 872 1583 imo
896 1545 997 1585 nec
1030 1532 1144 1587 haec
1187 1534 1292 1588 duo
1321 1534 1613 1600 sufficiunt,
1659 1539 1760 1593 nisi
1792 1542 2051 1597 memoria
2092 1543 2185 1597 ad-

607 1617 785 1681 datur,
816 1633 919 1686 qua
949 1633 1160 1690 semper
1194 1622 1247 1675 in
1282 1632 1459 1678 mente
1498 1624 1841 1695 intelligentis
1865 1636 1921 1682 et
1963 1630 2185 1700 diligen-

611 1708 681 1761 tis
706 1718 920 1762 maneat
941 1709 1109 1772 Deus;
1157 1720 1216 1764 ut
1244 1713 1383 1767 sicut
1430 1714 1634 1768 nullum
1686 1725 1862 1785 potest
1906 1733 2025 1774 esse
2070 1736 2184 1776 mo-'

2289 633 2408 700 quis
2426 648 2525 702 per
2546 635 2698 690 devia
2727 638 2981 693 vitiorum
3019 650 3075 697 et
3098 641 3326 697 divortia
3353 646 3639 701 criminum
3661 648 3726 702 ab
3752 649 3855 704 hac

2287 722 2616 781 nobilissima
2636 729 2718 782 sui
2745 728 3048 786 Conditoris
3074 733 3417 790 similitudine
3442 736 3672 807 deganer
3698 737 3857 795 aber-

2288 822 2391 879 ret,
2441 823 2563 872 tunc
2594 816 2686 873 ﬁet
2710 819 2775 874 de
2806 834 2872 875 eo
2900 823 3041 892 quod
3087 826 3345 894 scriptum
3390 835 3473 882 est
3507 846 3519 881 :
3548 826 3616 882 Et
3657 831 3812 884 home
3834 871 3851 896 ,

2286 920 2404 957 cum
2427 906 2482 959 in
2508 907 2701 963 honore
2739 922 2867 966 esset
2908 930 3011 967 non
3062 916 3344 983 intellexit,
3392 930 3724 991 comparatus
3776 931 3853 978 est

2276 995 2527 1064 jumentis
2546 1000 2905 1070 insipientibus
2930 1014 2979 1058 et
3010 1006 3195 1060 similis
3223 1008 3392 1077 factus
3426 1020 3501 1065 est
3528 1011 3635 1066 illis
3675 1011 3847 1080 (Psal.

2287 1101 2488 1153 xtvm,
2532 1089 2640 1160 15).
2670 1091 2772 1157 Qui
2819 1091 2993 1162 major
3032 1095 3203 1151 honor
3244 1100 3422 1168 potuit
3465 1102 3669 1159 homini
3693 1118 3847 1167 esse,

2284 1190 2446 1244 quam
2472 1185 2531 1232 ut
2552 1178 2617 1233 ad
2636 1179 3036 1239 similitudinem
3056 1187 3135 1241 sui
3158 1186 3402 1244 Factoris
3428 1192 3770 1259 conderetur,
3795 1203 3854 1250 et

2283 1266 2486 1321 eisdem
2528 1269 2785 1325 virtutum
2812 1274 3139 1332 vestimentis
3160 1288 3463 1347 ornaretur,
3491 1280 3685 1351 quibus
3714 1281 3855 1339 οου

2284 1358 2444 1426 diter,
2484 1361 2550 1417 de
2577 1378 2685 1433 quo
2718 1363 2915 1435 legitur
2958 1385 2970 1419 :
2999 1367 3253 1423 Dominus
3283 1374 3535 1441 regnavit,
3562 1372 3746 1428 decore
3768 1376 3854 1429 ἱιιει

2283 1449 2440 1505 datus
2497 1452 2667 1522 (Psal.
2719 1470 2851 1521 xcu,
2899 1456 2989 1523 l),
3031 1458 3084 1511 id
3135 1468 3258 1523 est,
3308 1462 3547 1516 omnium
3586 1464 3850 1520 virtutum

2283 1539 2561 1609 splendore
2597 1552 2653 1598 et
2699 1545 2864 1600 totius
2908 1544 3159 1602 bonitatis
3204 1549 3397 1605 decore
3449 1553 3701 1608 ornatus?
3752 1553 3849 1609 Vel

2283 1631 2423 1699 quod
2451 1635 2622 1704 majus
2637 1636 2848 1699 homini
2884 1648 3059 1708 putest
3096 1654 3217 1695 csse
3254 1641 3507 1708 dedecus,
3536 1652 3628 1698 aut
3676 1644 3849 1701 infeli-

2282 1723 2398 1778 cior
2424 1726 2659 1789 miseria,
2690 1742 2853 1795 quam
2881 1737 2941 1782 ut
2983 1731 3085 1785 hac
3134 1731 3494 1787 similitudinis
3537 1734 3706 1804 gloria
3764 1736 3851 1791 sui
3927 1806 3931 1807 ί

607 1812 862 1864 mentum,
898 1820 1005 1873 quo
1049 1805 1208 1859 homo
1252 1804 1402 1879 [non]
1444 1816 1649 1874 utatur,
1687 1810 1771 1865 vel
1822 1810 2033 1867 fruatur
2076 1814 2170 1869 Dei
2204 1805 2248 1863 Β
2275 1811 2578 1870 Conditoris
2598 1817 2816 1883 amissa,
2841 1818 2909 1873 ad
2938 1818 3219 1875 informem
3239 1828 3292 1876 et
3329 1822 3396 1876 ad
3424 1823 3847 1878 irrationabilem

606 1896 839 1953 bonitate
884 1908 941 1952 et
984 1898 1386 1964 misericordia;
1437 1901 1511 1954 ita
1568 1901 1770 1955 nullum
1816 1902 2009 1957 debeat
2056 1920 2174 1960 esse

603 1995 956 2051 momentum,
986 2003 1093 2056 quo
1120 1998 1435 2058 pnesentem
1469 2005 1590 2044 eum
1620 2006 1725 2045 non
1755 1992 1951 2047 habeat
1980 1993 2033 2047 in
2064 2009 2174 2049 me-

602 2081 793 2131 moria.
819 2077 884 2131 Et
910 2078 1023 2131 hzec
1052 2078 1114 2131 de
1136 2080 1360 2149 imagine
1383 2080 1598 2135 habeto.
1710 2122 1711 2125 η
2122 2072 2136 2091 ⁸

672 2167 782 2223 lloc
813 2183 943 2222 vero
970 2184 1109 2222 nunc
1130 2170 1194 2221 de
1213 2168 1554 2224 similitudine
1575 2170 1750 2241 aliqua
1781 2173 2035 2245 intellige,
2050 2188 2171 2243 qua:

598 2262 651 2316 in
688 2261 928 2315 moribus
955 2256 1088 2332 [Αι.,
1132 2260 1448 2334 minoribus]
1479 2264 1747 2318 cernenda
1778 2273 1861 2320 est
1890 2284 1901 2318 :
1936 2274 1993 2319 ut
2033 2265 2172 2319 sicut

600 2352 738 2405 Deus
765 2337 1010 2415 Creator,
1035 2350 1126 2421 qui
1159 2352 1428 2406 hominem
1472 2353 1540 2407 ad
1587 2353 1985 2418 similitudinem
2014 2371 2167 2411 suam

597 2444 822 2507 creavit,
870 2450 951 2497 est
979 2443 1237 2508 Charitas,
1289 2453 1373 2498 est
1403 2444 1575 2500 bonus
1619 2454 1674 2502 et
1716 2447 1912 2517 justus,
1958 2450 2168 2518 patiens

596 2544 758 2605 atque
783 2535 951 2599 mitis,
975 2535 1223 2599 mundus,
1252 2535 1579 2600 misericors,
1607 2546 1662 2590 et
1691 2545 1883 2593 caetera
1907 2540 2166 2593 virtutum

596 2622 908 2679 sanctarum
953 2623 1180 2695 insignia
1204 2640 1322 2694 quae
1351 2625 1416 2679 de
1457 2640 1522 2679 eo
1549 2624 1834 2697 leguntur:
1884 2628 1958 2681 ita
2007 2627 2167 2683 homo

592 2722 809 2785 creatus
840 2725 924 2771 est
952 2725 1013 2771 ut
1038 2718 1354 2775 cbaritatem
1383 2717 1629 2784 haberet,
1661 2727 1720 2772 ut
1742 2717 1914 2773 bonus
1951 2727 2094 2774 esset
2114 2726 2173 2774 et

592 2808 791 2879 justus,
822 2806 1031 2878 patiens
1073 2816 1233 2877 atque
1286 2808 1450 2873 mitis,
1491 2808 1722 2863 mundus
1762 2816 1817 2861 et
1864 2807 2171 2863 misericors

599 2889 757 2952 foret.
810 2895 956 2964 Quas
1001 2898 1229 2952 virtutes
1272 2905 1473 2966 quanto
1500 2897 1621 2967 plus
1649 2897 1875 2968 quisque
1911 2899 1965 2953 in
1993 2899 2168 2977 seipse

989 3104 1094 3165 DE
1137 3101 1406 3164 DECEM
1446 3094 1729 3164 VERBIS
1772 3102 1998 3163 LEGIS
2042 3102 2184 3166 SEU
2226 3100 2507 3169 B‘REVIS
2548 3111 2976 3175 EXPOSITIO
3018 3113 3443 3178 DECALOGI.

924 3242 927 3251 ‘
1020 3293 1331 3351 MONITUM
1382 3290 1737 3347 PIUEV'IUM.

664 3413 808 3467 lianc
835 3408 1204 3487 brevissimam
1230 3403 1477 3487 Decalogi
1507 3403 1897 3487 expositionem
1916 3403 1977 3456 D.
1993 3403 2167 3487 Lucas

595 3482 846 3538 d‘Achcri
892 3494 923 3533 e
949 3478 1069 3532 cod.
1103 3474 1319 3554 ωδε-8.⁸
1342 3473 1596 3554 Cet-mani
1625 3489 1655 3527 a
1683 3473 1861 3553 Pratis
1885 3488 2010 3554 cum
2048 3475 2167 3554 aliis

592 3556 800 3608 duabus
822 3547 1060 3624 epistolis
1170 3543 1380 3624 Alcuirli
1410 3542 1519 3624 :De
1546 3540 2167 3624 comparatione_i_’etei-is

590 3642 651 3676 nr
680 3621 813 3675 Neri
839 3611 1171 3679 Testamenli,
1203 3625 1257 3668 et
1285 3630 1298 3667 :
1323 3612 1401 3666 De
1421 3613 1584 3665 tribus
1616 3611 1886 3682 generibus
1910 3613 2165 3667 visionum

590 3692 731 3757 tVid.
765 3688 918 3760 epist.
952 3688 1057 3760 203
1084 3685 1313 3760 etilli),
1341 3683 1513 3760 edidit
1536 3681 1665 3760 tom.
1710 3682 1772 3737 Ill
1798 3681 2009 3753 Spicil.,
2041 3698 2164 3760 pag.

591 3752 711 3817 fuit.
751 3752 900 3816 [Inde
946 3759 1089 3813 illam
1137 3752 1761 3823 huc'transcripsimus;
1814 3752 1966 3816 tom,
2023 3752 2165 3821 quod

588 3838 781 3911 forma
818 3824 1725 3911 epistolarincareatiimm-quod
1770 3824 1997 3878 materia
2039 3837 2165 3878 cum

586 3892 981 3971 Qiuestionibus
1008 3899 1060 3952 in
1081 3896 1313 3951 Genesin
1342 3901 1584 3948 connexa
1610 3892 1699 3947 sit.

659 4042 759 4094 Dat
794 4038 955 4108 igitur
996 4032 1253 4087 Dominus
1280 4028 1447 4102 Moysi
1476 4028 1649 4100 legem
1696 4026 2015 4083 lnno'centitc
2061 4039 2163 4080 no-

586 4144 712 4186 stne
736 4140 791 4184 et
816 4125 1136 4196 cognitionis
1163 4138 1291 4185 sum,
1322 4122 1673 4189 eamdemque
1699 4119 1753 4173 in
1782 4119 1969 4173 decem
2000 4117 2163 4173 verba

587 4222 889 4282 constituit,
917 4225 972 4272 et
1014 4215 1192 4271 saxeis
1240 4212 1437 4267 tabulis
1474 4212 1640 4282 digito
1680 4225 1777 4265 suo
1826 4209 2064 4279 scripsit.
2096 4210 2164 4263 Et

586 4318 697 4369 lucc
747 4311 962 4383 quidem
1000 4315 1267 4379 praecepta
1316 4304 1389 4358 ita
1442 4309 1567 4357 sunt
1609 4300 1917 4362 distributa,
1951 4306 2011 4352 ut
2060 4299 2163 4352 tria

583 4407 885 4477 pertineant
929 4402 995 4456 ad
1027 4400 1365 4455 dilectionem
1394 4395 1585 4450 divinae
1612 4393 1923 4459 Trinitatis;
1957 4400 2161 4462 septem

583 4518 709 4554 vero
730 4499 794 4553 ad
824 4509 1063 4550 umorem
1089 4492 1405 4552 fraternum,
1432 4486 1629 4557 quibus
1656 4486 1887 4541 societas
1926 4486 2162 4540 humana

584 4610 687 4646 non
713 4591 938 4644 laeditur.
968 4585 1210 4639 Primum
1255 4578 1502 4648 Decalogi
1546 4577 1858 4632 mandatum
1887 4577 1955 4631 ad
1991 4575 2160 4630 Deum

2273 1902 2551 1956 brutorum
2590 1903 2957 1973 jumentorum
3015 1909 3348 1965 dilaberetur
3400 1910 3849 1969 similitudinem?

2272 1992 2568 2065 Eapropter
2612 1997 2842 2068 quisque
2869 2000 3172 2070 diligentius
3208 2004 3448 2058 attendat
3488 2005 3674 2075 prima:
3716 2021 3849 2061 con-

2272 2084 2487 2140 ditionis
2538 2100 2648 2141 suae
2696 2089 3102 2154 excellentiam,
3161 2100 3216 2145 et
3251 2095 3610 2148 venerandam
3646 2105 3848 2157 sanctae

2273 2174 2551 2231 Trinitatis
2598 2178 2652 2232 in
2695 2180 2871 2250 seipse
2904 2182 3190 2252 imaginem
3229 2193 3503 2255 agnoscat,
3553 2187 3849 2245 honorem-

2275 2258 2379 2334 que
2407 2266 2771 2323 similitudinis
2795 2270 3004 2335 divinae,
3024 2272 3088 2324 ad
3105 2286 3264 2341 quem
3293 2262 3506 2329 creatus
3529 2284 3629 2342 est,
3652 2276 3842 2332 nobili-

2274 2366 2381 2412 tate
2416 2373 2646 2423 morum,
2686 2362 2943 2415 exercitio
2992 2363 3268 2427 virtutum,
3318 2366 3572 2437 dignitate
3622 2370 3842 2427 merito-

2273 2455 2392 2500 rum
2438 2446 2639 2502 habere
2680 2450 2970 2503 contendat
3001 2470 3011 2503 :
3042 2460 3102 2505 ut
3136 2454 3348 2522 quando
3391 2466 3645 2525 appareat
3668 2459 3845 2530 qualis

2270 2535 2360 2598 sit,
2389 2543 2513 2591 tunc
2536 2536 2726 2593 similis
2753 2537 2800 2592 ei
2834 2549 3088 2609 appareat
3114 2542 3207 2612 qui
3238 2557 3297 2598 se
3329 2544 3644 2601 mirabiliter
3676 2548 3743 2603 ad
3773 2549 3849 2604 si-

2272 2624 2624 2681 militudinem
2651 2642 2803 2682 suam
2848 2622 2901 2683 in
2930 2632 3104 2700 primo
3128 2632 3298 2688 Adam
3341 2636 3597 2703 condidit,
3626 2639 3847 2694 mirabi-

2275 2715 2485 2787 liusque
2530 2718 2581 2772 in
2607 2716 2863 2789 [secundo
2907 2721 3075 2789 Edit.,
3102 2725 3368 2792 mendose,
3414 2727 3628 2801 saeculo]
3675 2729 3849 2786 refor-

2274 2810 2460 2865 mavit.

2193 3291 2242 3357 C
2270 3292 2625 3347 sanctiﬂeavit
2642 3292 2782 3348 Deus
2816 3312 2827 3346 :
2860 3294 2913 3348 in
2937 3296 3056 3352 aliis
3083 3297 3227 3352 enim
3252 3276 3458 3364 diebus,
3483 3315 3705 3371 operum
3728 3319 3835 3360 non

2268 3391 2351 3438 est
2370 3386 2642 3439 nominata
2690 3385 3063 3452 sanctiﬁcatio,
3092 3387 3196 3442 nisi
3225 3386 3279 3442 in
3310 3387 3556 3456 sabbato,
3587 3392 3679 3453 ubi
3706 3393 3843 3448 dici-

2270 3485 2357 3530 tur
2387 3495 2399 3529 :
2444 3476 2708 3547 Requierit
2734 3476 2894 3531 Deus.-
2927 3478 3159 3535 Proinde
3198 3480 3360 3551 igitur
3387 3482 3491 3537 hoc
3529 3483 3844 3540 mandatum‘

2267 3568 2499 3639 pertinet
2512 3567 2578 3621 ad
2598 3565 2855 3638 Spiritum
2871 3579 3135 3636 sanctum,
3154 3578 3261 3624 tam
3283 3581 3503 3641 prepter
3516 3587 3709 3627 nomen
3725 3586 3847 3629 δην

2266 3657 2627 3721 ctilicationis,
2657 3673 2817 3727 quam
2843 3660 3005 3713 etiam
3030 3669 3247 3729 propter
3283 3670 3538 3717 aeternam
3577 3663 3843 3733 requiem,

2268 3750 2333 3802 ad
2374 3749 2571 3804 donum
2603 3749 2774 3804 sancti
2806 3747 3041 3818 Spiritus
3060 3751 3433 3819 pertinentem.
3467 3750 3674 3807 Dicitur
3696 3753 3843 3809 enim

2266 3839 2370 3893 ibi:
2400 3838 2676 3905 Memento,
2727 3850 2782 3893 ut
2824 3842 3193 3896 diemisabbati
3231 3844 3545 3913 sanctiﬁces.
3590 3844 3698 3901 Sea:
3731 3846 3845 3900 die-

2266 3932 2359 3985 bus
2387 3930 2700 4001 operaberis,
2730 3940 2779 3984 et
2820 3931 2980 4002 facies
3028 3932 3201 3985 omnia
3234 3937 3389 4002 opera
3418 3942 3531 3987 tua.
3578 3933 3840 4003 Septimus

2264 4036 2437 4080 autem
2462 4026 2570 4080 dies
2597 4014 2869 4079 sabbatum
2915 4032 2989 4083 est
3030 4014 3241 4078 Domini
3265 4023 3361 4079 Dei
3403 4026 3502 4091 tui,
3547 4043 3651 4081 non
3678 4026 3840 4096 [acies

2264 4135 2414 4173 omne
2451 4134 2578 4189 opus
2607 4120 2662 4173 in
2700 4136 2760 4172 eo
2800 4118 2996 4190 (Exod.
3048 4135 3153 4184 xx,
3204 4118 3331 4189 10).
3377 4118 3433 4173 in
3483 4135 3575 4174 sex
3629 4120 3840 4179 dierum

2262 4224 2424 4280 opere
2474 4224 2566 4263 sex
2614 4209 2837 4263 millium
2894 4219 3158 4264 annorum
3200 4210 3439 4278 operatio
3489 4210 3836 4265 cdntinetur:

2262 4305 2315 4358 in
2353 4305 2564 4373 septimi
2612 4318 2742 4357 vero
2789 4304 2994 4372 requie,
3046 4290 3191 4357 beati
3238 4300 3379 4357 illius
3426 4302 3575 4373 regni
3628 4310 3841 4374 tempus

2261 4396 2579 4458 ostenditur,
2623 4394 2766 4463 quod
2805 4393 3096 4447 carnaliter
3138 4390 3303 4447 Judaei
3352 4393 3686 4450 celebrantes
3739 4409 3835 4448 ex-

2262 4494 2523 4555 spectant.
2558 4484 2623 4538 Et
2651 4486 2753 4540 hoc
2777 4501 2842 4540 ne
2874 4494 2972 4538 nes
3005 4484 3072 4537 ad
3104 4481 3261 4537 ﬁdem
3301 4483 3561 4537 mendacii
3588 4482 3836 4537 fallentes

2262 4586 2527 4648 aptemus,
2557 4577 2757 4633 clamat
2803 4592 2899 4646 per
2927 4575 3242 4645 prophetam
3292 4572 3434 4627 Deus
3469 4592 3481 4627 :
3518 4560 3835 4629 Neomenias

584 4684 797 4735 Patrem
840 4676 1109 4746 pertinet,
1161 4672 1288 4726 dum
1336 4659 1511 4729 dicit':
1562 4665 1817 4720 Dominus
1859 4665 2001 4746 Deus
2041 4677 2161 4719 tuus
2194 4653 2241 4711 θ
2267 4678 2314 4721 et
2339 4670 2553 4722 sabbata
2583 4678 2751 4722 vestra
2779 4667 2937 4721 adivit
2964 4666 3141 4720 anima
3173 4661 3459 4732 mea(Isai.
3486 4680 3525 4729 ι,
3552 4664 3660 4735 l3).
3694 4664 3841 4732 Quo-

584 4772 722 4824 Deus
748 4784 881 4821 unus
921 4774 994 4818 est
1031 4762 1224 4834 (Exod.
1257 4776 1347 4823 xx,
1393 4758 1547 4812 Deut.
1588 4755 1663 4823 γ).
1717 4745 1910 4824 Utique
1938 4764 1999 4811 ut
2043 4756 2158 4810 haec

582 4864 804 4917 audiens
830 4871 993 4911 unum
1020 4853 1186 4907 Deum
1214 4852 1429 4906 Patrem
1455 4849 1622 4914 colas,
1648 4848 1778 4903 etin
1800 4848 1994 4903 multos
2018 4848 2155 4903 Deos

584 4952 987 5007 fornicationem
1019 4955 1167 4998 tuam
1212 4957 1317 4995 non
1368 4940 1628 4995 eﬂ'undas.
1677 4939 1978 4995 Secundum
2021 4955 2155 5008 pm

581 5052 795 5113 Ceptum
822 5042 1053 5110 pertinet
1080 5036 1144 5091 ad
1167 5035 1381 5095 Filium,
1406 5033 1531 5087 dum
1560 5033 1690 5087 dicit
1721 5050 1734 5085 :
1766 5032 1887 5086 Non
1924 5045 2155 5083 assumes

585 5152 769 5191 nomen
799 5133 1007 5186 Domini
1037 5133 1112 5185 tui
1133 5131 1188 5183 in
1209 5142 1417 5188 vanum,
1448 5124 1501 5180 id
1525 5131 1630 5188 est,
1660 5136 1726 5176 ne
1751 5124 1981 5177 aestimes
2006 5136 2156 5177 crea-

584 5238 761 5281 turam
808 5238 928 5279 esse
960 5223 1124 5275 lilium
1154 5220 1268 5282 Dei,
1297 5218 1551 5287 quoniam
1596 5214 1771 5269 omnis
1800 5212 1955 5284 3‘1
2005 5227 2158 5266 erea—

586 5331 703 5373 tura
730 5315 953 5371 vanitati
984 5311 1221 5380 subjecta
1249 5321 1361 5373 est;
1406 5308 1498 5363 sed
1527 5307 1718 5363 credas
1746 5320 1868 5359 cum
1897 5303 2153 5373 :equalem

585 5424 704 5464 esse
734 5406 901 5467 Patri,
945 5405 1113 5458 Deum
1142 5402 1387 5463 deonnn,
1418 5399 1652 5453 Verbum
1679 5396 1815 5467 apud
1841 5396 2032 5456 Deum,
2060 5408 2163 5463 per.

581 5514 741 5568 quem
766 5496 946 5552 omnia
971 5492 1115 5549 facta
1155 5498 1296 5547 sunt.
1337 5489 1576 5544 Tertium
1602 5488 1911 5543 mandatum
1942 5484 2008 5540 de
2030 5485 2154 5539 sab-

584 5596 708 5646 bato
735 5591 801 5644 ad
824 5589 1083 5659 Spiritum
1112 5593 1355 5640 sanctum
1398 5582 1645 5653 pertinet,
1674 5581 1825 5651 cujus
1848 5580 2045 5634 donum
2073 5592 2152 5636 ηις

585 5682 737 5748 quies
766 5678 920 5732 nobis
956 5676 1281 5745 sempiterna
1309 5671 1658 5743 promittitur.
1713 5669 1845 5724 Nam
1876 5668 1998 5741 quia
2036 5667 2089 5738 Si

592 5775 724 5826 ritus
763 5779 979 5825 sanctus
1010 5768 1223 5825 dicitur,
1274 5773 1552 5835 propterea
1588 5772 1638 5815 ct
1686 5762 1968 5829 septimam
2013 5760 2153 5815 diem

2266 4758 2424 4813 modo
2452 4772 2581 4827 ergo
2610 4758 2948 4812 sanctiﬁcata
3001 4762 3129 4808 sunt
3155 4754 3237 4809 vel
3276 4762 3435 4809 erunt
3478 4754 3702 4810 sabbata
3744 4754 3839 4810 illa

2269 4863 2388 4917 qua:
2423 4847 2589 4901 odivit
2621 4846 2795 4903 Deus?
2822 4845 2963 4916 Ergo
2991 4844 3275 4901 sabbatum
3302 4854 3386 4901 est
3414 4844 3830 4908 sanctiﬁcatum,

2267 4938 2357 4994 ubi
2384 4947 2504 5009 Post
2524 4938 2661 4993 bona
2689 4939 2811 4992 vitae
2835 4936 2993 5005 hujus
3021 4953 3184 5007 opera
3209 4939 3421 5008 requies
3454 4936 3607 4991 nobis
3632 4945 3835 4992 aiterna

2264 5030 2610 5099 promittitur.
2640 5029 2868 5097 Ideoque
2897 5027 3152 5099 quidquid
3181 5029 3411 5097 agimus,
3436 5027 3482 5080 si
3507 5037 3725 5098 propter
3752 5027 3838 5083 fu-

2263 5119 2366 5173 turi
2393 5119 2569 5174 szeculi
2602 5120 2837 5188 requiem
2868 5119 3095 5189 agimus,
3120 5118 3385 5173 veraciter
3418 5119 3702 5175 sabbatum
3736 5121 3839 5174 ob-

2262 5225 2561 5263 servamus.

2333 5301 2458 5356 Post
2479 5303 2591 5358 haec
2620 5304 2719 5358 tria
2744 5312 3011 5375 praecepta
3028 5303 3363 5373 septenarius
3389 5302 3626 5359 succedit
3647 5318 3835 5359 nume-

2264 5410 2357 5447 rus
2370 5394 2762 5461 mandatorum,
2778 5397 2845 5451 ad
2857 5395 3193 5451 dilectionem
3214 5394 3440 5465 proximi
3456 5394 3750 5461 pertinens,
3776 5400 3835 5447 et

2262 5484 2532 5553 ineipita‘o
2554 5487 2756 5542 honore
2784 5493 3087 5557 parentum,
3110 5488 3236 5541 dum
3256 5486 3480 5542 dicitur:
3502 5483 3719 5540 Honora
3738 5501 3833 5554 pa-

2260 5584 2390 5629 trem
2419 5587 2565 5631 tuum
2591 5587 2637 5630 et
2666 5586 2880 5630 matrem
2908 5586 3052 5631 tuam
3080 5577 3273 5646 (Exod.
3302 5592 3394 5641 xx,
3435 5575 3519 5646 l2)
3545 5594 3560 5640 ;
3587 5574 3729 5643 quod
3775 5571 3832 5627 in

2280 5654 2448 5725 n'dine
2477 5678 2723 5737 quartum
2751 5673 2852 5721 est.
2883 5667 2927 5722 Α
2969 5669 3280 5736 parentibus
3320 5668 3461 5723 enim
3508 5666 3621 5725 aiis
3671 5667 3832 5736 homo

2262 5761 2430 5827 aperit
2479 5759 2679 5823 oculos,
2712 5766 2762 5812 ct
2806 5760 2917 5813 hmc
2957 5761 3156 5814 \ita-ab
3189 5776 3371 5815 eorum
3403 5756 3683 5812 dilectione
3738 5772 3836 5811 su:
