4258 6222
529 336 624 391 571

1362 336 1422 391 Β.
1457 334 1518 389 Γ.
1560 333 1783 390 Αιθιλτ
1823 334 1953 389 εει]
1990 333 2264 390 Διειτιλῖ
2299 332 2586 392 OPERUM
2624 331 2803 388 PARS
2837 333 2901 389 Π.

3630 330 3735 388 872

523 460 684 514 scopo
709 444 923 500 humilis
960 443 1119 496 levita
1160 442 1412 499 Alcuinus
1436 440 1915 514 [Al.,‘Archoinus,
1942 456 2083 494 men-
2110 453 2154 510 Α
2184 457 2305 497 nem
2333 443 2637 498 ostendunt.
2668 442 2821 501 Unde
2866 452 2946 498 est
2992 452 3047 498 et
3087 442 3215 497 illud
3263 440 3603 498 Salomonis:
3637 441 3739 500 Ss-

524 535 672 607 dosc]
710 534 954 589 salutem.

594 628 727 682 Dum
763 636 1016 689 vestram,
1044 624 1344 681 venerande
1368 624 1547 688 Pater,
1578 624 1964 681 sanctissimam
1994 639 2081 678 vo—

523 714 780 771 luntatem
817 714 1090 768 catholica:
1121 713 1240 767 fidei
1272 711 1480 768 fervore
1509 714 1815 784 fulgentem,
1844 721 1898 768 et
1929 727 2082 768 sane—

524 813 593 860 ta:
614 786 892 859 cbar‘itatis
916 819 946 857 a
973 804 1082 858 Deo
1103 803 1255 859 donis
1288 804 1643 859 abundantem
1668 804 1881 874 agnovi,
1908 803 1997 866 ita,
2024 812 2084 857 ut

522 907 627 955 me,
678 893 955 946 minimum
1010 892 1202 946 divinze
1250 890 1541 961 Scriptura:
1590 892 1954 956 vernaculum,
2018 891 2081 947 de

522 981 706 1036 multis
724 980 1100 1036 θεειοοεὶιιειὶαη
1122 980 1397 1049 dignitatis
1428 980 1901 1035 consuetudinibus
1927 980 2079 1049 quasi

519 1070 735 1126 Patrem
764 1070 1041 1125 consulere
1062 1068 1334 1134 voluistis;
1375 1084 1443 1126 ne
1496 1069 1725 1124 fortasse
1748 1068 1949 1137 aliquid
1998 1083 2083 1122 ve-

520 1170 645 1214 strm
668 1160 959 1229 prudentia:
983 1159 1308 1227 incognitum
1338 1168 1658 1227 remaneret,
1675 1158 1863 1227 quid,a
1888 1158 2083 1227 quibus

519 1246 782 1325 Patribus,
806 1248 869 1303 de
894 1248 1049 1320 35,3
1071 1249 1305 1317 qualibet
1326 1264 1383 1304 re
1398 1250 1657 1304 sancitum
1670 1258 1831 1302 esset.
1856 1247 2084 1302 Proinde

519 1340 697 1394 subito
718 1355 895 1393 sermo
924 1340 1061 1392 inter
1082 1354 1178 1391 nos
1198 1338 1412 1393 habitus
1425 1340 1488 1391 de
1514 1340 1819 1408 paenitentia:
1844 1337 2079 1408 psalmis,

518 1427 610 1496 qui
663 1435 863 1490 essent,
924 1426 1007 1480 vel
1059 1427 1289 1495 qualiter
1339 1416 1688 1497 intelligendi,
1725 1426 1808 1482 vel
1851 1428 2083 1483 usitandi

519 1516 762 1581 fuissent,
804 1518 1132 1587 inquirebat;
1177 1533 1314 1588 quos
1345 1529 1545 1586 septem
1581 1533 1699 1572 esse
1720 1532 1786 1572 ex
1814 1518 2086 1573 venerabi-

518 1609 649 1664 lium
679 1609 896 1663 Patrum
931 1609 1252 1663 discretione
1312 1624 1435 1662 mox
1472 1609 1745 1663 inventum
1798 1618 1918 1663 est:
1973 1607 2084 1663 Nec

519 1716 623 1754 non
661 1701 799 1755 unde
822 1700 1049 1769 psalmus
1081 1701 1385 1755 centesimus
1435 1700 1664 1755 decimus
1711 1710 1919 1754 octavus
1972 1709 2081 1754 tam

2178 531 2395 599 pientia.
2430 532 2705 600 cediﬁcavit
2758 534 2857 586 sibi
2911 533 3118 585 domum
3146 572 3160 595 ,
3217 532 3407 586 excidit
3471 531 3737 587 columnas

2181 632 2369 691 septem
2398 621 2575 693 (Prov.
2605 639 2681 687 ix,
2708 624 2783 694 l),
2814 638 2932 692 qua:
2955 622 3243 695 longiorem
3279 630 3503 691 poscunt
3529 638 3736 679 sermo-

2182 725 2337 775 nem;
2366 711 2409 765 si
2436 719 2610 765 tamen
2633 719 2719 766 est
2742 712 2907 766 nostri
2938 711 3191 781 temporis
3219 712 3339 778 quis
3362 710 3597 771 idoneus,
3621 712 3739 766 uni.

2183 814 2336 856 versa
2362 800 2594 871 ejusdem
2628 801 2834 857 numeri
2856 801 3139 872 explanare
3163 800 3449 871 mysteria:
3474 802 3740 870 quietiam

2184 892 2237 947 in
2286 890 2545 961 principio
2598 898 2961 945 creaturarum
3019 890 3186 961 ipsius
3232 889 3503 946 Creatoris
3558 890 3741 959 requie

2183 994 2523 1039 consecratus
2548 991 2648 1045 est,
2692 991 2745 1035 et
2791 998 2930 1036 nunc
2958 983 3089 1036 ordo
3135 982 3449 1037 seculorum
3472 996 3567 1050 per
3594 996 3744 1036 eum-

2185 1073 2303 1128 dem
2353 1088 2633 1127 numerum
2677 1074 2971 1128 decurrere
3008 1080 3249 1135 constat;
3287 1072 3584 1141 quietiam,
3613 1072 3659 1127 si
3686 1074 3743 1130 in

2186 1160 2289 1216 duo
2312 1162 2563 1215 dividitur
2591 1162 2825 1215 membra
2850 1160 3067 1230 majoris
3104 1162 3363 1231 portionis
3415 1161 3744 1219 babitudiuis

2184 1264 2312 1313 suze,
2342 1250 2392 1305 id
2416 1258 2499 1305 est
2529 1251 2581 1304 in
2614 1259 2722 1305 tres
2745 1259 2800 1343 (ει
2826 1260 3075 1319 quatuor,
3106 1251 3343 1305 mirabile
3382 1252 3746 1307 universitatis

2184 1338 2345 1392 habet
2365 1353 2636 1392 arcanum.
2667 1337 2797 1391 Nam
2829 1338 2880 1391 in
2909 1338 3082 1393 tribus
3130 1347 3310 1393 sancta
3341 1338 3573 1391 Trinitas
3596 1353 3746 1393 crea—

2185 1427 2291 1481 trix
2316 1427 2551 1482 omnium
2576 1442 2693 1497 quae
2715 1437 2859 1491 sunt,
2882 1428 3215 1498 designatur;
3240 1437 3295 1482 et
3320 1428 3373 1482 in
3400 1438 3628 1497 quatuor
3643 1429 3745 1483 sci-

2184 1516 2327 1579 licet,
2366 1518 2687 1571 universitas
2709 1518 3106 1593 demonstratur
3136 1527 3531 1582 creaturarum;
3557 1534 3650 1574 seu
3677 1520 3747 1575 ob

2184 1608 2413 1677 quatuor
2434 1608 2613 1661 mundi
2644 1607 2854 1678 plagas;
2884 1609 2993 1662 sive
3013 1617 3232 1678 propter
3257 1618 3485 1677 quatuor
3508 1607 3745 1663 elemen-

2185 1707 2358 1751 torum
2374 1698 2631 1769 originem
2651 1714 2664 1760 ;
2691 1706 2783 1751 aut
2804 1698 2964 1752 etiam
2984 1707 3278 1767 temporum
3297 1696 3747 1777 distributionem,

520 1792 718 1847 celebri
754 1792 909 1846 laude
936 1808 949 1855 ;
974 1792 1071 1853 vel,
1106 1806 1205 1846 cur
1243 1800 1351 1844 tam
1394 1801 1649 1861 perpetua
1703 1791 2085 1845 consuetudine
2118 1793 2158 1851 Β
2187 1803 2304 1857 quae
2332 1787 2656 1857 quadrifarie
2674 1802 2894 1843 currere
2922 1786 3509 1855 noscunturzquocirca
3532 1793 3750 1855 propter

517 1882 790 1937 canonicis
822 1882 966 1935 horis
992 1881 1263 1934 decantari
1290 1879 1479 1934 solitus
1514 1879 1583 1935 sit
1613 1897 1625 1932 :
1668 1887 1759 1933 aut
1784 1880 1922 1933 unde
1940 1877 2083 1949 psal-

520 1971 594 2023 mi
650 1971 906 2039 graduum
956 1969 1285 2031 dicerentur,
1334 1982 1561 2035 quorum
1617 1967 1920 2035 quindecim
1967 1978 2087 2019 esse

520 2058 741 2119 nemini,
771 2056 961 2110 librum
1008 2056 1268 2110 lectitanti
1295 2067 1319 2095 ι
1347 2046 1697 2117 Psalmorum,
1728 2055 1945 2109 dubium
1967 2069 2087 2110 esse

523 2164 664 2204 reor.
698 2148 769 2201 De
792 2148 984 2215 quibus
1007 2156 1199 2200 vestra:
1223 2145 1578 2215 sagacissi’ma:
1608 2146 1875 2200 sanctitati
1900 2147 2088 2200 breves

518 2238 966 2309 expositiunculas
996 2238 1449 2307 quasi-quoddam
1492 2222 1855 2297 Encbiridion,
1906 2236 1958 2290 id
2005 2246 2089 2291 est

520 2329 816 2382 manualem
843 2329 1057 2391 librum,
1086 2327 1199 2380 fieri
1225 2327 1505 2396 ilagitastis
1533 2324 1638 2398 [ΑΙ.
1666 2325 1956 2397 ﬂagitatis].
1989 2326 2085 2383 Cui

521 2422 762 2491 petitioni
797 2420 925 2491 [Αι.,
966 2435 1067 2488 qua
1096 2417 1373 2490 petitione]
1411 2419 1664 2489 almitatis
1699 2428 1890 2473 vestra:
1921 2419 2089 2473 libens

520 2512 705 2572 annui,
745 2510 1077 2580 arreptisque
1135 2518 1441 2562 sanctorqu
1494 2506 1709 2561 Patrum
1751 2507 2086 2570 tractatibus,

517 2602 609 2670 qui
642 2602 853 2670 cepiose
891 2602 955 2654 dc
978 2596 1198 2667 singulis
1235 2600 1286 2653 in
1316 2598 1647 2652 Psalmorum
1678 2598 1813 2651 libro
1843 2597 2086 2650 versibus

519 2692 740 2746 scrutati
775 2698 926 2752 sunt;
960 2698 1223 2757 quatenus
1259 2686 1325 2739 de
1372 2688 1455 2741 bis
1482 2701 1710 2755 quoque,
1753 2684 1883 2754 quid
1933 2684 2099 2761 dice-.

519 2793 659 2843 rent,
708 2782 1039 2837 adnotarcm,
1092 2777 1353 2848 floresque
1392 2778 1697 2847 colligerem
1752 2777 2088 2833 dulcissimos

520 2872 585 2925 ad
615 2882 804 2925 vestrae
829 2869 1113 2922 voluntatis
1138 2866 1570 2920 satisfaciendum
1603 2865 1889 2919 desiderio.

592 2963 695 3017 Sed
726 2962 897 3031 primo
922 2960 1529 3011 omnium'numerorum
1564 2956 1827 3009 eruendas
1854 2956 2089 3009 rationes

520 3062 696 3105 ratum
728 3052 925 3120 putavi,
964 3051 1135 3102 idest.
1192 3064 1289 3102 cur
1326 3048 1487 3102 etiam
1528 3046 1715 3116 psalmi
1759 3047 2087 3113 paenitentiae

521 3143 824 3212 septenario
848 3156 1067 3194 numero
1092 3140 1385 3193 consecrati
1414 3138 1629 3192 essent?
1666 3145 1757 3191 aut
1783 3151 1948 3205 quare.
1967 3152 2092 3191 cen-

522 3241 604 3285 tes
629 3247 746 3284 mus
770 3232 1005 3284 decimus
1036 3237 1257 3281 octavus
1286 3228 1473 3295 viginti
1506 3228 1625 3281 dttal
1648 3244 1710 3281 us
1742 3228 1975 3297 periodis
2012 3228 2093 3282 di-

522 3321 813 3381 videretur,
840 3334 1063 3387 quorum
1092 3317 1284 3387 singuli
1318 3332 1439 3370 ueto
1463 3318 1721 3370 baberent
1751 3317 1966 3370 versus?
1988 3316 2093 3369 Aut

521 3407 648 3476 quid
674 3408 891 3463 rationis
914 3407 1001 3468 sit,
1032 3406 1331 3476 quindecim
1353 3421 1469 3459 esse
1499 3404 1748 3473 psalmos,
1767 3405 1855 3473 qui
1884 3406 2092 3460 cantico

523 3503 781 3568 graduum
808 3501 961 3553 titulo
995 3497 1482 3569 pta-signarentur?
1518 3497 1861 3552 Notissimuni
1897 3499 2094 3565 quippe

519 3596 618 3644 est.
648 3587 698 3639 in
721 3598 904 3642 sancta
931 3587 1205 3655 Scriptura
1225 3601 1470 3657 magnam
1492 3586 1689 3639 habere
1713 3583 2090 3653 perfectionem

523 3684 883 3749 scpicnarium
918 3682 967 3733 in
1009 3680 1397 3750 signifiCatione
1436 3679 1631 3747 ubique
1675 3692 1974 3741 numerum,
2010 3676 2092 3732 vel

522 3788 587 3826 ex
634 3790 698 3827 eo
744 3775 992 3835 maxime,
1024 3775 1165 3841 quod
1194 3774 1363 3825 sancti
1411 3771 1642 3840 Spiritus
1672 3772 1830 3835 dona,
1860 3771 2090 3840 prophe-

523 3864 611 3919 tali
641 3864 963 3925 definitione,
996 3863 1047 3915 in
1081 3862 1296 3916 Christo
1321 3858 1461 3922 esse,
1492 3862 1557 3915 ab
1578 3860 1709 3914 Isaia
1731 3847 1939 3914 summo
1966 3874 2090 3927 pro-

521 3957 804 4023 phetarum
831 3956 1029 4006 dictum
1082 3952 1207 4013 Ms.,
1233 3949 1567 4022 praedictum]
1592 3961 1691 4011 est,
1728 3950 1816 4002 ubi
1842 3949 1980 4004 idem
2011 3964 2093 4003 se-
2128 3964 2134 3970 '

520 4058 789 4101 cretorum
822 4046 1029 4100 Domini
1078 4045 1323 4100 conscius
1352 4044 1427 4097 ait
1461 4058 1474 4096 :
1504 4041 1815 4113 Egredictur
1840 4041 1983 4109 virga
2030 4040 2093 4093 de

523 4139 695 4192 radice
743 4138 909 4200 Jesse,
932 4147 979 4191 et
1004 4138 1099 4205 ﬂos
1127 4136 1189 4189 de
1219 4134 1391 4188 radice
1442 4135 1554 4201 ejus
1584 4134 1823 4185 ascendet
1868 4147 1885 4190 :
1924 4141 1975 4185 et
2016 4147 2095 4183 re-

517 4232 739 4299 quiescet
768 4246 921 4298 super
942 4246 1055 4280 eum
1087 4229 1298 4295 spiritus
1338 4226 1565 4288 Domini,
1592 4225 1802 4293 spiritus
1824 4224 2093 4286 sapientia

520 4331 566 4371 et
615 4319 917 4379 intellectus,
956 4320 1168 4388 spiritus
1212 4317 1414 4371 consilii
1441 4325 1488 4369 et
1513 4300 1857 4385 fortitudinis,
1881 4314 2093 4380 spiritus

522 4414 807 4466 scicntia'et
831 4412 1057 4481 pietatis,
1082 4421 1128 4463 ct
1150 4410 1358 4479 rcplebit
1383 4426 1497 4461 eum
1524 4408 1739 4475 spiritus
1757 4407 1959 4459 timoris
1984 4404 2089 4458 Do-

521 4507 648 4558 mini
681 4506 830 4573 (lsai.
864 4521 934 4565 xi,
965 4504 1041 4557 2t.
1066 4504 1181 4571 lpse
1219 4518 1430 4571 quoque
1471 4503 1723 4555 Dominus
1757 4510 1959 4569 srptcm
1991 4485 2160 4553 nos‘D

520 4596 781 4664 petitioni‘
807 4612 868 4650 us
910 4594 1198 4650 informare
1228 4593 1391 4647 voluit
1434 4592 1644 4663 (Matth.
1693 4608 1763 4651 vt,
1796 4593 1881 4663 9);
1931 4599 1983 4645 ct
2035 4591 2090 4643 in

520 4689 835 4757 Apocalypsi
864 4686 1084 4741 Joannis
1112 4688 1177 4755 (ι,
1206 4685 1259 4748 ι,
1294 4686 1376 4749 13,
1410 4684 1494 4749 lli)
1526 4694 1727 4753 septem
1772 4682 2091 4739 candelabra

524 4779 751 4838 vidisse;
778 4787 1088 4845 septemque
1115 4778 1316 4837 stellas.
1356 4792 1418 4831 ac
1468 4785 1671 4845 septem
1714 4790 1773 4830 se
1814 4776 2093 4847 scripsisse

526 4868 776 4922 Ecclesiis
822 4875 1063 4925 testatur.
1113 4876 1167 4919 et
1208 4868 1370 4919 multa
1424 4868 1524 4919 alia
1569 4867 1792 4935 sparsim
1821 4868 1873 4920 in
1900 4868 2093 4923 divinis

528 4962 864 5037 reperiuntur
892 4960 1058 5019 libris,
1085 4976 1201 5028 qua:
1229 4958 1512 5027 septenarii
1562 4959 1765 5012 numeri
1807 4959 2092 5027 perfectio—

530 5074 784 5127 adnotare
810 5082 949 5127 esset
976 5072 1392 5126 inutilissimum.
1426 5070 1480 5123 In
1506 5086 1569 5124 eo
1591 5070 1771 5123 codice
1820 5071 1931 5123 hmc
1958 5074 2091 5127 scri-

534 5153 620 5211 pta
651 5152 840 5194 erant:
884 5142 1008 5195 l'oto
1056 5144 1201 5195 bomr
1246 5144 1507 5193 memoria!
1548 5139 1840 5211 iMannom's
1866 5140 1993 5194 liber
2027 5144 2095 5196 ad

533 5210 819 5281 sepu’crum
848 5212 903 5281 Si.
938 5214 1171 5280 Augendi
1215 5212 1434 5265 oblatus.
1476 5232 1493 5260 ι
1534 5210 1655 5264 Fuit
1684 5225 1810 5281 (rgo
1837 5211 1967 5264 lilter
1996 5212 2095 5267 iste

538 5282 843 5335 monasterii
876 5280 931 5335 S.
970 5284 1205 5349 Augendi
1240 5282 1392 5341 vulso
1424 5282 1599 5349 Etlgen
1625 5282 1655 5333 li
1689 5280 2095 5336 in’Jurensihus

538 5352 685 5415 locis,
715 5353 853 5417 quod
887 5320 1124 5405 ηιοιιοδδ.
1164 5353 1365 5405 Claudii
1399 5324 1591 5406 diciiur
1620 5360 1673 5405 et
1708 5352 1916 5417 quidem
1948 5350 2093 5403 υιιιλ-

536 5430 619 5473 tus
645 5437 673 5473 a
700 5420 977 5483 Hannone,
1004 5420 1237 5486 ejusdem
1266 5422 1489 5475 cmnobii
1525 5422 1828 5490 prmposito,
1859 5422 1933 5476 ait
1980 5420 2087 5475 Illas

536 5490 646 5543 bill.
680 5490 867 5543 Annal.
897 5504 1021 5544 tom.
1053 5490 1114 5551 ll,
1139 5490 1229 5543 lib.
1263 5506 1435 5553 vxxn,
1462 5505 1582 5559 pag.
1604 5490 1725 5545 629.

606 5573 629 5599 ι
674 5560 943 5615 Lectitanu'
974 5561 1109 5629 apud
1144 5562 1429 5615 Acberium
1486 5562 1710 5615 baletur
1735 5580 1745 5615 :
1772 5560 1981 5615 Librum
2006 5560 2093 5613 de-

534 5629 933 5707 lictart‘tc,q_uod
977 5640 1277 5707 portentum
1306 5630 1588 5707 Acherium
1629 5630 1823 5707 (inquit
1869 5632 2127 5707 novissi--

537 5714 655 5751 mus
675 5697 937 5769 Spicilegii
967 5697 1160 5765 editor)
1184 5701 1253 5753 ita
1282 5700 1473 5754 terruit
1496 5740 1509 5759 ,
1562 5697 1705 5753 utin
1729 5697 1736 5698 ί
1760 5699 1876 5767 ejus
1920 5700 2090 5756 locum

539 5768 729 5835 puncta
758 5770 997 5831 ediderit,
1032 5771 1223 5836 quibus
1273 5771 1524 5823 indicaret
1570 5768 1655 5821 hic
1686 5770 1920 5823 nonnihil
1974 5786 2090 5821 esse

2185 1877 2858 1949 perfecramremissionem
2875 1885 3233 1946 peccatorum,
3250 1890 3406 1945 quam
3423 1875 3473 1929 in
3489 1875 3751 1943 baptismo

2186 1972 2509 2040 accepimus,
2537 1969 2620 2024 vel
2640 1971 2798 2023 etiam
2828 1970 3077 2039 lacrymis
3096 1966 3470 2029 confessionis,
3502 1976 3553 2020 et
3579 1965 3750 2036 pinni-

2188 2062 2385 2125 tcntiae,
2410 2061 2599 2130 psalmi
2631 2060 3021 2130 pmnitentiales
3045 2059 3347 2129 septenario
3375 2071 3599 2110 numero
3619 2070 3750 2110 con-

2187 2161 2483 2209 secrantur.
2510 2152 2598 2207 Sic
2624 2152 2785 2207 etiam
2814 2158 2868 2205 et
2888 2150 3076 2220 psalmi
3096 2148 3369 2204 novissimi
3393 2148 3444 2201 in
3467 2146 3751 2214 Psalterio,

2188 2243 2241 2296 in
2272 2242 2483 2295 laudem
2533 2240 2742 2294 Domini
2791 2239 2885 2295 Dei
2930 2240 3136 2302 aeterni,
3186 2240 3369 2294 eadem
3408 2236 3752 2307 perfectionis

2186 2332 2369 2402 regula
2394 2330 2697 2399 septenario
2725 2345 2947 2385 numero
2962 2332 3292 2385 dedicantur.
3319 2327 3562 2384 Psalmus
3582 2326 3751 2396 siqui-

2189 2424 2308 2478 dem
2338 2424 2661 2478 centesimus
2694 2431 2851 2492 atque
2880 2431 3101 2477 octavus
3144 2423 3401 2483 decimus,
3429 2420 3516 2475 cui
3540 2420 3603 2473 ad
3624 2434 3752 2488 pro-

2186 2515 2453 2569 bationem
2486 2514 2637 2585 [Ms.,
2667 2513 3059 2585 purgationem]
3093 2514 3303 2575 animat,
3336 2512 3642 2565 inluerendo
3667 2525 3751 2565 δας

2187 2604 2297 2658 eris
2326 2604 2655 2658 orationibus
2686 2604 2813 2668 Deo,
2849 2603 3022 2657 nullus
3058 2601 3375 2671 mquiparari
3420 2615 3575 2669 posse
3601 2608 3752 2669 puta-

2187 2705 2295 2758 tur,
2321 2694 2472 2765 justa
2498 2694 2836 2763 alphabetum
2869 2693 3144 2748 liebraica:
3194 2692 3386 2761 lingua:
3418 2690 3747 2760 compositus

2187 2795 2290 2849 est,
2312 2786 2396 2854 qui
2426 2786 2715 2839 secundum
2747 2799 3025 2837 numerum
3063 2782 3355 2837 litterarum
3387 2780 3622 2849 ejusdem
3647 2778 3751 2831 lin-

2188 2895 2305 2949 gnte
2337 2880 2519 2948 viginti
2544 2879 2751 2932 duobus
2789 2878 3023 2945 periodis
3050 2886 3297 2930 constare
3337 2874 3546 2926 videtur
3578 2887 3592 2924 :
3620 2887 3753 2941 quo-

2190 2986 2307 3024 rum
2336 2971 2560 3040 quisque
2607 2980 2729 3023 octo
2760 2984 2945 3024 versus
2986 2969 3161 3029 habet,
3211 2978 3421 3035 semper
3463 2964 3751 3018 secundum

2190 3062 2428 3115 ordinem
2453 3061 2715 3129 alpliabeti
2745 3062 2811 3113 ab
2836 3062 3020 3114 eadem
3066 3058 3379 3127 incipientes
3424 3056 3620 3116 littera,
3645 3053 3753 3107 for-

2119 3144 2165 3203 C
2197 3153 2355 3206 lassis
2380 3163 2596 3221 propter
2623 3152 2956 3221 evangelicas
2986 3161 3105 3205 octo
3138 3149 3506 3210 beatitudines,
3551 3148 3603 3200 in
3631 3145 3751 3215 qui-

2193 3246 2293 3299 bus
2347 3245 2589 3313 legalium
2631 3253 2840 3297 constat
2867 3258 2983 3296 esse
3028 3241 3283 3309 perfectio
3313 3248 3698 3308 prmeeptorum
3730 3253 3746 3289 :

2194 3337 2303 3390 sive
2331 3346 2547 3405 propter
2575 3344 2817 3389 octavam
2868 3333 3290 3392 circumcisionis
3336 3332 3497 3389 diem.
3550 3344 3669 3398 qua:
3699 3328 3752 3381 in

2192 3441 2330 3479 novo
2356 3427 2565 3479 homine
2600 3426 3037 3493 exspoliatienem
3068 3422 3357 3477 carnalium
3390 3420 3629 3489 designat
3657 3432 3752 3473 vo.

2192 3516 2449 3584 luptatum
2484 3533 2495 3566 :
2536 3512 2685 3582 cujus
2714 3516 2900 3583 psalmi
2931 3530 3115 3568 versus
3155 3523 3277 3567 sunt
3300 3512 3458 3566 simul
3482 3509 3755 3581 aggregati

2192 3607 2273 3660 bis
2324 3621 2580 3667 Lxxxvnt,
2638 3605 2787 3673 quasi
2842 3620 2937 3672 per
2966 3604 3145 3657 decem
3186 3602 3370 3671 legalia
3402 3610 3662 3670 prmcepta
3686 3598 3755 3656 ad

2188 3708 2310 3753 octo
2338 3697 2655 3766 evangelie'e
2704 3695 3044 3765 perfectionis
3096 3693 3453 3749 beatitudines
3493 3707 3753 3747 ascensus

2191 3795 2505 3855 putesceret.
2561 3786 2710 3841 Unde
2764 3786 2891 3839 milii
2938 3787 3095 3839 modo
3148 3785 3295 3839 locus
3342 3792 3485 3839 esset
3534 3785 3755 3840 idoneus

2193 3877 2489 3945 disputandi
2516 3876 2579 3929 de
2601 3876 2830 3929 mirabili
2874 3891 3217 3931 numerorum
3261 3877 3605 3945 cengruentia
3631 3891 3753 3930 cum

2192 3968 2380 4023 salutis
2404 3977 2599 4022 nostra:
2627 3966 2923 4037 mysteriis,
2973 3966 3019 4021 si
3061 3966 3187 4025 alibi
3230 3967 3403 4021 oratio
3444 3980 3551 4020 non
3580 3965 3754 4020 inten-

2193 4058 2359 4113 deret.

2263 4147 2422 4219 344
2451 4149 2709 4203 Similiter
2727 4163 2853 4205 vero
2872 4157 2928 4206 ct
2956 4151 3021 4206 de
3041 4149 3259 4218 psalmis
3296 4151 3552 4216 graduum
3599 4150 3758 4219 quin-

2193 4240 2364 4295 decim
2424 4240 2815 4310 pulcherrimus
2873 4240 3202 4293 ascensionis
3259 4241 3391 4293 ordo
3448 4240 3756 4309 designatur

2195 4347 2363 4399 usque
2390 4332 2456 4385 ad
2498 4332 2853 4394 ccenaculum,
2903 4332 2955 4385 in
3000 4346 3107 4399 quo
3159 4331 3387 4399 Spiritus
3430 4341 3649 4387 sanctus
3698 4330 3755 4387 in

2194 4423 2361 4492 igneis
2392 4423 2585 4493 linguis
2627 4438 2745 4476 cum
2776 4422 3046 4480 ﬂammatu
3091 4420 3247 4494 μὴ..
3269 4420 3417 4493 ﬂatu]
3455 4422 3757 4477 vehementi

2190 4528 2350 4581 super
2374 4515 2587 4567 nomina
2618 4514 2850 4567 virorum
2876 4501 3089 4568 centum
3122 4513 3307 4582 viginti
3350 4522 3589 4566 venerat.
3616 4513 3757 4580 Ergo

2190 4603 2231 4655 si
2275 4612 2583 4672 cmnputare
2634 4604 2661 4642 ι’
2710 4603 2931 4671 incipies
2972 4604 3208 4672 singulos
3253 4620 3504 4658 numeros
3543 4605 3611 4659 ab
3653 4618 3757 4659 uno

2191 4708 2358 4759 usque
2402 4695 2467 4746 ad
2513 4694 2841 4762 quindecim,
2868 4703 2921 4745 et
2950 4708 3162 4747 omnem
3204 4708 3463 4749 summam
3494 4712 3677 4751 eorum
3702 4697 3755 4751 in

2191 4798 2351 4836 uuum
2381 4784 2727 4853 congregatus
2785 4784 3082 4849 cumulum,
3134 4796 3347 4843 centum
3379 4788 3564 4857 viginti
3610 4804 3759 4858 repe—

2192 4875 2318 4939 ries,
2344 4875 2394 4928 id
2424 4884 2527 4936 est,
2560 4876 2624 4928 de
2652 4884 2733 4928 ter
2760 4876 2939 4945 quinis
2963 4885 3044 4931 ter
3065 4879 3434 4949 quadragenOs
3463 4878 3638 4942 nasci;
3664 4895 3759 4931 nu-

2192 4980 2397 5019 merum
2428 4966 2693 5031 videlicet,
2716 4968 2892 5036 inquo
2916 4968 3121 5039 Moyses
3141 4968 3436 5039 jejuuando
3458 4969 3626 5039 legem
3653 4982 3761 5021 me-

2190 5075 2326 5145 vitii.
2353 5075 2494 5129 idem
2522 5092 2646 5130 vero
2674 5077 2846 5131 editor
2886 5078 2970 5131 ille
3000 5079 3290 5140 existimat,
3320 5077 3435 5130 loco
3489 5077 3760 5131 delictante
3814 5114 3825 5145 μ

2194 5144 2469 5211 legendum
2510 5162 2629 5200 esse
2649 5146 2944 5211 delectanti,
2976 5163 3038 5200 eo
3078 5163 3161 5200 em
3199 5149 3450 5201 nimirum
3475 5161 3632 5203 sensu
3656 5163 3759 5214 quo

2194 5217 2413 5268 verbum
2462 5216 2714 5286 delectare
2761 5219 3018 5286 accipitur
3071 5219 3121 5270 in
3188 5219 3495 5271 narratione
3547 5217 3755 5269 Transl.

2193 5299 2473 5355 corporum
2505 5283 2601 5339 SS.
2642 5283 2959 5355 Ragnoberti
2987 5294 3039 5355 et
3068 5287 3294 5342 Zenonis
3317 5303 3433 5355 cap.
3463 5287 3513 5355 5,
3540 5295 3668 5338 tom.
3694 5286 3757 5350 ll,

2196 5352 2376 5421 Spicil.
2409 5354 2461 5408 ln
2498 5352 2745 5429 utroque
2765 5359 2945 5429 codice
2996 5352 3756 5429 Salisburgensi'etSun-Em;

2195 5426 2509 5495 moramensi
2546 5426 2787 5485 habetur,
2818 5426 3150 5479 Lectitautcut
3170 5469 3182 5486 ,
3238 5424 3377 5495 Quod
3403 5426 3619 5481 dubium
3648 5424 3757 5482 nul-

2196 5492 2301 5565 lum
2339 5495 2588 5565 relinquit
2619 5498 2893 5565 legendum
2921 5510 3037 5549 esse
3062 5492 3349 5549 Lectitanti.

2266 5562 2807 5645 bﬂSicur'esdtuirex
2841 5566 3053 5645 ingenio
3080 5567 3353 5645 Baluaius;
3406 5581 3529 5645 nam
3556 5566 3609 5645 i_n
3637 5563 3752 5619 cod.

2286 5633 2510 5753 (ilaudii,
2541 5636 2757 5705 perinde
2787 5650 2849 5687 ac
2880 5630 2930 5689 in
2976 5638 3139 5705 priori
3168 5637 3416 5699 editione,
3447 5635 3718 5706 legebatur
3738 5673 3751 5694 .

2196 5720 2299 5753 sm!
2340 5714 2525 5753 mrlnn.

2193 5714 2320 5753 Sicut
2338 5714 2525 5770 putari.
