4258 6214
540 354 642 411 573

1119 351 1520 408 EXEGETICA.
1560 379 1633 393 —-—
1662 348 2020 406 EXPOSITIO
2055 349 2122 405 IN
2159 350 2348 405 PSAL.
2384 348 2978 414 Ρωκπεκτωιεε,
3016 348 3165 405 ετε.

3642 351 3745 410 876

541 464 651 543 ruit
694 461 950 532 recipere,
998 436 1089 514 vel
1110 458 1252 514 Elias
1275 459 1569 529 prophetali
1612 460 1804 529 spiritu
1828 458 2088 515 exaltatus
2113 462 2164 521 Α
2259 459 2437 542 Mundi
2466 466 2605 515 ’sunt
2628 459 2873 516 videlicet
2900 460 3080 525 corde,
3126 475 3261 529 quos
3287 460 3429 515 nulla
3461 462 3748 533 cujuslibet

537 552 759 625 αις,νά
782 553 943 607 etiam
973 551 1082 621 ipse
1130 551 1383 607 Dominus
1433 560 1617 607 noster
1655 550 1821 619 Iesus
1847 549 2093 608 Christus

538 652 659 716 post
695 642 954 714 jejunium
981 640 1329 717 quadraginta
1374 640 1580 715 dierum
1629 648 1947 699 teutatorem
1974 638 2090 709 glo-

540 733 683 806 riose
700 731 831 809 vicit
856 730 1165 801 malignum.
1664 790 1667 793 γ
1926 774 1938 793 μ.
1991 796 1994 799 η

607 818 969 893 Ηίεόιηιιὼιιε
996 820 1364 887 consideratis,
1405 830 1604 892 quanta
1632 819 1703 878 sit
1746 836 2091 887 numerorum

534 900 847 971 excellentia
875 915 929 969 iu
970 914 1163 970 divinis
1210 912 1522 984 Scripturis,
1575 922 1632 969 et
1656 928 1816 985 quam
1846 929 2090 973 necessa-

541 1008 679 1063 rium
732 1007 804 1063 sit
845 1022 938 1062 eas
990 1005 1287 1077 legentibus
1338 1005 1547 1060 illorum
1593 1020 1749 1061 nosse
1790 1006 2088 1071 scientiam,

535 1096 816 1173 perspicue
864 1102 1049 1167 patet:
1077 1110 1175 1167 per
1212 1109 1347 1164 quos
1390 1094 1549 1149 etiam
1592 1093 2092 1173 seculorum‘ordo

536 1185 791 1249 decurrit,
813 1194 868 1241 et
888 1194 1082 1243 nostra!
1111 1185 1231 1238 vita:
1251 1186 1389 1239 ratio
1414 1193 1643 1263 constat.
1673 1184 1823 1244 Unde
1837 1187 1895 1239 in
1908 1196 2090 1243 sancta

534 1272 812 1346 Scriptura
860 1274 1073 1345 legitur,
1123 1274 1405 1331 Dominum
1461 1274 1771 1335 Creatorem
1816 1277 1992 1331 omnia
2038 1278 2091 1331 in

532 1380 779 1432 numero,
808 1366 1062 1437 pondere,
1092 1374 1146 1419 et
1178 1379 1441 1431 mensura,
1472 1364 1660 1420 fecisse
1687 1364 1837 1437 (Sap.
1871 1383 1947 1431 xi,
1976 1366 2088 1438 ει).

532 1455 792 1525 Quocirca
845 1454 926 1510 fas
976 1467 1094 1509 esse
1142 1455 1373 1519 videtur,
1428 1463 1665 1510 sanctam
1719 1456 2089 1511 auctoritatem

530 1557 766 1602 vestram
789 1546 1013 1617 juvenes
1058 1545 1327 1605 exhortari
1378 1545 1702 1617 ingeniosos,
1734 1544 1786 1599 in
1818 1544 2010 1601 talibus
2035 1561 2092 1601 se

531 1652 785 1693 exercere
800 1637 989 1691 studiis
1004 1635 1209 1691 discant
1230 1635 1482 1695 ferventia
1508 1637 1680 1691 artatis
1706 1636 1916 1707 ingenio
1937 1635 2063 1709 (Ms.
2076 1676 2090 1702 ,

530 1726 755 1782 ferventi
785 1727 957 1779 :etatis
977 1723 1233 1807 ingenio],
1262 1733 1320 1803 ut
1344 1726 1573 1785 habeant
1594 1736 1802 1780 maturo
1829 1741 2090 1780 annorum

530 1824 772 1885 tempore
816 1813 944 1883 quid
996 1812 1222 1867 doceant
1274 1812 1560 1883 discipulos
1614 1829 1769 1879 suos;
1827 1822 2089 1883 quatenus

531 1917 709 1964 vestra
732 1908 1017 1963 sanctitate
1062 1906 1338 1976 diligenter
1354 1905 1673 1975 praedicante
1704 1904 1918 1973 plurimi
1961 1919 2089 1959 eru-

532 1998 748 2053 diantur
769 1998 821 2051 in
849 1996 966 2067 lege
989 1995 1217 2050 Domini.
1241 1994 1545 2049 Sacerdotis
1560 1994 1753 2061 quippe
1783 2001 1865 2047 εδῑ
1892 2008 1955 2047 ex
1980 1994 2089 2070 alto

527 2086 776 2143 culminis
820 2084 1032 2156 fastigio
1081 2085 1370 2155 prmdicare
1414 2080 1569 2156 [Ms.,
1616 2082 1929 2155 prmvidere]
1959 2084 2086 2153 quid

527 2178 613 2233 cui
638 2178 918 2233 conveniat
948 2192 1205 2246 persona,
1239 2176 1433 2246 quibus
1460 2176 1673 2245 pascuis
1719 2174 1922 2229 nutriat
1964 2190 2086 2243 gre-

528 2284 647 2341 gem
679 2269 780 2323 sibi
830 2269 1193 2333 commissum,
1242 2283 1309 2322 ne
1350 2266 1484 2322 forte
1526 2266 1774 2337 quaelibet
1819 2283 1883 2322 ex
1930 2282 2089 2339 grege

528 2359 739 2415 oricula
792 2373 996 2421 errans,
1044 2357 1270 2426 pastoris
1318 2345 1634 2427 negligentia
1674 2357 1865 2426 lupinis
1911 2368 2089 2426 pateat

526 2452 825 2527 morsibus.
873 2450 1243 2519 Unusquisque
1295 2449 1537 2519 equidem
1586 2450 1772 2503 doctor
1822 2450 2085 2503 rationem

528 2552 761 2613 accepta:
806 2541 1045 2610 pecuniae
1091 2540 1395 2594 redditurus
1449 2546 1531 2593 est
1575 2539 1790 2593 domino
1835 2554 1948 2601 suo,
1990 2555 2089 2594 nec

526 2649 749 2706 parvum
773 2634 871 2687 sibi
898 2633 1147 2704 quislibet
1172 2640 1353 2703 pastor
1386 2632 1547 2702 fingat
1589 2633 1639 2685 in
1691 2634 1868 2687 animo
1914 2633 2088 2686 immi-

526 2742 655 2782 nere
678 2726 994 2795 periculum,
1029 2724 1193 2779 multa
1224 2723 1384 2777 millia
1414 2722 1711 2777 animarum
1741 2724 1793 2777 in
1825 2725 2085 2777 rationem

527 2817 717 2874 anima:
742 2817 1041 2886 suscepisse
1070 2833 1179 2872 suce
1206 2835 1218 2871 :
1250 2815 1453 2871 laboret
1478 2814 1712 2870 studiose
1734 2814 1787 2868 in
1809 2815 1967 2870 domo
1991 2816 2083 2869 Dei

527 2910 717 2965 doctor
737 2911 926 2975 bonus,
950 2916 1007 2963 ut
1033 2919 1301 2965 mereatur
1326 2910 1551 2981 gloriose
1572 2907 1818 2963 coronari
1845 2909 1895 2961 in
1922 2922 2084 2978 regno

526 3000 624 3057 Dei
655 3017 669 3057 :
704 3010 912 3072 tempus
940 3003 1119 3071 itaque
1148 2995 1343 3057 laboris
1368 3002 1589 3055 transiet
1614 3001 1742 3065 cito,
1766 3002 1935 3055 beatae
1958 3016 2084 3054 vero

527 3097 899 3153 retributionis
925 3111 1193 3165 nunquam
1226 3095 1457 3148 finietur.
1500 3093 1553 3147 Si
1586 3094 1727 3147 enim
1754 3092 1982 3147 feliciter
2006 3093 2083 3146 vi-

527 3206 654 3261 vere
681 3206 998 3259 quatramus,
1037 3190 1159 3243 illuc
1185 3188 1361 3243 animo
1405 3187 1685 3240 tendamus
1713 3186 1799 3239 ubi
1848 3200 1973 3239 vera
2006 3194 2088 3239 est

526 3280 770 3344 felicitas,
802 3280 869 3334 ad
898 3295 1053 3349 quam
1084 3295 1187 3333 non
1217 3279 1316 3333 nisi
1349 3278 1608 3332 charilate
1642 3274 1886 3331 suffultus
1932 3290 2088 3331 nemo

523 3372 802 3443 pervenire
834 3372 1046 3439 poterit,
1075 3386 1192 3438 qua:
1218 3386 1315 3429 nos
1355 3371 1419 3423 de
1447 3368 1672 3423 terrenis
1703 3367 1852 3420 tollat
1881 3368 1947 3423 ad
1982 3382 2089 3422 coe-

524 3459 699 3514 lestia.
732 3459 872 3511 Nihil
900 3460 1093 3525 saepius
1117 3454 1298 3513 inhac
1328 3460 1434 3511 vita
1466 3468 1664 3511 nostra:
1702 3456 2088 3525 peregrinatio-

523 3550 607 3603 nis
632 3548 811 3602 animo
850 3548 1186 3610 meditemur,
1239 3547 1339 3600 nisi
1390 3548 1617 3615 qualiter
1668 3546 2006 3613 Redemptori
2034 3554 2087 3598 et

522 3640 695 3696 Iudici
745 3650 931 3695 nostro
970 3640 1297 3708 placeamus,
1342 3640 1571 3692 scientes
1597 3640 1736 3707 quod
1767 3640 1852 3691 hic
1877 3654 2087 3705 semper

524 3746 629 3785 non
659 3732 878 3794 erimus,
910 3728 1000 3785 sed
1028 3730 1079 3783 in
1110 3730 1211 3783 alia
1241 3728 1467 3798 quadam
1497 3729 1601 3781 vita
1627 3743 1835 3796 semper
1861 3727 2080 3781 erimus.

524 3819 695 3885 Quam
728 3820 889 3873 miser
920 3827 1022 3881 est,
1054 3819 1144 3887 qui
1169 3819 1233 3893 de
1257 3820 1413 3889 hujus
1436 3818 1777 3872 mortalitatis
1800 3818 1998 3880 labore,
2030 3818 2083 3870 in

529 3912 783 3979 majorem
814 3908 1150 3963 mortalitatis
1178 3907 1325 3979 [Ms.,
1361 3908 1776 3976 inmortalitatis]
1812 3908 2083 3979 perveniet

523 4004 785 4064 laborem;
809 4008 1036 4069 etquam
1053 3999 1173 4054 felix
1199 4010 1299 4062 est,
1324 3998 1415 4068 qui
1444 4000 1507 4053 de
1527 4000 1627 4054 hoc
1648 4000 1830 4053 labore
1858 3998 2083 4052 transiet

524 4093 577 4146 in
611 4092 871 4162 requiem,
898 4091 1049 4161 cujus
1078 4090 1253 4144 nullus
1283 4090 1385 4143 erit
1414 4104 1646 4156 unquam
1684 4087 1821 4141 finis.
1855 4087 2081 4142 Proinde

522 4199 625 4238 non
657 4183 993 4238 transitorios
1014 4196 1253 4236 amemus
1293 4180 1526 4244 divitias,
1576 4182 1668 4235 sed
1716 4195 1924 4249 semper
1971 4194 2082 4233 ma-

522 4281 725 4329 nentes.
758 4273 1012 4328 Dominus
1041 4272 1194 4328 Jesus
1236 4287 1338 4326 non
1380 4271 1533 4326 nobis
1582 4272 1826 4341 promisit
1854 4272 2081 4327 honores

522 4378 876 4431 transeuntes,
908 4365 999 4422 sed
1034 4372 1344 4434 perpetuos;
1387 4379 1491 4417 non
1543 4363 1764 4433 gloriam
1790 4372 2075 4425 terrenam,

520 4460 613 4513 sed
636 4458 933 4518 caelestem;
964 4470 1069 4508 non
1103 4454 1190 4507 hic
1220 4453 1607 4520 longaavitatem
1656 4453 1792 4515 vitm,
1837 4452 1925 4504 ubi
1953 4466 2075 4518 pec-
2106 4481 2152 4539 υ

521 4555 644 4601 cato
671 4545 958 4607 nascimur,
984 4542 1164 4596 labore
1188 4542 1433 4605 vivimus,
1458 4540 1640 4611 dolore
1666 4540 1951 4604 morimur;
1982 4540 2073 4594 sed

519 4636 573 4690 in
601 4634 926 4689 beatitudine
968 4641 1222 4702 perpetua
1265 4629 1394 4702 [.4l.,
1423 4629 1679 4703 perfecta]
1703 4639 1954 4685 aeternam
1982 4646 2077 4684 no.

518 4725 604 4781 bis
624 4723 1079 4794 promisitvitam;
1106 4732 1159 4776 et
1188 4739 1290 4780 non
1322 4724 1585 4791 perituras
1625 4723 1902 4793 spopondit
1946 4724 2077 4777 divi-

521 4817 642 4879 tias,
666 4816 758 4870 sed
788 4828 997 4880 semper
1022 4800 1326 4879 manentes:
1349 4813 1506 4883 hujus
1526 4829 1651 4869 vero
1675 4815 1851 4869 szeculi
1882 4814 2079 4868 divitia:

519 4905 672 4959 bonis
698 4902 954 4971 malisque
978 4896 1427 4956 communesiesse
1452 4904 1715 4967 videntur,
1740 4906 1933 4975 quibus
1954 4904 2077 4958 lzoni

519 4996 655 5049 bene
684 5004 908 5049 utuntur
933 4992 999 5047 ad
1032 5001 1367 5062 augmentum
1392 4994 1577 5047 salutis
1598 4996 1698 5049 sibi
1722 4982 2081 5065 scmpiternie,

522 5086 647 5139 mali
674 5100 801 5139 vero
824 5085 962 5140 male
991 5093 1210 5138 utuntur
1237 5084 1317 5137 eis
1344 5084 1408 5137 ad
1431 5084 1781 5152 perditionem
1819 5086 1918 5139 sui.
1948 5085 2077 5140 Illud

521 5192 647 5231 vero
676 5176 922 5246 promisit
968 5177 1224 5231 Dominus
1266 5176 1403 5229 Deus
1431 5176 1691 5230 charitate
1728 5174 2074 5239 ferventibus,

520 5282 628 5337 quo
650 5266 782 5321 nihil
806 5265 1014 5321 beatius
1034 5281 1152 5321 esse
1174 5266 1385 5335 poterit,
1418 5265 1469 5320 id
1496 5273 1595 5328 est,
1634 5275 1939 5336 perpetuam
1970 5280 2079 5320 suae

521 5355 865 5412 beatitudinis
889 5355 1163 5417 visionem,
1198 5358 1263 5411 ad
1291 5372 1446 5426 quam
1480 5356 1731 5411 mundato
1756 5357 1914 5411 corde
1935 5355 2077 5410 festi-

521 5448 753 5503 nandum
783 5457 884 5513 est,
913 5448 1049 5504 sicut
1068 5448 1179 5516 ipsa
1210 5449 1418 5502 Veritas
1438 5450 1509 5502 ait
1535 5464 1549 5500 :
1574 5448 1720 5502 Beati
1748 5448 1937 5501 mundo
1968 5464 2078 5499 cor—

525 5538 607 5603 de,
638 5538 882 5608 quoniam
913 5538 1012 5607 ipsi
1035 5536 1198 5591 Deum
1237 5538 1471 5591 ridebunt
1496 5535 1701 5609 (Matth.
1729 5554 1802 5601 ix,
1835 5536 1908 5605 8).

595 5683 616 5709 ι
654 5671 712 5726 In
740 5671 855 5727 cod.
884 5685 988 5739 quo
1016 5670 1273 5727 Acherius
1309 5685 1436 5724 usus
1460 5680 1578 5727 est.
1629 5685 1727 5721 vos
1780 5670 1903 5738 felix
1932 5710 1942 5725 .
1993 5670 2077 5722 hic.

528 5741 677 5795 uncis
702 5738 921 5806 inclusa,
956 5738 1051 5793 fuit
1081 5742 1295 5803 omissa,
1326 5748 1377 5793 et
1402 5742 1452 5794 in
1492 5739 1610 5801 fine,
1636 5753 1731 5807 pro
1753 5754 1905 5793 versu
1934 5753 2076 5793 rom-

2191 539 2407 605 malitia:
2452 550 2659 606 macula
2700 550 3017 615 conturbat,
3059 552 3153 621 qni
3198 559 3343 613 casta
3374 562 3550 628 mente
3578 555 3748 613 Deum

2190 639 2408 715 laudare
2438 640 2746 729 Lmlestibus
2769 640 2984 713 hymnis
3004 648 3337 696 assuescant.
3365 641 3430 697 lli
3456 633 3749 714 angelicam

2190 731 2245 786 in
2268 732 2428 813 terris
2454 739 2617 800 agunt
2640 731 2824 792 vitam,
2845 730 2937 802 qui
2976 731 3029 786 in
3082 730 3176 787 Dei
3215 729 3457 804 laudibus
3481 733 3749 806 laetantur,

2188 830 2242 878 et
2269 821 2576 892 psalmodia:
2597 837 2731 892 puro
2755 814 2915 877 corde
2944 819 3294 893 delectantur.
3342 822 3527 881 Nullus
3554 835 3751 881 morta-

2189 911 2318 987 lium
2347 912 2599 986 virtutem
2628 910 2955 982 psalmorum
2979 910 3209 981 pleniter
3242 911 3510 991 explicare
3534 916 3750 983 poterit.

2187 1005 2243 1059 In
2273 1004 2357 1060 bis
2380 1004 2742 1060 confessiones
2760 1013 3123 1074 peccatorum,
3170 1005 3223 1061 in
3250 1004 3335 1060 his
3362 1007 3756 1077 panitentiales

2187 1094 2435 1165 lacrymze
2472 1095 2790 1157 excitantur,
2835 1095 2887 1149 in
2915 1094 3001 1150 bis
3027 1096 3369 1165 compunctio
3395 1096 3573 1153 cordis
3600 1113 3755 1153 reno-

2189 1192 2361 1248 vatur,
2387 1200 2510 1239 nam
2541 1194 2683 1240 totus
2700 1183 3032 1241 Psalmorum
3061 1185 3196 1259 liber
3220 1186 3525 1242 coelestibus
3551 1189 3756 1243 redolet

2189 1274 2477 1345 mysteriis,
2510 1274 2835 1344 spiritalibus
2862 1273 3096 1329 abundat
3113 1266 3411 1345 praeceptis,
3444 1261 3637 1330 divinis
3664 1290 3749 1330 rc-

2186 1363 2361 1432 pletus
2382 1372 2464 1418 est
2484 1362 2745 1418 laudibus.
2766 1363 3077 1432 Quicunque
3099 1362 3331 1433 psalmos
3357 1362 3557 1417 intenta
3575 1371 3752 1419 mente

2188 1454 2495 1526 decantare,
2528 1461 2583 1507 et
2610 1454 2842 1508 scrutari
2870 1452 3071 1515 didicit,
3104 1452 3337 1507 inveniet
3361 1454 3413 1508 in
3439 1453 3517 1509 eis
3532 1467 3753 1509 omnem

2188 1542 2373 1597 salutis
2399 1551 2596 1597 nostra:
2622 1542 3071 1612 diSpensationem
3101 1538 3432 1611 praedictam,
3456 1543 3623 1598 miras
3641 1558 3753 1599 om.

2190 1632 2397 1687 festium
2417 1632 2778 1702 jucunditates
2802 1632 3134 1702 gaudiorum.
3316 1623 3343 1645 ’³

2257 1724 2415 1797 345
2443 1724 2700 1787 Proinde,
2741 1725 3076 1779 sanctissime
3104 1722 3280 1788 Pater,
3304 1723 3526 1778 hortare
3555 1722 3748 1781 fratres

2118 1799 2163 1857 Β
2192 1826 2427 1879 sanctos,
2450 1829 2632 1869 eorum
2676 1813 2955 1887 diligenter
2985 1815 3249 1870 discutere
3290 1812 3429 1887 [Με.
3450 1854 3465 1878 .
3511 1811 3751 1887 discere]

2189 1920 2405 1970 sensus;
2463 1915 2521 1958 ut
2547 1906 2715 1960 sciant
2750 1901 2809 1958 et
2858 1903 3157 1975 intelligant
3204 1902 3363 1958 corde
3406 1902 3531 1972 quid
3563 1917 3656 1958 ore
3696 1911 3753 1960 et

2185 1996 2365 2069 lingua
2402 2004 2666 2057 resonent,
2697 1995 2986 2065 apostolico
3017 1995 3203 2049 imbuti
3235 1995 3477 2065 exemplo
3503 2035 3519 2060 ,
3569 1994 3659 2066 qui
3687 1995 3753 2050 de

2187 2088 2361 2158 seipso
2379 2087 2579 2142 dixisse
2618 2087 2849 2157 legitur:
2879 2086 3111 2140 Psallam
3158 2086 3345 2155 spiritu
3371 2126 3386 2148 ,
3432 2084 3652 2157 psallam
3702 2094 3753 2139 et

2186 2186 2351 2231 mente
2376 2192 2394 2229 :
2425 2176 2582 2230 orabo
2608 2162 2985 2245 spiritu,"orabo
3010 2186 3057 2228 et
3080 2185 3245 2229 mente
3268 2174 3323 2236 (Ι
3349 2174 3470 2228 Cor.
3497 2190 3608 2239 xlv,
3643 2172 3747 2245 l5).

2187 2266 2359 2320 Verba
2386 2265 2645 2335 siquidem
2676 2265 2942 2320 cantantis
2971 2279 3123 2319 mens
3150 2264 3438 2319 meditetur
3457 2264 3755 2334 intelligen-

2188 2358 2258 2411 tis
2288 2356 2484 2428 [Edit.,
2520 2356 2926 2429 intelligentes],
2961 2356 3083 2427 quia
3109 2356 3332 2410 Domino
3356 2364 3635 2425 patescunt
3659 2370 3751 2411 co-

2186 2447 2470 2516 gitationes
2488 2448 2841 2517 singulorum,
2873 2449 2960 2516 qui
2990 2463 3085 2502 cor
3104 2447 3390 2502 contritum
3418 2454 3472 2501 et
3500 2446 3747 2500 humilia-

2188 2546 2297 2591 tum
2324 2537 2374 2595 in
2400 2551 2557 2607 prece
2600 2538 2665 2592 ad
2691 2553 2747 2591 Se.
2775 2538 3115 2591 clamantium
3148 2553 3250 2590 non
3297 2522 3523 2607 spernit.
3566 2535 3747 2606 Siqui-

2187 2629 2304 2682 dem
2330 2626 2492 2699 [λίβη
2522 2626 2690 2700 sicut]
2722 2628 2935 2698 quidam
2979 2627 3293 2697 sapientium
3344 2627 3418 2681 ait
3448 2624 3751 2697 [liumiliati

2186 2733 2370 2786 preces
2384 2718 2889 2787 coalumasccntlunt
2908 2716 2949 2789 ]'.
2983 2717 3291 2771 Humilitate
3312 2725 3366 2769 et
3388 2714 3749 2770 misericordia

2186 2806 2383 2862 Christi
2406 2806 2589 2860 salvati
2617 2822 2821 2870 sumus,
2852 2807 2940 2876 qui
2975 2811 3049 2861 ait
3074 2825 3085 2859 :
3120 2807 3312 2859 Discite
3342 2824 3373 2859 a
3404 2823 3483 2859 me
3502 2807 3623 2876 quia
3652 2805 3748 2857 mi-

2185 2905 2250 2957 tis
2276 2912 2455 2956 sum-et
2484 2902 2693 2957 humilis
2729 2902 2900 2966 corde,
2918 2912 2965 2955 et
2988 2902 3251 2955 invenietis
3283 2900 3503 2967 requiem
3550 2886 3751 2953 anima-

2187 2993 2279 3047 bus
2303 2994 2477 3047 vestris
2506 2991 2715 3063 (Matth.
2746 3009 2820 3055 XI,
2847 2992 2959 3060 ‘29).
2993 2992 3091 3059 Qui
3129 2990 3546 3061 misericordiam
3581 2989 3709 3044 facit
3729 3030 3748 3056 ,

2188 3086 2528 3142 miserebitur
2562 3086 2703 3139 illius
2732 3085 2887 3147 Deus,
2912 3085 3025 3154 ipso
3046 3083 3271 3137 Domino
3297 3083 3540 3137 dicente:
3576 3081 3750 3136 Estots

2187 3176 2563 3237 misericordes,
2590 3177 2719 3229 sicut
2745 3184 2792 3227 et
2837 3170 2994 3227 Pater
3019 3184 3179 3227 vester
3213 3172 3429 3227 calestis
3461 3172 3751 3226 misericors

2186 3277 2257 3318 est
2284 3264 2432 3333 (Luc.
2465 3280 2537 3327 vt,
2564 3265 2674 3331 36).
2696 3264 2872 3331 Imago
2899 3264 3016 3327 Dei,
3045 3265 3109 3317 ad
3134 3278 3291 3331 quam
3322 3264 3674 3317 rcformamur
3693 3261 3749 3314 in

2187 3368 2384 3420 mente,
2419 3358 2469 3410 in
2515 3356 2891 3411 misericordia:
2916 3356 3145 3408 maxime
3192 3362 3297 3408 stat
3340 3352 3617 3421 operibus,
3648 3364 3749 3420 pro

2185 3450 2377 3517 quibus
2429 3448 2631 3502 sanctis
2681 3456 2734 3500 et
2781 3444 2939 3514 justis
2976 3458 3192 3512 regnum
3223 3440 3553 3509 promittitur
3585 3448 3739 3493 teter-

2186 3552 2330 3596 num,
2362 3537 2486 3589 dum
2536 3536 2909 3590 discarnentur
2932 3532 3058 3600 agni
3082 3530 3147 3585 ab
3174 3530 3338 3584 fundis
3362 3569 3377 3592 ,
3436 3527 3499 3582 ad
3526 3526 3745 3581 audien—

2188 3628 2307 3679 dam
2340 3641 2520 3679 vocem
2545 3626 2953 3689 desiderabilem
2987 3624 3179 3678 summi
3211 3622 3367 3691 Regis
3387 3630 3439 3675 et
3468 3620 3667 3675 iudicis
3691 3620 3745 3675 in

2182 3717 2306 3769 sede
2356 3724 2592 3784 paterna:
2648 3715 2943 3784 majestatis
2966 3712 3234 3767 sedentis:
3276 3710 3473 3776 Venite,
3500 3711 3745 3765 benedicti

2184 3805 2357 3859 Patris
2386 3806 2505 3869 mei,
2545 3806 2784 3873 percipite
2808 3819 3017 3872 regnum
3040 3801 3176 3875 quod
3206 3800 3345 3854 vobis
3400 3810 3639 3869 paratum
3669 3807 3745 3853 est

2182 3897 2245 3950 ab
2271 3896 2467 3966 origine
2504 3894 2682 3947 mundi
2705 3892 2915 3962 (Matth.
2946 3907 3068 3956 xxv,
3097 3890 3209 3954 56).

2182 4006 2306 4060 ΠΞο
2332 4007 2444 4076 lege
2474 4013 2656 4059 sancte
2685 4004 2841 4056 Pater
2868 4002 2925 4075 [ει
2959 4000 3115 4075 felix]
3144 4000 3388 4066 feliciter,
3412 4009 3569 4071 atque

2182 4096 2267 4150 Sis
2295 4112 2499 4151 memor
2523 4097 2697 4149 Albini
2717 4110 2812 4164 per
2832 4103 3071 4164 tempora
3099 4094 3253 4163 longa
3279 4090 3516 4163 magistri
3542 4134 3555 4158 ,

2180 4188 2314 4241 Dum
2346 4187 2515 4242 sacris
2560 4186 2765 4239 Domini
2804 4184 3019 4255 supplex
3069 4184 3326 4239 altaribus
3370 4185 3549 4241 adstas
3576 4180 3743 4256 [ιιι.

3419 4271 3665 4347 [εάείδῙ-
3708 4264 3711 4267 λ

2182 4365 2251 4420 Ut
2279 4366 2399 4435 pius
2424 4366 2759 4433 omnipotens
2795 4364 2947 4418 solita
2970 4365 3166 4432 pietate
3191 4364 3395 4417 relaxet

2181 4456 2398 4510 Vincula
2421 4456 2751 4516 criminibus,
2789 4455 2938 4523 cujus
2963 4454 3222 4523 condigna
3255 4453 3527 4520 nefandis,

2180 4545 2250 4600 Ut
2269 4545 2441 4599 valeat
2474 4552 2647 4598 tecum
2676 4544 2913 4612 gaudens
2943 4543 3156 4597 laudare
3182 4552 3472 4608 tonantem,

2175 4636 2301 4690 Post
2324 4634 2481 4702 hujus
2506 4634 2730 4689 Domino
2752 4634 2873 4687 vita
2897 4634 3183 4689 miserante
3214 4634 3444 4689 labores.

2176 4726 2407 4795 Angelus
2431 4725 2747 4795 almipotens
2772 4724 2893 4779 cadi
2919 4724 3155 4780 directus
3171 4726 3239 4780 ab
3269 4741 3393 4781 arce
3410 4766 3424 4791 ,

2176 4816 2281 4869 Per
2315 4826 2507 4879 terras,
2531 4816 2711 4880 silvas,
2740 4810 2901 4870 colles
2928 4817 3215 4870 comitetur
3237 4824 3471 4871 euntem.

2176 4908 2277 4961 Per
2296 4907 2534 4971 castella,
2562 4908 2727 4971 vicos,
2757 4921 2851 4977 per
2874 4906 3028 4961 fortia
3073 4906 3288 4962 flumina
3319 4916 3494 4971 terrae,

2178 4996 2398 5065 Semper
2427 4998 2642 5065 ubique,
2672 5012 2881 5066 precor,
2915 4997 3072 5051 ducat
3092 4998 3245 5053 simul
3273 5005 3434 5066 atque
3454 4996 3671 5051 redueat

2176 5091 2526 5156 Gaudentem,
2549 5103 2747 5148 sanctae
2768 5108 2889 5147 cum
2914 5092 3263 5163 pr05peritate
3284 5088 3491 5152 salutis,

2178 5181 2252 5235 Te
2282 5180 2420 5253 [Af.,
2449 5180 2561 5253 Tu]
2592 5181 2753 5236 Pater
2775 5182 2938 5235 alme!
2977 5181 3085 5234 Deo
3131 5177 3343 5233 Christo
3370 5178 3620 5240 donante,
3646 5190 3737 5246 per

3430 5266 3651 5340 [:evum.

2178 5361 2256 5415 Tu
2278 5362 2477 5425 valcas,
2503 5362 2681 5431 vigens
2716 5372 2943 5428 semper,
2969 5359 3284 5414 charissime
3304 5357 3523 5429 praesul?

2177 5450 2413 5521 Cumque
2434 5453 2537 5506 tuis
2559 5450 2763 5505 cunctis
2787 5451 2996 5513 ovibus,
3029 5466 3123 5519 per
3155 5465 3349 5519 pascua
3376 5448 3491 5502 vita:

2178 5542 2304 5609 Qua:
2325 5550 2563 5605 currant,
2586 5552 2799 5598 sanctos
2830 5544 3084 5599 virtutum
3126 5557 3344 5614 carpere
3381 5540 3569 5600 ﬂores;

2178 5675 2383 5753 piendo.
2414 5687 2477 5727 ex
2503 5674 2803 5753 conjectura
2834 5675 3008 5753 addita
3036 5676 3137 5753 fuit
3171 5690 3267 5727 vox
3294 5692 3303 5725 :
3339 5674 3600 5753 sacerdos.
3626 5670 3730 5728 Nos

2180 5744 2319 5797 illam
2354 5758 2533 5797 vocem
2566 5744 2689 5811 frfirr
2719 5762 2778 5797 et
2823 5746 2935 5797 cod.
2964 5744 3348 5814 Salisburgensi
3384 5745 3729 5797 restituimus.
