4230 6194
509 315 606 371 577

1072 311 1474 368 EXEGETlCA.
1514 342 1584 351 ——
1622 312 1977 369 EXPOSITIO
2015 313 2078 367 IN
2120 313 2307 369 PSAL.
2350 312 2942 380 POENITENTIALES,
2983 316 3136 372 ETC.

3640 321 3742 376 578

509 421 885 477 multitudinem
904 431 1231 490 peccatorum
1256 420 1305 491 (1
1336 420 1476 475 Petr.
1506 437 1577 485 tv,
1611 422 1685 492 8).
1719 421 1812 479 Vel
1840 438 2065 491 quorum
2095 434 2142 485 Α
2172 422 2237 479 ad
2266 423 2526 482 orandum
2553 416 2651 492 pro
2670 425 2903 493 peccatis
2933 425 3047 480 llaec
3104 427 3209 480 vita
3257 436 3359 494 est,
3391 429 3445 484 in
3473 446 3578 500 qua
3627 432 3746 491 ideo

509 521 646 569 tecta
674 518 799 567 sunt
826 519 1062 582 peccata,
1096 519 1154 565 ut
1179 512 1266 565 hic
1293 527 1385 580 per
1405 512 1775 580 pmnitentiam
1808 512 2068 575 velentur,

506 617 573 659 ne
594 603 647 658 in
661 601 863 671 judicio
900 600 1217 657 revelentur.
1270 602 1574 672 Iniquitate:
1636 602 1853 671 quidam
1893 602 2074 672 appel-

504 691 634 754 lant,
656 707 775 761 quae
796 698 919 747 ante
938 691 1263 761 baptismum
1285 690 1452 753 ﬁunt;
1495 706 1733 760 peccata,
1747 708 1866 757 qua:
1887 701 2072 761 postea

500 792 901 857 perpetrantur.

570 877 735 932 Vens.
763 876 818 930 2.
859 906 926 918 --
951 875 1141 930 Beatus
1172 878 1250 931 vir
1267 877 1351 930 cui
1378 892 1480 930 non
1520 878 1789 946 imputavit
1815 876 2073 930 Dominus

500 980 905 1045 peccatum,.nec
931 977 1008 1022 est
1037 970 1093 1022 in
1115 985 1202 1021 ore
1236 966 1390 1040 [Ms.,
1421 969 1476 1021 in
1496 967 1715 1039 spiritu]
1749 968 1863 1037 ejus
1897 968 2069 1021 dolus.

503 1062 656 1130 Quod
678 1063 881 1132 tegitur
908 1077 1012 1118 non
1043 1060 1327 1124 videbitur,
1350 1060 1492 1130 quod
1516 1075 1621 1113 non
1644 1060 1959 1129 imputatur,
1976 1074 2075 1113 nec

501 1132 786 1220 punietur.
805 1149 917 1203 Nec
943 1159 1019 1206 est
1043 1151 1097 1203 in
1120 1166 1208 1203 ore
1232 1150 1346 1220 ejus
1390 1148 1565 1211 dolus,
1593 1149 1696 1203 hoc
1720 1157 1824 1213 est,
1857 1149 1909 1202 in
1933 1149 2075 1203 illius

504 1256 616 1305 ore,
643 1240 733 1312 qui
758 1254 813 1293 se
850 1240 1132 1294 conﬁtetur
1164 1254 1284 1293 esse
1320 1248 1702 1308 peccatorem:
1731 1240 1869 1295 sicut
1891 1239 2072 1294 Publi-

505 1349 689 1396 canns,
710 1333 797 1401 qni
825 1332 972 1395 dixit,
1000 1332 1240 1397 Domine,
1272 1334 1520 1402 prapitius
1547 1342 1653 1387 esto
1672 1334 1798 1387 mihi
1813 1334 2073 1404 peccatori

506 1420 658 1490 (Luc.
695 1437 847 1485 xvm,
879 1421 986 1489 15).
1017 1421 1150 1487 Quia
1182 1418 1272 1490 qui
1320 1423 1421 1477 sibi
1471 1424 1748 1491 displicet,
1799 1424 1912 1491 ipse
1964 1424 2073 1479 Deo

503 1508 705 1578 placet;
734 1523 832 1563 nec
859 1518 942 1563 est
981 1509 1033 1563 in
1057 1524 1149 1567 ore
1173 1509 1286 1579 ejus
1309 1510 1483 1576 dolus,
1510 1512 1601 1566 sed
1631 1512 1692 1565 in'
1708 1512 1933 1567 veritate
1959 1528 2075 1568 cre-

506 1598 638 1653 dens
665 1599 793 1663 Deo,
822 1600 963 1671 quod
990 1602 1053 1653 in
1082 1601 1241 1655 corde
1285 1600 1530 1665 habebat,
1555 1617 1649 1657 ore
1698 1601 2069 1657 conﬁtebatur‘.

577 1689 737 1748 Vens.
760 1689 813 1743 ὃ.
841 1688 1348 1758 —-‘Quoniam'tacui
1366 1692 1775 1746 inveteraverunt
1797 1709 1913 1747 ossa
1936 1710 2070 1759 mea,

2172 513 2344 567 sancti
2370 521 2548 577 orant,
2568 514 2690 583 quia
2708 529 2811 567 non
2831 523 2915 569 est
2932 531 2963 569 a
2982 518 3216 585 peccatis
3242 517 3497 585 immunis
3523 522 3743 591 aliquis.

2180 600 2546 657 Verumtamen
2589 604 2641 657 in
2673 603 2868 658 diluvio
2895 623 3150 676 aquarum
3203 608 3487 671 multarum
3521 611 3591 666 ad
3627 629 3746 670 eum

2174 709 2279 746 non
2309 695 2762 762 approximabunt.
2792 696 2941 750 Multi
2992 697 3183 753 ﬂuctus
3213 700 3534 757 diluviorum
3566 704 3621 762 in
3658 703 3749 774 ίαν

2172 784 2523 854 dicioimpios
2550 785 2785 849 volvent,
2808 788 2899 857 qui
2930 791 3131 851 sanctis
3164 792 3394 847 nocituri
3424 809 3528 850 non
3552 805 3743 862 erunt;

2173 887 2345 942 neque
2373 876 2439 928 ad
2461 890 2582 928 eum
2609 877 3056 947 approximabunt
3086 890 3374 947 tormenta,
3404 885 3493 953 qui
3515 900 3613 955 pro
3638 888 3753 948 suis

2173 962 2261 1017 hic
2297 965 2531 1032 peccatis
2560 980 2717 1019 orare
2746 982 2853 1021 non
2876 979 3069 1029 cessat,

2244 1056 2403 1111 Vens.
2448 1057 2497 1113 7.
2526 1086 2597 1097 —-
2634 1057 2710 1111 Tu
2765 1076 2818 1113 es
2875 1061 3133 1130 refugium
3178 1080 3211 1116 a
3258 1064 3593 1123 tribulatione
3637 1085 3756 1139 qua!

2173 1145 2509 1199 circumdedit
2531 1162 2631 1211 me,
2658 1146 2935 1202 exsultatio
2964 1166 3077 1203 mea
3105 1167 3227 1210 erue
3247 1169 3326 1207 me
3368 1170 3399 1207 a
3425 1156 3755 1223 circumdan-

2172 1236 2307 1289 tibus
2337 1252 2436 1313 me.
2471 1236 2598 1293 Mihi
2641 1237 2693 1289 in
2720 1238 2824 1295 isto
2850 1239 3049 1297 diluvio
3077 1255 3180 1294 non
3218 1250 3302 1303 est
3340 1243 3619 1315 refugium,
3648 1248 3751 1312 nisi

2176 1332 2251 1378 tu.
2285 1324 2581 1381 Essultatio
2614 1339 2751 1390 mea,
2780 1327 2973 1396 inquit,
3008 1330 3212 1385 redime
3238 1347 3342 1391 me,
3394 1332 3498 1391 Sed
3521 1338 3632 1403 jam
3667 1354 3758 1402 ex-

2175 1416 2364 1480 sultas,
2388 1418 2513 1485 quid
2543 1417 2623 1476 vis
2664 1416 2889 1471 redimi?
2926 1419 3227 1481 Exsultatio
3255 1440 3373 1481 mea
3423 1430 3624 1490 redime
3647 1447 3752 1489 me.

2175 1503 2405 1569 Gaudes,
2428 1513 2483 1560 et
2516 1506 2722 1575 gemis?
2752 1506 2857 1569 lia,
2893 1508 3085 1577 inquit,
3111 1514 3315 1581 gaudeo
3341 1524 3394 1568 et
3416 1530 3592 1587 gemo.
3610 1518 3754 1575 Gau-

2175 1594 2274 1650 deo
2301 1595 2352 1648 in
2376 1611 2490 1666 spe,
2516 1611 2671 1669 gemo
2716 1596 2889 1651 adhuc
2918 1599 2969 1651 in
3002 1614 3080 1657 re.
3110 1599 3235 1656 Ideo
3296 1603 3513 1670 subdit,
3551 1610 3753 1672 redime

2177 1700 2263 1739 me
2288 1700 2319 1739 a
2343 1686 2798 1746 circumdantibus
2821 1703 2923 1753 me,
2958 1691 3069 1744 sive
3117 1692 3263 1747 vitiis
3284 1697 3610 1765 carnalibus,
3637 1702 3753 1758 sive

506 1779 632 1839 dum
655 1781 1062 1835 clamarem'tota
1086 1782 1189 1835 die.
1214 1781 1326 1836 Non
1352 1778 1566 1853 [protuli
1596 1782 1786 1854 (Edit.,
1817 1784 2071 1857 praetuli)]
2107 1779 2151 1839 Β
2177 1777 2453 1845 spiritibus
2480 1779 2791 1844 immundis,
2815 1783 2903 1849 qui
2930 1797 3026 1835 nos
3059 1783 3284 1852 perdere
3306 1790 3567 1859 prmcipiti
3603 1793 3753 1847 velo,—

506 1864 894 1928 confessionem
924 1872 989 1926 ad
1038 1871 1285 1936 salutem,
1317 1873 1434 1927 ideo
1462 1873 1637 1927 omnis
1674 1871 1932 1929 fortitudo
1958 1890 2073 1929 mea

508 1959 564 2016 in
604 1961 789 2015 carnis
833 1960 1141 2014 inﬁrmitate
1187 1960 1483 2015 consenuit.
1515 1960 1654 2014 Dum
1674 1960 1961 2015 clamarem
1990 1960 2076 2033 [id

506 2048 623 2120 est]
655 2050 887 2104 clamant
927 2048 1100 2113 multi,
1131 2050 1175 2104 si
1207 2050 1333 2118 quid
1360 2051 1482 2105 boni
1509 2050 1725 2116 habent,
1754 2066 1817 2105 ac
1865 2066 1963 2120 per
1984 2067 2074 2105 va-

506 2141 725 2195 nitatem
748 2138 1137 2193 demonstrant.
1165 2138 1367 2193 Tacent
1414 2139 1674 2213 siquidem
1700 2140 1849 2209 impii
1878 2148 1932 2193 et
1966 2140 2075 2196 cla-

505 2237 670 2287 mant.
695 2229 897 2283 Tacent
926 2228 1067 2298 quod
1088 2229 1236 2303 loqui
1256 2228 1339 2283 fas
1362 2238 1474 2293 est;
1504 2229 1792 2299 loquuntur
1826 2229 1968 2305 quod
1992 2239 2072 2284 ta-

504 2336 627 2375 cere
656 2320 867 2374 debent.
900 2318 1127 2383 Tacent,
1156 2319 1280 2373 dum
1318 2334 1414 2373 sua
1452 2320 1785 2375 abscondunt
1813 2328 2071 2389 peccata;

502 2410 755 2475 clamant,
779 2411 902 2464 dum
932 2425 1027 2464 sua
1078 2410 1370 2480 praedicant
1393 2411 1603 2463 merita.
1653 2408 1855 2465 Tacent
1886 2426 2075 2480 pecca-

503 2510 678 2556 torum
697 2502 1051 2566 confessione,
1066 2504 1620 2558 clamantmeritorum
1638 2504 2067 2573 praesumptione.

504 2592 641 2659 Quid
665 2602 841 2648 autem
869 2603 971 2659 est,
999 2594 1126 2648 dum
1152 2594 1436 2648 clamarem
1466 2603 1574 2649 tota
1607 2594 1712 2659 die,
1739 2594 1842 2647 nisi
1864 2594 1987 2648 dum
2018 2594 2071 2645 in

503 2681 782 2739 clamando
818 2699 1217 2753 perseverarem
1252 2684 1317 2736 αἳ

573 2794 733 2849 Vens.
762 2795 817 2850 4.
842 2825 911 2834 -
935 2795 1190 2861 Quoniam
1214 2795 1298 2848 die
1324 2812 1385 2848 ac
1413 2802 1554 2848 nocte
1577 2803 1789 2864 grauata
1806 2803 1893 2851 est
1917 2809 2072 2863 super

504 2898 585 2937 me
606 2866 952 2937 manusitua;
980 2882 1266 2939 Conversus
1294 2900 1405 2939 sum
1439 2885 1491 2936 in
1520 2900 1755 2937 cerumna
1780 2900 1915 2947 mea,
1944 2883 2090 2938 dum.

507 2971 780 3040 conﬁgitur
800 2974 926 3026 mihi
946 2974 1115 3043 spina.
1144 2974 1418 3028 Peccatori
1442 2976 1617 3042 gravis
1632 2984 1715 3028 est
1752 2989 1939 3028 manus
1951 2989 2071 3043 quas

505 3059 751 3130 ﬂagellat,
774 3070 827 3115 et
871 3065 1163 3131 ponderose
1188 3064 1422 3117 vindicat
1436 3064 1606 3135 [Ms.,
1634 3074 1687 3119 et
1734 3064 2030 3136 ponderosa
2050 3103 2065 3128 ,

2175 1869 2336 1923 citate
2363 1868 2639 1929 festinant,
3237 1924 3243 1929 .

2249 1959 2405 2013 Vena
2442 1960 2495 2013 8.
2525 1991 2595 2000 -
2634 1960 2959 2017 Intellectum
2985 1965 3078 2025 tibi
3102 1966 3235 2025 dabo
3271 1978 3315 2021 et
3340 1971 3595 2026 instruam
3624 1983 3671 2034 te
3698 1976 3751 2032 in

2172 2050 2254 2103 via
2277 2052 2374 2103 hac
2400 2069 2501 2121 qua
2542 2055 2819 2122 gradieris,
2850 2056 3069 2123 ﬁrmabo
3112 2077 3267 2129 super
3310 2072 3358 2116 te
3391 2065 3568 2121 oculos
3591 2084 3751 2128 meos.

2176 2140 2291 2197 Vox
2344 2141 2575 2207 Domini,
2604 2160 2707 2201 vox
2757 2147 3085 2202 intellectum
3119 2151 3313 2209 dantis.
3348 2154 3461 2223 Ipse
3498 2168 3581 2211 est
3607 2160 3753 2215 enim

2173 2232 2493 2301 intellectus,
2517 2254 2674 2307 quem
2704 2241 2894 2310 psalmi
2920 2244 3107 2301 titulus
3128 2261 3253 2301 vere
3278 2247 3427 2318 μη,
3456 2252 3593 2305 tituli
3617 2256 3756 2308 veri-

2175 2324 2277 2397 tas]
2312 2326 2587 2393 indicavit,
2628 2347 2784 2401 quem
2836 2335 3219 2403 pmnitentibus
3275 2348 3511 2406 potestas
3541 2344 3753 2399 Domini

2172 2413 2463 2474 clementer
2501 2418 2696 2475 infudit
2737 2419 2887 2491 [Ms.,
2920 2422 3192 2497 infundit].
3216 2428 3437 2488 Addidit
3478 2441 3677 2499 autem,
3706 2446 3755 2489 ct

2170 2508 2426 2569 instruam
2470 2516 2537 2570 te,
2564 2508 2622 2563 id
2675 2518 2795 2576 est,
2834 2513 3158 2570 nescientem
3212 2519 3412 2573 docebo
3462 2523 3752 2580 salutarem

2172 2592 2314 2647 viam
2346 2596 2390 2647 δ.
2426 2597 2519 2651 Via
2554 2608 2638 2652 est
2664 2601 2807 2657 enim
2840 2616 2999 2669 quam
3024 2605 3296 2674 ingressus
3322 2606 3516 2673 fuerat,
3546 2614 3752 2666 servire

2172 2683 2281 2739 Deo
2307 2686 2501 2753 prioris
2550 2689 2773 2743 actionis
2814 2693 3074 2765 pravitate
3116 2696 3387 2751 damnata.
3446 2698 3737 2769 Sequitur:

2172 2770 2423 2827 Firmabo
2460 2770 2613 2844 supér
2633 2788 2681 2831 te
2722 2780 2894 2834 oculos
2940 2798 3100 2835 meos.
3134 2783 3189 2838 ld
3210 2795 3313 2852 est,
3337 2786 3565 2857 dirigam
3594 2790 3649 2844 in
3699 2799 3752 2846 te

2173 2863 2349 2919 lumen
2374 2867 2736 2939 intelligentia:
2770 2888 2922 2927 mea}.

2242 2959 2402 3013 Vens.
2430 2962 2481 3015 9.
2503 2989 2575 3003 --
2605 2963 2777 3018 Nolite
2822 2968 2937 3035 ﬁeri
2982 2970 3114 3025 sicut
3151 2988 3312 3043 equus
3345 2984 3394 3028 et
3436 2977 3641 3044 mulus,
3694 2982 3749 3033 in

2170 3051 2354 3125 quibus
2388 3069 2489 3105 non
2511 3063 2583 3105 est
2606 3054 2917 3117 intellectus,
2959 3060 3059 3127 Qui
3083 3078 3195 3117 non
3210 3064 3304 3119 Dei
3334 3068 3751 3135 voluntateﬁeri

504 3166 625 3219 qute
643 3152 873 3205 vindicat
894 3150 929 3221 ].
960 3153 1057 3207 Die
1100 3170 1161 3208 ac
1198 3164 1364 3219 nocte,
1394 3134 1707 3209 continuum
1740 3134 1972 3223 [tempus
1997 3155 2070 3208 si—
2096 3135 2120 3195 ί

2172 3145 2387 3214 proprio
2418 3160 2475 3198 se
2513 3154 2661 3200 motu
2690 3164 2874 3219 regere
2905 3156 3109 3219 volunt,
3146 3155 3373 3214 elTrenes
3404 3162 3457 3213 in
3484 3159 3749 3216 luxuriam

504 3238 740 3309 gniﬁcat.
770 3241 937 3294 Aliter
959 3252 1137 3296 autem
1167 3242 1393 3315 feliciter
1412 3245 1724 3298 humiliatus
1754 3258 1858 3299 non
1894 3252 2062 3306 esset,

506 3330 607 3383 nisi
632 3346 752 3403 eum
773 3347 961 3386 manus
990 3332 1713 3404 divinitalis:‘comprimeret.
1765 3336 2069 3391 Conversus

501 3436 623 3474 sum
662 3423 711 3475 iu
762 3438 995 3476 aerumna
1046 3440 1196 3489 mea,
1253 3426 1306 3478 id
1338 3434 1455 3489 est,
1502 3426 1738 3481 intellexi
1787 3436 2067 3495 peccatum

504 3526 703 3575 meum,
726 3521 1009 3580 postquam
1045 3513 1400 3568 aerumnosum
1426 3531 1511 3571 me
1535 3516 1703 3571 fecisti
1730 3519 1829 3573 sub
1855 3528 1956 3573 tua:
1982 3534 2070 3589 po.

506 3600 684 3654 tentia:
713 3602 1110 3670 aggravatione.
1152 3602 1207 3660 In
1237 3618 1492 3669 aerumna,
1530 3606 1583 3659 id
1622 3614 1702 3660 est
1729 3607 1781 3659 in
1829 3608 2063 3661 miseria.

506 3688 641 3753 Quid
669 3699 750 3744 est
786 3699 963 3744 autem
1002 3692 1152 3762 spina
1178 3707 1295 3762 quze
1343 3694 1644 3763 conﬁgitur,
1692 3697 1794 3749 nisi
1825 3697 2069 3752 stimulus

506 3782 845 3835 conscientia:
866 3784 1215 3851 peccatricis?

576 3887 737 3947 Vens.
766 3890 817 3943 5.
848 3922 917 3971 _-—
941 3892 1193 3948 Delictum
1226 3912 1391 3949 meum
1432 3898 1693 3966 cognitum
1730 3899 1821 3951 tibi
1865 3899 1982 3967 feci,
2020 3910 2091 3971 et.

504 3980 787 4047 injustitias
830 3964 971 4035 meas
996 3982 1135 4053 [Ms.,
1166 3986 1473 4053 injustitiam
1498 3964 1693 4059 meam]
1716 3988 1819 4041 non
1868 3991 2065 4057 aperui.

504 4067 749 4125 ldemest
771 4072 1041 4139 cognitum
1084 4072 1259 4127 facere
1283 4082 1337 4127 et
1384 4090 1488 4128 non
1536 4076 1776 4144 operire,
1808 4078 1908 4130 hoc
1941 4086 2021 4131 est
2051 4118 2066 4141 ,
2122 4106 2127 4113 ε

505 4157 768 4217 conﬁteri.
792 4160 925 4227 Quia
949 4163 992 4216 si
1023 4164 1181 4217 homo
1201 4174 1475 4231 peccatum
1500 4181 1602 4219 non
1633 4168 1892 4236 agnoscit,
1924 4166 2069 4223 Deus

503 4264 609 4305 non
641 4253 868 4321 ignoscit
904 4253 1051 4325 [Μεη
1077 4256 1119 4309 si
1150 4256 1308 4311 homo
1336 4258 1594 4327 agnoscit,
1622 4257 1765 4313 Deus
1794 4258 2062 4330 ignoscit].

503 4338 764 4400 nclictum
808 4358 934 4399 vero
970 4348 1183 4413 quidam
1224 4356 1542 4415 putavean
1590 4348 1706 4404 leve
1750 4358 2065 4418 peceatum:

502 4430 819 4504 iniustitiam
843 4441 1020 4491 autem
1050 4435 1281 4489 immane
1307 4437 1521 4505 aliquod
1546 4437 1897 4509 [aevumque]
1922 4454 2068 4497 com-
2094 4465 2143 4524 ι)

502 4524 745 4581 missum.
799 4524 922 4577 Dixi
958 4526 1301 4595 pronuntiabo
1351 4528 1597 4581 adversus
1638 4544 1720 4581 me
1776 4529 2061 4597 injustitias

502 4629 642 4669 meas
663 4615 905 4681 Domino,
933 4628 981 4671 et
1008 4628 1064 4672 tu
1104 4620 1343 4675 remisisti
1385 4620 1698 4691 impietatem
1720 4621 1915 4690 peccati
1938 4622 2061 4675 mei.

502 4702 863 4761 Pronuntiabo
896 4707 1064 4772 dixit,
1114 4710 1214 4764 hoc
1262 4718 1363 4775 est,
1406 4709 1612 4781 publice
1658 4710 1971 4775 conﬁtebor,
2005 4720 2063 4765 ut

502 4796 635 4853 alios
682 4798 885 4851 scilicet
909 4799 975 4852 ad
998 4799 1348 4857 imitationem
1376 4804 1571 4857 trahat.
1603 4804 1853 4871 impietas
1883 4812 2062 4858 autem

501 4887 678 4940 cordis
706 4884 910 4950 fuerat,
958 4902 1061 4955 qua
1093 4886 1242 4959 [Δίκη
1272 4890 1416 4961 quia]
1451 4901 1629 4946 tacere
1656 4894 1988 4949 decreverat.

569 4974 732 5046 358
750 4976 1027 5031 Adversum
1055 4994 1155 5043 me,
1180 4980 1367 5048 inquit,
1387 4984 1747 5049 pronuntiabo,
1776 4984 1827 5038 id
1848 4994 1950 5048 est,
1975 5000 2062 5039 me

501 5063 675 5131 ipsum
698 5068 976 5121 accusabo.
1030 5067 1098 5121 Et
1150 5079 1207 5121 tu
1236 5071 1474 5123 remisisti
1504 5072 1812 5141 impietatem
1866 5076 2060 5143 peccati

500 5156 621 5219 mei,
644 5158 854 5225 quando
886 5144 1006 5226 qua:
1032 5161 1181 5227 prius
1208 5176 1489 5230 igesseram
1526 5164 1945 5220 misericorditer
1980 5166 2061 5219 in-

505 5245 732 5302 dulsisti.

574 5334 731 5391 Vens.
756 5335 806 5391 6.
838 5366 907 5379 --
933 5335 1041 5391 Pro
1062 5339 1159 5391 hac
1186 5340 1502 5413 [impietate]
1529 5344 1789 5397 orabitad
1816 5355 1865 5397 te
1892 5348 2059 5399 omnis

502 5434 707 5477 sanctus
744 5427 800 5477 in
826 5438 1053 5497 tempore
1083 5422 1387 5497 opportuno.
1428 5431 1656 5501 Tempus
1704 5442 2059 5500 opportunum

575 5567 599 5593 ι
637 5553 799 5629 codd.
824 5568 953 5629 mss.
979 5578 993 5611 :
1025 5559 1224 5615 Tacent
1253 5561 1908 5629 confessionem,elamant
1931 5582 2059 5629 prte—

506 5625 873 5699 sumptionem.
902 5626 1040 5699 Quid
1063 5642 1145 5683 est
1189 5644 1317 5699 ergo
1339 5631 1616 5686 clamando
1642 5625 1752 5689 tota
1783 5634 1906 5689 die?
1931 5625 2058 5689 l’er-

507 5696 794 5750 severando
821 5697 871 5749 in
894 5696 1198 5754 defensione
1223 5696 1562 5767 peccatorum
1598 5718 1835 5758 suorum.

2172 3234 2443 3291 decidunt.
2476 3236 2607 3296 Hos.
2624 3243 2890 3309 Propheta
2939 3256 3152 3303 coercet
3186 3252 3363 3305 verbis
3416 3256 3747 3311 terribilibus
3777 3306 3783 3311 .

2170 3322 2351 3379 dicens
2378 3344 2389 3377 :
2422 3326 2489 3382 In
2510 3330 2691 3383 chamo
2716 3341 2761 3385 et
2789 3332 2934 3401 freno
2962 3337 3204 3390 maxillas
3226 3355 3404 3393 eorum
3428 3346 3753 3410 constringe,

2169 3418 2257 3486 qui
2286 3435 2389 3472 non
2427 3424 2789 3489 approximant
2843 3426 2911 3477 ad
2939 3436 3007 3480 te.
3039 3427 3215 3483 Freno
3252 3441 3305 3485 et
3349 3434 3540 3488 cliamo
3567 3437 3749 3491 mode-

2171 3508 2392 3560 rationis
2422 3524 2531 3563 snae
2564 3512 2701 3565 Deus
2725 3528 2934 3569 coercet
2965 3518 3250 3586 impiorum
3300 3524 3626 3593 superbiam,
3650 3527 3743 3595 qui

2163 3598 2369 3667 jactaut
2392 3602 2581 3655 merita
2613 3619 2729 3669 sua,
2771 3615 2823 3658 et
2854 3616 3033 3662 tacent
3074 3621 3294 3678 peccata
3340 3629 3456 3668 sua.
3518 3615 3641 3680 Qui,
3666 3618 3746 3671 in-

2168 3692 2303 3757 quit,
2328 3707 2429 3745 non
2470 3698 2830 3773 approximant
2862 3700 2929 3753 ad
2977 3710 3046 3767 te,
3088 3716 3116 3754 a
3168 3719 3274 3772 quo
3300 3719 3396 3772 per
3439 3708 3761 3778 superbiam‘

2167 3780 2659 3854 elonganturgUlls”
2685 3791 2777 3841 sed
2815 3794 3059 3860 superbia
3091 3794 3450 3868 elongantur].

2238 3874 2398 3927 Vens.
2424 3874 2509 3927 10.
2534 3906 2603 3915 --
2625 3876 2790 3931 Multa
2816 3881 3022 3949 flagella
3055 3893 3381 3952 peccatorum
3408 3886 3550 3957 [quia
3581 3891 3744 3958 ι)ωηί-

2167 3966 2387 4019 tentiam
2428 3980 2587 4035 agere
2643 3968 2982 4041 noluerunt],
3037 3986 3301 4043 sperantes
3346 3990 3514 4036 autem
3555 3983 3610 4035 in
3641 3982 3746 4037 Do-

2166 4055 2306 4109 mino
2329 4056 2684 4110 misericordia
2728 4061 3087 4117 circumdabit.
3135 4077 3155 4104 ε
3201 4066 3311 4136 [illa
3350 4070 3737 4137 misericordia,

2168 4151 2227 4194 ut
2248 4147 2410 4196 vitam
2458 4158 2762 4204 mereantur
2788 4152 3187 4219 sempiternam.
3225 4156 3323 4221 Qui
3349 4168 3549 4212 rectam
3594 4175 3741 4228 spem

2168 4240 2221 4291 et
2254 4233 2411 4294 ﬁdem
2449 4238 2503 4290 in
2530 4236 2638 4292 Deo
2671 4240 2883 4303 habent,
2915 4243 3056 4310 ipsos
3107 4246 3467 4301 misericordia
3500 4250 3592 4303 Dei
3638 4252 3743 4304 cir-

2169 4324 2428 4396 cumdat],
2453 4336 2512 4381 ut
2548 4344 2652 4381 non
2696 4331 2765 4383 sit
2807 4331 3022 4386 relictus
3047 4333 3233 4401 locus,
3276 4338 3417 4391 unde
3462 4340 3629 4407 possit
3675 4342 3741 4394 ad

2166 4432 2260 4473 eos
2288 4420 2483 4478 diaboli
2518 4422 2783 4481 hostilitas
2823 4423 3066 4480 introire.

2239 4510 2401 4575 Vsus,
2430 4510 2515 4564 lt.
2541 4541 2610 4551 ——
2636 4511 2910 4569 Lartamini
2941 4518 2996 4570 in
3028 4517 3252 4573 Domino
3305 4531 3352 4574 et
3380 4523 3632 4577 exsultate
3646 4525 3738 4594 ju-

2164 4600 2252 4663 sti,
2284 4610 2330 4654 et
2354 4600 2649 4671 gloriamini
2671 4621 2846 4660 omnes
2889 4612 3013 4663 recti
3050 4606 3221 4663 corde.
3254 4612 3519 4680 PrOpheta
3548 4616 3734 4668 horta.

2166 4700 2252 4747 tur
2279 4692 2569 4748 Ecclesium
2586 4694 2749 4749 laetari
2777 4697 2843 4751 de
2872 4713 2966 4766 spe
2990 4700 3111 4752 vitro
3137 4710 3348 4754 :eternze
3370 4711 3425 4755 et
3451 4717 3734 4773 regenera-

2165 4784 2341 4837 tionis.
2376 4785 2573 4839 Tamen
2615 4786 2825 4845 laetatur
2862 4799 2914 4841 et
2943 4788 3029 4843 hic
3058 4789 3110 4843 in
3139 4792 3495 4848 tribulatione.
3527 4794 3734 4849 Gloria-

2163 4875 2289 4928 mini
2320 4892 2507 4931 omnes
2534 4880 2661 4932 recti
2697 4879 2880 4941 corde,
2914 4889 2974 4932 ut
3015 4881 3091 4934 ait
3128 4881 3361 4938 Paulus:
3392 4884 3495 4949 Qui
3540 4884 3732 4955 gloria-

2161 4972 2266 5027 tur,
2288 4964 2342 5016 in
2383 4964 2607 5018 Domino
2646 4967 2899 5036 glorietur
2927 4969 2982 5038 (1
3013 4970 3134 5025 Cor.
3171 4989 3203 5035 ι,
3238 4973 3347 5043 51).
3391 4974 3541 5028 Recti
3568 4974 3731 5029 corde

2161 5054 2428 5117 dicuntur,
2460 5057 2653 5123 quibus
2676 5060 2854 5111 omnia
2884 5060 2973 5113 Dei
2994 5060 3195 5128 judicia
3218 5063 3446 5131 placent,
3470 5072 3523 5116 et
3548 5078 3605 5118 se
3638 5079 3728 5118 ac-

2160 5156 2349 5201 cusant
2378 5148 2441 5202 de
2480 5150 2594 5203 suis
2640 5153 2896 5220 peccatis,
2932 5160 2984 5203 et
3004 5153 3179 5206 Deum
3223 5154 3335 5207 sive
3383 5156 3436 5207 in
3488 5156 3729 5211 adversis

2160 5238 2270 5291 sive
2309 5238 2361 5291 in
2391 5241 2658 5308 prosperis
2682 5253 2888 5307 semper
2912 5240 3147 5295 laudant.

2635 5329 2952 5407 PSALMUS
2990 5332 3245 5389 xxxv".

2228 5423 2389 5477 Vens.
2422 5424 2471 5475 1.
2498 5453 2568 5461 -
2592 5423 2799 5478 Titulus
2831 5424 3025 5480 Psalmi
3052 5446 3068 5481 :
3100 5428 3163 5481 In
3180 5430 3338 5497 ﬁnem
3364 5429 3589 5493 psalmus
3616 5427 3724 5483 Da-

2228 5572 2255 5611 b
2293 5572 2455 5626 Codd.
2476 5588 2615 5651 ⁸ῐηξςς.
2645 5574 2867 5651 :_Quasi_
2890 5577 3211 5651 nescientem
3252 5581 3467 5636 doceam
3494 5620 3511 5644 ,
3567 5582 3720 5651 quasi

2160 5643 2415 5718 inermem
2442 5642 2617 5718 gladio
2645 5645 2771 5718 vitae
2791 5646 3354 5718 salutarisaccingam.

2233 5723 2251 5748 ε
2298 5710 2386 5763 Sic
2417 5713 2558 5765 edita
2586 5716 2934 5769 emendantur
2955 5715 3110 5769 codd.
3141 5710 3272 5772 mss.
