4230 6216
567 326 672 384 379

1404 323 1466 378 Β.
1503 322 1564 375 1⁷.
1602 317 1824 374 ALBlNl
1862 316 1993 373 SEU
2029 316 2301 374 ALCUINI
2335 316 2616 394 OPEllUH
2656 316 2831 374 PARS
2865 317 2927 372 ll.

564 440 649 498 siit
675 444 729 495 in
753 438 1222 493 rememorationem
1240 436 1343 490 diei
1363 432 1884 489 sabbati.Sabbatum
1910 418 2121 499 requies
2149 437 2191 489 Δ
2219 430 2552 487 confessione
2584 439 2639 486 et
2678 429 2933 486 intestina
2984 440 3089 483 non
3139 425 3475 482 dimittuntur
3519 429 3759 494 peccata.

567 531 964 599 interpretatur,
991 526 1114 595 quia
1138 524 1476 595 requiescunt
1511 520 1660 595 μη,
1681 522 1783 577 hoc
1805 528 1888 575 est
1908 518 2121 589 quando

2222 519 2351 575 Tota
2384 522 2468 575 die
2496 522 2825 575 contristatus
2854 518 3196 590 ingrediebar,
3222 516 3491 588 indignum
3528 528 3613 570 me
3648 526 3768 570 esse

496 618 506 628 ’
566 604 927 691 requiescunt]
974 619 1181 683 sancti,
1207 617 1258 672 id
1285 624 1367 672 est
1403 625 1585 670 sancta
1610 612 1845 668 Ecclesia
1892 609 1983 683 [de
2032 608 2122 663 illa
2213 608 2458 680 judicans
2503 609 2595 679 qui
2634 608 2720 663 vel
2758 607 2942 665 oculos
2964 608 3030 664 ad
3057 606 3253 663 ctelum
3276 605 3458 661 levare
3478 604 3766 668 auderem;

569 712 751 781 requie
801 708 1032 779 paradisi
1061 723 1218 773 quam
1248 706 1477 775 perdidit
1508 705 1561 759 in
1608 701 1821 774 Adam].
1861 692 2159 755 Admonet‘

568 816 747 859 autem
777 817 873 857 nos
893 803 1147 872 psalmus,
1173 810 1229 854 ut
1250 800 1295 855 si
1322 800 1567 869 cuiquam
1603 798 1810 852 accidat
1846 794 2125 850 inﬁrmitas

562 893 914 961 corporisque
932 890 1208 959 fragilitas,
1236 905 1339 943 non
1390 888 1611 943 desistat
1638 886 1905 942 caelestem
1952 884 2126 953 requi-

573 999 693 1039 rere
720 982 1053 1045 medicinam,
1071 981 1123 1034 in
1136 996 1242 1049 qua
1260 969 1580 1048 requiescat.
1601 977 1656 1031 ln
1671 977 1768 1031 hoc
1789 990 1913 1029 vero
1927 974 2127 1043 psalmo

572 1074 813 1141 corporis
834 1072 915 1126 sui
959 1086 1179 1125 causam
1213 1069 1458 1125 Christus
1512 1068 1658 1139 agit,
1708 1082 1811 1120 non
1845 1065 1983 1135 quod
2017 1063 2128 1133 ipse

571 1173 847 1235 peccatum
880 1163 1122 1225 haberet,
1146 1162 1237 1216 sed
1271 1161 1411 1230 quod
1440 1174 1534 1229 pro
1564 1158 1717 1213 nobis
1735 1166 2010 1227 peccatum
2046 1155 2128 1209 fa-

575 1262 694 1309 ctus
714 1262 817 1315 est,
839 1261 897 1305 ut
926 1266 1035 1311 nos
1062 1266 1091 1305 a
1120 1258 1341 1319 peccato
1384 1249 1635 1302 liberaret
1660 1265 1672 1299 :
1704 1246 1795 1316 qui
1850 1243 2132 1315 aliquando

576 1357 639 1397 ex
664 1356 886 1412 persona
910 1342 1073 1395 solius
1096 1341 1287 1410 capitis
1314 1339 1565 1408 loquitur,
1598 1338 1738 1406 quod
1763 1343 1845 1390 est
1871 1336 1981 1403 ipse
2010 1332 2129 1388 Sal-

567 1442 727 1487 vator
746 1443 899 1489 natus
919 1448 985 1488 ex
1011 1432 1173 1485 Maria
1198 1432 1433 1502 virgine;
1485 1429 1769 1499 aliquando
1795 1443 1859 1481 ex
1904 1441 2132 1496 persona

576 1529 817 1596 corporis
839 1526 939 1588 sui,
972 1526 1112 1595 quod
1146 1534 1228 1579 est
1254 1531 1435 1579 sancta
1468 1521 1701 1577 Ecclesia
1726 1561 1741 1584 ,
1787 1517 1975 1575 din‘usa
2022 1518 2135 1572 toto

578 1616 713 1674 orbe
764 1626 1065 1670 terrarum:
1097 1616 1293 1670 idcirco
1342 1614 1481 1683 quod
1531 1628 1721 1681 corpus
1757 1611 1991 1680 loquitur
2034 1611 2136 1665 hoc

579 1706 719 1761 idem
751 1714 805 1777 et
835 1713 1009 1774 caput.
1047 1704 1215 1759 Erunt
1247 1704 1406 1773 igitur
1441 1702 1545 1757 duo
1588 1703 1641 1760 in
1686 1717 1845 1756 carne
1880 1715 1981 1754 una
2010 1698 2135 1777 [hoc

583 1795 689 1867 est]
710 1775 951 1851 Christus
972 1804 1026 1849 ct
1048 1796 1305 1850 Ecclesia.

653 1884 881 1939 γεκαὶ
900 1914 969 1923 --
993 1882 1153 1954 349
1183 1883 1393 1935 Dom'ne
1430 1899 1489 1936 ne
1517 1884 1569 1935 in
1595 1883 1788 1943 iratua
1815 1897 2005 1951 arguas
2038 1897 2139 1944 me,

586 1987 745 2041 neque
771 1972 825 2024 in
854 1970 1030 2039 furore
1057 1981 1144 2023 tuo
1175 1970 1425 2039 corripias
1451 1986 1547 2023 me.
1593 1968 1782 2040 [Totus
1815 1969 2051 2039 psalmus
2076 1982 2141 2021 ex

484 2064 487 2065 ⁷
587 2074 811 2132 persona
861 2060 1168 2129 paenitentis
1216 2067 1334 2123 est,
1386 2059 1478 2113 sed
1524 2060 1588 2114 ad
1634 2059 1904 2113 Christum
1954 2056 2142 2114 referri

586 2158 779 2221 potest,
809 2149 948 2203 sicut
966 2156 1024 2203 et
1046 2149 1407 2217 sexagesimus
1434 2146 1702 2218 octavus]
1733 2146 1970 2211 Domine,
2000 2163 2061 2199 ne
2089 2147 2143 2200 in

586 2239 667 2291 ira
689 2248 799 2290 tua.
832 2236 913 2290 Ira
937 2276 952 2297 ,
980 2236 1168 2305 utjam
1196 2237 1425 2290 diximus
1451 2276 1465 2300 ,
1496 2232 1781 2289 commotio
1813 2242 1898 2288 est
1938 2234 2097 2287 animi
2128 2250 2142 2299 ;

590 2327 739 2383 furor
764 2315 888 2383 vero
915 2328 1148 2382 vindicta
1180 2329 1555 2383 irrationabilis
1579 2344 1699 2383 cum
1731 2327 1866 2382 fellis
1895 2329 2148 2382 amaritu—

590 2416 732 2472 dine.
763 2417 884 2472 lJeo
914 2418 1013 2472 iste
1038 2457 1053 2481 ,
1094 2418 1182 2487 qui
1214 2432 1271 2471 se
1297 2425 1631 2488 peccatorem
1658 2417 1780 2481 scit,
1811 2432 1914 2471 non
1946 2418 1997 2471 in
2025 2417 2103 2471 ira
2129 2457 2144 2483 ,

589 2510 683 2566 sed
710 2524 806 2579 per
830 2509 1273 2572 misericordiam,
1324 2524 1422 2563 nec
1476 2509 1528 2563 in
1578 2507 1780 2571 furore,
1810 2508 1901 2563 sed
1930 2522 2027 2578 per
2055 2524 2150 2579 pa-

592 2598 831 2654 tientiam
878 2598 1027 2667 argui
1078 2612 1137 2652 se
1190 2598 1439 2668 postulat.
1483 2597 1618 2652 Sunt
1658 2607 1833 2652 tamen
1871 2599 1964 2668 qui
2012 2598 2147 2652 iram

593 2697 847 2743 aeternam
879 2687 1172 2757 intelligant
1193 2689 1483 2758 gehennam
1510 2728 1524 2752 ,
1554 2696 1604 2743 et
1636 2686 1869 2742 furorem
1898 2695 2151 2758 purgato-

595 2775 731 2830 rium
758 2777 951 2846 ignem,
979 2790 1007 2828 a
1039 2776 1233 2844 quibus
1256 2774 1408 2848 [Ms.,
1438 2777 1504 2831 de
1528 2792 1634 2846 quo
1654 2774 1903 2849 utroque]
1932 2776 2150 2831 liberari

594 2866 677 2920 vir
706 2875 920 2920 sanctus
948 2867 1135 2934 poscit.

667 2956 827 3012 Vsus.
848 2958 900 3011 5.
925 2985 993 2996 -
1020 2954 1275 3022 Quoniam
1300 2958 1503 3029 sagittis
1533 2968 1635 3013 tua:
1662 2959 1837 3029 inﬁxa:
1857 2971 1977 3015 sunt
2000 2962 2150 3027 mihi,

552 3046 559 3050 ’
594 3054 644 3102 et
670 3045 985 3117 conﬁrmasti
1013 3062 1164 3115 super
1189 3063 1268 3099 me
1298 3063 1506 3100 manum
1538 3058 1701 3099 tuam.
1751 3047 1967 3117 Sagitta:
1991 3049 2150 3102 verba

594 3138 852 3193 doctrina:
880 3144 982 3190 tute
1009 3148 1155 3200 sunt,
1178 3150 1297 3204 quae
1324 3145 1383 3189 ut
1404 3136 1643 3203 jaculum
1688 3138 2151 3194 transverberave-

596 3234 725 3281 runt
755 3240 850 3279 cor
876 3239 1073 3288 meum,
1115 3232 1176 3277 ut
1203 3239 1413 3293 agerem
1445 3226 1829 3293 pmnitentiam.
1867 3228 1931 3280 Et
1961 3228 2150 3295 conﬁr-

578 3314 752 3369 masti
793 3328 947 3381 super
990 3328 1069 3365 me
1118 3328 1328 3364 manum
1372 3321 1533 3373 tuam,
1578 3320 1638 3365 ut
1681 3322 1933 3381 tanquam
1980 3315 2152 3369 bonus

598 3405 871 3473 magister,
916 3402 1281 3473 castigationis
1311 3400 1621 3456 verberibus
1644 3402 1936 3470 amictum,
1967 3404 2153 3461 redde-

600 3508 689 3549 res
716 3492 1071 3547 emendatum.

673 3585 835 3639 Vens.
856 3584 908 3636 ι.
936 3612 1006 3623 --
1034 3582 1153 3636 Non
1179 3591 1253 3636 est
1287 3584 1482 3637 sanitas
1524 3583 1577 3637 in
1612 3600 1768 3638 carne
1810 3602 1925 3639 mea
1961 3602 1993 3639 a
2021 3586 2154 3655 facie

598 3676 697 3733 ira
718 3686 840 3740 tua,
872 3692 971 3733 non
994 3682 1077 3729 est
1104 3690 1207 3744 ραι·
1228 3676 1425 3729 ossibus
1462 3675 1588 3728 meis
1615 3692 1645 3728 a
1674 3674 1808 3743 facie
1828 3687 2153 3746 peccatorum

602 3783 853 3822 meorum.
882 3767 999 3821 Vidi
1046 3766 1237 3821 faciem
1284 3768 1376 3821 iraa
1414 3776 1519 3821 tute
1543 3774 1597 3822 et
1636 3783 1739 3822 non
1784 3769 1953 3839 ipsam
1980 3747 2153 3834 iram,

603 3856 707 3913 hoc
736 3864 839 3917 est,
862 3853 1092 3908 intellexi
1121 3869 1215 3922 per
1236 3854 1540 3924 Scripturas
1566 3865 1803 3920 sanctas,
1829 3865 2029 3925 quanta
2058 3859 2157 3911 mi-

602 3944 822 4001 nabaris
846 3941 1209 4012 peccantibus,
1240 3951 1294 3995 et
1321 3942 1532 3996 extabui
1562 3953 1748 4012 petens
1767 3959 1834 3998 ne
1856 3946 1967 4014 ipsa
1998 3961 2159 4017 super

604 4020 692 4091 me
715 4035 795 4088 ira
819 4030 1183 4087 descenderet.
1214 4030 1349 4096 Quia
1388 4048 1489 4085 non
1514 4043 1587 4085 est
1624 4050 1727 4103 pas:
1755 4036 1953 4090 ossibus
1974 4038 2099 4090 meis
2125 4056 2157 4097 α

608 4123 740 4191 {acie
775 4131 1098 4190 peccatorum
1145 4137 1395 4175 meorum.
1434 4122 1641 4177 Nullam
1682 4126 1917 4194 quietem
1965 4127 2157 4183 indulsi

556 4241 568 4245 -
607 4209 689 4265 vel
716 4210 925 4262 ossibus
954 4210 1085 4264 meis
1119 4209 1202 4263 vel
1235 4210 1489 4265 membris
1515 4212 1646 4267 meis
1666 4252 1680 4276 ,
1713 4215 1880 4269 donec
1918 4230 1980 4269 ea
2021 4215 2156 4287 [pte-

608 4296 845 4367 nitendo]
887 4305 1049 4367 purga
1059 4312 1188 4351 rem.
1274 4312 1297 4367 γ’

680 4386 841 4441 Vens.
871 4386 921 4439 5.
944 4415 1015 4425 -
1044 4385 1299 4451 Quoniam
1343 4390 1635 4459 iniquitates
1666 4409 1791 4447 mete
1821 4411 2158 4466 supergressa:

610 4485 728 4530 sunt
763 4485 914 4545 caput
955 4492 1145 4529 meum.
1175 4476 1514 4533 lnvaluerunt
1538 4482 1681 4535 enim
1710 4485 1855 4547 mihi,
1886 4494 1946 4539 ut
1979 4490 2159 4556 sequi-

611 4580 732 4635 tur;
759 4572 889 4624 sicut
918 4586 1046 4623 onus
1078 4576 1302 4639 gravatae
1329 4583 1446 4624 sunt
1473 4591 1625 4642 super
1644 4592 1742 4629 me.
1770 4576 1884 4631 Non
1912 4588 1994 4633 est
2019 4581 2160 4633 enim

614 4658 742 4712 mihi
768 4657 881 4713 leve
902 4669 1178 4727 peccatum
1207 4674 1403 4722 meum,
1430 4660 1523 4714 sed
1552 4674 1873 4730 recognosco
1899 4668 2020 4733 quia
2041 4682 2163 4735 gra-

613 4760 678 4800 ve
716 4747 919 4815 pondus
940 4747 1123 4815 judicii
1154 4748 1438 4817 imposuit,
1468 4757 1522 4801 et
1549 4762 1707 4818 super
1731 4754 1983 4805 verticem
2020 4755 2164 4823 capi-

617 4834 685 4888 tis
722 4835 824 4888 mei
855 4834 1109 4888 excrevit.
1148 4834 1299 4889 Sicut
1323 4838 1528 4906 pondus
1550 4840 1769 4909 grande,
1810 4843 1894 4897 sic
1942 4852 2162 4912 peccata

616 4939 732 4981 mea
750 4938 918 4994 super
946 4937 1051 4978 me.

688 5013 848 5068 Vsus.
872 5014 924 5066 6.
948 5040 1016 5053 --—
1038 5012 1468 5083 Computruerunt
1498 5024 1545 5069 et
1573 5029 1827 5087 corrupta
1863 5031 1985 5089 sunt
2022 5023 2162 5075 cica-

618 5102 765 5155 trices
791 5119 917 5156 mete
949 5120 980 5157 a
1009 5104 1143 5172 [acie
1176 5104 1485 5173 insipientite
1505 5122 1649 5160 mete.
1679 5107 1813 5163 Nam
1842 5111 1971 5165 mihi
2002 5111 2167 5167 fetent

619 5197 673 5242 et
718 5196 1152 5257 computrescunt
1193 5192 1414 5246 vulnera
1446 5202 1809 5261 peccatorum,
1858 5197 2164 5254 desideran—

620 5287 803 5347 terque
845 5288 1094 5346 exspecto
1136 5280 1419 5335 medicum.
1450 5282 1517 5337 Et
1544 5299 1663 5347 cur,
1694 5266 1870 5353 inquis
1896 5284 2020 5357 [Με.
2044 5327 2059 5350 ,
2088 5289 2166 5343 in-

620 5366 777 5438 quit],
820 5376 1140 5438 putruerunt
1190 5385 1221 5423 a
1280 5358 1415 5425 facio
1468 5374 1782 5444 insipientia:
1821 5376 1991 5429 mea?
2032 5375 2166 5443 Quia

622 5453 863 5509 uolebam
894 5470 1052 5527 agere
1078 5460 1467 5526 pmnitentiam.

689 5542 847 5599 Vens.
878 5545 931 5598 '1.
958 5546 1208 5603 —-Hiser
1233 5547 1401 5617 factus
1423 5564 1535 5603 sum
1575 5560 1621 5603 et
1656 5553 1890 5608 turbatus
1922 5570 2080 5629 usque
2111 5555 2166 5610 in

620 5633 807 5701 ﬁnem,
852 5650 1017 5705 usque
1062 5638 1184 5717 dum
1213 5638 1513 5695 conﬁtendo
1550 5655 1811 5712 purgarer
1846 5665 1855 5701 :
1890 5647 2013 5717 quia
2052 5646 2166 5702 sino

2219 702 2311 757 sed
2357 702 2660 771 percutiens
2690 709 2876 771 pectus
2905 714 3080 753 meum
3128 697 3335 753 aiebam
3364 716 3378 751 :
3410 694 3571 762 Deus,
3599 694 3773 767 propi-

2220 791 2325 845 tius
2360 801 2466 845 esto
2502 791 2625 844 mihi
2652 791 2926 860 peccaturi.
2959 788 3086 843 Tota
3109 789 3192 843 die
3228 798 3405 843 autem
3426 826 3443 855 ,
3467 779 3471 783 ’
3497 787 3774 847 continua-

2223 882 2422 937 tionem
2448 882 2646 937 doloris
2672 880 2938 951 signiﬁcat
2966 878 3091 952 [Με.
3115 877 3387 951 ostendit].
3600 888 3603 891 ‘

2242 976 2250 981 ”
2294 971 2456 1026 Vens.
2482 970 2621 1037 8.+—
2649 969 2907 1036 Quoniam
2944 969 3104 1022 lumbi
3146 970 3243 1022 mei
3281 968 3475 1038 impleti
3509 976 3630 1023 sunt
3655 966 3775 1022 illu-

2227 1054 2533 1120 sionibus,et
2561 1070 2763 1127 nonest
2788 1061 2986 1114 sanitas
3017 1060 3072 1113 in
3101 1076 3255 1113 carne
3283 1057 3551 1113 mea.'lllis
3575 1058 3776 1115 illusio-

2226 1154 2383 1221 nibus
2410 1169 2466 1209 se
2494 1152 2775 1223 profitetur
2796 1167 2913 1207 esse
2943 1150 3197 1221 repletum
3238 1159 3397 1219 atque
3432 1150 3778 1212 inlirmatum,

2227 1245 2420 1313 quibus
2458 1242 2699 1298 diabolus
2723 1232 3011 1296 humanum
3040 1256 3207 1311 genus
3231 1240 3382 1294 illicit
3410 1248 3466 1294 ut
3490 1239 3779 1308 delinquat.

2299 1335 2460 1390 Vens.
2491 1336 2544 1389 9.
2576 1364 2648 1375 —
2670 1335 2911 1404 Afﬂictus
2937 1349 3052 1387 sum
3086 1342 3132 1405 et
3166 1333 3466 1387 humiliatus
3487 1348 3600 1385 sum
3629 1331 3780 1386 nimis

2229 1442 2588 1498 usquequaque
2624 1443 2643 1479 :
2672 1424 2933 1493 rugiebam
2971 1441 3002 1477 α
3030 1425 3220 1494 gemitu
3245 1423 3415 1477 cordis
3440 1424 3558 1477 mei.
3589 1423 3785 1477 Possu-

2232 1534 2350 1573 mus
2373 1500 2595 1589 [autem]
2620 1531 2843 1586 corpore
2871 1516 3080 1571 curvari
3103 1556 3118 1579 ,
3161 1524 3216 1569 et
3252 1516 3427 1571 animo
3469 1530 3572 1570 non
3610 1515 3787 1571 humi-

2234 1611 2374 1667 liari.
2406 1610 2529 1683 Ideo
2556 1610 2955 1683 hicutrumque
2983 1607 3326 1678 conjunctum
3354 1615 3459 1683 est.
3490 1607 3624 1672 Quia
3652 1606 3789 1660 mul-

2239 1700 2399 1770 tiplex
2449 1680 2729 1753 calamitas
2778 1697 3001 1757 liberum
3050 1696 3124 1751 nil
3181 1679 3453 1765 relinquit,
3497 1695 3586 1763 hic
3622 1696 3787 1749 etiam

2168 1769 2210 1827 Β
2239 1769 2436 1856 aliquid
2464 1786 2634 1857 majus
2668 1785 2862 1855 adjecit
2882 1785 3085 1841 dicens.
3114 1798 3497 1852 usquequaque,
3520 1782 3571 1835 id
3596 1789 3699 1845 est,
3721 1796 3787 1835 ex

2239 1880 2381 1935 omni
2410 1887 2585 1949 parte,
2613 1885 2674 1931 ut
2699 1891 2822 1931 eum
2855 1876 3071 1946 copiosa
3105 1874 3383 1929 calamitas
3410 1871 3639 1942 undique
3668 1887 3793 1942 pro-

2240 1969 2459 2024 baretur
2485 1968 2735 2023 ambisse.
2766 1962 3048 2036 Rugiebam
3076 1983 3107 2019 a
3136 1966 3327 2035 gemitu
3362 1963 3531 2017 cordis
3554 1964 3653 2016 mei
3680 1979 3698 2016 :
3730 1973 3790 2015 ut

2241 2062 2490 2116 virtutem
2540 2061 2808 2132 patientia:
2838 2074 3041 2131 magnae
3080 2064 3425 2122 monstraret,
3462 2058 3514 2110 in
3540 2056 3794 2128 gemitum

2242 2164 2301 2208 se
2330 2153 2542 2217 asserit,
2589 2166 2695 2207 non
2726 2152 2785 2205 in
2804 2150 2963 2205 verba
2987 2149 3312 2221 prorupisse.

2295 2242 2475 2297 Vens.
2513 2239 2598 2295 10.
2634 2240 2965 2315 -ηυοτηὶηε,
3016 2248 3135 2292 ante
3175 2248 3224 2291 te
3274 2254 3423 2299 omne
3484 2236 3794 2291 desiderium

2243 2345 2430 2383 meum.
2466 2327 2592 2383 Tale
2618 2326 2719 2383 fuit
2740 2328 3058 2383 desiderium
3095 2324 3230 2394 ejus,
3252 2336 3311 2381 ut
3340 2335 3465 2381 ante
3487 2326 3653 2403 Deum
3675 2341 3797 2381 esse

2244 2428 2561 2475 mereretur.
2608 2417 2743 2473 Nam
2787 2419 2878 2487 qui
2921 2418 3155 2487 peccatis
3194 2417 3405 2472 veniam
3455 2417 3627 2487 petit,
3674 2426 3797 2471 ante

2245 2510 2413 2565 Deum
2440 2510 2590 2589 ponit
2614 2508 2934 2563 desiderium
2964 2523 3138 2562 suum.
3164 2506 3283 2561 Jam
3306 2507 3447 2577 quod
3474 2514 3599 2561 ante
3627 2507 3797 2585 ipsum

2247 2609 2354 2662 est,
2400 2598 2679 2653 consuevit
2717 2596 2908 2651 audiri.
2959 2597 3027 2651 Et
3056 2599 3272 2667 gemitus
3294 2613 3437 2651 meus
3466 2615 3495 2650 a
3521 2607 3568 2650 te
3594 2613 3695 2650 non
3721 2603 3796 2651 est

2244 2689 2599 2750 absconditus,
2626 2687 2677 2741 id
2704 2694 2806 2751 est,
2832 2686 3085 2756 quidquid
3114 2687 3277 2741 habet
3304 2684 3483 2752 homo,
3515 2687 3654 2742 Deus
3672 2687 3794 2741 scit.

2248 2776 2514 2847 Quidquid
2539 2776 2737 2846 deliqui
2761 2816 2776 2835 .
2817 2776 3073 2845 quidquid
3099 2777 3236 2831 male
3262 2778 3442 2847 gessi,
3485 2775 3663 2830 omnia
3704 2774 3797 2831 tibi

2248 2878 2372 2919 cum
2422 2864 2619 2935 gemitu
2670 2864 2903 2918 reseravi
2935 2882 2947 2916 :
2978 2863 3155 2919 sciens
3180 2866 3306 2933 quia
3335 2865 3429 2919 tibi
3475 2880 3579 2919 non
3621 2864 3802 2919 occul~

2250 2961 2433 3009 tantur
2453 2954 2684 3009 occulta.
3486 2947 3501 2964 ⁸

2322 3044 2482 3099 Vens.
2515 3045 2600 3098 ll.
2626 3074 2697 3084 --
2724 3044 2826 3099 Cor
2853 3060 3019 3098 meum
3050 3045 3405 3100 conturbatum
3432 3056 3527 3111 est,
3562 3056 3607 3101 et
3652 3047 3798 3101 dere-

2179 3097 2223 3157 C
2254 3134 2402 3205 liquit
2430 3151 2510 3188 me
2540 3135 2701 3189 uirtus
2725 3151 2857 3200 mea,
2890 3144 2937 3189 et
2970 3134 3141 3188 lumen
3175 3135 3440 3189 oculorum
3489 3152 3717 3190 meorum
3752 3146 3796 3190 et
3842 3140 3845 3143 ⁷

2248 3227 2417 3295 ipsum
2446 3241 2548 3278 non
2587 3234 2661 3279 est
2705 3214 2923 3278 mecum.
2954 3214 3176 3293 Propter
3203 3225 3338 3279 iram
3363 3242 3521 3296 quam
3557 3227 3802 3295 superius

2250 3315 2539 3369 memoravi
2567 3355 2583 3381 ,
2624 3322 2679 3369 et
2707 3312 2911 3386 [quam]
2942 3314 3216 3369 incurrere
3253 3329 3565 3385 expavesco.
3598 3316 3797 3369 Lumen

2250 3402 2523 3457 oculorum
2570 3418 2811 3457 meorum
2840 3420 2943 3458 non
2970 3412 3052 3458 est
3078 3418 3307 3468 mecum,
3334 3407 3460 3474 quia
3500 3386 3802 3475 postposito

2234 3495 2493 3561 veritatis
2521 3494 2721 3547 lumine
2750 3495 2802 3546 in
2831 3494 3073 3547 tenebras
3097 3494 3398 3549 decideram
3436 3504 3800 3565 peccatorum.

2253 3586 2296 3640 A
2324 3587 2585 3658 principio
2625 3585 2815 3656 psalmi
2856 3585 3101 3641 Christus
3135 3597 3317 3657 egerat
3337 3602 3554 3641 causam
3577 3587 3657 3641 sui
3682 3602 3805 3641 cor—

2252 3679 2421 3748 poris,
2467 3694 2607 3733 nunc
2654 3693 2781 3733 vero
2832 3693 2982 3732 suam
3028 3665 3294 3746 propriam
3333 3678 3516 3745 incipit
3549 3692 3802 3747 perorare

2252 3768 2578 3837 passionem.
3828 3824 3834 3831 α

2328 3852 2503 3911 Vsus.’
2524 3855 2607 3909 12.
2639 3885 2707 3896 —
2736 3856 2900 3909 Amici
2936 3857 3035 3909 mei
3067 3864 3115 3909 et
3144 3855 3364 3925 proximi
3402 3857 3500 3910 mei
3531 3856 3801 3911 adversum

2252 3963 2334 4000 me
2356 3947 2890 4016 appropinquauerunt
2916 3962 2976 3999 ac
3004 3954 3267 3998 steterunt.
3296 3942 3469 3999 Amici
3489 3945 3615 3999 dicti
3635 3943 3803 4000 Judaei

2253 4046 2470 4108 pmpter
2493 4037 2780 4091 Abraham.
2808 4034 3062 4101 Proximi,
3091 4050 3153 4089 eo
3174 4037 3313 4104 quod
3344 4035 3412 4089 ab
3436 4050 3618 4089 eorum
3647 4050 3805 4106 geno-

2256 4127 2462 4181 ratione
2500 4140 2720 4194 carnem
2748 4125 2989 4179 Christus
3014 4126 3299 4193 sumpserit
3326 4123 3477 4195 μὴ..
3507 4129 3806 4193 assumpse-

2258 4216 2373 4288 rit],
2391 4217 2480 4286 qui
2502 4216 3056 4286 appropinquaverunt
3074 4215 3145 4280 ei,
3166 4223 3225 4267 ut
3246 4215 3800 4285 comprehenderetur.

2256 4304 2415 4375 35o
2432 4302 2729 4369 Quod'vero
2758 4304 2851 4365 ait,
2877 4303 3031 4357 amici
3054 4303 3153 4356 mei
3172 4310 3226 4355 et
3250 4303 3358 4356 noti
3378 4303 3481 4356 mei
3505 4310 3693 4357 contra
3719 4316 3807 4358 me

2260 4403 2543 4460 steterunt,
2568 4402 2743 4465 potest
2762 4402 2816 4449 et
2842 4395 2906 4447 de
2935 4393 3200 4463 discipulis
3225 4395 3392 4465 accipi
3419 4435 3433 4457 ,
3463 4396 3553 4463 qui
3592 4396 3644 4449 in
3682 4406 3806 4465 pas-

2260 4488 2408 4540 sione
2437 4493 2579 4539 metu
2610 4484 2780 4537 territi
2812 4482 2964 4552 longe
2996 4492 3354 4546 recesserunt,
3391 4482 3443 4536 in
3474 4490 3675 4536 tantum
3700 4522 3716 4548 ,
3747 4492 3805 4537 ut

2258 4577 2416 4631 etiam
2475 4574 2664 4630 Petrus
2698 4576 3023 4644 denegaret;
3071 4573 3155 4627 vel
3205 4579 3468 4626 steterunt
3524 4580 3803 4627 causantes

2260 4675 2443 4721 contra
2469 4679 2613 4719 eum.
2649 4664 2715 4717 Et
2738 4664 2825 4732 qui
2867 4663 3024 4731 juxta
3068 4678 3147 4715 me
3176 4672 3319 4715 erant
3338 4702 3352 4725 ,
3381 4662 3444 4715 de
3477 4661 3623 4732 longe
3650 4672 3801 4717 stete-

2261 4767 2399 4809 runt.
2428 4754 2665 4825 Apostoli
2688 4754 2891 4833 scilicet
2918 4761 2969 4807 et
2995 4752 3181 4820 reliqui
3225 4752 3487 4825 discipuli,
3510 4753 3575 4807 de
3616 4752 3804 4822 quibus

2262 4849 2336 4902 ait
2362 4847 2699 4917 Evangelista
2732 4862 2743 4898 :
2774 4844 2901 4898 Cum
2949 4844 3392 4917 appreltendissent
3415 4857 3571 4906 -cum,
3601 4842 3813 4895 stabant

2261 4953 2433 4989 omnes
2464 4936 2569 4989 noti
2590 4935 2702 5003 ejus
2725 4952 2755 4986 a
2784 4934 2934 5003 longe
2953 4933 3285 5005 (Laevum,
3314 4930 3423 5002 i9).
3600 4973 3607 4979 .
3636 4940 3639 4941 '

2332 5024 2490 5079 Vsus.
2523 5024 2606 5079 l5.
2634 5052 2703 5063 -—
2728 5022 2790 5076 Et
2821 5024 2919 5075 vim
2943 5021 3219 5091 faciebant,
3247 5022 3333 5091 qui
3362 5018 3654 5090 (merebant
3687 5020 3802 5073 aut.

2262 5129 2401 5166 mam
2423 5128 2607 5166 meam.
2638 5112 2759 5165 Vim
2788 5109 3050 5165 faciebant
3073 5124 3176 5163 non
3201 5109 3309 5164 noti
3326 5148 3343 5173 ,
3370 5108 3463 5166 sed
3488 5107 3653 5164 Judaei
3675 5123 3696 5172 ',
3722 5106 3805 5163 vel

2264 5200 2422 5255 Petro
2441 5240 2456 5262 ,
2487 5215 2606 5255 cum
2634 5200 2905 5254 dicerent:
2944 5199 3129 5254 Nonne
3155 5207 3203 5253 st
3228 5209 3284 5251 tu
3325 5196 3573 5260 Galilaeus
3599 5214 3652 5252 es
3674 5198 3701 5251 ἲ
3723 5194 3806 5252 vel

2263 5289 2450 5345 Joanni
2480 5288 2640 5363 [Us.,
2677 5289 2932 5364 Jacoboj,
2959 5290 3051 5360 qui
3088 5304 3209 5345 cum
3245 5286 3591 5362 [traheretur]
3621 5287 3808 5343 relicta

2263 5380 2485 5435 sindone
2508 5379 2683 5436 nudus
2711 5381 2946 5453 profugit
2975 5381 3042 5435 ab
3070 5381 3179 5446 eis;
3223 5380 3308 5437 vel
3332 5380 3432 5451 ipsi
3460 5379 3624 5441 etiam
3655 5373 3809 5436 Chri-

2264 5478 2365 5525 sto.
2390 5470 2477 5543 [Et
2494 5472 2599 5545 vim
2615 5471 2900 5534 faciebant,
2929 5473 3015 5541 qui
3040 5472 3349 5543 quaebant
3367 5472 3597 5531 anitum
3612 5484 3805 5533 meam.

2266 5558 2369 5615 hoc
2394 5566 2496 5625 est.
2529 5556 2715 5623 Judaei,
2745 5561 2895 5630 quasi
2948 5560 3155 5617 illorum
3204 5559 3460 5618 fortitudo
3483 5566 3647 5623 esset.
3676 5565 3735 5615 et
3774 5571 3808 5615 ι

2268 5647 2374 5703 Deo
2400 5650 2567 5719 ipsam
2613 5658 2925 5719 petestatem
2952 5666 3059 5705 non
3104 5648 3473 5721 accepissent}.
3511 5649 3577 5701 Et
3619 5648 3705 5719 qui
3729 5648 3811 5703 in-
