4230 6224
600 296 703 353 583

1436 304 1494 356 Β.
1534 302 1598 357 F.
1639 300 1859 355 ALBlNl
1888 298 2027 355 SEU
2066 296 2341 353 ALCUINI
2379 296 2663 354 OPERUM
2692 297 2871 355 PARS
2906 297 2966 352 ll.

3706 300 3810 356 ΞΜ

596 410 833 475 abluere,
860 420 915 467 et
935 412 1059 481 quia
1078 388 1265 467 omnes
1283 423 1593 482 peccatores
1621 429 1803 469 sumus
1825 454 1851 479 ,,
1874 414 2157 483 unusquis-
2181 416 2232 471 Α
2258 412 2414 465 care?
2452 411 2511 467 lu
2540 426 2644 480 quo
2674 412 3000 467 dementiam
3041 428 3192 469 suam
3230 415 3425 484 arguit,
3469 416 3558 486 qui
3588 430 3692 471 non
3720 433 3812 471 exs

500 574 507 577 ν
596 514 703 571 quc
739 508 982 554 nostrum
1016 500 1162 554 dicat
1187 515 1308 554 cum
1334 501 1638 571 Propheta:

673 588 830 647 Vens.
853 588 907 643 ὅ.
924 618 994 628 -
1013 587 1258 643 Miserere
1277 591 1400 656 mei,
1421 590 1580 656 Deus,
1607 591 1889 651 secundum
1916 606 2157 659 magnam

597 680 1006 743 misericordiam
1030 691 1193 743 tuam.
1226 681 1493 745 Miserere,
1519 684 1644 752 quia
1671 684 1835 738 miser
1872 697 2025 747 sum;
2054 681 2157 737 mi-

598 785 801 837 serere,
853 773 979 841 quia
1019 788 1211 842 magna
1255 781 1342 827 est
1390 773 1761 829 misericordia
1814 781 1923 835 tua.
1975 770 2160 826 Nullus

599 870 841 919 nostrum
868 877 989 917 cum
1025 862 1195 917 Adam
1224 864 1292 918 ad
1335 864 1523 919 noxias
1565 861 1835 934 confugiat
1860 862 2162 917 excusatio-

598 967 718 1016 nes,
747 948 842 1006 sed
891 960 1074 1021 aperte
1119 951 1360 1022 proferat
1404 952 1547 1023 quod
1597 952 1777 1021 inique
1829 965 1887 1005 se
1933 949 2160 1020 gessisse

599 1041 860 1113 agnoscit.
893 1025 1382 1114 Refugium‘faciat
1420 1040 1489 1094 ad
1514 1040 1985 1099 clementissimum
2012 1037 2161 1092 Judi-

600 1147 740 1195 cem,
772 1132 1062 1201 praeveniat
1090 1130 1283 1187 faciem
1310 1133 1426 1211 ejus
1453 1133 1504 1186 in
1535 1131 1889 1197 confessione,
1913 1145 1979 1185 ne
2000 1144 2161 1199 expc?

601 1220 770 1274 riatur
798 1222 850 1273 in
889 1218 1075 1275 futuro.
1107 1221 1309 1291 judicio
1338 1222 1553 1283 iratum,
1583 1222 1626 1275 si
1657 1220 1812 1281 modo
1828 1212 2161 1288 contempse-

601 1310 673 1373 rit
719 1324 842 1363 eum
889 1308 1312 1365 misericordem.
1376 1309 1757 1372 Misericordia:
1812 1316 2020 1378 tempus
2079 1314 2163 1361 est

597 1398 747 1461 omni
784 1399 981 1463 homini
1012 1400 1168 1454 modo
1195 1400 1470 1469 pmnitenti
1501 1418 1514 1451 :
1542 1401 1594 1453 in
1617 1399 1796 1453 futuro
1816 1396 2161 1467 verojudicio

598 1494 810 1567 tempus
836 1489 940 1552 erit
966 1488 1208 1558 justitim,
1252 1490 1341 1554 ubi
1372 1489 1659 1556 unicuique
1688 1486 1940 1550 reddetur
1972 1499 2163 1547 secun-

600 1577 726 1640 dum
758 1592 923 1657 opera
954 1593 1079 1639 sua.
1108 1577 1241 1650 Quis
1268 1576 1418 1632 effari
1461 1579 1654 1647 poterit
1678 1584 1879 1646 quanta
1905 1574 1975 1629 sit
2003 1574 2163 1627 mise-

600 1667 830 1722 ricordia
859 1666 995 1739 [Del]
1045 1668 1099 1721 in
1140 1668 1417 1731 homines,
1460 1682 1578 1736 quae.
1625 1665 1805 1729 mundi
1849 1663 2161 1718 Creatorem

2256 502 2404 577 pavit
2430 510 2576 555 tanto
2617 500 2803 557 Iudice
2836 514 3097 572 prasente
3139 520 3381 575 peccare.
3417 506 3713 578 Sequitur:
3740 508 3813 563 ω

2247 592 2555 662 justiﬁceris
2581 595 2637 647 in
2665 595 2984 649 sermonibus
3012 598 3116 651 tuis
3139 607 3191 652 et
3212 599 3382 653 vincas
3401 600 3811 669 cumjudicaris.

2259 682 2544 738 Sermones
2573 684 2781 739 Domini
2811 686 3002 741 merito
3040 686 3323 757 justiﬁcari
3366 689 3646 753 dicuntur.
3676 704 3814 759 quo-

2255 772 2399 827 niam
2446 772 2563 828 sine
2607 772 2769 828 dubio
2792 788 3003 845 semper
3037 774 3154 845 ejus
3177 775 3319 830 dicta
3345 776 3677 846 complentur
3705 790 3721 830 :
3758 777 3815 830 in

2256 862 2407 931 cujus
2431 870 2721 933 conspectu
2754 880 2860 919 non
2892 865 3273 935 justiﬁcabitur
3293 868 3468 922 omnis
3490 867 3701 921 vivens.
3734 866 3819 923 ld-

2257 952 2403 1008 circo
2443 953 2591 1007 omni
2620 953 2820 1009 homini
2848 955 3130 1010 dicendum
3155 964 3238 1010 est
3264 971 3279 1008 :
3305 955 3427 1010 Non
3453 957 3607 1010 intres
3641 956 3696 1011 in
3721 956 3819 1026 ju-

2258 1043 2451 1101 dicium
2499 1060 2614 1098 cum
2656 1061 2798 1099 servo
2850 1055 2939 1099 tuo
2977 1044 3146 1116 (Psat.
3200 1062 3375 1110 cxut,
3420 1047 3508 1116 2).
3562 1046 3820 1102 Dominus

2257 1132 2482 1188 bellator
2506 1142 2688 1189 noster
2711 1134 3104 1190 atrocissimum
3134 1136 3339 1190 hostem
3366 1136 3582 1190 humani
3607 1137 3820 1205 generis

2253 1225 2521 1295 judicatus
2547 1227 2693 1290 vicit,
2725 1235 2779 1281 et
2804 1228 3059 1281 mundum
3083 1229 3367 1283 damnatus
3392 1230 3639 1284 absolvit;
3672 1228 3817 1283 Prm-

2260 1319 2446 1373 videns
2471 1333 2597 1388 ergo
2621 1316 2699 1388 [in
2730 1319 2919 1389 spiritu
2946 1321 3203 1389 propheta
3243 1320 3435 1391 (Edit.,
3484 1322 3538 1374 in
3597 1321 3821 1390 spiritus

2259 1408 2585 1481 prephetia)]
2610 1424 2714 1463 non
2737 1410 2838 1464 nisi
2864 1410 2916 1464 in
2937 1406 3191 1479 sanguine
3210 1410 3405 1467 Christi
3428 1422 3644 1482 peccata
3680 1411 3821 1465 redi-

2260 1502 2333 1555 mi
2351 1517 2523 1571 posse,
2540 1502 2721 1556 laudat
2738 1503 2999 1571 justitiam
3027 1504 3163 1573 ejus,
3180 1520 3285 1574 qua
3307 1504 3574 1558 diabuium
3599 1506 3822 1561 damna-

2261 1591 2363 1655 vit;
2387 1599 2442 1645 et
2461 1592 2902 1657 misericordiam,
2918 1609 3020 1661 qua
3040 1594 3293 1647 mundum
3319 1594 3561 1647 redemit.
3591 1594 3823 1652 Proinde

2265 1694 2370 1732 non
2395 1680 2565 1733 solum
2587 1670 2822 1749 praesens
2849 1682 2930 1735 sui
2967 1682 3136 1751 ipsius
3173 1689 3473 1751 peccatum,
3500 1684 3590 1738 sed
3623 1671 3820 1752 parcn-

599 1759 812 1813 mortali
840 1754 1010 1813 induit
1032 1773 1216 1821 carne,
1243 1765 1303 1811 ut
1334 1772 1543 1826 semper
1576 1758 1762 1811 vivens
1807 1756 1860 1809 in
1904 1769 2021 1819 Suo,
2063 1768 2161 1826 pro
2192 1754 2238 1813 Β
2265 1776 2374 1821 tum
2414 1782 2653 1832 suorum,
2684 1769 2737 1821 in
2775 1770 2968 1837 quibus
2991 1771 3103 1841 ipse
3131 1780 3421 1839 conceptus
3447 1781 3531 1826 est
3559 1780 3616 1827 et
3642 1782 3820 1840 natus,

600 1850 799 1903 nostris
828 1849 1065 1922 peccatis
1092 1849 1230 1903 mori
1255 1854 1435 1918 posset
1459 1862 1527 1902 ex
1554 1854 1758 1908 nostro,

672 1923 970 2004 Secundum
995 1938 1377 2003 multitudinem
1399 1938 1789 2001 miserationum
1820 1944 2029 1992 tuarum
2050 1931 2163 1986 dele

599 2028 922 2100 iniquitatem
970 2044 1158 2081 meant.
1187 2026 1231 2083 Ο
1262 2027 1516 2081 Domine!
1564 2024 1809 2094 quamvis
1860 2037 2054 2092 magna
2095 2020 2165 2074 sit

602 2118 856 2188 iniquitas
880 2133 1017 2183 mea,
1050 2126 1226 2182 tamen
1255 2116 1426 2185 major
1452 2123 1536 2171 est
1561 2111 1842 2169 multitudo
1868 2110 2164 2165 miseratio-

600 2211 687 2267 nis
733 2220 870 2275 tute,
914 2212 967 2275 in
1009 2226 1114 2289 qua
1159 2218 1221 2265 ut
1263 2210 1482 2273 deleas,
1524 2202 1819 2276 deprecor,
1855 2202 2164 2271 iniquitates

602 2318 773 2370 meas,
802 2318 939 2385 quas
980 2311 1166 2359 contra
1209 2317 1295 2363 me
1323 2301 1551 2370 scriptas
1580 2296 1745 2369 [esse]
1775 2297 2033 2350 horresco
2065 2310 2076 2345 :
2107 2299 2164 2385 ut

603 2404 659 2450 te
696 2380 985 2455 miserante
1017 2406 1228 2447 merear
1269 2390 1429 2446 scribi
1459 2390 1512 2443 in
1539 2388 1676 2442 libro
1703 2386 1828 2441 vitae
1851 2393 1955 2438 tum
1996 2398 2009 2441 :
2037 2380 2161 2451 quia

606 2502 762 2542 nemo
794 2487 864 2553 ibi
903 2486 1178 2552 seribitur,
1207 2484 1310 2548 nisi
1338 2484 1491 2560 cujus
1524 2481 1613 2539 hic
1639 2493 1826 2539 omnes
1852 2476 2163 2546 iniquitates

606 2578 869 2644 delentur.

674 2672 834 2725 Vens.
867 2670 919 2723 4.
947 2700 1017 2710 -—
1045 2667 1277 2736 Amplius
1300 2666 1415 2720 lava
1439 2659 1603 2719 me’ab
1629 2662 1886 2733 injustitia
1911 2676 2026 2713 mea
2050 2666 2097 2711 et
2129 2671 2162 2709 α

604 2760 791 2815 delicto
816 2776 927 2813 meo
946 2759 1141 2812 munda
1163 2774 1261 2811 me.
1284 2757 1501 2811 Munere
1525 2752 1901 2809 misericordia)
1922 2758 2026 2803 tua:
2046 2748 2164 2801 lava

606 2862 715 2912 me,
747 2849 985 2911 Domine,
1019 2849 1085 2901 ab
1115 2848 1385 2917 injustitite
1407 2861 1539 2900 meae
1576 2844 1799 2899 maculis
1827 2861 1841 2895 :
1867 2856 1967 2895 nec
1995 2839 2164 2894 solum

605 2939 743 3003 lava,
783 2940 877 2994 sed
900 2941 1059 2994 etiam
1086 2940 1280 3001 munda
1308 2936 1456 3009 [Ms.,
1491 2922 1739 3006 emunda]
1763 2974 1777 2998 ,
1799 2947 1866 2987 ne
1884 2930 2027 3002 quid-
2051 2944 2168 2984 sor—

607 3033 787 3101 didum
822 3039 1094 3102 remaneat
1133 3030 1185 3087 in
1221 3029 1332 3083 vita
1375 3044 1513 3084 mea.
1548 3025 1834 3088 Sordidare
1858 3038 1944 3077 me
1968 3021 2115 3091 potui
2149 3060 2164 3085 ,

602 3094 701 3185 sed
727 3099 1013 3191 emundare
1040 3134 1246 3189 nequeo
1269 3158 1284 3184 ,
1327 3118 1431 3171 nisi
1480 3124 1536 3169 tu
1579 3114 1801 3168 Domine
1838 3110 1961 3172 Jesu
1991 3104 2166 3169 sancti
2194 3094 2242 3155 Ο

609 3212 886 3283 sanguinis
917 3211 990 3268 tui
1021 3209 1328 3277 aspersione
1361 3204 1617 3260 mundum
1653 3216 1737 3263 me
1764 3200 1948 3255 facias.

678 3304 839 3367 Vens.
881 3302 933 3366 5.
978 3333 1047 3342 ——
1077 3299 1335 3374 Quoniam
1378 3296 1703 3366 iniquitatem
1738 3308 1904 3350 meam
1944 3306 2034 3358 ego
2082 3304 2167 3341 co-

608 3412 819 3465 gnosco,
868 3403 914 3457 et
949 3392 1193 3447 delictum
1245 3404 1415 3453 meum
1468 3394 1645 3443 contra
1693 3399 1774 3444 me
1828 3391 1901 3434 est
1949 3393 2163 3447 semper.

608 3486 864 3551 Nostrum.
903 3491 985 3537 est
1011 3486 1233 3549 peccata
1262 3485 1442 3530 nostra
1484 3486 1807 3544 cognoscere
1828 3468 1979 3541 [Ms.,
2008 3482 2169 3536 agno-

612 3574 787 3646 scere]
817 3616 831 3639 ,
860 3582 913 3629 et
950 3572 1224 3631 humiliter
1250 3569 1511 3627 conﬁteri.
1546 3568 1637 3621 Dei
1664 3576 1745 3621 est
1774 3581 1875 3619 non
1906 3566 2170 3632 imputare

611 3666 784 3728 nobis,
812 3665 901 3718 sed
926 3663 1344 3727 misericorditer
1364 3662 1658 3729 ignoscere.
1675 3656 1894 3715 Plurimi
1920 3654 2057 3707 scire
2076 3666 2171 3705 sua

611 3763 833 3827 peccata
859 3735 1116 3823 possunb,
1141 3752 1233 3805 sed
1257 3751 1353 3805 soli
1382 3750 1453 3806 illi
1480 3750 1613 3807 bene
1635 3762 1697 3801 ea
1730 3758 2015 3813 agnoscere
2044 3757 2168 3811 pro-

612 3846 839 3906 bantur,
868 3842 957 3915 qui
988 3840 1073 3902 illa
1104 3841 1349 3893 videntur
1381 3838 1591 3908 propria
1628 3836 1995 3892 exsecratione
2024 3833 2173 3886 dam-

616 3946 769 3985 nare.
816 3926 1061 3983 Perfecta
1092 3928 1232 3982 enim
1261 3926 1574 3995 pmnitentia
1625 3934 1707 3977 est
1758 3922 1935 3984 futura
1982 3935 2173 3974 cavere

614 4027 839 4090 peccata
893 4026 947 4073 et
990 4017 1170 4088 lugere
1222 4016 1510 4085 praeterita.
1580 4013 1737 4084 352
1784 4010 1945 4065 Addit
1994 4019 2172 4063 autem

614 4109 782 4162 David
812 4126 823 4159 :
852 4107 915 4160 Et
944 4107 1184 4166 delictum
1214 4122 1381 4169 meum
1411 4115 1587 4166 contra
1616 4121 1693 4165 me
1718 4113 1791 4160 est
1818 4116 2032 4170 semper.
2073 4101 2175 4154 De-

616 4198 801 4251 lictum
830 4206 1068 4250 nostrum
1088 4202 1275 4255 contra
1296 4209 1393 4247 nos
1418 4194 1681 4261 ponimus,
1699 4192 1782 4243 vel
1811 4205 1994 4244 coram
2018 4189 2175 4243 nobis

618 4302 832 4356 semper
876 4286 1155 4348 habemus,
1187 4283 1398 4354 quando
1428 4283 1479 4344 in
1510 4282 1768 4337 memoria
1807 4279 1939 4333 illud
1978 4277 2177 4347 iugiter

618 4386 861 4431 tenemus
890 4375 955 4429 ad
986 4373 1387 4444 supplicandum
1418 4388 1513 4442 pro
1538 4387 1603 4426 eo
1626 4411 1639 4434 ,
1670 4371 1839 4425 donec
1862 4368 2106 4423 vincatur
2144 4384 2173 4421 a

620 4467 773 4523 nobis
805 4467 1067 4535 mortique
1121 4466 1275 4519 detur
1320 4464 1694 4532 sempiternae;
1728 4478 1795 4515 ne
1840 4461 2032 4515 iterum
2080 4474 2177 4513 nos

618 4538 885 4611 debellare
912 4556 1104 4618 valeat,
1138 4555 1279 4610 sicut
1300 4554 1505 4623 pridem
1535 4551 1677 4605 fecit.
1710 4551 1843 4604 Nam
1870 4552 2028 4604 toties
2054 4544 2177 4619 pec;

624 4655 741 4700 cata
768 4646 1098 4717 respicimus,
1126 4645 1332 4716 quoties
1354 4644 1631 4699 commissa
1662 4642 2015 4712 deploramus.

694 4733 856 4789 Vens.
880 4732 1004 4789 6.—.
1028 4732 1140 4787 Tibi
1160 4733 1255 4786 soli
1281 4734 1481 4803 peccavi
1504 4743 1549 4786 et
1568 4734 1761 4795 malum
1794 4748 1969 4793 coram
1990 4742 2035 4795 tr
2053 4730 2175 4796 (Bri.

626 4820 759 4895 [Soli
809 4824 917 4879 Deo
961 4822 1041 4893 se]
1078 4836 1326 4893 peccasse
1355 4822 1652 4885 confitetur,
1687 4822 1810 4891 quia
1839 4822 1951 4875 Rex
1994 4829 2181 4892 potens

625 4914 785 4967 alium
812 4928 919 4968 non
949 4912 1139 4987 metuit
1184 4911 1410 4964 ultorem
1456 4912 1659 4980 peccati
1706 4912 1807 4965 sui.
1836 4912 1902 4975 Et
1928 4921 1984 4965 ut
2013 4912 2181 4980 majus

624 5004 920 5072 iniquitatis
943 5001 1116 5056 scelus
1139 4999 1459 5063 ostenderet,
1485 4999 1723 5068 adjunxit
1748 5016 1759 5051 :
1792 5000 1983 5052 malum
2007 5017 2179 5053 coram

631 5101 679 5143 te
718 5092 835 5158 feci.
894 5091 1030 5145 Dum
1066 5091 1211 5145 enim
1248 5090 1442 5159 ubique
1470 5098 1520 5142 te
1549 5097 1860 5158 przesentem
1906 5091 2135 5144 sciebam
2164 5132 2179 5153 ,

636 5179 774 5253 [cur]
803 5181 857 5232 in
884 5182 1165 5250 praesentia
1196 5181 1328 5235 tanti
1357 5176 1560 5235 Judicis
1585 5193 1690 5232 non
1718 5178 2016 5232 metuebam
2060 5195 2183 5251 pcc-

701 5364 725 5393 ι
750 5351 809 5407 In
833 5352 986 5406 codd.
1013 5368 1139 5407 mss.
1168 5352 1347 5421 priora
1378 5354 1449 5407 ita
1476 5354 1721 5421 leguntur
1746 5368 1757 5406 :
1790 5370 1805 5401 1
1836 5350 2093 5414 Primum,
2128 5362 2188 5405 ut

629 5430 943 5492 agnosceret
987 5423 1187 5475 habere
1223 5438 1345 5475 eum
1410 5421 1610 5485 ﬁlium;
1662 5422 1855 5476 deinde
1900 5429 1959 5473 ut
2012 5422 2185 5490 ipsum

631 5502 833 5552 nosset,
860 5505 926 5545 ex
954 5506 1059 5559 quo
1082 5492 1285 5545 semine
1310 5492 1365 5544 in
1396 5492 1576 5544 carnis
1604 5492 1965 5559 assumptione
2000 5498 2188 5543 ventu-

632 5573 725 5613 rus
744 5568 887 5613 esset
910 5599 925 5623 ,
955 5568 1015 5613 ut
1041 5560 1304 5630 passionis
1325 5574 1535 5628 quoque
1570 5560 1790 5630 ﬁguram
1837 5560 2183 5630 praediceret,

636 5636 689 5678 et
727 5628 1129 5683 resurrectionis
1162 5629 1383 5697 gloriam
1436 5628 1739 5682 nuntiaret:
1774 5628 2043 5683 ct’deinde
2082 5644 2187 5681 non
2228 5684 2235 5693 ,

2202 4421 2254 4485 ι)

2262 1856 2548 1911 conﬁtetur
2580 1858 2764 1913 dicens
2790 1872 2805 1911 :

2331 1946 2490 2001 Vens.
2522 1946 2571 1999 7.
2596 1976 2665 1987 ~—
2691 1946 2826 2002 Ecce
2862 1948 2917 2001 in
2944 1949 3303 2018 iniquitatibus
3338 1938 3609 2021 conceptus
3633 1968 3747 2007 sum
3770 1958 3823 2005 et

2260 2036 2315 2089 in
2357 2035 2556 2089 delictis
2592 2040 2820 2108 concepit
2863 2036 3009 2108 [Ms.,
3059 2040 3278 2107 peccatis
3304 2039 3519 2111 peperit]
3547 2057 3627 2094 me
3656 2050 3823 2094 mater

2260 2140 2394 2178 mea.
2422 2124 2553 2190 Quis
2579 2141 2665 2180 me
2691 2135 2869 2196 potest
2890 2144 2954 2181 ex
2982 2129 3253 2183 immundo
3283 2131 3485 2185 semine
3505 2112 3822 2200 conceptum

2261 2213 2518 2267 mundum
2572 2213 2748 2268 facere
2770 2255 2787 2278 ,
2812 2216 2913 2269 nisi
2948 2224 3004 2270 tu
3033 2216 3172 2271 Deus
3212 2219 3393 2283 solus,
3419 2220 3509 2287 qui
3542 2219 3657 2273 sine
3698 2234 3829 2289 pecs

2261 2310 2383 2378 cato
2407 2303 2498 2357 es?
2521 2302 2658 2369 Quid
2688 2305 2881 2361 mirum
2919 2315 3002 2359 est
3039 2315 3215 2361 autem
3237 2348 3250 2369 ,
3275 2308 3319 2362 si
3359 2308 3599 2374 fecerim,
3630 2311 3682 2363 in
3709 2312 3825 2379 quin

2200 2438 2203 2443 ,
2259 2394 2361 2449 bus
2385 2408 2474 2448 me
2513 2403 2846 2464 peccatorem
2892 2396 3147 2451 conﬁteor
3173 2438 3187 2461 ,
3215 2400 3305 2467 qui
3331 2399 3440 2468 jam
3468 2415 3531 2454 ex
3574 2401 3833 2471 originali

2259 2494 2480 2554 peccato
2506 2486 2560 2539 in
2603 2487 2971 2565 iniquitatibus
3007 2488 3119 2543 scio
3162 2504 3247 2543 me
3288 2499 3404 2544 eSse
3455 2503 3766 2563 conceptum
3795 2492 3822 2545 ἲ

2263 2576 2353 2644 qui
2378 2584 2503 2630 ante
2526 2574 2742 2644 peccata
2770 2578 3007 2631 contraxi
3035 2617 3051 2643 ,
3098 2592 3256 2646 quam
3287 2578 3409 2632 vitae
3434 2580 3693 2649 principia
3723 2581 3823 2634 ha—

2263 2666 2478 2721 berem?
2505 2665 2549 2721 Ο
2578 2665 2968 2731 Domine-Iesu,
2997 2668 3190 2735 quibus
3224 2669 3639 2723 misericordiam
3675 2677 3820 2724 tuam

2262 2759 2509 2815 laudibus
2552 2758 2823 2814 etl'erimus
2850 2799 2865 2825 ,
2914 2775 3047 2828 quas
3096 2760 3190 2813 tibi
3237 2762 3527 2829 gratiarum
3556 2762 3827 2817 actiones

2265 2851 2453 2923 dignas
2481 2852 2757 2906 exsolvere
2796 2866 3107 2921 possumus,
3136 2852 3225 2921 qui
3250 2868 3346 2907 nos
3370 2855 3437 2907 de
3463 2854 3618 2925 hujus
3650 2855 3826 2909 chiro-

2266 2946 2451 3015 graphi
2490 2947 2665 3001 debito
2689 2947 2744 3001 in
2774 2947 3031 3016 sanguine
3076 2954 3167 3000 tuo
3211 2946 3483 3012 liberasti,
3538 2947 3718 3001 delens
3770 2947 3827 3001 in

2268 3054 2427 3095 cruce
2477 3047 2689 3093 nostras
2729 3047 3071 3109 peccatorum
3128 3039 3434 3103 cautiones,
3479 3053 3594 3107 qua:
3641 3048 3827 3093 contra

2270 3145 2371 3185 nos
2398 3146 2428 3182 a
2460 3130 2646 3197 primis
2669 3130 2980 3198 parentibus
3018 3128 3334 3197 conscripta
3357 3137 3482 3183 sunt
3507 3130 3705 3184 nostris
3739 3130 3756 3181 ?

2337 3221 2498 3278 Vens.
2532 3222 2583 3276 8.
2607 3249 2678 3262 -ι-
2713 3220 2848 3273 Ecce
2876 3220 3011 3273 enim
3040 3220 3301 3271 veritatem
3329 3220 3557 3273 dilexisti
3581 3261 3594 3281 ,
3627 3222 3828 3274 incerta

2270 3320 2317 3365 et
2345 3314 2547 3364 occulta
2583 3310 2849 3378 sapientia:
2876 3319 2977 3361 tua:
3005 3307 3347 3375 manifestasti
3383 3309 3529 3361 mihi.
3567 3308 3719 3364 Sicut
3740 3323 3833 3364 su-

2269 3402 2465 3471 periori
2493 3416 2649 3455 versu
2678 3416 2772 3471 per
2799 3415 3079 3455 commune
3122 3399 3374 3455 delictum
3412 3402 3656 3470 probavit
3686 3402 3830 3470 quod

2271 3506 2428 3546 nemo
2454 3492 2687 3559 peccatis
2715 3490 3025 3544 redderetur
3046 3498 3323 3557 exemptus
3349 3488 3501 3561 [Ms.,
3523 3480 3825 3562 exceptus];

2272 3579 2351 3632 sic
2381 3579 2574 3632 iterum
2605 3579 2656 3631 in
2700 3578 3001 3633 conﬁtendo
3051 3586 3267 3645 peccata
3319 3581 3597 3634 veritatem
3650 3582 3826 3644 dixit,

2272 3681 2429 3736 quam
2460 3668 2579 3737 plus
2609 3668 2861 3721 Dominus
2892 3668 3045 3729 Deus,
3074 3682 3136 3720 ae
3163 3683 3320 3737 super
3344 3670 3521 3721 omnia
3567 3668 3827 3722 sacriﬁcia

2272 3760 2513 3827 requirit.
2548 3758 2661 3812 Non
2696 3759 2837 3812 enim
2872 3758 3011 3811 Deus
3049 3756 3343 3810 delectatur
3370 3759 3542 3827 pmnis
3592 3760 3789 3812 nostris
3810 3798 3823 3821 ,

2274 3851 2364 3903 sed
2394 3848 2779 3903 confessionem
2805 3848 2991 3916 qumrit
3012 3848 3229 3909 erroris.
3261 3847 3466 3902 Incerta
3496 3864 3621 3918 ergo
3651 3859 3699 3901 et
3738 3866 3827 3902 oc-

2275 3938 2411 3991 culta
2448 3939 2709 4007 sapientia:
2760 3948 2860 3991 tua:
2910 3939 3253 4006 manifestasti
3282 3939 3441 4002 mihi;
3468 3940 3717 3993 nimirum
3765 3952 3830 3993 ea

2274 4046 2391 4099 quae
2419 4030 2557 4083 Deus
2596 4028 2716 4100 [illi]
2748 4030 2798 4081 in
2831 4029 2946 4083 Filii
2970 4029 3050 4084 sui
3091 4028 3516 4084 manifestatione
3557 4030 3829 4084 revelavit.

2276 4120 2509 4173 Primum
2539 4130 2595 4173 ut
2622 4136 2965 4189 agnoscerem
2992 4121 3189 4176 habere
3209 4136 3330 4176 eum
3352 4122 3519 4175 ﬁlium
3544 4138 3559 4185 ;
3593 4120 3786 4175 deinde
3814 4160 3827 4181 .

2275 4217 2335 4260 ut
2358 4200 2530 4276 ipsum
2562 4224 2771 4263 nossem
2799 4225 2865 4264 ex
2908 4225 3027 4263 meo
3072 4211 3277 4264 semine
3313 4211 3364 4263 in
3401 4212 3579 4264 carnis
3626 4225 3833 4263 assum-

2276 4299 2452 4366 ptione
2480 4308 2781 4362 venturum,
2809 4314 3038 4367 eumque
3062 4300 3405 4367 prtedicarem
3428 4340 3441 4365 ,
3494 4308 3548 4353 et
3593 4313 3834 4353 resurre-

2277 4390 2467 4444 ctionis
2492 4390 2712 4460 gloriam
2736 4391 3033 4447 nuntiarem
3056 4403 3101 4443 ι.
3131 4389 3384 4460 Sequitur
3410 4407 3424 4445 :

2349 4482 2509 4535 Vsus.
2538 4482 2591 4535 9.
2622 4511 2691 4521 -—
2724 4481 2972 4552 Asperges
3019 4499 3099 4535 me
3140 4484 3356 4553 ἡμιιορο
3403 4492 3451 4536 et
3503 4482 3834 4545 mundabor;

2278 4568 2472 4622 locabis
2500 4586 2579 4622 me
2604 4611 2620 4633 ,
2666 4579 2715 4623 et
2760 4586 2914 4639 super
2957 4572 3119 4623 nivem
3161 4570 3457 4622 dealbabor.
3502 4568 3650 4623 Sicut
3691 4569 3832 4623 enim

2278 4657 2538 4725 hyssopus
2580 4655 2731 4727 μὴ..
2757 4658 3045 4727 hyssopum
3091 4666 3467 4710 terrenum.....
3499 4655 3703 4728 aptum]
3730 4666 3836 4711 ter-

2280 4759 2407 4797 rena
2437 4745 2684 4799 curandis
2712 4746 3050 4813 pulmonibus
3077 4754 3195 4813 apta
3220 4752 3320 4807 est,
3346 4754 3405 4799 ut
3443 4754 3648 4801 avertat
3690 4743 3835 4799 inﬂa-

2283 4833 2477 4889 tionem
2512 4849 2524 4884 :
2564 4834 2636 4886 ita
2672 4834 2877 4887 cmlesti
2920 4836 3039 4901 quis
3085 4849 3360 4902 respersus
3406 4837 3657 4906 hyssorio,
3682 4835 3731 4889 id
3752 4843 3835 4887 est

2282 4923 2578 4980 humilitate
2621 4924 2829 4988 cordis,
2876 4925 2943 4978 ab
2985 4925 3130 4981 omni
3188 4926 3450 4994 superbire
3511 4925 3836 4992 malignitate

2282 5020 2559 5081 purgatur.
2583 5011 2808 5075 Lavabis
2825 5027 2954 5082 ergo
2971 5028 3055 5067 me
3077 5022 3131 5068 et
3149 5028 3311 5081 snper
3332 5015 3515 5067 nivem,
3529 5013 3831 5076 dealbabor,

2284 5116 2508 5168 cumque
2543 5108 2763 5168 peccata
2805 5116 2919 5155 mea
2971 5102 3240 5169 phtenieio
3270 5102 3374 5157 sint
3417 5101 3637 5163 similia,
3684 5102 3833 5170 quasi

2284 5192 2374 5251 nix
2405 5190 2791 5245 dealbabuntur
2826 5192 2872 5241 ι).
2903 5190 3073 5260 Super
3108 5191 3285 5244 nivem
3327 5200 3502 5245 autem
3546 5190 3723 5245 album
3767 5191 3835 5247 de

2288 5381 2366 5429 se,
2391 5366 2537 5429 dicit,
2559 5366 2801 5422 debuisse
2822 5380 3063 5437 peccare,
3080 5382 3200 5421 cum
3225 5367 3347 5421 talia
3370 5363 3651 5420 meruisset
3669 5378 3834 5433 agnae

2289 5450 2474 5575 “irin
2495 5454 2651 5558 .rodd.
2686 5512 2821 5575 mss.
2843 5522 2861 5553 ι
2894 5504 2962 5575 Ut
2984 5503 3117 5575 quia
3155 5510 3371 5575 peccata
3412 5518 3527 5558 mea
3570 5500 3835 5574 phmnicio

2289 5580 2413 5627 sunt
2435 5573 2649 5641 similia,
2677 5574 2826 5644 quasi
2854 5574 2942 5628 nix
2965 5573 3296 5633 dealbentur.
3328 5592 3347 5625 ι
