4230 6208
432 314 537 379 58.“.

431 425 742 497 corporibus
786 422 915 475 nihil
956 429 1127 490 potest
1160 420 1402 474 inveniri.
1430 419 1533 472 Sed
1563 418 1679 471 ideo
1708 434 1865 487 super
1906 418 1981 469 ni-
2010 427 2053 479 Λ

432 534 550 574 rem
577 516 733 581 dixit,
764 515 887 585 quia
911 512 1162 582 spiritalis
1187 512 1361 564 anima
1385 510 1537 579 longe
1564 525 1723 577 supra
1761 523 1983 577 corpora

432 607 685 660 mundata
736 601 1056 672 resplendet.
1107 598 1386 659 Humilitas
1413 597 1611 653 Christi
1641 595 1800 651 solvit
1833 594 1983 666 [Ms.,

431 673 931 764 salvavitLpeccata
960 698 1165 757 nostra,
1193 687 1504 742 humillima:
1530 687 1710 741 herbae
1756 687 1987 755 hySSOpo

429 783 564 836 bene
593 788 897 849 comparata
938 796 951 831 :
996 792 1114 847 qua:
1136 817 1151 839 ,
1194 777 1332 831 sicut
1356 783 1411 830 et
1434 776 1547 829 haec
1574 790 1603 827 a
1630 775 1941 843 corporibus
1969 814 1982 835 ,

428 872 496 926 ab
528 869 720 924 animis
747 867 945 922 nostris
980 864 1303 920 inflationem
1335 864 1468 917 tollit
1495 862 1778 933 superbia).

506 960 662 1025 Vens.
693 958 780 1012 10.
808 987 876 998 --
898 955 1112 1010 Auditui
1154 971 1264 1007 meo
1291 954 1437 1006 dabis
1462 953 1710 1021 gaudium
1754 962 1801 1004 et
1851 950 1985 1003 Iret!-

431 1048 556 1111 tiam
581 1088 596 1114 ,
630 1060 675 1100 et
702 1045 1028 1106 exsultabant
1067 1060 1183 1101 ossa
1213 1040 1506 1095 humilium.
1545 1040 1761 1093 Auditui
1805 1038 1985 1092 datum

430 1147 511 1194 est
536 1138 786 1206 gaudium
812 1176 826 1199 ,
858 1135 1067 1204 quando
1092 1133 1224 1188 dixit
1246 1134 1295 1185 ei
1325 1131 1550 1197 Nathan,
1593 1130 1875 1202 dimissum
1904 1138 1988 1183 est

429 1236 705 1295 peccatum
741 1235 887 1278 tuum
922 1222 1008 1295 (Il
1039 1221 1164 1291 Reg.
1190 1238 1288 1284 xu,
1333 1222 1440 1292 l3).
1472 1220 1731 1275 Gaudium
1758 1221 1989 1289 pertinet

428 1316 495 1369 ad
525 1314 907 1369 absolutionem
934 1350 949 1374 ,
994 1310 1177 1364 laetitia
1204 1310 1269 1364 ad
1294 1319 1545 1378 perpetua
1574 1308 1792 1378 praemia
1818 1308 1989 1389 possi-

429 1405 620 1461 denda.
652 1402 809 1473 353
839 1402 904 1455 Et
930 1400 1278 1457 exsultabant.
1314 1400 1505 1468 inquit,
1549 1416 1663 1452 ossa
1692 1398 1984 1463 humiliata,

428 1478 677 1557 virtutes,
706 1507 824 1560 qua:
852 1491 1001 1559 prius
1029 1488 1240 1544 fuerant
1262 1497 1479 1558 peccato
1508 1488 1815 1543 humiliatcc.
1844 1488 1938 1541 Vel
1972 1506 1982 1538 :

428 1580 742 1636 aztemitatis
763 1595 884 1650 spes
914 1577 1065 1650 [Ms.,
1092 1579 1360 1632 aeternitas
1385 1578 1495 1647 spei
1530 1575 1681 1650 mere]
1704 1617 1717 1641 ,
1750 1593 1869 1646 quae
1906 1592 1988 1630 me

428 1678 680 1741 peccante
714 1669 988 1722 humiliata
1028 1667 1222 1732 fuerat,
1256 1676 1308 1721 te
1332 1667 1635 1736 indulgente
1664 1666 1912 1721 exsultat.

1010 306 1411 362 EXEGETICA.
1451 336 1524 361 —.
1554 304 1907 360 EXl'OSl'l'lO
1945 305 2008 358 l.\'

1999 305 2008 355 ἱ
2048 302 2239 356 ῐδὸῒι..
2286 303 2875 366 ΡΟΙιΣΝΙΉὲΝῊΜ,ιᾲεέ,
2919 304 3064 356 lZTtI.
3547 302 3645 354 {isti

2158 415 2314 467 Vitas.
2351 415 2711 469 lﬁ.-—~Libcra
2734 434 2814 471 me
2838 418 2900 469 de
2932 418 3288 485 sanguinibnc,
3328 416 3479 472 om.
3517 416 3647 468 hens

2084 502 2266 554 salutis
2292 520 2433 563 metu,
2468 512 2514 555 et
2554 502 2798 557 exaltabit
2830 504 3004 577 lingua
3049 522 3159 557 mea
3189 505 3445 574 justitiam
3486 519 3644 558 tuum.

2084 589 2323 644 Liber-ari
2374 606 2429 645 se
2474 592 2607 660 petit
2645 592 2909 662 PrOpheta
2955 593 3020 646 de
3048 593 3421 663 sanguinibus,
3463 596 3514 650 id
3545 607 3643 649 est.

2084 679 2389 733 carnalibus
2425 681 2650 744 delictis,
2691 690 2750 735 ut
2778 681 2889 749 jam
2928 674 3192 737 desineret
3233 684 3282 736 in
3316 685 3421 738 ista
3453 684 3650 756 fragili-

2086 778 2195 822 tate
2220 785 2462 837 peccare.
2508 770 2735 841 Sanguis
2762 773 2901 825 cnim
2925 788 3021 841 pro
3050 789 3274 843 corpore
3302 776 3531 830 humano
3558 793 3649 846 pn—

2085 857 2250 920 nitur,
2292 859 2415 927 quia
2452 860 2592 913 inter
2629 868 2852 916 caeteros
2889 863 3137 917 humores
3175 863 3294 932 ejus
3331 867 3441 936 ipse
3478 872 3652 938 potior

2083 945 2296 999 videtur
2336 949 2586 1003 existere.
2628 948 2780 1015 Quod
2823 966 2951 1004 vero
2989 954 3081 1015 ait,
3124 953 3261 1008 Deus
3294 959 3476 1011 salutis
3502 977 3647 1020 nam,

2086 1033 2350 1102 signiﬁcat
2380 1034 2662 1089 Dominum
2693 1036 3047 1102 Salt'atorem,
3083 1056 3178 1110 per
3211 1057 3367 1109 quem
3396 1046 3538 1097 salus
3565 1052 3648 1116 p‘w

2086 1123 2426 1177 credentibus
2474 1124 2646 1177 datur.
2691 1124 2905 1179 Addidit
2946 1128 3124 1188 etiam,
3178 1130 3422 1205 exaltabit
3473 1133 3647 1202 lingu:

2086 1226 2199 1263 mea
2217 1211 2476 1279 justitiam
2503 1220 2673 1275 tuam,
2709 1212 2758 1265 id
2783 1222 2883 1276 est,
2914 1216 2957 1267 si
2987 1230 3069 1270 me
3100 1216 3409 1274 liberareris
3437 1223 3501 1275 de
3530 1240 3650 1273 san-

2086 1300 2355 1368 guinibus,
2387 1301 2528 1369 quod
2558 1301 2869 1369 intelligitur
2894 1304 2958 1356 de
2988 1309 3238 1373 peccatis,
3266 1308 3473 1364 laudem
3506 1290 3645 1363 lil:-t:t

2088 1388 2265 1458 lingua
2296 1405 2410 1443 mea
2437 1390 2579 1457 justo
2602 1391 2865 1457 loquetur,
2898 1394 2978 1447 vel
3008 1397 3315 1458 prardirabit
3340 1399 3511 1469 lingua
3537 1418 3598 1450 iltt
3623 1423 3646 1465 ξι

2088 1480 2337 1534 mandata
2367 1489 2476 1535 tua.

2158 1570 2317 1625 Vens.
2347 1572 2758 1637 l7.——Domine,
2790 1575 2928 1629 labia
2952 1593 3064 1630 mea
3087 1579 3304 1647 aperies,
3327 1588 3373 1632 et
3400 1597 3455 1633 os
3485 1582 3645 1634 inermi

1999 1666 2007 1680 ‘
2088 1659 2415 1712 annuntiabit
2438 1659 2643 1714 laudent
2663 1671 2825 1715 tuam.
2853 1663 3018 1732 Labia
3041 1663 3336 1735 Prophette,
3368 1682 3483 1736 qua:
3510 1669 3651 1722 clan-

498 1762 656 1814 Vens.
690 1758 1048 1811 H.—Auerte
1074 1756 1259 1825 {aciem
1287 1766 1431 1809 tuam
1457 1773 1489 1808 a
1515 1756 1733 1825 peccatis
1770 1756 1917 1819 meis,
1944 1765 1991 1808 et
2025 1756 2067 1813 Β
2096 1763 2152 1801 sa
2187 1747 2397 1802 fuerant
2423 1751 2723 1806 conditione
2756 1754 2983 1821 peccati,
3016 1755 3271 1809 beneﬁcio
3308 1757 3651 1811 absolutionis

428 1866 602 1919 omnes
631 1850 924 1919 iniquitates
956 1863 1094 1900 meas
1121 1846 1267 1900 dele;
1291 1845 1367 1899 Ne
1394 1861 1509 1900 mea
1543 1856 1759 1914 peccata
1791 1847 1868 1901 sic
1898 1862 1987 1901 ac-

428 1940 597 2008 cipias
630 1937 783 2010 [Ms.,
822 1935 1104 2007 aspicias],
1136 1945 1195 1989 ut
1219 1930 1554 1990 revertantur
1584 1936 1650 1990 ad
1677 1938 1985 1992 memoriam

429 2040 593 2099 tuam.
634 2029 827 2082 Averte
860 2026 1046 2082 faciem
1084 2035 1259 2091 tuam;
1299 2042 1363 2080 ac
1398 2028 1443 2081 si
1480 2026 1641 2106 dicat,
1682 2042 1748 2081 ne
1782 2028 1985 2090 videas,

430 2135 497 2174 ne
537 2118 832 2189 recorderis
867 2118 975 2185 illa.
1030 2116 1097 2171 Et
1135 2134 1307 2172 omnes
1343 2118 1639 2186 iniquitates
1674 2133 1814 2183 meas
1850 2117 1983 2179 dele,

431 2210 744 2290 praeteritas,
784 2215 1069 2289 pmsentes
1106 2214 1160 2261 et
1193 2205 1417 2261 futuras.

506 2297 659 2351 Vsus.
694 2296 777 2350 1‘2.
796 2294 979 2350 —Cor
1005 2296 1251 2350 mundum
1279 2312 1395 2349 crea
1424 2297 1477 2349 in
1503 2312 1599 2359 me,
1630 2295 1785 2360 Deus,
1815 2306 1861 2350 et
1883 2297 1985 2367 spi-

384 2392 387 2393 '
433 2386 588 2438 ritum
629 2396 821 2439 rectum
857 2386 1041 2456 innova
1081 2387 1135 2438 in
1174 2384 1447 2439 visceribus
1485 2386 1630 2439 meis.
1678 2384 1815 2440 Petit
1850 2386 1984 2441 Pro-

432 2464 589 2544 pheta
616 2476 869 2530 mundum
898 2490 991 2530 cor
1014 2476 1115 2531 sibi
1143 2476 1336 2539 creari,
1366 2476 1419 2530 id
1445 2485 1528 2529 est
1557 2476 1867 2539 restaurari,
1908 2476 1989 2547 [ut

432 2560 596 2618 Deum
617 2564 813 2637 videat]
843 2584 853 2617 :
880 2566 949 2619 ita
972 2574 1023 2619 et
1045 2566 1407 2640 unusquisque
1434 2566 1591 2620 debet
1620 2565 1815 2621 facere.
1862 2565 1989 2637 [Cor

430 2654 679 2712 mundum
706 2671 823 2707 crea
843 2656 896 2707 in
918 2670 997 2709 me
1018 2654 1175 2719 Deus,
1194 2663 1476 2726 propterea
1499 2656 1739 2725 rogabat,
1761 2664 1821 2709 ut
1836 2672 1988 2709 mun-

426 2743 529 2798 dus
552 2744 701 2798 ﬁeret
718 2761 747 2798 a
766 2744 1028 2819 peccato.]
1056 2745 1122 2799 Et
1143 2747 1377 2821 spiritum
1399 2756 1589 2800 rectum
1609 2748 1793 2801 innova
1816 2749 1868 2800 in
1892 2749 1989 2800 ris-

430 2833 633 2886 ceribus
670 2824 829 2903 meis,
871 2851 975 2911 quo
1006 2834 1102 2908 [te]
1140 2845 1284 2891 recte
1308 2835 1597 2901 conﬁtear;
1629 2835 1711 2888 vel
1742 2836 1985 2905 spiritum

433 2931 637 2985 rectum
673 2922 743 2979 ad
777 2923 1058 2980 videndum
1096 2935 1149 2979 et
1185 2926 1620 2992 discernendum,
1660 2926 1797 2981 sicut
1830 2934 1985 2981 antea

432 3019 609 3081 rectus
636 3011 734 3068 fuit
763 3014 819 3069 in
844 3030 946 3078 me,
979 3015 1187 3086 innova,
1227 3018 1349 3089 quia
1384 3027 1534 3073 vetus
1571 3017 1741 3073 factus
1770 3027 1854 3073 est
1886 3033 1985 3089 pro

2085 1839 2371 1908 aperienda
2401 1841 2827 1908 pronuntiantur.
2873 1840 2944 1895 Os
2971 1851 3148 1896 autem
3180 1844 3378 1897 dicitur
3400 1853 3453 1898 et
3476 1847 3652 1900 θοι-ὡκ

2086 1943 2337 1981 arcanum
2364 1968 2377 1990 ,
2430 1929 2568 1981 unde
2618 1927 2844 1984 eﬁieitur
2885 1932 3000 1985 laus
3027 1932 3223 1986 divina.
3271 1933 3458 1999 Merito
3502 1951 3645 2005 ergo,

2084 2027 2204 2086 post
2238 2019 2620 2074 absolutionem
2671 2023 2896 2089 peccati,
2946 2033 2999 2077 et
3048 2024 3183 2079 labia
3224 2042 3320 2080 sua
3370 2029 3649 2097 aperienda

2083 2121 2202 2160 esse
2238 2108 2567 2176 pronuntiat,
2606 2119 2660 2163 et
2693 2126 2754 2164 os
2791 2127 2945 2166 suum
2986 2114 3112 2168 di‘eit
3149 2118 3468 2173 annuntiare
3495 2134 3649 2189 ροδεεε

2083 2200 2347 2266 praeconia
2376 2208 2430 2253 et
2460 2199 2668 2256 laudem
2693 2202 2809 2270 ejus
2837 2220 2938 2273 qua
2966 2216 3237 2262 recreatus
3258 2218 3354 2263 est.

2155 2289 2314 2343 Vens.
2363 2291 2796 2358 l8.—-Quoniam
2827 2296 2872 2348 si
2911 2296 3153 2352 voluisses
3189 2302 3524 2367 sacriﬁcium,
3562 2306 3646 2356 ιιι·-

2084 2376 2272 2431 dissem
2314 2380 2517 2447 utique;
2553 2379 2869 2435 holocaustis
2907 2399 3009 2437 non
3042 2383 3391 2441 delcctaberis.
3436 2388 3645 2460 Signiﬁ-

2085 2476 2172 2521 cat
2209 2469 2295 2523 hic
2340 2470 2603 2539 Propheta
2646 2472 2781 2525 ritus
2813 2487 3086 2528 sacrorum
3127 2491 3222 2543 per
3260 2478 3649 2535 immolationes

2084 2558 2367 2640 pecudum,
2408 2561 2501 2629 qui
2546 2570 2703 2615 erant
2737 2562 2790 2616 in
2835 2562 3062 2618 adventu
3098 2564 3305 2621 Domini
3346 2572 3644 2640 respuendi.

2088 2638 2237 2704 Unde
2273 2659 2483 2721 constat
2515 2651 2838 2722 Prophetam
2881 2656 2959 2709 sic
2997 2657 3063 2710 ad
3112 2657 3275 2713 Deum
3320 2638 3447 2716 total
3475 2673 3649 2718 mente

2085 2739 2426 2803 translatum,
2467 2750 2525 2793 ut
2570 2757 2673 2796 non
2720 2758 2777 2796 se
2829 2745 3107 2801 sacriﬁciis
3142 2765 3257 2819 qua:
3297 2750 3387 2806 illo
3416 2761 3650 2823 tempore

2085 2828 2427 2896 gerebantur,
2450 2831 2692 2886 crederet
2717 2833 3060 2903 expiandum,
3095 2840 3185 2893 sed
3214 2839 3302 2893 illa
3328 2842 3649 2911 hiagisobla-

2087 2919 2250 2980 tione,
2281 2934 2382 3003 qua
2413 2918 2543 2974 dicit
2564 2932 2952 2991 consequenter
2976 2925 3130 2996 [31s,
3162 2928 3433 3001 inferius]:

2153 3009 2313 3065 Vens.
2346 3012 2429 3065 19.
2446 3043 2514 3052 —
2528 3012 2857 3083 Sacriﬁcium
2878 3017 2984 3071 Deo
3005 3022 3215 3090 spiritus
3237 3026 3607 3081 contribnlutns
3636 3047 3651 3082 :

430 3113 671 3173 peccaro,
711 3104 955 3161 [nnovari
978 3107 1206 3176 ροειυιίιι
1228 3124 1324 3179 ρει-
1353 3111 1599 3179 gramm,
1630 3119 1683 3164 ει
1718 3110 1885 3175 add“,
1928 3110 1983 3162 ίη
2010 3092 2054 3153 C
2083 3114 2175 3153 cor
2193 3102 2469 3155 contritum
2492 3114 2537 3156 et
2561 3103 2883 3176 humiliation
2910 3106 3045 3161 Deus
3067 3128 3165 3163 non
3189 3112 3452 3181 despicies.
3485 3114 3646 3204 Quasi

429 3195 705 3248 uisceribus
742 3198 901 3260 meis,
942 3197 1081 3251 unde
1126 3208 1347 3253 noverat
1390 3199 1633 3254 adulterii
1673 3198 1985 3269 detestabile

430 3286 635 3342 crimen
678 3287 888 3343 exiisse.
940 3287 1187 3359 Utrisque
1232 3291 1373 3359 enim
1411 3290 1651 3362 partibus
1695 3289 1983 3345 remedium

429 3380 661 3456 petebat.
697 3379 948 3448 quoniam
985 3380 1052 3435 de
1090 3368 1315 3457 utroque
1352 3389 1684 3451 peccaverat.

502 3467 661 3521 Vitas.
692 3466 950 3521 l3.—Ne
970 3459 1213 3538 projicias
1236 3485 1312 3521 me
1331 3485 1362 3522 a
1382 3469 1515 3538 facie
1534 3478 1643 3531 tua,
1664 3479 1709 3521 et
1732 3467 1983 3538 Spiritum

430 3563 663 3607 sanctum
697 3564 842 3608 tuum
872 3571 934 3608 ne
958 3552 1173 3624 auferas
1196 3575 1227 3609 a
1257 3573 1355 3610 me.
1399 3555 1473 3611 Ne
1500 3557 1748 3626 projicias
1776 3574 1891 3628 me,
1918 3575 1984 3612 ne

430 3643 569 3697 sicut
588 3642 717 3697 Cain
744 3642 892 3719 exsul
918 3657 946 3696 a
973 3651 1025 3696 te
1044 3642 1259 3698 efﬁciar.
1296 3644 1580 3712 Projieitur
1606 3661 1635 3698 a
1664 3645 1813 3705 facie,
1840 3648 1927 3716 qui
1951 3664 1981 3701 a

430 3743 582 3806 patre
607 3733 981 3788 contemnitur.
1026 3731 1238 3788 Sciebat
1264 3734 1404 3788 enim
1435 3736 1500 3789 ab
1522 3735 1661 3788 illius
1687 3734 1820 3790 facie
1843 3736 1983 3807 sani-

430 3832 593 3878 tatem
620 3824 833 3886 mentis,
870 3829 925 3876 et
959 3823 1136 3877 lumen
1173 3823 1352 3877 venire
1388 3823 1677 3891 sapientiae,
1717 3831 1770 3878 et
1806 3826 1985 3880 crede-

429 3914 521 3975 bat
546 3928 604 3968 se
634 3912 851 3968 inimico
879 3914 1039 3978 tradi,
1078 3913 1123 3968 si
1156 3928 1187 3967 a
1219 3913 1365 3967 vultu
1409 3915 1615 3969 Domini
1653 3913 1984 3982 judicaretur

428 4002 637 4074 expelli.
665 4002 865 4059 Deinde
887 4017 1013 4058 vero
1030 4003 1272 4071 spiritum
1292 4006 1581 4073 prophetia
1600 4008 1732 4075 petit
1757 4008 1856 4061 sibi
1876 4023 1980 4061 non

426 4090 643 4156 auferri,
669 4106 826 4161 quem
849 4091 1137 4161 pretiosum
1158 4107 1319 4161 supra
1342 4103 1531 4147 cuncta
1555 4110 1647 4148 rex
1672 4096 1875 4166 habuit.

496 4181 659 4236 Ἴης.
688 4180 855 4235 M.-—
870 4179 1042 4235 Redde
1061 4182 1185 4235 mihi
1203 4181 1436 4236 lmtitiam
1456 4182 1698 4237 salutaris
1718 4188 1815 4249 mi,
1841 4186 1981 4241 illaut

428 4270 633 4327 scilicet
658 4269 852 4326 Christi
885 4271 957 4325 tui
986 4270 1414 4335 exsultationem,
1445 4288 1603 4342 quam
1639 4274 1689 4329 in
1729 4289 1794 4330 eo
1822 4277 1980 4348 habui

428 4359 733 4428 priusquam
770 4359 1116 4426 peccaverim.
1159 4358 1401 4415 Salutare
1430 4360 1523 4415 Dei
1549 4362 1722 4433 Patris
1742 4363 1984 4423 Christus

2087 3188 2253 3257 dicat,
2281 3206 2315 3245 ο
2338 3192 2527 3257 Ιιοιιιο,
2557 3195 2599 3248 si
2627 3197 2964 3265 peccaveris,
2998 3198 3102 3267 noli
3132 3202 3462 3257 extrinsecus
3483 3192 3645 3274 pecus

2085 3280 2228 3353 quod
2269 3290 2471 3339 mactcs
2517 3286 3007 3359 inquirere;babes
3053 3288 3195 3346 intus
3228 3295 3367 3362 quod
3408 3296 3639 3351 occidas.

2082 3368 2371 3442 Postquam
2391 3374 2533 3429 enim
2551 3375 2685 3431 dixit
2699 3393 2816 3445 qure
2828 3380 3089 3435 sacriﬁcia
3110 3370 3251 3437 Deus
3262 3386 3479 3459 respuit,
3504 3404 3642 3442 nunc

2086 3459 2215 3514 dicit
2240 3460 2326 3514 illa
2366 3478 2484 3531 qua:
2511 3466 2699 3533 poscit.
2742 3465 2888 3521 Istud
2925 3468 3067 3541 enim
3105 3470 3291 3525 damus
3326 3474 3643 3531 sacriﬁcium

2085 3548 2214 3611 Deo,
2246 3553 2491 3621 spiritum
2524 3555 2726 3611 scilicet
2751 3557 3033 3626 superbiae,
3064 3559 3407 3618 confessionis
3437 3566 3643 3620 hum":-

2085 3652 2193 3698 tate
2234 3634 2545 3712 mactatum,
2584 3634 2745 3720 355
2780 3651 2920 3703 unde
2954 3666 3057 3719 non
3098 3653 3314 3722 sanguis
3352 3657 3643 3725 egreditur,

2085 3736 2176 3789 sed
2215 3737 2568 3807 lacrymarinn
2608 3738 2803 3793 ﬂuenta
2839 3740 3148 3794 decurrunt.
3206 3741 3516 3813 [Sequitnrz
3545 3748 3645 3798 (.m-

2084 3824 2357 3875 contritum
2386 3834 2432 3876 ct
2463 3824 2792 3877 Inuni’iatum
2821 3826 2956 3879 Deus
2986 3845 3085 3881 non
3116 3829 3349 3901 spernit].
3390 3830 3492 3883 Cor
3524 3850 3643 3883 con—

2083 3915 2259 3966 tritum
2300 3923 2455 3969 vocat
2479 3916 2802 3983 pmnitentia:
2840 3915 3105 3971 laboribus
3143 3919 3484 3973 vehementer
3516 3920 3641 3974 ami-

2083 4016 2248 4059 ctum.
2301 4004 2646 4059 Ilumiliatum
2668 4047 2683 4070 ,
2714 4007 2822 4061 Deo
2850 4008 3073 4072 scilicet,
3112 4019 3169 4062 ut
3206 4012 3349 4079 quod
3382 4023 3503 4065 ante
3534 4012 3639 4065 fm-

2084 4102 2168 4146 rat
2182 4094 2408 4148 elatione
2429 4096 2734 4163 superbum,
2761 4094 2897 4148 foret
2915 4097 2999 4167 pia
3022 4097 3354 4151 confessione
3373 4100 3636 4153 devotum.

2084 4181 2232 4252 [Non
2267 4182 2481 4253 spernit]
2507 4200 2518 4233 :
2544 4191 2753 4236 constat
2788 4184 2929 4238 enim
2970 4184 3104 4240 tales
3140 4186 3434 4243 oblationes
3476 4189 3639 4244 Deum

2083 4260 2187 4326 non
2218 4287 2488 4355 spernere,
2526 4274 2659 4325 sicut
2692 4273 2775 4326 illa
2815 4275 3153 4341 cognoscitur
3181 4278 3357 4347 priora
3379 4281 3638 4335 sacriﬁcia

2084 4362 2365 4433 respuisse.

428 4427 530 4510 est,
556 4462 621 4501 ac
648 4446 695 4502 si
724 4446 885 4509 dicat,
910 4449 1049 4502 sicut
1076 4456 1200 4502 ante
1224 4428 1572 4517 praevidebam
1603 4467 1696 4523 per
1722 4451 1979 4520 Spiritum
2014 4427 2062 4485 θ
2153 4427 2313 4504 Vleas.
2342 4448 2753 4522 ﬁll—Benigne
2786 4452 2890 4521 fac,
2934 4453 3167 4519 Domine,
3204 4457 3257 4509 in
3296 4458 3425 4513 bona
3466 4462 3640 4516 t‘oltm-

430 4545 667 4592 sanctum
693 4552 816 4592 eum
844 4538 896 4592 in
923 4554 1083 4594 carne
1108 4540 1335 4602 venisse,
1364 4548 1418 4594 et
1452 4541 1611 4597 modo
1648 4542 1727 4609 sic
1763 4541 1975 4598 faciam.

434 4625 498 4677 Et
528 4626 708 4695 spiritu
734 4627 1004 4697 principali
1025 4628 1275 4698 conﬁrma
1312 4645 1409 4694 me,
1435 4638 1493 4683 ut
1516 4630 1629 4703 ipsa
1660 4631 1711 4684 in
1738 4647 1823 4686 me
1850 4632 1977 4687 vitia

432 4728 535 4767 non
562 4713 923 4784 principentnr
945 4714 1099 4787 [ιιι.
1121 4712 1193 4773 Ut
1214 4718 1327 4787 ipse
1353 4718 1406 4772 in
1434 4733 1536 4780 me,
1561 4733 1663 4773 non
1687 4720 1812 4773 vitia
1832 4721 1976 4788 prin-

433 4799 712 4875 cipentur].
742 4802 1006 4857 Conﬁrma
1036 4820 1119 4859 me
1142 4804 1318 4878 [dixit]
1342 4822 1408 4861 ne
1432 4809 1623 4862 iterum
1649 4822 1885 4877 peccem,
1911 4825 1977 4863 ne

433 4908 465 4944 a
491 4901 545 4961 te.
561 4893 750 4949 animae
774 4892 1123 4949 mutabilitate
1142 4896 1429 4951 discedam.
1472 4896 1569 4951 Hic
1593 4907 1772 4953 sancta
1804 4898 1980 4952 Trini-

433 4988 514 5049 tas
534 4975 875 5055 intelligenda
904 4990 985 5036 est
1011 4999 1023 5034 :
1054 4982 1105 5035 in
1134 4983 1319 5052 spiritu
1357 4984 1632 5053 principali
1671 4988 1859 5049 Pater;
1904 4989 1977 5057 [in

431 5068 638 5154 spiritu]
667 5069 897 5137 Spiritus
917 5080 1158 5132 sanctus;
1190 5072 1241 5125 in
1269 5073 1454 5139 spiritu
1482 5085 1626 5129 recto
1654 5076 1835 5133 Filius.

501 5158 659 5214 Vens.
683 5159 1277 5231 15.-—Doceboiniquos
1306 5162 1411 5214 vias
1438 5172 1571 5225 tuas,
1599 5174 1647 5215 et
1672 5167 1813 5237 impii
1840 5168 1906 5219 nd
1934 5177 1982 5218 te

432 5256 800 5302 convertentur.
838 5247 1064 5311 Docebo,
1089 5250 1324 5319 inquam,
1352 5250 1487 5313 illos,
1516 5259 1573 5304 ut
1595 5254 1920 5311 declinantes
1950 5271 1976 5307 ιι

434 5337 534 5391 viis
572 5338 753 5406 pravis
796 5345 849 5391 ct
895 5337 1256 5405 paenitentiam
1301 5347 1515 5409 agentes
1561 5342 1979 5400 misericordiam

434 5433 847 5491 consequantur,
870 5424 1003 5477 sicut
1025 5436 1123 5492 ego
1150 5439 1181 5478 a
1208 5436 1259 5478 te
1287 5426 1705 5480 misericordiam
1724 5443 1981 5487 consecu-

438 5522 523 5571 tus
558 5524 713 5566 sum:
742 5513 842 5566 hoc
878 5520 981 5571 est,
1025 5526 1312 5583 proponam
1350 5530 1434 5567 me
1476 5514 1665 5583 ipsum,
1708 5527 1765 5570 ut
1803 5536 1977 5577 meum

425 5602 732 5675 exemplum
762 5601 845 5653 alii
878 5602 1166 5655 imitentur.

824 5711 1087 5795 Ιᾊιίιομ..
1139 5706 1206 5791 ti,

2081 4546 2185 4592 tate
2224 4548 2315 4591 tua
2359 4538 2508 4603 Sion,
2550 4550 2606 4593 ut
2645 4541 2967 4609 wdiﬁcentur
3004 4546 3137 4597 muri
3164 4546 3473 4602 Jerusalem.
3512 4550 3639 4605 Sion

2082 4628 2293 4697 specula
2322 4628 2722 4700 interpretatur,
2753 4631 3118 4701 signiﬁcatque
3142 4635 3449 4705 Ecclesiam,
3477 4654 3633 4709 quam

2083 4727 2297 4771 sanctus
2321 4718 2581 4786 Propheta
2610 4728 2719 4773 toto
2741 4720 2872 4773 orbe
2901 4729 3162 4793 terrarum
3184 4724 3433 4781 aediﬁcari
3457 4720 3632 4798 postu-

2084 4808 2173 4860 lat.
2211 4804 2502 4861 Jerusalem
2550 4809 2686 4863 visio
2720 4812 2867 4878 pacis
2902 4810 3300 4881 interpretatur.
3354 4816 3634 4885 [fdi/irru-

2078 4910 2159 4949 mr
2182 4911 2309 4966 ergo
2330 4899 2464 4950 muri
2489 4898 2801 4963 Jerusalem,
2832 4900 2881 4954 id
2905 4910 3004 4963 est,
3037 4913 3371 4977 monumenta
3395 4916 3633 4960 constru-

2079 4996 2236 5041 antur
2257 4988 2671 5042 immortalitatis
2694 4998 2890 5043 nostra:
2924 4990 2976 5043 in
3013 4989 3114 5045 ﬁde
3146 4990 3221 5061 [et
3257 4991 3370 5063 spe]
3416 5004 3470 5048 ct
3506 4998 3627 5050 cha-

2080 5078 2254 5130 ritate.

2151 5165 2309 5220 V'Etts.
2339 5165 2667 5222 2L—Tunc
2716 5171 3001 5239 acreptabis
3044 5174 3354 5241 sacri/icium
3387 5175 3628 5244 justitio',

2080 5254 2361 5312 oblationes
2392 5268 2440 5312 et
2476 5259 2793 5323 holocausta,
2832 5268 2951 5315 tunc
2992 5264 3247 5333 imponent
3278 5279 3435 5338 super
3468 5269 3633 5324 altare

2080 5355 2225 5397 tuum
2252 5347 2454 5403 vitulos.
2498 5348 2643 5424 Patri
2681 5350 2912 5404 dicitur:
2940 5350 3081 5405 Tunc
3114 5356 3398 5425 acceptabis
3433 5360 3637 5429 sacri/{-

2082 5440 2218 5491 cium
2238 5438 2485 5505 justitim,
2515 5439 2565 5493 id
2588 5447 2691 5517 est,
2717 5441 2837 5496 Filii
2858 5442 3294 5511 gloriosissimam
3309 5429 3631 5515 passionem,

2080 5528 2169 5599 qui
2202 5542 2259 5582 se
2292 5528 2611 5584 sacriﬁcium
2648 5546 2745 5603 pro
2786 5531 3031 5588 ornibus
3071 5536 3283 5610 obmlit,
3314 5546 3376 5591 ut
3410 5538 3630 5593 salutem

2082 5610 2327 5693 rutundus,
2352 5634 2509 5685 quam
2538 5621 2649 5673 suis
2674 5622 2919 5689 operibus
2946 5638 3047 5674 non
3082 5629 3402 5683 metrhatur,
3432 5624 3633 5696 arripe-

3132 5739 3201 5794 19
