4230 6212
552 269 575 319 Ξ
585 270 648 321 3‘7

1376 262 1429 316 Β.
1471 262 1529 315 ι’.
1570 263 1790 315 ALillNl
1833 262 1961 317 Sili)
2003 262 2275 317 Αιωλδι
2315 261 2594 317 ονιςιὶωι
2635 262 2810 316 PAliS
2848 264 2909 317 ΙΙ.

3645 263 3747 318 κίχε

3645 298 3697 317 νς.

3643 298 3697 317 νς.

551 393 645 434 t'tzl.
687 381 837 446 Quod
864 392 985 432 vero
1005 378 1097 441 ait,
1122 377 1398 430 oblationrs
1417 386 1462 429 et
1484 354 1805 441 holocausta,
1828 376 1893 430 ad
1913 374 2093 428 ﬂtieles
2125 381 2166 435 Α
2198 375 2306 437 dat,
2349 373 2577 442 pastulat
2618 374 2870 429 auxilium
2925 376 2977 429 in
3017 378 3161 431 omni
3207 378 3445 447 angustia
3487 378 3745 433 divinum.

543 472 705 524 etiam
731 468 958 540 pertinet
984 467 1313 522 Christianos
1331 506 1345 530 ,
1372 467 1461 535 qui
1487 475 1641 519 erant
1666 474 1785 535 post
1811 466 2093 519 adventum

548 554 753 615 Domini
780 557 1052 619 credituri,
1078 554 1443 627 signiﬁcatque
1467 554 1784 609 immolanda
1813 554 1972 610 corda
2000 554 2095 608 lto-

547 652 747 706 minum
794 650 1106 711 viventium,
1147 662 1250 701 non
1288 647 1522 700 membra
1561 646 1821 715 pecudum
1860 655 2093 699 mortua-

532 755 682 795 rum.
720 737 863 793 Tunc
882 739 1134 807 imponent
1163 747 1319 806 super
1339 735 1503 788 altare
1524 746 1668 787 tuum
1692 732 1894 794 vitulos,
1919 748 2094 787 sacer-

545 828 694 884 dotes
713 826 935 891 scilicet,
950 825 1157 894 quando
1180 824 1415 878 Ecclesia
1429 823 1686 878 catholica
1706 821 1865 877 fuerit
1887 822 2092 878 Domini

544 917 790 987 passione
807 923 1129 970 constructa.
1176 912 1377 967 \‘itulos
1397 913 1588 981 quippe
1620 910 1795 981 posuit
1821 925 1918 981 pro
1945 910 2094 963 inno-

542 1006 785 1061 centibus
817 1003 1033 1068 adultis,
1070 1016 1295 1072 quorum
1328 1012 1459 1056 tetas
1493 1002 1662 1071 prima
1697 1009 1800 1064 est,
1836 1009 1889 1055 et
1914 1017 1942 1054 a
1965 1000 2093 1071 jugo

544 1096 746 1164 peccati
768 1093 945 1150 cervix
965 1107 1015 1162 p.
1029 1093 1220 1148 ohatur
1238 1091 1425 1146 aliena.
1458 1092 1564 1145 Aut
1589 1090 1705 1146 illos
1723 1091 2095 1161 praedicatores

545 1183 811 1254 Evangelii
838 1180 1128 1259 promittit,
1166 1195 1393 1249 quorum
1430 1181 1715 1250 imaginem
1752 1179 1805 1233 in
1843 1179 1994 1233 vituli
2033 1180 2093 1233 ﬂ-

545 1288 674 1342 gura
708 1274 875 1328 Lucas
910 1269 1278 1343 [evangelista]
1315 1272 1585 1341 suscepit:
1612 1269 1713 1323 nisi
1750 1268 1889 1324 forte
1927 1270 2095 1340 magis

546 1363 662 1419 illos
691 1358 842 1434 [Ms.,
874 1360 985 1414 sive
1011 1359 1126 1413 illos
1162 1358 1350 1431 magis]
1390 1358 1582 1413 vitulos
1614 1350 1867 1414 debemus
1902 1359 2094 1414 intelli-

544 1465 692 1522 gere,
728 1450 819 1520 qui
856 1449 1060 1504 animas
1095 1463 1220 1503 suas
1256 1450 1311 1503 iu
1344 1448 1568 1504 hostium
1611 1448 1888 1502 suavitatis
1926 1449 2095 1503 sacris

546 1538 800 1593 altaribus
823 1537 1145 1593 obtulerunt.

614 1628 721 1684 Nos
742 1642 953 1698 quoque
977 1625 1158 1680 famuli
1185 1626 1278 1688 tui.
1302 1624 1523 1680 Domine
1542 1624 1688 1691 Jesu,
1709 1624 1973 1695 supplices
1996 1624 2092 1679 de-

2194 463 2315 519 ldeo
2355 466 2741 535 subsequenter
2767 467 2842 520 ait
2871 485 2883 518 :
2910 464 3113 521 Inclina
3146 466 3303 538 355
3341 469 3409 521 ad
3447 483 3527 521 me
3567 484 3747 523 aurem

2191 564 2355 620 timui,
2387 556 2437 609 id
2472 564 2572 619 est,
2612 554 2896 627 benignum
2923 557 3100 625 praebe
3132 558 3387 612 auditum.
3428 558 3483 612 lu
3512 573 3748 627 quacun-

2191 660 2294 713 que
2333 645 2419 700 die
2456 646 2769 701 invocavero
2812 654 2883 711 te,
2933 646 2987 700 id
3022 653 3127 710 est,
3173 644 3226 699 in
3271 644 3357 701 die
3392 645 3750 702 tribulationis

2192 748 2343 789 meae.
2389 732 2515 788 Dies
2538 733 2892 790 tribulationis
2921 741 2976 788 et
3012 734 3317 789 tentationis
3352 735 3463 789 inec
3496 734 3603 790 vita
3642 744 3746 799 est.

2193 822 2245 875 in
2266 838 2371 892 qua
2392 822 2645 877 velociter
2662 838 2720 879 se
2744 824 2846 879 iste
2866 824 3129 894 paenitens
3150 825 3386 879 exaudiri
3408 826 3746 894 deprecatur.

2193 928 2259 967 ne
2281 922 2451 969 morte
2478 914 2833 984 prmveniente
2860 916 3104 985 indignus
3132 915 3201 970 sit
3226 915 3487 969 exaudiri.
3532 915 3667 982 Quia
3691 917 3747 971 in

2191 1002 2295 1057 hac
2333 1004 2442 1058 vita
2475 1013 2680 1073 tempus
2709 1012 2790 1058 est
2817 1004 3213 1068 misericordia,
3238 1004 3291 1057 in
3317 1002 3497 1059 futura
3517 1020 3645 1059 vero
3662 1002 3752 1075 ju—

2192 1090 2336 1154 dicii,
2377 1091 2504 1146 dum
2545 1093 2731 1147 reddet
2775 1092 2917 1147 Deus
2962 1092 3245 1161 unicuique
3287 1094 3577 1149 secundum
3619 1106 3745 1166 ope-

2194 1190 2253 1233 ra
2280 1195 2396 1235 sua.

2264 1272 2422 1328 Vens.
2451 1270 2739 1338 L—Quia
2772 1271 3067 1343 defecerunt
3099 1275 3232 1328 sicut
3261 1274 3436 1343 fumus
3473 1275 3583 1328 dies
3624 1289 3744 1329 mes.

2195 1360 2346 1416 Sicut
2372 1361 2546 1416 fumus
2566 1362 2809 1417 veniente
2835 1371 2992 1419 vento
3011 1355 3074 1417 “in
3104 1379 3262 1419 auras
3286 1364 3606 1435 dispergitur
3625 1405 3642 1429 ,
3675 1364 3748 1418 ita

2196 1448 2412 1522 [omnis]
2440 1451 2683 1519 superbia
2708 1452 2865 1520 hujus
2887 1453 3007 1507 vita:
3036 1464 3203 1509 morte
3227 1455 3748 1526 pra:venientc[l!s.,

2194 1539 2459 1612 veniente]
2494 1542 2783 1596 evanescit.
2834 1541 2935 1608 Qui
2975 1542 3133 1597 hodie
3160 1543 3451 1609 extollitur,
3492 1560 3613 1599 eras
3643 1560 3750 1599 non

2196 1629 2297 1683 erit
2322 1646 2334 1681 :
2361 1630 2503 1697 quod
2523 1630 2622 1684 iste
2644 1632 2907 1699 paenitens
2930 1647 3246 1702 agnoscens,
3275 1634 3609 1689 miseriarum
3627 1650 3753 1693 sua-

546 1734 849 1790 precamur,
897 1725 955 1770 ut
1001 1716 1214 1787 pietatis
1254 1717 1477 1773 consilio
1524 1720 1731 1787 magnis
1771 1715 2097 1771 facinoribus
2127 1720 2169 1778 Β
2200 1734 2318 1774 rum
2341 1720 2453 1774 dies
2470 1719 2694 1791 plangit,
2716 1722 2861 1775 fumo
2883 1737 3002 1776 esse
3025 1724 3247 1778 similes.

548 1808 743 1863 nostris
783 1808 1095 1861 immensam
1143 1805 1558 1861 misericordiam
1595 1805 1859 1876 largioris,
1899 1820 2100 1873 nosque

546 1912 639 1968 per
662 1897 836 1952 cordis
854 1896 1225 1951 contrltionem
1248 1895 1554 1950 humiliatos
1576 1896 1627 1949 in
1648 1896 1927 1950 mactando
1949 1896 2095 1958 vitia,

541 1985 829 2057 jugulando
874 1985 1089 2050 delicta,
1126 1984 1343 2055 dignum
1376 1993 1431 2041 et
1474 1985 1798 2055 acceptabile
1831 2000 2099 2056 pmepares

549 2074 931 2131 holocaustum.
971 2074 1165 2129 Amen.

1096 2164 1410 2223 PSALWUS
1460 2164 1544 2221 Cl.

617 2257 778 2313 Vens.
819 2254 1159 2310 L—Psalmi
1179 2254 1383 2328 [hujus]
1409 2255 1628 2311 titulus:
1654 2245 1836 2310 Oratio
1857 2258 2100 2326 pauperis

527 2352 663 2402 ‘cum
707 2348 979 2417 afﬂixerit,
1030 2357 1076 2400 et
1124 2362 1297 2401 coram
1337 2345 1575 2401 Domino
1616 2347 1853 2417 effuderit
1900 2363 2099 2417 precem

546 2440 714 2492 suam.
761 2436 873 2490 Vox
893 2445 971 2491 est
994 2435 1271 2505 allligentis
1296 2444 1347 2490 et
1374 2436 1633 2506 gementis
1654 2438 1901 2506 pauperis
1924 2437 1975 2489 in
1999 2437 2102 2490 hoc

545 2526 769 2598 psalmo,
796 2532 851 2579 et
875 2524 1116 2579 miserias
1141 2539 1264 2578 suas
1288 2525 1528 2593 piissimo
1548 2525 1712 2595 judici
1750 2541 1868 2580 cum
1911 2539 2100 2594 magna

548 2615 845 2673 humilitate
868 2614 1153 2679 oﬂ‘erentis,
1187 2616 1326 2669 sicut
1351 2618 1403 2669 in
1440 2615 1589 2669 titulo
1626 2614 1820 2670 Psalmi
1860 2614 2102 2685 praescri-

546 2708 713 2772 bitur,
734 2721 839 2778 quo
856 2707 924 2761 ab
943 2710 1204 2771 oratione,
1226 2721 1343 2776 qua:
1361 2707 1426 2762 ad
1447 2707 1610 2761 Deum
1630 2706 1883 2779 [clamore
1904 2703 2099 2777 valido]

548 2794 814 2867 dirigitur,
847 2796 1027 2864 incipit
1054 2811 1255 2866 pauper
1279 2796 1400 2861 iste,
1423 2796 1496 2849 ita
1522 2796 1738 2850 dicens:

620 2885 779 2942 Vens.
806 2885 861 2939 2.
879 2885 1199 2949 —Domine,
1229 2885 1419 2939 exaudi
1440 2887 1722 2941 oralionem
1744 2902 1908 2940 meam
1928 2898 1973 2939 et
1994 2887 2102 2941 cla-

549 2992 658 3031 mor
688 2991 829 3029 meus
860 2974 928 3029 ad
969 2983 1018 3029 te
1057 2976 1222 3030 veniat
1264 2974 1408 3047 [Ms.,
1443 2973 1746 3047 perveniat].
1796 2974 1921 3030 llaec
1960 2976 2103 3030 enim

2267 1806 2425 1862 Vens.
2460 1805 2894 1863 5.—Percussus
2923 1827 3038 1863 sum
3078 1820 3134 1863 ut
3173 1812 3366 1881 fenum,
3412 1818 3459 1864 et
3490 1812 3628 1865 aruit
3663 1827 3755 1866 cor

2195 1915 2385 1953 meum.
2426 1900 2580 1955 Venit
2609 1902 2710 1955 iste
2751 1903 3014 1970 pmnitens
3041 1901 3107 1956 ad
3134 1902 3359 1956 ﬂebilem
3387 1902 3751 1959 narrationem

2196 1990 2531 2045 miseriarum
2569 1990 2813 2045 humana:
2855 1989 3155 2060 fragilitatis
3192 1990 3331 2061 (qua:
3354 1999 3413 2045 ut
3440 1989 3619 2045 fenum
3644 1990 3753 2045 cito

2196 2081 2411 2144 decidit,
2441 2080 2528 2159 ubi
2564 2081 2741 2149 aliquo
2768 2096 2894 2135 casu
2922 2080 3153 2136 arefacta
3178 2080 3359 2153 fuerit)
3400 2090 3458 2136 ut
3500 2082 3754 2137 festinan-

2198 2182 2280 2227 ter
2313 2173 2506 2226 divinte
2545 2172 2839 2227 remedium
2880 2171 3254 2227 misericordia:
3296 2171 3578 2241 acciperet,
3626 2172 3755 2226 dum

2197 2261 2465 2316 miseriam
2487 2276 2638 2315 suam
2666 2261 2753 2330 pio
2781 2261 2985 2315 medico
3012 2276 3115 2315 non
3147 2269 3364 2315 taceret.
3401 2259 3501 2325 Qui
3528 2262 3579 2313 in
3604 2276 3755 2314 mau-

2196 2351 2334 2404 datis
2363 2350 2572 2404 Domini
2595 2349 2823 2418 prolicit,
2858 2349 2976 2403 feno
3002 2347 3178 2420 [viridi
3205 2357 3256 2401 et
3284 2347 3490 2402 ﬂorenti
3516 2349 3752 2417 aequabi-

2197 2449 2306 2505 tur,
2353 2451 2602 2510 peccator
2646 2455 2776 2495 vero
2823 2441 3083 2494 ai-escenti
3132 2438 3276 2510 leno]
3334 2439 3751 2508 comparabitur.

2200 2531 2336 2597 Quia
2375 2532 2565 2586 oblitus
2605 2548 2717 2585 sum
2754 2530 3017 2585 comedere
3043 2530 3185 2602 [Ms.,
3210 2528 3546 2601 manducare]
3573 2546 3757 2598 panem

2197 2640 2386 2677 meum.
2435 2624 2593 2677 Panis
2625 2623 2765 2676 enim
2800 2622 2952 2676 nobis
2992 2623 3112 2675 vita:
3140 2630 3221 2674 est
3242 2628 3624 2689 praeceptorum
3654 2618 3759 2673 Da-

2200 2711 2329 2764 miui
2365 2710 2687 2775 observatio,
2730 2726 2889 2780 quem
2930 2717 3175 2778 peccator
3210 2707 3539 2761 obliviscitur
3575 2708 3759 2770 edere,

2199 2799 2325 2853 dum
2374 2800 2744 2868 iniquitatibus
2784 2798 2865 2851 vel
2901 2799 3131 2868 peccatis
3173 2814 3230 2851 se
3271 2798 3383 2852 suis
3423 2797 3757 2868 obligaverit.

2201 2886 2299 2941 llic
2330 2888 2471 2941 enim
2509 2888 2825 2958 exprimitur
2845 2896 3031 2941 natura
3061 2887 3411 2956 peccantium,
3443 2888 3565 2955 quia
3604 2886 3760 2959 μὴ..

2201 2974 2329 3047 qua]
2376 2978 2501 3031 dum
2539 2976 2789 3032 delictum
2820 2976 3100 3045 appetitur,
3137 2975 3512 3045 contemplatio
3550 2974 3761 3030 Domini

554 3070 658 3121 vox‘
685 3076 767 3122 est
801 3067 1127 3136 pmnitentis,
1160 3044 1357 3135 Deique
1380 3044 1724 3121 clementiam
1747 3080 1843 3135 pro
1869 3068 2103 3135 peccatis
2130 3044 2172 3105 (ἶ
2205 3044 2577 3120 ιιοηῖιςιὺοιηιο.

551 3154 1053 3224 ειιὶέητιερνεοπηιὶε,
1098 3167 1161 3208 ac
1203 3160 1377 3223 primo
1419 3155 1654 3208 omnium
1695 3163 1751 3209 ut
1791 3155 2106 3209 exaudiatur

553 3241 861 3314 postulantis
884 3258 897 3294 :
920 3243 1060 3313 quod
1091 3258 1293 3313 magna:
1318 3242 1428 3312 spei
1468 3251 1548 3297 est
1568 3243 1620 3297 in
1643 3244 1972 3299 orationibus
1989 3260 2104 3300 cre-

552 3335 699 3398 dere,
728 3349 786 3389 se
822 3348 979 3405 posse
1019 3348 1047 3384 a
1089 3334 1195 3388 Deo
1229 3334 1487 3388 exaudiri.
1532 3333 1653 3389 ideo
1686 3334 1859 3388 omnis
1896 3346 2105 3403 pcmtus

554 3418 794 3476 liumiliet
814 3423 1069 3490 seipsum,
1090 3431 1144 3476 et
1165 3422 1440 3476 humiliato
1461 3424 1795 3492 contritaque
1816 3425 1974 3479 corde
1994 3425 2105 3480 ela-

553 3520 663 3565 met
685 3512 752 3566 ad
778 3510 1057 3565 Dominum
1086 3529 1099 3564 :
1129 3512 1272 3581 quia,
1303 3513 1437 3566 sicut
1457 3513 1511 3567 in
1532 3512 1637 3567 alio
1655 3514 1849 3568 dicitur
1878 3515 2101 3583 psalmo,

553 3618 644 3656 τοι·
686 3603 961 3657 contritum
1009 3602 1147 3656 Deus
1195 3619 1295 3655 non
1336 3604 1546 3672 spernit.
1585 3602 1768 3659 Oratio
1810 3612 1893 3657 est
1928 3605 2105 3659 suavis

554 3693 740 3759 animi,
762 3708 881 3749 cum
900 3692 1305 3763 compunctionc
1325 3692 1502 3749 cordis
1523 3691 1880 3765 [deprccatio;
1904 3695 2105 3748 clamor

556 3791 637 3836 est
673 3782 815 3837 vocis
850 3774 1075 3852 prolata,
1108 3798 1227 3837 cum
1264 3784 1552 3837 intentione
1587 3781 1784 3854 cordis]
1820 3780 2100 3837 confessio.

557 3871 738 3926 Primo
766 3879 941 3925 autem
972 3870 1145 3939 posuit
1166 3870 1478 3934 orationem,
1510 3884 1650 3924 nunc
1684 3870 1876 3938 adjecit
1910 3869 2107 3924 clamo-

559 3977 693 4026 rem,
740 3970 799 4016 ut
836 3960 1007 4015 studia
1042 3959 1437 4030 supplicationis
1468 3960 1701 4015 crevisse
1738 3974 2103 4031 cognosceres,

557 4050 707 4121 cujus
733 4051 1026 4106 orationem
1057 4050 1110 4103 in
1150 4050 1435 4105 clamorem
1477 4050 1763 4105 maximum
1802 4051 2108 4120 prorupisse

562 4143 898 4213 iutelligeres.
942 4139 1093 4194 llunc
1114 4154 1241 4194 vero
1263 4139 1476 4194 utodum
1501 4148 1696 4195 sancta:
1720 4141 1971 4194 orationis
1991 4155 2105 4193 ser-

561 4230 789 4283 vandum
826 4228 1195 4287 devotissimus
1232 4225 1563 4282 Christianus
1601 4227 1873 4297 intelligat,
1917 4236 1971 4280 ut
2008 4226 2107 4299 [id-

559 4320 755 4393 ipsum]
786 4318 1105 4391 cogitatione
1140 4326 1491 4389 prosequatur
1523 4315 1684 4390 [quod
1720 4319 1894 4373 verbis
1926 4318 2108 4372 eﬂ‘udit

562 4411 753 4483 (Edit.,
801 4420 859 4465 ut
908 4412 1079 4479 ipsum
1118 4409 1442 4479 cogitatione
1485 4418 1866 4483 prosequatur;
1901 4420 2105 4462 etcum

563 4481 722 4559 verba
743 4497 1007 4572 ell'undit)]
1032 4517 1043 4552 :
1071 4498 1242 4567 ipsum
1273 4498 1517 4567 respiciat
1548 4481 1743 4563 mente,
1786 4498 1869 4550 cui
1911 4496 2109 4566 suppli-

562 4602 679 4658 cat;
708 4606 895 4647 onmes
920 4588 1214 4659 superﬂuas
1239 4588 1583 4655 cogitationes
1609 4586 1871 4647 excludat.
1902 4602 2019 4654 qua:
2045 4584 2109 4639 ab

566 4684 777 4739 inimico
794 4682 1127 4752 ingeruntur,
1155 4686 1212 4731 ut
1235 4674 1416 4730 efficax
1446 4676 1617 4728 oratio
1652 4690 1716 4727 ex
1748 4675 1922 4729 cordis
1955 4674 2110 4729 clari-

568 4785 674 4831 tate
704 4773 977 4843 perveniat
1008 4769 1073 4823 ad
1102 4768 1285 4831 Deum,
1325 4768 1460 4821 sicut
1488 4766 1768 4836 Apostolus
1804 4766 1911 4818 ait:
1938 4761 2109 4817 Orabo

564 4867 766 4934 spiritu,
810 4862 969 4915 orabo
1009 4869 1055 4913 et
1097 4870 1293 4923 mente;
1326 4856 1542 4927 psallunt
1578 4856 1784 4927 spiritu,
1815 4853 2031 4925 psallam
2067 4863 2114 4906 et

567 4965 728 5007 mente
750 4951 799 5025 (ι
826 4950 946 5005 Cor.
980 4964 1087 5011 xw,
1119 4947 1227 5017 15).
1277 4946 1425 5001 Tunc
1448 4946 1589 5000 enim
1614 4960 1642 4998 a
1671 4945 1777 4999 Deo
1798 4946 2011 5013 accepta
2032 4952 2115 4998 est

568 5044 737 5095 oratio
761 5042 1021 5107 canentis,
1052 5039 1097 5094 si
1119 5052 1251 5108 pura
1275 5051 1425 5090 mens
1449 5036 1585 5090 idem
1607 5035 1762 5105 gerit,
1788 5036 1926 5102 quod
1948 5036 2113 5104 expli-

571 5140 655 5187 cat
681 5147 791 5186 ore.

642 5219 799 5279 Vens.
825 5219 1058 5273 '5.--Ne
1078 5229 1273 5272 avertas
1302 5218 1485 5286 {actem
1520 5225 1661 5268 tuam
1704 5232 1734 5267 a
1769 5230 1869 5277 me,
1901 5216 1954 5266 in
1992 5231 2116 5283 qua-

572 5326 769 5381 cunque
790 5309 873 5361 die
900 5307 1131 5359 tribulor.
1170 5302 1355 5359 Facies
1394 5305 1598 5360 Domini
1633 5319 1728 5374 pro
1757 5304 2115 5357 misericordia

577 5401 669 5454 Dei
696 5401 907 5461 dicitur,
936 5412 1092 5463 quam
1124 5397 1219 5449 istc
1244 5412 1463 5463 pauper,
1514 5411 1727 5466 gemens
1770 5406 1821 5448 et
1857 5396 2117 5463 paenitens

579 5508 605 5542 a
630 5506 687 5543 se
713 5505 815 5543 non
851 5488 1013 5540 averti
1042 5487 1370 5553 deprecatur.
1416 5484 1478 5537 In
1509 5502 1807 5553 quacunque
1838 5486 1921 5537 die
1956 5485 2117 5537 tribu—

582 5586 675 5631 ιω,
729 5580 977 5647 Οιιιιιὶὶἲιρι
1002 5596 1055 5631 se
1082 5578 1299 5631 tctttatio
1327 5576 1477 5647 [.l!s.,
1512 5577 1798 5647 tribulatio]
1832 5578 2117 5645 apprchen-

2274 3154 2434 3210 Vens.
2483 3154 2673 3209 6.-Α
2719 3170 2836 3208 race
2877 3155 3094 3224 gemitus
3136 3156 3234 3208 mei
3276 3155 3603 3209 adiuuerunt
3642 3171 3760 3209 ossa

2202 3261 2313 3297 mea
2344 3246 2489 3299 carni
2512 3261 2655 3298 metr.
2708 3242 2937 3313 Dignum
2973 3252 3053 3297 est
3083 3259 3292 3313 gemere
3320 3260 3440 3298 eum
3468 3246 3557 3311 qui
3587 3244 3765 3312 perdit

2195 3333 2477 3402 justitiam,
2508 3342 2564 3386 ut
2591 3333 2795 3387 lucrum
2818 3332 3078 3401 acquirat,
3108 3334 3187 3385 vel
3210 3342 3427 3402 peccato
3454 3334 3671 3387 cuilibet
3702 3346 3763 3387 se

2204 3420 2469 3489 subjiciat.
2514 3422 2874 3485 Adlta~‘serttnt,
2905 3421 3095 3488 inquit,
3128 3437 3244 3475 ossa
3281 3438 3394 3474 mea
3428 3422 3573 3474 carni
3610 3436 3759 3482 metr,

2204 3512 2255 3564 id
2279 3521 2376 3573 est,
2409 3510 2661 3565 fortitudo
2687 3526 2802 3565 mea
2828 3510 3129 3564 carnalibus
3158 3510 3453 3575 desideriis,
3481 3524 3598 3579 quae
3626 3509 3762 3564 mili-

2202 3611 2317 3655 tant
2342 3601 2597 3658 adversus
2625 3602 2854 3655 animam
2885 3598 3123 3673 [meam],
3159 3597 3213 3655 in
3247 3617 3352 3670 qua
3381 3600 3636 3655 fortitudo
3671 3601 3762 3654 de—

2203 3692 2291 3747 bet
2339 3708 2455 3747 esse
2506 3692 2723 3763 regendi
2771 3699 2825 3745 et
2879 3690 3258 3758 comprimendi
3312 3690 3522 3743 illicitos
3587 3690 3763 3743 carnis

2206 3792 2399 3835 "101113.

2276 3872 2429 3927 Vens.
2462 3872 2513 3937 'l,
2544 3873 2595 3927 8.
2612 3870 2891 3927 —-Similis
2916 3870 3083 3942 factus
3106 3888 3219 3925 sum
3239 3872 3472 3942 pelicano
3499 3872 3553 3926 in
3580 3871 3763 3926 solitu-

2204 3965 2340 4026 dine,
2370 3965 2500 4017 sicut
2533 3965 2829 4033 uycticoraa:
2856 3963 2909 4016 in
2939 3961 3220 4015 domicilio.
3276 3959 3493 4032 Vigilari
3520 3970 3568 4014 et
3595 3961 3761 4030 factus

2204 4069 2317 4104 sum
2364 4053 2494 4123 sicut
2546 4066 2722 4121 passer
2770 4052 3032 4103 solitarius
3083 4050 3135 4102 in
3193 4059 3343 4102 tecto.
3396 4049 3519 4102 Tria
3567 4063 3761 4119 genera

2207 4144 2381 4196 avium
2417 4144 2613 4211 posuit,
2654 4151 2706 4195 et
2739 4143 2837 4195 tria
2869 4141 2981 4195 loca
3027 4140 3369 4193 habitationis
3408 4140 3632 4200 illarum,
3666 4154 3762 4208 per

2206 4247 2322 4300 qua:
2350 4231 2557 4285 diversa
2585 4230 2735 4283 nobis
2767 4228 3135 4297 paenitentiam
3173 4242 3367 4298 genera
3396 4225 3761 4282 demonstran-

2208 4331 2311 4374 tur.
2359 4320 2636 4374 Pclicanus
2675 4330 2754 4372 est
2795 4320 2908 4372 avis
2946 4317 3287 4391 Egyptiaca,
3328 4317 3553 4372 naturali
3594 4318 3763 4370 macie

2207 4426 2415 4480 semper
2448 4409 2652 4473 affecta,
2689 4408 3060 4463 solitudinibus
3097 4423 3154 4462 se
3187 4407 3456 4462 delectans
3478 4423 3514 4470 ς,
3538 4406 3674 4460 sicut
3708 4406 3760 4457 in

2204 4505 2407 4557 crebris
2441 4501 2657 4572 jejuniis
2698 4503 3015 4572 pJfllilClilCS
3051 4487 3168 4555 ease
3208 4500 3473 4554 convenit.
3514 4497 3618 4554 Per
3662 4498 3761 4551 hoc

2205 4608 2331 4662 ergo
2357 4593 2533 4646 avium
2557 4606 2721 4662 genus
2743 4590 3097 4658 pulcherrime
3118 4588 3485 4658 signiﬁcantur
3503 4587 3758 4646 ercmitar.

2206 4683 2297 4750 qui
2350 4682 2623 4735 hominum
2670 4680 2938 4733 con-ortio
2977 4679 3248 4744 derelicto,
3293 4677 3506 4750 [timore
3551 4677 3760 4731 Domini

2208 4769 2480 4842 commoti]
2503 4785 2562 4824 se
2583 4768 2746 4823 multa
2767 4767 3044 4823 alﬂictione
3065 4770 3402 4822 discruciant.
3442 4766 3762 4837 Nycticorax

2212 4858 2399 4913 Latino
2424 4860 2679 4914 vocabulo
2704 4861 2874 4913 noctis
2903 4874 3093 4913 corvus
3116 4858 3219 4912 dici
3242 4866 3436 4928 potest,
3468 4870 3655 4935 amans
3684 4864 3762 4909 te-

2213 4952 2419 5014 nebras,
2452 4966 2553 5005 non
2586 4951 2784 5013 lucem;
2816 4966 2970 5017 quem
2999 4950 3098 5003 sibi
3126 4963 3277 5003 escas
3300 4947 3542 5001 noctibus
3564 4960 3762 5016 quaare-

2215 5056 2271 5093 re
2323 5047 2529 5093 constat
2563 5057 2575 5091 :
2614 5039 2686 5091 ita
2728 5040 2989 5105 paenitens
3030 5038 3185 5093 debet
3225 5046 3484 5091 nocturno
3525 5046 3761 5105 tempore

2212 5144 2363 5182 escas
2401 5128 2591 5180 anima:
2629 5126 2851 5181 sollicita
2891 5119 3196 5181 curiositate
3242 5128 3585 5196 perquirere,
3638 5118 3762 5177 licet

2211 5217 2477 5271 communi
2509 5219 2905 5271 conversatione
2935 5216 2987 5269 in
3018 5216 3281 5270 domicilio
3305 5213 3591 5269 multorum
3618 5210 3761 5265 habi-

2214 5316 2327 5359 tare
2369 5307 2623 5361 videatur.
2671 5304 2888 5375 l’igilaoi
2915 5314 2961 5357 et
2990 5305 3155 5373 factus
3182 5323 3294 5359 sum
3321 5304 3451 5357 sicut
3478 5318 3655 5373 passer
3679 5316 3763 5353 so-

2214 5397 2417 5449 litarius
2446 5399 2496 5449 in
2525 5408 2673 5450 tecto.
2716 5396 2905 5449 Passer
2934 5396 3044 5450 avis
3079 5405 3161 5450 est
3195 5394 3517 5455 acutissima,
3553 5406 3670 5460 quae
3708 5390 3760 5441 in

2216 5489 2367 5542 tectis
2411 5489 2650 5542 habitare
2696 5486 2863 5547 solet,
2909 5487 3136 5541 lmmana
3184 5487 3415 5555 gaudens
3453 5482 3757 5536 vicinitate:

2218 5581 2340 5631 huic
2384 5582 2569 5632 merito
2617 5588 2970 5645 comparatur,
3017 5578 3105 5645 (ιιιί
3151 5576 3415 5630 tlialiolica‘.
3460 5574 3762 5628 calliditatis
