4230 6208
387 347 489 403 539

992 346 1391 400 EXEGETICA.
1434 373 1497 386 -ο
1535 344 1889 400 EXl'OSlTIO
1927 341 1990 395 ΙΝ
2032 341 2222 396 PSAL.
2262 341 2852 408 PUEMTENTHLES,
2896 341 3041 398 l'ZTC.
3504 346 3606 401 35‘30

387 458 599 513 fraudes
627 457 853 527 fugiens,
882 457 1077 526 vigiliis
1096 466 1151 511 et
1170 458 1520 521 orationibus,
1544 465 1597 511 et
1624 455 1948 525 pmnitentia:
1977 458 2019 513 Α
2049 454 2183 507 siam
2221 453 2515 521 Optantium
2554 453 2837 508 adventum
2870 453 3101 509 Domini.
3145 452 3448 531 Snbjunxit]
3488 462 3610 530 quia

386 548 636 620 iacrymis
672 549 811 602 intra
849 557 1033 603 sancta
1071 538 1321 603 Ecclesia:
1354 556 1501 617 septa
1538 562 1597 601 se
1629 546 1837 601 munire
1873 543 1949 599 fe-

385 639 568 694 stinat.

454 726 618 782 Vatis.
646 723 927 780 9.—Tota
953 725 1038 779 die
1065 726 1442 795 exprobrabant
1468 726 1593 779 mihi
1613 724 1809 779 inimici
1828 723 1945 785 mei,

384 826 430 868 et
450 814 540 885 qui
566 813 849 869 laudabunt
874 830 975 877 me,
1002 814 1276 869 aduersum
1306 830 1385 868 me
1398 814 1668 884 jurabant.
1708 811 1813 867 Ore
1838 812 1950 868 lau-

386 906 609 968 dabant,“
638 912 696 961 et
732 903 895 959 corde
927 904 1150 958 insid.as
1184 903 1572 974 praeparabant.
1619 899 1944 981 Laudabant,

385 1006 445 1052 ut
473 997 808 1066 deciperent;
832 995 1213 1065 pnedicahant.
1240 1004 1298 1048 ut
1326 994 1697 1048 subverterent
1727 1009 1740 1044 :
1770 1000 1823 1048 et
1848 991 1951 1046 hoc

385 1103 417 1142 a
461 1087 694 1149 diabolo,
742 1085 832 1155 qui
860 1085 917 1138 'si
957 1084 1185 1154 pu‘..l.cis
1223 1082 1457 1153 peccatis
1497 1096 1710 1136 servum
1749 1079 1949 1135 Christi

386 1178 698 1233 subvertere
728 1190 831 1229 non
857 1173 1080 1244 poterit,
1112 1171 1414 1242 opprobriis
1441 1178 1495 1225 et
1524 1168 1951 1245 reprehensioni-

385 1270 486 1325 bus
512 1264 1063 1322 circumliabitantimn
1095 1278 1124 1314 a
1152 1262 1234 1314 via
1262 1259 1503 1314 veritatis
1525 1273 1649 1313 eum
1679 1257 1951 1312 deterrere

386 1358 592 1414 nititur.
634 1354 772 1435 sunt
810 1353 1021 1424 plurimi
1062 1351 1197 1405 bona
1234 1349 1411 1405 facere
1442 1349 1848 1409 erubescentes,
1883 1362 1950 1401 ne

386 1445 670 1502 dissimiles
698 1447 805 1500 sint
832 1441 1153 1498 multitudini
1185 1440 1322 1495 mala
1344 1437 1513 1511 1313.,
1552 1436 1711 1509 male]
1751 1435 1951 1491 facien-

388 1535 541 1588 tium.
565 1534 675 1589 lloc
694 1546 907 1604 quoque
920 1538 1197 1600 peceatum
1210 1528 1477 1599 paenitens
1497 1527 1599 1583 iste
1619 1525 1951 1583 commisisse

386 1622 583 1679 fatetur
611 1623 765 1696 μὴ..
794 1619 1115 1693 profitetur].
1438 1675 1444 1679 η

456 1694 629 1770 Vens;
648 1712 963 1778 i0.—Quia
1002 1696 1494 1780 cinerenttanquam
1518 1726 1703 1779 panem
1730 1694 1951 1763 mandu-

2048 544 2179 598 venit
2205 554 2401 612 tempus
2424 542 2699 597 miserendi
2732 543 2844 613 ejus
2866 559 2885 597 :
2905 545 3008 598 hoc
3043 553 3143 610 est,
3184 552 3392 614 tempus
3419 548 3482 602 de
3507 562 3612 616 quo

2047 632 2330 701 Apostolus
2355 633 2430 685 ait
2454 650 2467 685 :
2489 641 2759 703 postquam
2788 633 2919 687 venit
2946 632 3209 704 plenitudo
3230 636 3491 705 temporis,
3514 637 3613 689 ini-

2045 721 2111 774 sit
2140 719 2280 775 Deus
2310 718 2505 775 Filium
2536 736 2686 774 suum
2716 718 2857 791 (Gal.
2887 737 2960 786 tv,
2984 720 3062 791 4).
3105 720 3388 777 Sciendum
3413 731 3496 778 est
3524 740 3613 777 ve-

2047 826 2129 874 ro,
2159 811 2300 880 quod
2326 811 2591 882 ptenitens
2618 810 2720 866 iste
2745 825 2848 865 non
2871 811 2951 865 sui
2973 811 3138 866 solius
3162 820 3364 867 tantum
3392 805 3607 867 C‘tttsnt‘n

2047 899 2174 969 agit,
2206 912 2389 952 verum
2422 898 2586 953 etiam
2610 899 2775 953 totius
2800 900 3018 953 humani
3052 899 3263 971 generis
3290 907 3439 969 optat
3466 898 3578 955 salu
3596 931 3618 942 -

2047 996 2177 1053 tem,
2207 1003 2327 1058 qua:
2345 988 2448 1043 nisi
2474 986 2788 1044 adveniente
2809 988 2943 1045 Filio
2966 988 3060 1043 Dei
3092 988 3205 1045 fieri
3228 1004 3333 1044 non
3360 991 3551 1059 potuit.

2116 1079 2278 1134 Vens.
2308 1076 2749 1144 lin—Quoniam
2773 1078 3077 1150 placuerunt
3105 1080 3261 1136 sertis
3286 1082 3389 1136 tuis
3418 1081 3615 1152 lapides

2046 1171 2181 1241 ejus,
2210 1178 2258 1224 et
2283 1180 2435 1226 terra:
2453 1169 2567 1239 ejus
2588 1169 2982 1224 miserebantur.
3011 1160 3305 1226 Videndum
3326 1178 3430 1237 est,
3452 1187 3612 1242 quam

2047 1275 2197 1332 prop:
2212 1261 2260 1314 ie
2281 1260 2441 1315 verba
2473 1258 2633 1315 rebus
2654 1269 2919 1331 aptentur.
2959 1260 3186 1331 Lapides
3205 1260 3341 1317 dixit
3363 1263 3616 1332 bcnepla-

2047 1353 2204 1415 citus,
2234 1352 2325 1422 qui
2349 1361 2473 1407 sunt
2495 1352 2719 1423 apostoli
2741 1360 2798 1407 et
2825 1361 3106 1423 martyres,
3135 1353 3494 1424 prmcipuique
3521 1370 3612 1409 ve-

2050 1442 2223 1496 ritatis
2243 1443 2619 1513 prcedieatores
2645 1443 2698 1497 in
2727 1442 2879 1505 Sion.
2906 1444 2959 1499 id
2989 1452 3088 1501 est.
3117 1445 3172 1499 in
3199 1444 3453 1501 Ecclesia.
3483 1445 3615 1501 Ter-

2050 1547 2109 1587 ra
2148 1542 2325 1588 autem
2361 1540 2671 1603 peceatores
2709 1534 2996 1605 signiﬁcat,
3041 1535 3235 1606 quibus
3273 1537 3327 1591 in
3361 1537 3617 1609 sanguine

2049 1622 2299 1677 salutaris
2329 1621 2480 1695 [JIs.,
2519 1622 2833 1698 Salvatoris]
2864 1625 3032 1681 nostri
3064 1626 3316 1682 misertus
3340 1638 3421 1682 est
3453 1628 3611 1683 Deus.

2014 1704 2278 1782 ‘Lapides
2331 1712 2556 1767 Domino
2602 1712 2893 1770 miserante
2939 1714 3248 1787 [dieuntnr,
3295 1715 3410 1790 qui]
3458 1717 3615 1772 solidi

382 1802 586 1866 eabam,
619 1813 668 1857 et
704 1813 882 1873 potum
920 1816 1090 1853 meum
1129 1816 1245 1853 cum
1281 1801 1404 1869 ﬂetu
1444 1799 1736 1853 miscebant.
1775 1798 1950 1853 Pmni-
1984 1801 2023 1856 Β
2050 1804 2252 1858 suntin
2281 1801 2629 1858 :edilicatione
2655 1802 2862 1858 Domini
2899 1814 2953 1859 et
2990 1794 3245 1862 ﬁrmitate
3282 1821 3379 1862 sua
3415 1808 3615 1863 securi.

387 1893 567 1957 tentis,
594 1892 853 1962 hujusque
890 1890 1067 1945 saeculi
1106 1888 1448 1961 despicientis
1486 1888 1726 1942 convivia
1766 1888 1953 1957 lugens

386 1985 489 2040 iste
508 1982 761 2053 exprimit
784 1997 798 2035 :
822 1981 947 2051 quia
973 1996 1068 2051 per
1092 1978 1393 2049 huiusmodi
1434 1977 1735 2033 convivium
1767 1990 1952 2046 perve-

382 2076 500 2131 nire
542 2088 601 2128 se
647 2078 866 2143 ενοι-λιιι
917 2070 986 2124 ad
1039 2083 1276 2123 mensam
1322 2067 1549 2122 Domini.
1598 2065 1950 2136 Quapropter,

382 2180 417 2222 ο
454 2172 704 2236 peccator
728 2203 742 2226 ,
782 2161 889 2216 noli
929 2161 1213 2230 desperare
1246 2159 1311 2213 de
1343 2158 1668 2226 indulgentia
1709 2164 1953 2226 peccato-

384 2271 523 2320 rum,
557 2254 623 2309 In
648 2268 953 2327 quacunque
977 2252 1059 2305 die
1088 2251 1243 2320 fuerit
1271 2266 1543 2304 conversus
1571 2257 1824 2319 peccator,
1848 2247 1952 2300 vita

384 2344 531 2409 vivet,
554 2353 600 2397 et
621 2360 723 2397 non
743 2343 1009 2396 morietur.
1035 2339 1142 2394 Sed
1162 2338 1267 2392 noli
1288 2337 1496 2391 tardare
1513 2338 1737 2391 conuerti
1758 2336 1825 2388 ad
1849 2334 1955 2388 Do-

383 2436 599 2492 minum.
637 2432 965 2502 Indulgentia
991 2431 1083 2486 tibi
1108 2429 1440 2485 convertenti
1472 2444 1501 2481 a
1535 2427 1768 2498 peccatis
1805 2434 1949 2479 certa

382 2535 483 2591 est,
515 2504 608 2580 sed
638 2526 905 2579 crastinus
941 2523 1054 2577 dies
1089 2522 1181 2577 tibi
1216 2522 1450 2576 incertus
1484 2529 1584 2574 est.
1628 2518 1793 2573 lludie
1828 2533 1952 2572 con—

384 2626 614 2680 vertere,
644 2630 710 2669 ne
736 2613 872 2669 forte
897 2628 1017 2667 cras
1044 2612 1308 2667 moriaris.
1356 2610 1411 2665 Si
1436 2611 1573 2665 male
1601 2609 1779 2663 vixisti
1813 2609 1948 2667 heri.

386 2705 521 2759 bene
548 2704 663 2757 vive
695 2703 806 2772 jam
852 2702 1031 2765 hodie,
1075 2716 1279 2755 memor
1319 2700 1459 2754 illius
1497 2700 1562 2754 de
1600 2713 1706 2768 quo
1742 2698 1952 2752 Veritas

383 2795 459 2851 ait
484 2810 499 2848 :
524 2794 689 2849 Stulte
713 2794 810 2847 hac
839 2803 984 2847 nocte
1013 2793 1260 2847 morieris
1288 2792 1440 2862 (Luc.
1469 2807 1563 2854 xu,
1589 2789 1701 2855 20).
1736 2788 1953 2858 Corrige

385 2896 460 2949 te,
493 2893 553 2939 ut
580 2886 632 2939 in
663 2899 885 2954 corpore
911 2884 1107 2939 Christi
1140 2884 1277 2937 hanc
1298 2898 1481 2937 vocem
1509 2880 1703 2936 habere
1730 2879 1909 2934 valeas
1936 2896 1945 2929 :

384 2975 642 3042 Quoniam
678 2976 900 3030 cinerem
935 2986 1182 3045 tanquam
1202 2991 1385 3046 panem
1408 2972 1807 3037 manducabam,
1841 2981 1946 3027 etc.

452 3063 617 3136 356
651 3064 816 3119 νεεδ.
848 3065 1066 3118 Η.-Α
1106 3064 1240 3135 {acie
1278 3065 1370 3119 ira:
1417 3064 1787 3135 indignationis
1825 3072 1946 3124 luat,

383 3158 505 3228 quia
543 3155 746 3212 elevans
787 3157 994 3212 allisisti
1040 3174 1138 3211 me.
1185 3157 1415 3226 Exponit
1457 3157 1615 3212 isthic
1657 3156 1947 3226 gemendo,

384 3266 482 3306 cur
522 3264 580 3304 se
614 3257 762 3305 tanta
800 3248 1084 3304 alllictione
1129 3250 1181 3303 in
1222 3249 1537 3318 pmnitentia
1579 3247 1947 3320 fatiget:quia

386 3341 591 3397 scilicet
612 3358 731 3396 cum
764 3342 841 3397 ira
879 3351 935 3397 et
974 3342 1337 3415 indignatione
1378 3341 1471 3396 Dei
1506 3341 1795 3406 nascimur,
1832 3356 1949 3411 quae

383 3434 621 3505 peccatis
648 3434 1146 3504 supervenientibus
1182 3424 1397 3506 gravior
1424 3433 1680 3496 edicitur,
1713 3434 1833 3489 ideo
1858 3434 1951 3490 ad-

325 3553 331 3559 ~
383 3524 496 3579 dit:
522 3522 659 3589 Quia
684 3528 888 3578 elevans
916 3523 1125 3577 allisisti
1144 3539 1243 3597 me.
1285 3523 1533 3579 Elevatus
1559 3532 1643 3577 est
1667 3523 1828 3577 homo
1857 3522 1949 3577 ho-

386 3625 515 3667 nore
550 3611 797 3682 imaginis
829 3612 921 3666 Dei
954 3621 1009 3667 et
1045 3611 1213 3667 libet’o
1241 3610 1463 3665 arbitrio
1490 3610 1799 3665 nobilitatus
1822 3625 1835 3663 :
1857 3609 1951 3665 sed

385 3700 488 3755 hoc
511 3699 647 3755 male
670 3715 797 3756 usus
824 3700 1009 3756 allisus
1030 3708 1113 3755 est
1138 3707 1193 3753 et
1221 3699 1458 3765 deiectus
1486 3700 1538 3753 in
1561 3700 1701 3753 hanc
1730 3698 1948 3753 conval-

387 3790 488 3845 lem
519 3789 894 3861 laerymarum.

454 3880 613 3935 Vens.
643 3879 946 3934 l2.—Dies
985 3878 1085 3933 mei
1120 3880 1256 3933 sicut
1294 3877 1476 3931 umbra
1521 3876 1948 3932 declinaverunt:

384 3980 431 4023 et
453 3986 544 4041 ego
565 3972 698 4027 sicut
722 3972 898 4041 fenum
918 3971 1055 4024 arui.
1097 3970 1231 4037 Quia
1259 3970 1417 4024 homo
1447 3985 1477 4023 a
1507 3969 1616 4024 Deo
1645 3969 1947 4033 declinavit,

384 4060 668 4120 declinavit
701 4062 769 4117 ab
797 4077 863 4116 eo
884 4062 999 4117 dies
1029 4062 1296 4115 felicitatis
1329 4060 1445 4129 ejus
1469 4076 1484 4114 :
1507 4062 1596 4130 qui
1633 4060 1733 4115 fuit
1766 4060 1854 4113 lux
1896 4061 1948 4113 in

385 4154 627 4217 Domino,
650 4152 835 4207 umbra
859 4150 1031 4206 factus
1058 4159 1141 4206 est
1168 4152 1221 4205 in
1249 4157 1498 4220 peccato;
1523 4158 1575 4205 et
1601 4149 1697 4205 ﬂos
1730 4150 1853 4205 vita:
1883 4149 1948 4204 il-

385 4243 486 4297 lius
510 4244 650 4298 sicut
670 4242 847 4297 fenum
869 4242 1012 4297 aruit
1038 4259 1051 4294 :
1076 4257 1174 4297 nec
1194 4255 1426 4311 unquam
1452 4241 1818 4303 revivesceret,
1846 4239 1947 4292 nisi

386 4337 640 4406 sanguine
680 4334 880 4390 Christi
926 4335 1259 4405 irrigaretur.

456 4426 616 4481 Vens.
648 4426 817 4481 l5.—
833 4425 910 4478 Tu
936 4438 1125 4484 auzem.
1150 4424 1386 4487 Domine,
1408 4424 1461 4477 in
1480 4432 1729 4477 aeternum
1750 4436 1949 4491 perma-
1979 4461 2025 4518 υ

388 4531 498 4579 nes,
537 4524 585 4568 et
626 4513 923 4569 ntemoriale
956 4524 1102 4568 tuum
1134 4514 1186 4567 in
1218 4513 1545 4582 generatione
1583 4520 1631 4565 et
1663 4511 1950 4581 generatio—

354 4598 357 4599 ⁷
388 4619 523 4657 nem.
547 4601 647 4671 Qui
673 4619 730 4658 se
757 4617 923 4673 usque
949 4603 1015 4657 ad
1042 4602 1275 4657 cinerem
1302 4600 1611 4670 paenitendo
1636 4598 1827 4667 dejecit
1850 4600 1952 4670 pro

388 4685 622 4766 [eccatis
664 4698 798 4761 suis,
834 4697 999 4752 Deum
1034 4697 1295 4753 laudando
1338 4696 1391 4750 in
1430 4695 1703 4751 beneficiis
1742 4695 1853 4749 suis
1892 4712 1947 4749 se

386 4788 559 4842 erexit
587 4788 769 4842 dicens
800 4805 812 4839 :
848 4804 932 4843 me
973 4796 1249 4843 arescente
1285 4796 1338 4841 tu
1377 4802 1658 4857 permanes
1700 4787 1754 4841 in
1792 4794 1947 4840 teter-

388 4889 545 4937 num;
574 4883 897 4943 quapropter
930 4876 1129 4944 optime
1155 4877 1223 4929 ab
1255 4876 1481 4930 adventu
1522 4875 1730 4930 Domini
1764 4875 1951 4930 salutis

385 4980 514 5029 sun,
538 4974 593 5021 et
630 4964 799 5019 laudis
831 4963 1023 5018 divina)
1057 4963 1183 5017 fecit
1214 4965 1442 5027 initium,
1474 4981 1569 5035 per
1602 4981 1759 5034 quem
1797 4982 1951 5019 mun-

386 5057 510 5109 dum
546 5064 766 5109 noverat
801 5069 919 5110 esse
953 5053 1281 5107 salvandum.
1321 5053 1623 5107 Memoriale
1661 5064 1838 5109 autem
1863 5058 1951 5111 hic

387 5146 585 5201 dictum
613 5155 692 5201 est
731 5147 961 5201 salutare
997 5144 1317 5215 promissum
1354 5144 1419 5198 de
1456 5144 1664 5199 Domini
1705 5145 1951 5199 incarna—

386 5234 530 5289 tione
560 5234 768 5303 venturi
797 5233 950 5306 μὴ..
980 5231 1310 5303 venturum],
1337 5236 1477 5303 quod
1504 5235 1645 5289 nulla
1684 5235 1950 5290 oblivione

390 5321 666 5379 delebitur.

464 5412 618 5468 Vens.
638 5414 723 5469 Η.
743 5444 808 5456 -—-
827 5412 902 5468 Tu
921 5422 1113 5475 autem,
1134 5414 1367 5477 Domine,
1383 5429 1658 5485 exsurgens
1676 5420 1946 5472 miserebe-

394 5504 463 5557 ris
479 5501 620 5566 Sion,
638 5510 760 5575 quin
786 5518 984 5576 tempus
1002 5506 1282 5559 miserandi
1305 5509 1441 5577 ejus,
1454 5509 1575 5571 quia
1588 5511 1715 5563 venit
1730 5523 1947 5581 tempus.

394 5593 554 5657 Quasi
576 5593 774 5651 diceret
799 5614 810 5649 :
836 5596 973 5663 Quid
1005 5594 1183 5648 tardas
1208 5595 1273 5649 de
1300 5599 1469 5651 salute
1489 5597 1649 5651 Sion?
1674 5598 1800 5654 Sion
1823 5618 1950 5657 vero

395 5696 544 5737 mons
565 5694 660 5746 est,
687 5684 773 5738 ubi
802 5684 1053 5752 templum
1080 5684 1283 5737 Domini
1312 5695 1391 5740 est
1419 5686 1746 5757 [signiﬁcans
1774 5691 1942 5747 Eccle-

2051 1895 2217 1951 Tcrra
2242 1901 2418 1949 autem
2445 1907 2541 1963 per
2570 1893 2992 1949 misericordiam
3016 1894 3212 1950 munda
3232 1896 3357 1961 erit,
3379 1905 3438 1952 ut
3458 1897 3618 1967 digna

2050 1985 2121 2039 sit
2144 1985 2197 2039 in
2225 1983 2576 2039 tediticatione
2601 1982 2810 2038 Domini
2840 1984 2982 2054 poni.

2119 2075 2280 2129 Vens.
2314 2073 2563 2128 lli—Et
2604 2074 2849 2129 timebunt
2885 2084 3056 2145 gentes
3096 2092 3280 2132 nomen
3314 2086 3480 2141 tuum,
3515 2077 3625 2133 Do-

2051 2163 2207 2229 mine,
2229 2173 2275 2217 et
2305 2179 2479 2218 omnes
2506 2179 2645 2233 reges
2666 2172 2819 2217 terra:
2838 2161 3059 2234 gloriam
3084 2172 3251 2219 tuam.
3300 2163 3445 2232 Quos
3464 2181 3619 2237 supc-

2052 2251 2193 2306 riore
2232 2266 2388 2306 versu
2438 2259 2637 2306 terram
2684 2250 2999 2316 nominavit,
3042 2252 3258 2308 eosdem
3298 2253 3389 2308 hic
3431 2262 3617 2324 gentes

2050 2340 2279 2411 appellat
2321 2341 2549 2396 terrenis
2588 2341 2797 2396 actibus
2834 2340 3188 2412 invigilantes.
3239 2340 3413 2412 Reges
3452 2351 3575 2398 sunt
3606 2385 3617 2403 .

2052 2431 2354 2500 quicunque
2381 2431 2585 2501 scipsos
2612 2432 2749 2487 bene
2774 2442 2995 2503 regunt,
3026 2432 3249 2505 aliisque
3274 2449 3504 2504 pnncsse
3527 2436 3620 2489 bo-

2053 2518 2136 2572 nis
2171 2518 2448 2588 exemplis,
2495 2519 2579 2572 vel
2620 2519 2797 2575 verbis
2840 2520 3231 2590 prtedieationis
3264 2532 3462 2577 norunt
3486 2538 3501 2576 :
3525 2527 3613 2593 qui

2054 2625 2298 2679 magnum
2330 2624 2521 2663 nomen
2551 2606 2749 2664 Christi
2779 2610 2905 2675 Dei,
2932 2610 3102 2675 servis
3131 2611 3270 2676 suis,
3300 2626 3436 2682 quos
3463 2626 3618 2682 supe-

2052 2702 2164 2755 rius
2201 2701 2403 2770 lspides
2437 2700 2739 2771 appellavit,
2778 2703 3189 2770 prmdieantibus
3216 2703 3439 2777 gloriam
3482 2705 3619 2776 ejus,

2054 2790 2260 2843 timent.

2126 2879 2282 2933 Vens.
2317 2878 2757 2947 i7.—-Quoniant
2790 2882 3065 2952 adiﬁcarit
3102 2882 3352 2939 Dominus
3384 2884 3529 2949 Sion,
3569 2897 3617 2940 ct

2052 2966 2304 3021 videbitur
2328 2969 2381 3022 in
2410 2967 2577 3038 gloria
2601 2987 2719 3024 sua.
2760 2970 2879 3027 Ideo
2915 2972 3176 3029 timebunt
3201 2974 3479 3032 Dominum
3506 2994 3591 3034 om
3609 3008 3621 3017 ο

2052 3072 2147 3112 nes
2181 3068 2389 3128 gentes,
2426 3068 2481 3113 et
2514 3075 2669 3131 reges
2689 3062 2956 3131 spiritales
2982 3064 3204 3135 gloriam
3228 3065 3341 3135 ejus
3365 3066 3622 3123 formida-

2052 3148 2202 3211 bunt,
2229 3147 2353 3217 quia
2376 3148 2639 3205 aediﬁcata
2663 3159 2746 3205 est
2771 3166 2801 3205 a
2824 3150 3049 3209 Domino
3082 3152 3231 3219 Sion,
3266 3165 3441 3211 mater
3473 3157 3621 3213 scili‘

2049 3247 2134 3294 cet
2167 3238 2422 3303 Ecclesia,
2463 3238 2530 3295 de
2571 3241 2705 3296 vivis
2738 3242 3002 3312 lapidibus
3036 3254 3371 3311 constructa,
3419 3247 3471 3301 in
3517 3263 3621 3319 qua

2050 3329 2195 3385 salus
2227 3329 2378 3402 [δίδη
2406 3329 2544 3403 laus]
2572 3331 2689 3387 sine
2719 3332 2823 3386 line
2850 3343 3148 3402 permanet.
3193 3334 3296 3403 Qui
3325 3351 3451 3391 vero
3480 3352 3622 3392 nunc

2050 3424 2195 3476 visus
2221 3429 2304 3475 cst
2332 3420 2385 3475 in
2418 3420 2734 3486 humilitate,
2762 3422 2876 3491 ipse
2912 3423 3197 3490 videbitur,
3227 3426 3540 3480 conlirmata
3571 3438 3624 3479 ct

2051 3518 2367 3573 constructa
2390 3510 2605 3566 civitate
2642 3526 2737 3566 sua
2776 3510 2926 3584 [Λίδη
2956 3523 3323 3569 consummata
3354 3523 3621 3571 structura

2050 3598 2283 3653 civitatis
2307 3598 2461 3670 sum],
2490 3600 2542 3654 in
2570 3601 2736 3671 gloria
2764 3618 2895 3668 sua;
2922 3619 3045 3660 cum
3074 3605 3278 3660 venerit
3301 3605 3355 3659 in
3377 3605 3623 3674 majesm-

2052 3698 2102 3744 te
2132 3688 2309 3744 Patris
2337 3697 2390 3744 et
2426 3700 2734 3746 sanctorum
2774 3694 3105 3765 angelorum,
3144 3696 3448 3751 discernere
3484 3697 3625 3750 inter

2050 3795 2216 3850 agnos
2240 3792 2293 3835 et
2319 3782 2518 3837 haedos.

2123 3875 2284 3930 Vens.
2328 3865 2752 3945 l8.—Res,ne.rit
2802 3878 2855 3931 in
2905 3878 3189 3932 orationem
3238 3894 3522 3948 pauperum
3574 3890 3621 3931 et

2052 3980 2155 4017 non
2179 3962 2365 4032 spreuit
2389 3980 2589 4033 precem
2609 3980 2809 4019 eorum.
2853 3966 3112 4022 Veniente
3136 3966 3413 4023 Salvatom
3440 3979 3623 4025 nostro

2052 4052 2103 4106 in
2137 4054 2411 4115 mundum,
2443 4062 2570 4107 tunc
2593 4056 2860 4111 exaudita:
2880 4067 3003 4112 sunt
3028 4072 3215 4127 preces
3240 4058 3399 4129 hujus
3426 4075 3622 4131 paupe—

2051 4143 2146 4207 ris,
2173 4160 2292 4213 qua:
2318 4144 2511 4212 smpius
2536 4143 2703 4219 [ante]
2732 4148 2966 4204 recitata:
2988 4160 3112 4205 sunt
3137 4150 3191 4207 in
3225 4161 3511 4223 conspectu
3542 4154 3622 4209 di-

2051 4236 2188 4291 vinte
2228 4236 2460 4305 pietatis.
2502 4236 2606 4294 lste
2644 4254 2846 4311 pauper
2875 4259 3013 4298 unus
3047 4253 3149 4307 est,
3186 4254 3241 4300 et
3275 4245 3425 4300 multi
3463 4254 3618 4305 sunt:

2053 4342 2190 4381 unus
2227 4327 2281 4381 in
2321 4328 2598 4391 cliaritatc,
2646 4332 2797 4384 multi
2837 4334 2889 4385 in
2930 4332 3209 4389 latitudine
3250 4337 3415 4389 totius
3450 4336 3619 4398 orbis,

2050 4418 2243 4487 quibus
2269 4428 2351 4473 est
2381 4435 2485 4474 una
2512 4420 2659 4485 ﬁdes,
2690 4438 2855 4477 unum
2884 4424 3163 4494 baptisma,
3189 4442 3325 4481 unus
3346 4426 3509 4481 Dens.

2122 4507 2281 4563 Vens.
2324 4507 2409 4563 l9.
2429 4506 2817 4564 —Scribantur
2849 4511 2959 4566 [nec
2996 4514 3051 4567 in
3078 4516 3406 4584 generatione
3433 4516 3617 4577 altera.

2050 4610 2096 4653 et
2124 4599 2342 4671 populus
2369 4601 2460 4671 qui
2493 4602 2771 4666 creabitur,
2809 4603 3043 4659 laudabit
3071 4606 3367 4661 Dominum.
3411 4607 3618 4677 Scripta

2050 4699 2174 4744 sunt
2201 4692 2315 4746 haec
2340 4692 2717 4762 prophetarum
2748 4694 2907 4755 dicta,
2943 4711 3061 4764 qua:
3097 4698 3253 4751 modo
3286 4698 3537 4769 leguntur
3566 4700 3617 4754 in

2051 4784 2390 4852 generatione
2417 4784 2600 4840 altera.
2650 4786 2745 4840 llla
2776 4785 2873 4840 fuit
2898 4789 3069 4857 prima
3098 4790 3393 4860 generatio,
3425 4791 3477 4844 in
3514 4808 3616 4861 qua

2052 4877 2166 4931 inec
2195 4877 2472 4946 Scriptura
2510 4878 2651 4933 edita
2681 4887 2781 4940 est,
2810 4894 2968 4950 quam
3002 4896 3144 4936 nunc
3171 4880 3297 4949 legit
3322 4881 3372 4934 in
3399 4882 3497 4935 ista
3533 4898 3619 4951 go:-

2051 4969 2323 5024 neratione
2360 4970 2602 5040 sequenti
2636 4970 2881 5039 populus,
2921 4971 3044 5040 quia
3074 4974 3341 5027 creabitur
3372 4987 3400 5024 a
3435 4972 3616 5025 Domi-

2053 5069 2119 5107 no
2160 5055 2225 5108 de
2266 5056 2602 5112 multitudine
2641 5058 2895 5128 gentium,
2938 5059 3156 5115 laudans
3193 5059 3519 5133 [Dominum]
3564 5062 3617 5115 in

2051 5141 2275 5197 veritate
2303 5143 2457 5208 lueis,
2482 5160 2587 5200 non
2611 5146 2665 5202 in
2691 5146 2873 5217 ﬁguris
2900 5147 3229 5203 umbrarum.

2120 5232 2279 5305 357
2304 5235 2465 5290 Vens.
2495 5237 2583 5291 ΞΟ.
2607 5268 2675 5278 -—
2711 5237 2971 5303 Quoniam
3015 5242 3275 5310 prospexit
3308 5240 3372 5297 de
3417 5242 3619 5297 excelso

2051 5338 2229 5381 saneto
2251 5344 2369 5390 suo,
2384 5327 2637 5383 Dominus
2658 5328 2721 5381 de
2736 5327 2859 5382 cce/0
2881 5329 2934 5383 in
2954 5339 3147 5385 terram
3169 5334 3385 5403 aspexit.
3412 5333 3487 5388 Do
3503 5347 3614 5390 cm-

2052 5418 2101 5472 lo
2117 5418 2371 5480 Dominus
2394 5432 2493 5485 per
2506 5418 2722 5474 nnicnm
2747 5418 2939 5475 Filium
2963 5438 3117 5477 suum
3144 5423 3414 5495 prospexit
3440 5422 3491 5477 in
3510 5433 3616 5477 ter-

2052 5523 2161 5561 ram
2192 5506 2629 5561 miserimtmstt‘a:
2659 5504 2832 5576 (Vera.
2858 5508 2968 5581 ﬁl).
3028 5509 3096 5565 Ut
3116 5512 3317 5565 audiret
3348 5510 3511 5585 [sicut
3529 5527 3615 5566 se.

2051 5613 2219 5669 quens
2241 5611 2426 5649 versus
2445 5596 2698 5671 ostendit]
2719 5601 2937 5668 gemitus
2956 5602 3378 5669 contpcditornm,
3397 5602 3615 5658 humani

2052 5688 2252 5743 scilicet
2273 5689 2498 5755 generis,
2523 5690 2663 5758 quod
2685 5692 3111 5747 diabolivinculis
3130 5684 3183 5747 in
3206 5695 3375 5763 primo
3398 5711 3459 5763 pa
3470 5704 3616 5749 rente
