4230 6202
612 272 710 329 891

1472 276 1527 329 Β.
1570 275 1631 327 ι’.
1656 274 1873 326 ιιιΒιΝι
1914 272 2038 327 SEU
2082 274 2348 327 ALCUIM
2387 274 2663 328 Ul’l‘lllL'M
2700 274 2878 328 PARS
2912 277 2969 330 ll.

3706 277 3809 330 592

616 384 835 452 ligatum
866 391 945 435 est
974 422 987 445 ,
1018 354 1281 448 mortique
1307 390 1575 448 perpetua:
1621 380 1932 450 perditionis
1976 378 2157 431 addic-
2191 388 2231 441 Α
2263 380 2388 451 [vel]
2425 382 2696 449 generatio
2724 382 2878 448 hujus
2900 384 3275 459 generationis,
3304 400 3418 450 quie
3445 386 3495 436 in
3520 385 3715 461 Evangt
3735 386 3807 443 lia

618 483 727 526 tum
759 486 773 523 :
811 471 912 525 hoc
953 472 1017 525 dc
1042 471 1177 525 Cllth
1216 471 1550 537 prospiciens
1580 469 1833 522 Dominus
1864 469 2004 520 venit
2050 469 2157 519 sol-

619 574 740 614 vere
769 558 971 613 vinctos
994 567 1050 613 et
1080 558 1344 611 vivilicare
1368 558 1729 626 interemptos.

686 652 843 707 Vnus.
869 651 957 704 22.
980 680 1047 691 -—-
1070 649 1135 704 Ut
1157 652 1490 705 annuntietur
1508 653 1560 705 in
1585 650 1713 706 Sion
1728 669 1908 706 nomen
1933 653 2153 719 Domini,

613 754 659 799 et
698 744 813 797 laus
840 744 951 812 ejus
980 744 1032 797 in
1059 742 1366 796 Jerusalem.
1395 742 1527 808 Quia
1550 744 1615 795 de
1652 740 1800 805 Sion,
1831 752 1888 797 ιιι
1916 745 1990 797 ait
2030 761 2155 814 pro-

613 834 794 903 pheta,
818 832 970 885 exibit
991 830 1072 884 (ex
1094 840 1139 883 et
1170 832 1369 884 verbum
1392 830 1600 883 Domini
1613 830 1678 884 de
1696 830 1983 885 Jerusalem
2001 832 2153 903 (lsai.

614 940 677 988 tt,
703 923 778 991 3).
809 921 883 975 lbi
911 923 1102 989 quippe
1151 922 1380 990 primutn
1411 922 1750 988 [medicatum
1796 931 1879 975 est
1908 939 2000 991 per
2029 938 2156 992 apo-

613 1011 777 1066 stolos
806 1025 993 1066 nomen
1024 1010 1263 1072 Domini;
1296 1011 1372 1063 sic
1394 1009 1516 1079 (Ms.
1541 1050 1556 1073 ,
1582 1011 1739 1080 sicut)
1761 1011 1954 1080 legitur
1977 1012 2027 1065 in
2053 1012 2155 1066 Ac-

615 1104 753 1155 tibus
814 1099 1210 1170 apostolorum,
1261 1099 1650 1157 multitudinem
1700 1102 2028 1156 credentium
2083 1104 2156 1156 ibi

612 1205 765 1255 esse;
800 1200 853 1245 et
890 1192 1060 1259 ipsum
1113 1190 1390 1244 Dominum
1429 1192 1745 1259 praecepisse
1775 1192 1827 1245 iu
1870 1192 2155 1263 Evangelio

618 1287 859 1343 constat,
888 1266 1177 1347 ﬁnedicare
1200 1276 1464 1345 apostolos
1494 1279 1855 1347 ptenitentiam
1899 1290 1951 1333 et
1978 1282 2156 1336 remis.

611 1370 812 1423 sionem
841 1368 1077 1421 omnium
1104 1374 1446 1435 peccatorum
1475 1367 1530 1424 in
1554 1382 1741 1422 omnes
1766 1376 1949 1437 gentes
1981 1410 1996 1433 ,
2025 1372 2156 1424 inri-

606 1460 818 1527 pientes
843 1458 1015 1526 printo
1040 1456 1107 1510 ab
1126 1454 1419 1512 Jerusalem
1460 1456 1606 1528 (Luc.
1635 1473 1784 1524 xxrv,
1825 1460 1916 1525 47,
1939 1460 2049 1531 53).
2080 1461 2155 1516 De

617 1548 808 1616 quibus
833 1546 991 1617 paulo
1021 1555 1142 1615 post
1186 1548 1259 1601 ait
1280 1546 1616 1617 Evangelista
1651 1566 1664 1601 :
1696 1548 1759 1601 Et
1789 1560 1934 1603 erant
1960 1567 2156 1620 semper

609 1640 667 1692 in
689 1636 874 1707 templo
900 1636 1169 1691 laudantes
1196 1646 1243 1689 et
1272 1636 1618 1690 benedicentes
1650 1636 1944 1691 Dominum.

2257 467 2561 536 designatur
2585 509 2599 532 ,
2624 469 2713 521 ubi
2746 469 2997 524 Dominus
3023 473 3098 525 ait
3125 491 3135 523 :
3166 470 3229 524 In
3259 474 3657 540 regeneratione,
3687 492 3804 529 eum

2256 556 2441 609 sederit
2468 555 2634 609 Filius
2653 556 2915 629 [hominis]
2930 561 2980 612 in
2996 561 3113 614 sede
3136 561 3419 629 nujestatis
3446 578 3565 617 sum
3590 562 3804 634 (Matth.

2281 662 2389 707 six,
2423 647 2534 716 23).

2324 735 2482 789 Vens.
2506 737 2592 790 26.
2613 768 2679 777 —-
2696 739 2760 791 In
2791 741 2935 792 initio
2962 749 3038 803 tu,
3061 740 3296 803 Domine,
3325 751 3513 793 terrain
3540 740 3772 809 fundasti
3786 782 3804 807 ,

2254 833 2301 876 et
2332 839 2483 891 apera
2513 842 2759 880 manuum
2790 838 2997 881 tuarum
3040 839 3157 881 sunt
3197 829 3327 881 cali.
3382 828 3493 883 [Ioc
3522 838 3625 893 est,
3661 831 3804 900 quod

2256 912 2308 967 in
2338 914 2509 981 capite
2534 924 2836 970 sanctarum
2867 916 3260 985 Scripturarum
3302 917 3497 987 legitur
3525 936 3537 970 :
3569 916 3635 971 In
3661 919 3805 987 prino

2255 1002 2385 1069 cipio
2408 1004 2594 1059 creavit
2625 1003 2762 1059 Deus
2790 1005 2969 1061 calum
2998 1016 3045 1059 et
3071 1016 3281 1063 terram.
3310 1005 3421 1063 Hoc
3441 1006 3559 1061 ideo
3595 1006 3671 1061 ait
3702 1006 3804 1067 isto

2254 1091 2496 1145 laudator
2542 1093 2773 1157 Domini,
2804 1105 2863 1149 ut
2900 1095 3283 1165 intelligeretur
3306 1112 3403 1150 nos
3430 1098 3671 1156 eumdem
3702 1097 3803 1151 lia--

2252 1180 2379 1233 bere
2432 1180 2838 1250 Redemptorem
2896 1182 3074 1255 [quem
3123 1184 3461 1256 creatorem].
3520 1186 3622 1252 Qui
3673 1200 3803 1242 vero

2253 1270 2406 1324 initio
2455 1271 2646 1326 coelum
2682 1282 2735 1327 et
2790 1282 2985 1328 terram
3033 1276 3274 1337 creavit,
3311 1276 3425 1329 sine
3479 1276 3631 1331 initio
3678 1290 3801 1330 esse

2254 1360 2591 1419 manifesnum
2617 1372 2717 1417 est.
2761 1363 2933 1432 Opera
2964 1368 3213 1419 manuum
3259 1375 3470 1419 tuarum
3498 1361 3621 1420 sunt
3656 1364 3796 1427 caeli,

2255 1451 2309 1506 id
2334 1460 2437 1515 est,
2476 1454 2672 1507 virtute
2720 1452 2813 1506 Dei
2866 1464 2919 1508 et
2965 1456 3222 1521 sapientia
3260 1453 3399 1511 facta
3443 1464 3568 1508 sunt
3621 1456 3803 1511 omnia

2255 1538 2403 1610 [Ms.,
2436 1542 2486 1595 id
2532 1552 2635 1606 est,
2657 1544 2879 1597 virtutes
2923 1554 3047 1608 tute,
3080 1546 3202 1613 quia
3236 1558 3333 1612 per
3352 1545 3571 1599 verbum
3597 1544 3689 1599 Dei
3710 1544 3803 1609 ,id

2253 1639 2352 1693 est,
2391 1632 2635 1686 virtutem
2668 1632 2778 1696 Dei,
2802 1635 3113 1702 sapientiam
3136 1634 3229 1689 Dei
3257 1634 3398 1689 facta
3424 1642 3547 1689 sunt
3571 1633 3796 1708 omnia].

683 1726 841 1784 Vsus.
868 1725 955 1781 23.
980 1738 1047 1763 =-
1065 1723 1127 1779 ln
1168 1725 1509 1779 convenientia
1527 1726 1741 1796 populos
1787 1730 1841 1781 in
1868 1745 2051 1794 unum,
2104 1739 2148 1782 et

2322 1721 2480 1776 Vens.
2503 1720 2592 1779 27.
2613 1751 2683 1765 -—-
2704 1721 2811 1787 Ipsi
2836 1723 3093 1791 peribunt,
3125 1723 3176 1778 id
3202 1732 3314 1787 est,
3346 1722 3527 1776 mlum
3565 1732 3611 1777 et
3638 1726 3799 1787 ter‘ra.

614 1833 767 1886 regna
791 1826 843 1872 ut
864 1816 1081 1868 serviant
1102 1815 1337 1868 Domino.
1354 1814 1433 1868 Ad
1448 1816 1547 1869 hoc
1560 1817 1700 1869 enim
1718 1818 1945 1886 gemitus
1959 1833 2153 1887 paupe-

617 1922 731 1960 rum
758 1905 1036 1959 exauditns
1065 1913 1165 1969 cst,
1188 1905 1389 1958 scilicet
1418 1912 1477 1957 ut
1499 1906 1820 1959 conveniens
1848 1907 2069 1974 populus
2099 1907 2151 1961 in

612 2009 774 2046 unutn
810 1991 990 2046 laudes
1043 1992 1247 2048 Domini
1280 2002 1618 2061 personaret.
1649 1993 1705 2047 in
1749 2009 1833 2057 eo,
1885 1996 2026 2063 quod
2055 1996 2148 2060 ait,

612 2082 823 2152 populos
844 2084 898 2136 in
954 2098 1131 2154 unum,
1164 2081 1334 2136 virtus
1355 2082 1626 2141 catholica:
1654 2084 1869 2141 unitatis
1890 2088 2151 2153 signatur,

610 2174 735 2242 quia
757 2188 938 2228 omnes
976 2187 1136 2228 unum
1158 2187 1343 2227 sumus
1371 2173 1422 2226 in
1451 2173 1663 2228 Christo
1689 2192 1701 2227 :
1732 2174 1893 2231 veluti
1918 2175 2028 2243 ipse
2054 2174 2153 2229 Do-

612 2264 787 2318 minus
827 2263 970 2318 Patri
1017 2278 1113 2332 pro
1139 2264 1252 2317 suis
1280 2263 1581 2333 supplicans
1623 2264 1718 2328 ait,
1766 2273 1823 2317 ut
1852 2265 1953 2323 sint
1992 2280 2151 2323 unum

609 2356 662 2406 in
689 2354 852 2407 nobis.
884 2352 949 2406 Et
974 2369 1126 2422 regna
1161 2362 1213 2407 ut
1252 2354 1472 2406 serviant
1498 2352 1739 2407 Domino.
1782 2354 1885 2407 Ista
1929 2355 2156 2407 servitus

609 2442 815 2495 Domini
847 2457 967 2496 vera
1008 2441 1225 2496 libertas
1253 2450 1336 2496 est
1368 2442 1599 2496 hominis
1619 2482 1633 2505 ,
1680 2456 1777 2511 per
1804 2444 1947 2512 quod
1988 2445 2152 2499 servi-

610 2533 740 2585 tium
778 2531 867 2585 Dei
900 2532 948 2585 in
981 2539 1180 2585 tantam
1209 2528 1477 2601 [gloriam]
1514 2530 1745 2584 exaltata
1772 2538 1856 2587 est
1892 2530 2152 2596 Ecclesia,

612 2631 667 2675 ut
693 2622 851 2677 etiam
888 2635 1046 2692 regna
1089 2622 1323 2677 serviant
1349 2620 1445 2685 illi,
1475 2636 1591 2691 qua:
1619 2621 1779 2676 etiam
1818 2629 1940 2676 ante
1977 2633 2153 2691 persc-

610 2712 907 2779 qneb..ntur
934 2726 1074 2766 eam.

684 2800 836 2858 Vitas.
864 2801 951 2863 2i.
977 2830 1042 2840 -—
1065 2799 1342 2869 Respondit
1365 2803 1411 2853 ei
1438 2802 1493 2854 in
1517 2802 1596 2854 ria
1614 2803 1816 2857 virtutis
1842 2818 1969 2855 sua.
1986 2801 2151 2867 Quis?

611 2888 705 2946 Cui
732 2889 1039 2962 respondit?
1062 2888 1291 2959 Populus
1329 2890 1663 2943 Christianus
1687 2890 1795 2944 Deo
1816 2906 1911 2945 suo
1934 2930 1949 2955 ,
1976 2889 2153 2946 Eccle-

609 2983 687 3039 sia
712 2980 923 3038 Christo
946 2980 1105 3050 capiti
1133 2995 1248 3035 suo.
1278 2979 1415 3045 Quid
1436 2980 1744 3046 respondit?
1767 2988 1822 3033 ut
1852 2979 2009 3035 facial
2028 2995 2145 3048 qua

2251 1809 2389 1863 sicut
2408 1810 2458 1862 in
2482 1808 2765 1879 Evangelia
2791 1810 2981 1879 legitur
3010 1850 3025 1874 ,
3055 1808 3416 1883 [transibunt],
3445 1814 3595 1867 verba
3622 1824 3793 1870 autem

2251 1914 2363 1951 mea
2392 1914 2493 1951 non
2541 1900 2850 1957 transibunt.
2892 1900 2965 1953 Tu
2996 1911 3166 1955 autem
3207 1918 3511 1971 pemanes;
3543 1914 3591 1958 et
3624 1920 3800 1959 omnes

2248 1988 2383 2039 sicut
2409 1990 2753 2042 vestimentum
2782 2000 3103 2047 veterasunt.
3128 1990 3307 2046 Solum
3336 1991 3614 2048 Dominum
3644 1992 3797 2066 [ιιι.

2252 2074 2438 2147 Deum]
2467 2076 2846 2135 immutabilem
2872 2095 2988 2134 esse
3016 2080 3270 2148 declarat,
3292 2082 3417 2137 dum
3443 2086 3622 2139 omnia
3660 2086 3798 2139 sicut

2252 2166 2562 2220 vestimenta
2615 2176 2963 2223 veterascent.
3004 2170 3193 2226 Carnis
3240 2188 3368 2228 vero
3410 2174 3654 2229 humanae
3690 2174 3797 2232 fm-

2250 2254 2504 2323 gilitatem
2533 2256 2619 2311 hic
2643 2258 2853 2312 videtur
2901 2260 3200 2315 ostendere.
3240 2262 3417 2333 ipsum
3466 2265 3610 2319 enim
3651 2276 3797 2321 vete-

2252 2344 2431 2406 rascit,
2459 2346 2599 2412 quod
2643 2360 2789 2400 more
2811 2348 2975 2401 vestis
3003 2346 3219 2422 [morte]
3249 2354 3596 2407 consumitur.
3632 2354 3798 2425 358

2252 2432 2396 2485 Sicut
2436 2435 2742 2501 aper-torium
2798 2434 2953 2505 [δίδη
2993 2440 3392 2513 coopertorium]
3432 2442 3654 2496 mutabis
3675 2460 3794 2507 eos,

2249 2528 2295 2571 et
2325 2522 2675 2576 mutabuntur.
2705 2522 2969 2580 Fortassis
3012 2527 3203 2583 cmlum
3248 2529 3557 2601 intelligitur
3582 2546 3799 2601 coopera-

2252 2610 2442 2664 torium
2475 2619 2626 2667 terra:
2660 2627 2797 2679 esse,
2840 2616 2981 2691 quod
3016 2617 3067 2671 in
3108 2618 3297 2671 melius
3343 2620 3650 2673 mutandum
3676 2634 3797 2675 esse

2247 2697 2349 2751 alia
2379 2698 2652 2768 Scriptura
2673 2702 2953 2773 designat,
2979 2706 3067 2759 ιιζί
3112 2706 3304 2760 dicitur
3328 2724 3340 2753 τ
3365 2706 3433 2764 Et
3472 2710 3566 2762 erit
3614 2708 3794 2765 mlunt

2249 2804 2431 2843 uorum
2453 2802 2497 2843 et
2526 2802 2661 2845 terra
2685 2809 2812 2846 uana
2844 2792 2996 2864 (Isai.
3028 2810 3149 2857 ιιι,
3190 2796 3312 2865 i7)?

2322 2877 2476 2932 Vsus.
2506 2878 2592 2933 28.
2620 2909 2687 2919 —
2721 2878 2764 2932 Τ
2766 2898 2797 2933 ιι
2837 2892 3008 2939 autem
3053 2884 3187 2939 idem
3219 2884 3326 2955 ipse
3350 2901 3403 2938 es
3450 2896 3496 2939 et
3542 2888 3665 2946 anni
3717 2889 3795 2946 tui

2250 2981 2351 3018 non
2396 2966 2650 3033 deﬁcient.
2697 2967 2885 3025 Omnia
2928 2987 3048 3027 esse
3096 2975 3366 3028 muraﬂlia
3414 2984 3607 3049 preter
3624 2976 3795 3030 solum

601 3070 753 3138 jubet
779 3069 868 3137 qui
899 3082 956 3123 se
983 3039 1221 3127 redemit.
1264 3039 1364 3127 U‘bi
1394 3039 1701 3139 respondit?
1732 3068 1785 3121 in
1831 3069 1916 3121 vis
1944 3039 2145 3123 scilicet
2171 3039 2216 3101 (ἶ
2247 3064 2541 3109 creatorem
2570 3058 2830 3130 designat,
2858 3062 2949 3129 qui
2976 3075 3184 3132 semper
3206 3064 3343 3117 idem
3368 3039 3450 3118 est
3472 3066 3612 3138 quod
3625 3074 3796 3131 est,et

610 3158 823 3215 virtutis
841 3172 967 3214 suae.
995 3159 1123 3223 Quae
1148 3166 1231 3211 est
1265 3159 1349 3211 vTa
1373 3157 1583 3211 virtutis
1602 3171 1710 3215 stlte
1735 3195 1749 3219 ,
1780 3157 1880 3209 nisi
1903 3155 2145 3211 Christus

536 3230 541 3237 ’
607 3247 697 3318 qtti
724 3248 797 3301 ait
820 3265 833 3303 :
860 3247 1094 3316 Egosum
1128 3248 1206 3306 ria
1232 3256 1279 3300 et
1309 3249 1493 3301 veritas
1520 3256 1567 3300 et
1587 3249 1713 3311 rita,
1741 3247 1854 3301 sine
1881 3262 1987 3315 quo
2014 3248 2147 3301 nihil

603 3352 881 3411 possumus
918 3337 972 3398 in
1017 3338 1167 3391 bonis
1203 3338 1451 3406 operibus
1490 3338 1824 3405 respondisse
1864 3338 2147 3407 praeceptis

607 3427 855 3487 Domini?
883 3426 1207 3481 Paucitatern
1247 3428 1445 3480 dierum
1495 3442 1726 3480 meorum
1768 3428 1950 3495 nuntia
1997 3428 2142 3487 mihi,

609 3513 721 3569 Vox
749 3512 872 3587 [est]
902 3514 1152 3572 Ecclesia
1177 3514 1240 3569 de
1269 3514 1372 3567 line
1401 3514 1577 3567 mundi
1608 3528 1703 3583 per
1738 3514 2004 3583 apostolos
2046 3514 2148 3573 Do-

605 3606 805 3662 tninum
827 3605 1157 3674 deprecantis
1180 3602 1329 3676 [ιιι.
1352 3604 1749 3681 interrogantis]
1765 3606 2143 3675 quidixerunt:

604 3692 701 3747 Dic
722 3693 866 3747 nobis
889 3693 1095 3764 quando
1122 3694 1231 3747 lure
1250 3701 1421 3756 erunt,
1446 3701 1491 3745 et
1513 3693 1648 3762 quod
1671 3693 1871 3763 signum
1899 3693 2147 3748 adventus

606 3781 680 3843 tui
701 3790 747 3833 et
794 3781 1245 3835 consummationis
1284 3780 1461 3833 stt-culi
1496 3780 1706 3851 (Matth.
1732 3796 1856 3835 niv
1883 3821 1897 3846 ,
1923 3783 1978 3851 ὅ)
2000 3783 2024 3837 ἲ
2045 3782 2145 3852 Qui

612 3871 926 3941 respondit:
964 3869 1198 3930 Primum
1254 3870 1625 3937 prasdicabitur
1662 3870 1763 3924 hoc
1804 3869 2147 3941 Evangelium

607 3964 661 4016 in
685 3969 794 4016 toto
827 3961 1023 4023 mundo
1050 3976 1064 4025 ;
1087 3968 1140 4016 et
1169 3968 1360 4018 uetera
1388 3974 1507 4028 quze
1532 3958 1604 4013 ibi
1626 3958 1872 4028 leguntur
1891 3958 1955 4013 dc
1980 3959 2149 4028 signis

607 4051 1077 4112 consummationis
1098 4050 1293 4108 saeculi.
1320 4048 1468 4114 Quod
1488 4059 1693 4118 tempus
1712 4050 2031 4118 paucitatem
2055 4065 2148 4105 no-

608 4140 774 4199 minat
800 4141 1003 4197 dierum
1029 4139 1129 4199 iste
1173 4139 1455 4211 pmnitens,
1478 4138 1570 4211 qui
1600 4136 1751 4213 [κδ.
1778 4135 1925 4207 quia]
1954 4139 2023 4198 ab
2048 4138 2149 4198 ini-

608 4232 685 4285 tio
704 4230 881 4285 mundi
910 4244 1077 4299 usque
1106 4229 1158 4282 in
1182 4228 1339 4289 linem
1366 4236 1534 4283 totum
1566 4221 1772 4296 tempus
1794 4228 1847 4281 in
1874 4242 2149 4295 compara-

2242 3148 2363 3198 anni
2389 3148 2705 3202 aeternitatis
2751 3148 2889 3204 illius
2917 3166 3184 3221 nunquam
3211 3152 3475 3219 deﬁcient.
3516 3152 3629 3225 Non
3655 3157 3797 3224 quod

2244 3234 2297 3286 in
2321 3234 2429 3288 Deo
2469 3238 2590 3289 anni
2618 3236 2941 3307 intelligendi
2967 3241 3099 3304 sint,
3132 3250 3187 3294 ut
3223 3257 3355 3296 unus
3384 3244 3557 3298 veniat
3586 3252 3639 3298 et
3664 3244 3799 3303 alter

2244 3331 2495 3386 transeat,
2523 3326 2616 3379 sed
2638 3329 2909 3383 mternitas
2924 3328 3079 3394 illius,
3112 3346 3228 3401 qua:
3248 3346 3456 3400 semper
3470 3334 3655 3387 eadem
3685 3342 3791 3399 est,

2244 3429 2501 3471 annorqu
2536 3420 2750 3473 nomine
2778 3422 3104 3492 designatur.

2313 3508 2474 3562 Vsus.
2502 3508 2592 3563 29.
2624 3540 2695 3549 —
2719 3509 2847 3565 Filii
2886 3529 3147 3568 servorum
3181 3527 3387 3574 tuorum
3434 3520 3793 3577 inhabitabant

2244 3596 2347 3663 ibi,
2407 3596 2459 3652 id
2502 3607 2602 3661 est,
2641 3598 2952 3655 habitabnnt
2995 3619 3179 3659 annos
3212 3608 3525 3673 aeternitatis
3574 3605 3794 3681 [sancti]

2244 3696 2547 3743 sanctorum
2594 3698 2799 3758 patrum
2827 3692 2953 3757 lilii,
2978 3695 3350 3764 prophetarum
3379 3694 3581 3751 scilicet
3593 3706 3648 3751 et
3671 3712 3798 3766 apo-

2245 3776 2498 3834 stolarum
2528 3780 2608 3831 vel
2636 3780 2911 3838 doctorum
2960 3782 3228 3839 Ecclesiae.
3267 3784 3375 3839 Nec
3420 3787 3793 3846 testimandum

2245 3875 2328 3919 est
2354 3866 2425 3919 ibi
2453 3881 2556 3920 non
2586 3883 2703 3921 esse
2730 3878 2926 3939 patres,
2958 3871 3046 3925 ubi
3074 3871 3164 3933 ﬁlii
3192 3873 3359 3928 futuri
3386 3885 3509 3931 sunt
3537 3894 3551 3928 :
3580 3877 3719 3945 quod
3742 3877 3790 3931 si

2247 3956 2337 4010 lilii
2362 3958 2450 4019 ibi,
2464 3967 2671 4033 quanto
2704 3960 2874 4031 magis
2899 3970 2952 4015 et
2978 3965 3201 4037 patres?
3230 3963 3285 4018 Si
3311 3964 3601 4035 discipulus
3625 3965 3797 4026 bonus

2236 4047 2465 4121 [quanto
2516 4048 2705 4120 magis]
2753 4060 2807 4104 et
2838 4052 3087 4119 magister
3113 4092 3127 4115 ,
3158 4052 3343 4111 melior
3395 4054 3695 4127 discipulo?
3726 4054 3793 4108 Et

2245 4151 2416 4189 semen
2453 4151 2630 4193 eorum
2675 4139 2993 4193 iumentum
3016 4140 3194 4194 seaculi
3237 4142 3505 4211 dirigetur.
3556 4131 3791 4208 Quorum

2246 4240 2445 4289 semen,
2500 4228 2601 4280 nisi
2645 4227 2917 4282 doctorum
2943 4239 3251 4284 sanctorum
3294 4229 3484 4301 [Edit.,
3516 4231 3790 4304 suorum],

606 4321 804 4377 tionem
821 4320 1147 4381 atternitatis,
1170 4318 1321 4392 quasi
1347 4332 1509 4375 unum
1528 4326 1582 4370 et
1608 4318 1978 4387 parvissimum
2004 4332 2149 4372 com-
2179 4366 2225 4425 υ
2248 4318 2337 4386 qui
2382 4318 2434 4371 in
2479 4327 2674 4373 reterns
2710 4319 3003 4389 dirigentur
3051 4320 3415 4375 beatitudine?
3446 4321 3545 4389 Qui
3595 4332 3793 4383 rectam

556 4446 557 4449 η
606 4416 754 4479 putat
784 4407 935 4481 [ιιι.
965 4406 1318 4480 computatur]
1348 4416 1689 4466 momentum.
1726 4405 1885 4479 Optat
1911 4408 2009 4462 iste
2035 4424 2149 4479 pm-

608 4502 784 4556 nitens
804 4497 955 4573 [cito]
975 4501 1251 4572 pervenire
1268 4500 1335 4555 ad
1360 4508 1572 4555 aeterna
1600 4499 1941 4557 beatitudinis
1986 4499 2152 4556 felici-

606 4599 770 4645 tatem
794 4607 809 4655 ;
839 4589 976 4650 sicut
997 4588 1329 4659 evangelicus
1352 4604 1563 4660 semper
1589 4604 1775 4645 servus
1796 4588 2015 4657 iubetur
2033 4604 2152 4644 esse

609 4689 846 4750 paratus.

679 4770 836 4827 Vsus.
854 4772 942 4825 25.
964 4800 1035 4812 —-
1057 4769 1136 4824 Ne
1158 4785 1355 4824 reroces
1392 4786 1471 4822 me
1488 4771 1542 4827 in
1563 4769 1777 4825 dimidio
1797 4769 1995 4825 dierum
2017 4784 2153 4821 meo—

611 4876 724 4917 runt
740 4879 759 4927 ;
774 4862 826 4915 in
840 4861 1085 4916 saeuiunt
1098 4859 1273 4914 seculi
1286 4859 1406 4912 anni
1420 4859 1513 4911 tui.
1532 4857 1598 4911 ΑΞ
1608 4859 1904 4913 ternitatem
1919 4858 2016 4912 iste
2028 4873 2156 4927 pau-

610 4966 703 5020 per
741 4951 1048 5007 dcsidcrans
1074 4963 1177 5007 non
1194 4947 1302 5003 vult
1330 4946 1562 5001 revocari
1580 4947 1653 5001 ad
1677 4947 1876 5001 medios
1904 4947 2026 5001 vitae
2046 4962 2154 5000 sua:

608 5038 743 5103 dies,
762 5039 816 5094 id
846 5046 948 5103 est,
976 5038 1041 5093 ad
1076 5034 1372 5110 juventutis
1396 5048 1581 5097 annos,
1611 5034 1663 5085 iu
1700 5034 1895 5106 quibus
1922 5036 2154 5090 maxime

607 5127 818 5180 fervore
853 5129 1029 5181 carnis
1056 5139 1278 5196 peccare
1320 5122 1491 5177 solent
1516 5120 1773 5176 homines.
1802 5120 1881 5174 Ad
1921 5122 2027 5181 hos.
2044 5123 2156 5177 dies

612 5230 716 5268 non
734 5216 877 5283 cupit
901 5215 1126 5285 regredi,
1153 5223 1210 5268 ut
1235 5214 1301 5275 ad
1328 5223 1555 5271 aeternos
1579 5210 1787 5263 Domini
1826 5225 1993 5265 annos
2022 5251 2035 5274 ,
2064 5213 2153 5279 qui

611 5303 892 5358 mutabiles
911 5319 1013 5357 non
1037 5314 1179 5367 sunt,
1199 5306 1477 5375 pervenire
1504 5312 1789 5366 mereatur,
1824 5302 1911 5355 ubi
1929 5304 2157 5359 varietas

611 5399 906 5460 temporum
930 5408 1033 5446 non
1062 5394 1185 5456 erit,
1216 5394 1306 5446 sed
1344 5392 1548 5447 stabilis
1575 5392 1813 5461 quaedam
1845 5406 2156 5467 semperque

612 5480 794 5534 eadem
832 5480 972 5553 [quae
1006 5481 1109 5554 est]
1148 5485 1254 5535 vita
1298 5490 1573 5555 permanet
1608 5481 1882 5534 mutationi
1917 5495 2021 5534 non
2064 5480 2157 5535 ob-

618 5571 791 5623 noxia.
822 5569 899 5643 [lu
919 5588 1021 5641 quo
1049 5574 1160 5627 lucc
1199 5580 1341 5636 sunt,
1376 5571 1528 5639 hujus
1555 5568 1754 5643 surculi]
1782 5571 2029 5626 sarculum
2054 5582 2152 5635 est,

2251 4407 2335 4461 hic
2364 4416 2647 4467 tenuerunt
2674 4409 2829 4473 viam,
2872 4410 3215 4465 beatitudinis
3240 4409 3394 4482 [3!s.,
3435 4414 3791 4488 reetitudinis]
3849 4477 3853 4481 ν

2208 4516 2209 4519 η
2250 4498 2464 4564 prmmia
2513 4498 2584 4551 ibi
2627 4498 2989 4567 possidebunt.
3042 4500 3164 4555 ideo
3209 4517 3312 4555 non
3351 4503 3525 4559 tardet
3569 4505 3795 4575 quisque

2250 4595 2496 4663 peccator
2549 4588 2914 4653 paenitentiam
2954 4602 3151 4657 agere,
3196 4598 3460 4656 quatenus
3516 4591 3585 4646 ad
3639 4591 3795 4661 hujus

2250 4675 2452 4743 pnemii
2480 4676 2699 4746 gloriam
2718 4678 2994 4748 pervenire
3030 4688 3312 4732 mereatur.
3348 4678 3677 4737 Recordctur
3701 4682 3793 4753 jn-

2253 4764 2389 4831 giter
2416 4765 2641 4833 primam
2670 4764 2957 4821 Dominica:
3000 4767 3393 4836 praidicationis
3434 4785 3617 4825 vocem
3641 4811 3657 4835 ,
3692 4785 3792 4839 qua

2253 4852 2453 4906 dictum
2483 4863 2564 4909 est
2589 4871 2602 4907 :
2656 4853 3015 4915 Paenitentiam
3034 4857 3187 4928 agite,
3219 4859 3641 4930 appmpinquabit
3661 4859 3793 4919 enim

2256 4961 2464 5019 regnum
2487 4945 2727 5002 calorum
2762 4946 2973 5017 (Matth.
3004 4963 3086 5012 ιιι,
3115 4947 3192 5020 2).
3219 4948 3417 5004 Aniena
3488 4942 3495 4946 ’

2278 5108 2289 5117 χ,
2745 5058 3059 5128 I‘SALMUS
3083 5060 3315 5116 cxxrx.

2324 5128 2563 5187 Psalmus
2590 5130 2690 5189 iste
2713 5130 2853 5182 inter
2894 5132 3129 5191 canticos
3176 5129 3444 5192 Graduum
3489 5130 3797 5193 undecimus

2254 5228 2355 5280 est,
2384 5218 2473 5285 qui
2503 5231 2754 5270 numerus
2776 5220 3056 5285 quamdam
3089 5218 3487 5274 diminutionem
3514 5219 3794 5291 perfectiu-

2254 5306 2337 5359 nis
2358 5306 2723 5371 demonstrat;
2755 5308 2846 5363 sed
2872 5320 3055 5362 sextus
3097 5317 3179 5363 est
3223 5311 3277 5365 in
3304 5311 3492 5367 ordine
3528 5310 3789 5381 paeniten-

2256 5398 2358 5459 tiae,
2383 5410 2538 5464 quem
2562 5411 2859 5473 numerum,
2885 5395 2936 5451 Id
2957 5408 3038 5451 est
3088 5414 3201 5465 ses,
3238 5414 3347 5455 suis
3389 5388 3629 5469 partibus
3661 5415 3790 5455 con-

2255 5486 2360 5537 stat
2405 5500 2523 5539 esse
2547 5484 2838 5554 perfectum
2867 5504 2879 5538 :
2912 5487 2963 5539 in
3009 5503 3114 5556 quo
3156 5489 3270 5559 ipse
3312 5498 3521 5545 creator
3558 5488 3795 5551 condidit

2255 5574 2475 5639 omnia,
2536 5584 2593 5629 ut
2644 5564 2945 5631 attenderet
2996 5579 3173 5639 omnia
3226 5592 3343 5633 esse
3395 5580 3626 5652 perlecta
3677 5593 3795 5653 qua:
