4286 6208
386 416 568 478 -593

1048 416 1451 473 Εχεοετιωι.
1492 448 1559 455 -
1594 414 1954 470 EXPOSITIO
1988 414 2054 469 ιιι
2092 390 2282 470 PSAL.
2325 386 2922 476 passim-unum,
2965 412 3110 466 me.
3182 438 3185 439 κ

3515 436 3523 442 ν
3571 412 3671 466 594

457 525 683 588 ereavit.
714 530 817 584 lste
844 544 969 584 vero
994 522 1257 598 pasnitens
1282 541 1376 595 per
1401 526 1726 594 pmiiiteiitiie
1746 526 2009 594 lacrymas
2039 530 2083 583 Α
2112 538 2207 593 per
2236 524 2467 579 Verbum
2488 518 2583 579 Dei
2603 524 2795 579 Filium
2828 524 3079 579 homiuls.
3144 523 3198 577 in
3226 523 3323 576 hac
3345 523 3484 577 enim
3505 521 3525 593 [
3546 522 3670 585 Ην..

460 622 529 677 ad
556 614 1291 693 perfectionemindulgentize
1336 614 1616 683 pervenire
1657 612 1874 675 nititur,
1926 613 2009 667 di-

462 724 593 767 cens
618 726 632 763 :

530 798 691 854 Vsus.
714 798 763 851 l.
784 796 940 851 —De
958 796 1228 867 profundis
1256 792 1474 849 clamaui
1494 795 1563 847 ad
1582 806 1649 858 te,
1670 794 1906 848 Domine.
1935 794 2009 847 De

461 890 755 961 profundis,
788 893 843 948 id
876 901 980 956 est,
1010 892 1285 945 nimietate
1315 899 1650 957 peccatorum
1672 928 1686 950 ,
1710 888 1774 941 de
1815 880 2011 956 quibus

461 992 566 1040 non
592 993 675 1039 est
692 983 793 1039 alia
822 982 963 1037 salus
985 982 1081 1045 illi,
1112 981 1213 1034 nisi
1239 980 1304 1033 ad
1327 978 1605 1033 Dominum
1626 978 1858 1031 clamare
1886 984 1938 1030 et
1955 988 2008 1029 tn

459 1074 576 1143 ejus
602 1091 818 1146 sperare
865 1073 1217 1130 clementiam.
1248 1072 1372 1127 ldeo
1405 1070 1639 1141 postulat
1664 1082 1818 1125 suum
1846 1080 2012 1124 exau-

460 1161 562 1220 diri
590 1165 895 1230 clamorem,
926 1179 1084 1234 quam
1114 1165 1178 1217 de
1203 1162 1463 1231 profundo
1490 1171 1829 1231 peccatorum
1851 1174 2007 1216 eruc—

462 1256 592 1309 tavit
612 1256 793 1309 dicens
820 1272 830 1305 :
859 1273 867 1279 δ
1284 1328 1285 1331 η
1534 1252 1539 1257 ’

530 1338 689 1400 Vens.
713 1340 765 1399 ἓ.
782 1375 852 1385 -—
873 1342 1109 1407 Domine,
1138 1338 1325 1411 cagaudi
1340 1358 1508 1397 vocem
1532 1359 1719 1396 meam.
1746 1341 1847 1413 Ipsi
1866 1344 2006 1396 enim

458 1443 580 1487 sunt
607 1426 881 1488 Altissimo
916 1432 1221 1497 viciniores,
1260 1434 1348 1502 qui
1380 1434 1446 1487 de
1474 1440 1671 1487 sancta:
1695 1431 2009 1487 humilitatis

455 1524 751 1578 visceribus
777 1533 1083 1593 eruperunt,
1114 1540 1170 1579 se
1194 1524 1509 1581 conﬁtentes
1536 1539 1653 1579 esse
1674 1533 2003 1593 peccatores,

457 1622 510 1665 et
538 1613 603 1667 de
638 1612 899 1683 profundo
924 1613 1185 1668 clamasse
1214 1614 1510 1682 iniquitatis
1534 1614 1772 1669 dicentes
1798 1632 1810 1666 :
1848 1612 2006 1667 Fiant

456 1718 607 1755 aures
629 1711 732 1755 tua:
754 1702 1068 1756 intendentes
1091 1704 1145 1756 in
1172 1704 1458 1757 orationem
1483 1703 1611 1757 serui
1640 1704 1738 1755 tui.
1767 1701 1898 1769 Quis
1925 1711 2009 1757 est

454 1794 543 1862 qui
559 1793 791 1848 clamat?
816 1801 1059 1861 peccator
1084 1795 1301 1849 scilicet.
1327 1794 1477 1849 Unde
1497 1795 1733 1849 clamat?
1755 1796 1915 1850 etiam
1941 1795 2007 1849 de

2112 615 2639 687 verojpmmissionc
2665 626 2843 686 speret
2862 616 3090 670 lsraelin
3113 616 3350 669 Domino.
3399 615 3503 683 Spe
3527 615 3669 668 enim

2110 706 2241 760 salvi
2281 706 2403 761 facti
2436 722 2639 760 sumus.
2686 704 2836 770 Quod
2880 720 3018 758 nunc
3048 705 3159 774 spei
3188 704 3462 758 dulcedine
3504 702 3669 757 habe-

2110 810 2248 859 mus,
2281 805 2407 849 tunc
2434 796 2507 850 rei
2537 796 2763 849 veritate
2790 794 3105 848 tenebimus.
3156 793 3271 847 Noli
3297 802 3373 855 tu,
3404 788 3585 853 Israel,
3616 790 3669 846 id

2110 894 2211 949 est,
2239 885 2323 939 vir
2351 885 2536 939 videns
2561 885 2751 949 Deum,
2796 881 3037 940 dubitare
3086 883 3149 937 de
3178 885 3279 939 hac
3300 880 3671 951 promissionis

2111 974 2385 1030 felicitate.

2182 1060 2341 1120 Vens.
2367 1064 2417 1117 7.
2449 1093 2520 1105 -
2564 1064 2703 1130 Quia
2746 1064 2884 1135 apud
2921 1062 3193 1117 Dominum
3231 1060 3670 1116 misericordia-et

2110 1155 2317 1223 copiosa
2351 1154 2489 1223 apud
2526 1170 2640 1208 eum
2672 1152 2969 1223 redemptio.
2999 1149 3180 1223 [Quia]
3216 1149 3462 1221 quamvis
3481 1161 3671 1219 pecca-

2109 1252 2193 1298 tor
2213 1252 2554 1313 peccatorum
2602 1244 2741 1298 mole
2783 1252 3076 1313 prematur,
3109 1242 3261 1297 adest
3305 1238 3669 1295 misericordia

2108 1334 2201 1389 Dei
2224 1336 2276 1388 in
2301 1333 2534 1397 Christo,
2562 1336 2652 1403 qui
2674 1335 2790 1387 sine
2817 1341 3036 1403 peccato
3057 1334 3222 1397 venit,
3248 1340 3312 1386 ut
3327 1338 3545 1403 peccata
3566 1328 3671 1383 sol-

2106 1430 2272 1476 veret.
2317 1422 2469 1490 Apud
2494 1436 2652 1490 quem
2682 1422 2893 1491 c0piosa
2932 1429 3015 1475 est
3064 1421 3381 1491 redemptio,
3426 1419 3550 1488 quia
3580 1416 3669 1471 ubi

2106 1511 2394 1567 abundavit
2429 1519 2729 1580 peccatum,
2760 1510 3210 1580 superabundavit
3227 1509 3419 1577 gratia.

2178 1603 2335 1656 Vens.
2374 1603 2426 1656 8.
2452 1631 2517 1643 —
2551 1600 2668 1672 Ipse
2692 1612 2765 1655 est
2784 1602 2871 1671 qui
2905 1601 3114 1654 redemit
3146 1599 3312 1653 Israel
3340 1600 3404 1653 ab
3426 1599 3662 1653 omnibus

2104 1690 2456 1761 iniquitatibus
2483 1692 2590 1743 suis
2619 1688 2764 1761 [δίδη
2794 1688 2949 1761 ejus].
3016 1688 3139 1742 Ideo
3178 1695 3231 1741 ιιι
3283 1694 3533 1757 peccator
3560 1684 3665 1739 noli

2106 1794 2343 1835 cessare:
2383 1779 2552 1835 clama
2584 1780 2736 1851 μὴ,
2762 1777 3015 1850 clamare]
3043 1780 3107 1834 de
3132 1777 3413 1849 profundo,
3463 1775 3665 1845 expelle

454 1859 731 1952 profundo.
791 1859 905 1949 ῥιιο
945 1882 1055 1949 jam
1105 1877 1367 1952 profundo
1389 1922 1402 1944 ,
1468 1882 1573 1936 nisi
1624 1884 2004 1952 peccatorum?
2038 1859 2079 1919 Β
2106 1884 2134 1921 a
2171 1878 2220 1923 te
2250 1885 2461 1924 omnem
2486 1870 2939 1939 desperationem;
2980 1867 3087 1933 die,
3117 1870 3237 1923 die:
3276 1870 3320 1921 si
3350 1867 3667 1937 iniquitatem

453 1969 568 2038 Qua
596 1987 687 2040 spe
728 1971 959 2027 clamat?
985 1969 1164 2042 [Quia]
1213 1971 1302 2039 qui
1331 1970 1475 2023 venit
1520 1970 1725 2024 solvere
1767 1979 2000 2039 peccata,

453 2054 598 2115 dedit
624 2076 771 2131 spem
800 2062 960 2115 etiam
998 2061 1049 2114 in
1088 2058 1347 2129 profundo
1394 2060 1571 2128 posito
1605 2058 1873 2127 peccatori
1898 2058 2004 2113 ela-

454 2151 662 2212 mandi,
711 2151 1025 2220 veniamque
1052 2148 1317 2219 sperandi.
1349 2148 1486 2215 Quid
1533 2164 1659 2203 vero
1688 2149 1788 2203 iste
1814 2149 2005 2203 clamet

449 2248 712 2309 peccator,
745 2241 1039 2295 audiamus.

521 2328 678 2383 Vens.
720 2327 935 2384 3.—Si
953 2330 1272 2398 iniquitatem
1316 2326 1805 2401 [Ms.,iniquitates]
1831 2329 2001 2383 obser-

450 2418 661 2479 ‘raueris,
688 2415 922 2481 Domine,
946 2417 1180 2481 Domine,
1208 2417 1322 2488 quis
1338 2419 1651 2473 sustinebit?
1678 2419 1814 2475 Ecce
1836 2434 1998 2488 appa—

449 2504 555 2558 ruit
590 2502 742 2576 [Ms.,
782 2505 1034 2577 aperuit],
1066 2506 1132 2561 de
1154 2519 1257 2575 quo
1284 2506 1546 2575 profundo
1572 2508 1846 2563 clamaret.
1877 2508 1999 2563 Cla-

449 2603 559 2648 mat
590 2596 688 2649 sub
712 2593 958 2650 lluctibus
980 2635 993 2659 ,
1023 2596 1174 2664 quasi
1201 2596 1252 2649 in
1288 2592 1551 2664 profundo
1589 2598 1864 2652 demersus
1894 2598 1998 2651 ini-

446 2684 706 2750 quitatnm
731 2698 970 2746 suarum,
1025 2697 1282 2739 accusans
1315 2686 1546 2752 seipsum
1585 2685 1637 2739 in
1667 2686 2000 2755 cogitationi-

446 2773 567 2838 bus,
587 2774 762 2829 verbis
789 2783 843 2828 et
868 2773 1021 2830 l‘a'ctis
1051 2792 1063 2826 :
1096 2774 1391 2845 intelligens
1422 2784 1587 2829 totam
1616 2776 1779 2829 vitam
1811 2776 1997 2830 huma-

447 2878 569 2917 nam
614 2861 990 2919 tentationibus
1022 2863 1318 2934 subjacere.
1362 2864 1617 2935 Sequitur
1662 2867 1713 2920 in
1754 2881 1857 2935 qua
1904 2881 1997 2935 spe

447 2950 724 3017 clamaret,
763 2954 946 3009 dicens
976 2972 988 3007 ε

516 3035 677 3095 Vsus.
718 3040 771 3105 4,
811 3036 864 3095 5.
887 3072 957 3082 -
983 3042 1119 3107 Quia
1160 3045 1298 3113 apud
1324 3054 1371 3098 te
1413 3045 1708 3114 propitiatio
1743 3054 1836 3097 est.
1868 3044 1997 3111 Quae

445 3138 528 3181 est
563 3128 664 3183 ista
688 3131 1013 3199 propitiatio,
1042 3131 1144 3186 nisi
1170 3131 1385 3202 sanguis
1418 3130 1634 3195 Christi,
1665 3132 1880 3201 sanguis
1915 3132 1995 3186 in-

444 3233 663 3283 nocens,
691 3219 779 3287 qui
806 3218 1005 3285 ell'usus
1029 3229 1109 3275 est
1136 3222 1187 3275 in
1204 3220 1632 3290 propitiationem
1654 3229 1991 3290 peccatorum

444 3309 784 3363 nostrorum?
810 3308 968 3379 Ergo,
1007 3324 1041 3365 o
1070 3310 1310 3373 Domine,
1338 3310 1473 3380 apud
1511 3319 1561 3365 te
1586 3320 1669 3365 est
1684 3309 1995 3381 propitiatio

437 3409 560 3463 qua:
588 3411 673 3449 me
709 3397 905 3450 excitat
948 3398 1013 3451 ad
1039 3405 1088 3451 te
1133 3399 1403 3453 clamare:
1436 3400 1559 3467 quia
1584 3400 1628 3453 si
1659 3397 1822 3466 judex
1874 3406 1992 3452 tan-

440 3488 573 3545 tum,
622 3492 675 3537 et
729 3500 833 3539 non
861 3485 1177 3554 propitiator
1218 3486 1329 3539 ﬁeri
1373 3488 1649 3553 voluisses,
1681 3487 1994 3543 observares

444 3572 757 3644 iniquitates
788 3582 1000 3629 nostras
1027 3614 1041 3638 ,
1074 3582 1128 3629 et
1157 3588 1311 3629 nemo
1336 3577 1640 3631 sustineret.
1696 3576 1764 3629 Et
1786 3587 1994 3647 propter

440 3664 600 3734 Iegem
646 3675 787 3718 tuam
813 3665 1033 3718 sustinui
1057 3673 1128 3729 te,
1154 3663 1389 3718 Domine.
1431 3665 1742 3734 Exspectavi
1779 3675 1850 3729 te,
1892 3666 1993 3721 Do-

442 3758 613 3819 mine,
668 3758 758 3824 qui
789 3757 918 3811 mihi
954 3758 1006 3811 in
1058 3756 1169 3827 lege
1196 3758 1493 3827 promissus
1543 3759 1685 3813 fuisti
1712 3777 1727 3812 :
1754 3775 1873 3829 qua:
1909 3775 1993 3814 me

440 3844 522 3897 lex
563 3858 710 3898 reum
739 3843 863 3899 fecit
887 3885 902 3908 ,
933 3854 987 3898 et
1010 3848 1263 3915 compulit
1299 3864 1384 3902 me
1428 3849 1493 3902 ad
1544 3857 1595 3903 te
1626 3849 1872 3909 clamare,
1902 3851 1991 3919 qui

436 3948 497 3988 es
548 3933 818 4003 legislator
865 3945 915 3989 et
946 3935 1267 4007 Redemptor
1309 3942 1406 3995 sub
1454 3942 1567 4010 lege
1611 3943 1783 3996 factus
1828 3943 1992 3998 Filius

436 4020 688 4079 hominis.
724 4023 980 4079 Sustinuit
1006 4029 1197 4082 anima
1235 4046 1347 4083 mea
1403 4032 1603 4084 verbum
1642 4041 1807 4085 tuum.
1841 4032 1991 4099 Quod

438 4115 657 4171 verbum
679 4116 858 4186 lquod
880 4128 990 4171 erat
1017 4120 1069 4172 in
1094 4121 1347 4191 principio
1373 4122 1509 4190 apud
1538 4122 1725 4175 Deum.
1743 4122 1856 4177 Hoc
1878 4140 1991 4178 ver-

439 4206 563 4262 bum
602 4209 905 4277 exspectavi
931 4218 989 4264 ut
1030 4225 1156 4265 caro
1185 4211 1336 4268 ﬁeret
1370 4223 1426 4267 et
1458 4214 1709 4270 liberaret
1734 4218 1987 4270 animam

436 4310 631 4364 meam,
669 4300 722 4353 in
746 4314 853 4369 quo
900 4302 1228 4371 suscepimus
1258 4305 1621 4359 remissionem
1649 4313 1987 4375 peccatorum

438 4400 493 4441 et
514 4386 915 4458 promissiOnem
954 4392 1100 4460 regni
1141 4392 1416 4446 caelorum.
1448 4392 1505 4446 ln
1544 4409 1650 4463 quo
1689 4394 1849 4447 verbo
1869 4408 1989 4462 spe-

441 4489 689 4533 raverant
717 4482 1022 4550 prophetae:
1055 4482 1196 4549 quod
1238 4482 1457 4536 verbum
1505 4484 1730 4552 apostoli
1787 4492 1986 4538 tracta-

440 4576 626 4621 verunt
661 4578 715 4623 et
743 4570 986 4624 viderunt
1017 4584 1031 4623 :
1063 4571 1115 4624 in
1164 4585 1269 4640 quo
1296 4570 1457 4625 verbo
1485 4572 1625 4625 beati
1657 4580 1779 4627 sunt
1822 4575 1984 4628 etiam

440 4657 993 4727 credentes,quamvis
1039 4661 1211 4729 ipsum
1237 4661 1524 4733 carnaliter
1551 4679 1655 4718 non
1705 4664 1981 4719 vidissent.

439 4747 493 4801 lu
521 4748 621 4803 hoc
632 4746 794 4803 verbo
821 4746 972 4819 μισ.)
994 4749 1239 4823 verbum]
1257 4768 1442 4807 omnes
1468 4754 1657 4809 animae
1679 4763 1984 4810 sanctorum

437 4847 674 4906 sperant.
886 4910 887 4913 η
1538 4866 1541 4869 ν

686 4928 845 4985 Vens.
871 4929 922 4984 6.
961 4960 1031 4970 —-
1075 4931 1116 4984 Α
1146 4933 1377 4986 custodia
1422 4934 1676 4985 matutina
1728 4950 1887 5001 usque
1919 4936 1985 4987 ad

436 5032 633 5075 noctem
660 5033 822 5093 speret
851 5023 1019 5079 Israel
1054 5026 1109 5077 in
1151 5022 1389 5079 Domino.
1446 5024 1696 5080 Custodia
1723 5028 1980 5079 matutina

433 5110 861 5167 estmanifestata
882 5117 1201 5171 resurrectio
1215 5116 1419 5171 Domini
1432 5117 1743 5180 Salvatoris,
1772 5119 1983 5187 quando

436 5201 635 5273 [Edit.,
672 5204 952 5275 quoniam]
984 5207 1282 5275 sepulcrum
1328 5208 1743 5263 custodientibus
1765 5207 1980 5274 Judteis,

436 5296 685 5364 resumpti
714 5296 953 5365 corporis
980 5297 1220 5360 veritate,
1251 5298 1556 5351 resurrexit.
1589 5296 1762 5367 Usque
1800 5300 1867 5351 ad
1894 5317 1986 5353 no-

435 5391 585 5449 rtem,
610 5383 660 5437 id
690 5392 792 5448 est,
823 5399 989 5453 usque
1010 5385 1075 5437 ad
1107 5388 1388 5441 terminum
1418 5384 1573 5454 hujus
1599 5388 1772 5441 smculi
1802 5390 1854 5443 in
1885 5390 1984 5443 hac

436 5474 720 5544 spe'nobis
768 5477 1049 5531 vivendum
1106 5485 1209 5539 est,
1246 5486 1304 5530 ut
1336 5478 1489 5532 modo
1542 5492 1880 5547 resurgamus
1930 5483 1980 5535 in

436 5566 632 5629 anima,
663 5571 717 5619 et
764 5564 818 5617 in
849 5566 1133 5619 novissimo
1180 5566 1262 5617 die
1290 5582 1628 5638 resurgamus
1658 5570 1710 5622 in
1737 5572 1976 5638 corpore.

436 5651 535 5715 Qui
558 5669 683 5707 vero
712 5670 739 5707 a
770 5662 935 5708 morte
965 5656 1153 5707 animm
1177 5656 1329 5708 modo
1360 5661 1587 5729 resurgit
1607 5674 1698 5729 per
1741 5660 1977 5724 verbum,

434 5738 548 5795 l’ilii
574 5741 696 5803 HIs.
730 5745 913 5817 lilium]
952 5746 1064 5810 Dei,
1092 5755 1212 5798 tunc
1235 5744 1454 5800 feliciter
1477 5758 1711 5816 resurget
1740 5749 1788 5801 in
1820 5763 1976 5799 carne

2021 3177 2067 3239 α

2105 1959 2467 2023 observaveris,
2499 1960 2733 2023 Domine,
2766 1960 3001 2023 Domine,
3048 1960 3164 2028 quis
3192 1957 3461 2012 sustinebit
3492 1956 3517 2009 ἵ
3562 1954 3669 2011 Ol:-

2101 2064 2269 2126 serva'
2306 2050 2473 2114 illum,
2518 2060 2767 2119 exspecta
2810 2051 2954 2104 illum
2994 2058 3210 2120 propter
3257 2049 3425 2119 legem
3476 2050 3665 2119 ipsius.

2102 2147 2260 2208 quam
2291 2140 2457 2210 legem
2496 2140 2593 2194 tibi
2622 2139 2767 2193 dedit
2795 2138 2848 2192 in
2888 2139 3150 2201 oratione,
3211 2153 3315 2207 qua
3362 2137 3666 2206 deprecaris

2101 2244 2197 2298 pro
2221 2230 2455 2298 peccatis
2483 2229 2585 2282 tuis
2622 2229 2832 2283 dicens:
2870 2228 3079 2281 Dimitte
3106 2226 3247 2280 nobis
3269 2226 3440 2279 debita
3464 2233 3661 2285 nostra,

2099 2320 2231 2371 sicut
2259 2328 2307 2372 et
2334 2334 2424 2372 nos
2442 2308 2775 2373 ’dimittimus
2793 2318 3107 2373 debitoribus
3146 2318 3353 2371 nostris.
3420 2316 3586 2385 Spera
3613 2321 3663 2367 lc

2101 2416 2545 2472 iesurrecturum,
2568 2418 2623 2464 et
2643 2420 2692 2464 te
2705 2410 2937 2465 futurum
2950 2411 3093 2465 omni
3118 2410 3274 2464 modo
3292 2409 3406 2465 sine
3421 2415 3661 2478 peccato.

2101 2500 2353 2577 quoniam
2376 2498 2463 2553 ille
2486 2500 2738 2563 surrexit,
2790 2500 2879 2569 qui
2917 2501 3121 2576 primus
3150 2500 3247 2553 fuit
3270 2500 3386 2555 sine
3424 2508 3660 2567 peccato.

2099 2587 2221 2643 Noli
2273 2588 2498 2643 dicere:
2540 2588 2656 2643 Non
2708 2603 2825 2643 sum
2878 2589 3069 2659 dignus
3116 2588 3481 2643 misericordia
3527 2586 3661 2640 illius

2098 2686 2316 2747 propter
2336 2688 2586 2747 peccata;
2625 2679 2801 2748 cogita
2833 2679 2971 2746 apud
3019 2692 3141 2732 eum
3170 2677 3387 2732 multam
3414 2690 3533 2729 esse
3579 2689 3662 2729 rc—

2098 2766 2477 2836 demptionem,
2521 2769 2610 2837 qui
2636 2768 2867 2837 seipsum
2900 2768 3137 2830 tradidit,
3186 2774 3243 2820 ut
3272 2776 3323 2820 te
3352 2767 3653 2821 redimeret.

2097 2857 2375 2913 Liberatus
2411 2874 2510 2929 per
2556 2859 2946 2927 pmnitentiam,
2994 2857 3098 2911 noli
3140 2858 3331 2911 iterum
3386 2856 3534 2926 ligari
3563 2872 3655 2925 per

2098 2954 2392 3015 peccatum.
2454 2945 2607 3000 Servi
2662 2946 2885 3000 Domino
2916 2946 3065 3015 quasi
3116 2944 3295 3008 illius,
3354 2959 3460 3000 non
3504 2947 3656 3013 quasi

2097 3049 2316 3091 servus:
2375 3036 2501 3107 quia
2547 3037 2720 3092 omnis
2766 3038 2855 3105 qui
2910 3034 3039 3090 facit
3088 3045 3363 3107 peccatum
3397 3075 3412 3101 ,
3470 3050 3658 3092 servus

2097 3134 2179 3180 est
2205 3127 2431 3194 peccati.
2476 3125 2675 3180 Servus
2702 3134 2877 3181 autem
2904 3141 3007 3181 non
3036 3134 3215 3180 manet
3243 3128 3294 3181 in
3313 3126 3490 3189 domo,
3522 3124 3661 3179 illius

2100 3210 2277 3275 autem
2319 3226 2501 3271 manet
2549 3219 2687 3288 apud
2715 3219 2926 3272 Patrem
2966 3234 3120 3272 suum
3171 3219 3221 3271 in
3266 3227 3468 3271 teterna
3491 3218 3659 3273 beati-

2054 3310 2057 3315 ’
2098 3310 2300 3366 tudine.
2355 3310 2544 3365 Amen.

2608 3401 2921 3459 PSALMUS
2948 3392 3145 3457 CXLII.
3540 3454 3545 3457 ,

2166 3492 2371 3546 Titulus
2397 3493 2617 3560 psalmi:
2676 3492 2918 3548 Psalmus
2941 3494 3037 3562 ipsi
3087 3493 3271 3557 David,
3301 3492 3508 3563 quando
3537 3509 3650 3547 eum

2091 3580 2234 3647 ﬁlius
2258 3596 2381 3633 suus
2414 3581 2831 3649 persequebatur.
2890 3581 3147 3649 lulLibris
3177 3583 3380 3652 Regum
3406 3584 3544 3637 hanc
3573 3582 3655 3637 hi-

2094 3670 2313 3724 storiam
2334 3669 2578 3739 legimus,
2608 3670 2871 3739 quomodo
2899 3670 3127 3724 Alsalon
3143 3664 3348 3740 patrem
3374 3686 3526 3725 suum
3553 3672 3656 3726 Da-

2092 3757 2179 3811 vid
2201 3757 2401 3827 expulit
2428 3758 2493 3811 de
2525 3773 2707 3827 regno.
2756 3757 2860 3811 Sed
2876 3756 3024 3819 alius
3044 3765 3127 3812 est
3153 3758 3320 3811 David
3347 3774 3471 3813 vere
3493 3775 3651 3813 manu

2095 3845 2247 3901 fortis
2288 3867 2299 3899 :
2337 3847 2388 3901 in
2410 3846 2547 3901 bello
2576 3846 2748 3911 fortis,
2800 3847 2889 3915 qui
2938 3846 3199 3916 percussit
3227 3845 3432 3901 hostem
3468 3860 3653 3915 super-

2092 3939 2395 4003 bissimum,
2449 3938 2705 3993 Dominus
2744 3948 2923 3997 noster
2943 3937 3096 3993 Jesus
3148 3938 3406 3993 Christus.
3477 3938 3651 4009 Agno-

2092 4030 2320 4084 scendus
2363 4038 2447 4084 est
2493 4031 2673 4099 itaque
2702 4030 2866 4083 David
2895 4030 3013 4091 iste,
3047 4044 3203 4097 quem
3234 4029 3653 4099 persequebatur

2092 4119 2231 4176 ﬁlius
2257 4138 2383 4177 suus
2426 4121 2592 4177 ludas
2639 4122 2853 4181 tradens
2880 4137 3000 4176 eum
3030 4122 3082 4175 in
3110 4129 3369 4185 mortem;
3421 4120 3651 4175 habebat

2089 4214 2231 4266 enim
2281 4212 2435 4275 ﬁlios,
2485 4213 2551 4266 de
2596 4213 2788 4281 quibus
2834 4211 3071 4265 dicebat:
3129 4210 3507 4279 Non-possunt
3553 4210 3651 4278 ﬁlii

2088 4304 2263 4371 sponsi
2288 4302 2477 4370 lugere,
2505 4302 2735 4371 qunudiu
2760 4316 2977 4369 sponsus
2999 4312 3074 4353 est
3108 4316 3224 4353 cum
3248 4300 3344 4363 eis,
3374 4300 3533 4353 ueniet
3562 4317 3649 4351 au-

2089 4403 2187 4446 tem
2209 4393 2317 4445 dies
2338 4392 2545 4461 quando
2568 4408 2785 4461 sponsus
2825 4390 3092 4458 auferetur
3127 4389 3190 4441 ab
3226 4389 3319 4450 eis,
3356 4398 3478 4440 tunc
3502 4387 3647 4457 lugeo

2089 4484 2210 4536 bunt
2246 4483 2458 4553 (Matth.
2491 4500 2563 4545 ix,
2596 4483 2700 4550 15).
2752 4482 3059 4550 Lugendum
3088 4489 3171 4536 est
3213 4482 3403 4534 animis
3424 4495 3648 4550 peccan—

2089 4576 2240 4637 tium,
2295 4574 2339 4628 si
2360 4588 2588 4643 sponsus
2634 4573 2907 4627 auferatur
2940 4573 3006 4627 ab
3034 4573 3112 4627 eis
3136 4581 3353 4641 propter
3395 4582 3641 4641 peccata:

2086 4675 2139 4719 et
2167 4665 2337 4734 primo
2363 4666 2599 4719 omnium
2624 4664 2969 4733 poscendum,
3013 4672 3072 4716 ut
3123 4663 3441 4717 exaudiatur
3467 4666 3641 4717 oratio

2085 4776 2300 4823 eorum;
2325 4760 2515 4813 deinde
2540 4756 2609 4813 ne
2632 4758 2949 4813 inducantur
2976 4757 3027 4811 in
3045 4754 3334 4824 judicium;
3376 4766 3646 4825 postremo

2086 4851 2461 4918 uteripiantur
2503 4850 2569 4904 ab
2598 4850 2828 4904 inimicis
2878 4850 3020 4913 suis,
3060 4864 3284 4919 quorum
3320 4848 3565 4917 potestati
3612 4865 3642 4901 ιι

2086 4940 2385 5007 semetipsis
2408 4936 2587 4993 traditi
2622 4946 2746 4993 sunt
2781 4947 2996 5008 propter
3015 4946 3231 5007 peccata
3260 4951 3377 4989 sua.

2158 5028 2317 5084 Vens.
2350 5029 2400 5083 ί.
2428 5054 2499 5071 --
2524 5027 2762 5094 Domine,
2792 5028 2982 5082 exaudi
3008 5029 3287 5081 orationem
3314 5039 3502 5087 meam,
3543 5040 3639 5077 au-

2089 5122 2227 5175 ribus
2248 5123 2449 5192 percipe
2490 5121 2885 5175 obsecrationem
2914 5133 3101 5171 meain.
3157 5114 3267 5168 Hoc
3295 5122 3378 5168 est
3425 5112 3637 5175 exaudi,

2084 5212 2225 5279 quod
2246 5220 2300 5265 et
2324 5212 2538 5281 percipe
2566 5210 2799 5263 auribus.
2852 5207 3118 5275 Repetitio
3146 5219 3338 5275 magna
3359 5212 3440 5279 est
3456 5206 3639 5272 depre-

2084 5301 2515 5354 cantisintentio:
2537 5296 2803 5353 humilitas
2816 5296 3192 5366 laerymarum,
3210 5291 3633 5362 absolutio[lls.,

2086 5391 2314 5461 ablutio]
2354 5400 2433 5443 est
2461 5397 2819 5457 peccatorum.
2867 5387 2933 5441 In
2952 5388 3163 5442 veritate
3190 5396 3282 5439 tua
3323 5382 3512 5439 mudi
3557 5400 3636 5436 me

2082 5482 2136 5533 in
2166 5490 2255 5533 tua
2271 5479 2498 5547 justitia.
2537 5476 2938 5532 Commendatio
2951 5476 3243 5547 gratiasest,
3265 5486 3333 5526 ne
3356 5472 3637 5539 unusquis-

2084 5585 2183 5637 que
2212 5576 2449 5621 nostrum
2470 5567 2731 5634 justitiam
2760 5582 2910 5622 suam
2957 5581 3075 5621 esse
3104 5571 3269 5633 putet,
3308 5576 3411 5631 qua
3443 5562 3638 5617 libera-

2084 5672 2195 5713 tur:
2240 5660 2328 5713 seil
2350 5657 2554 5726 justilia
2588 5659 2677 5710 1ὶυί
2711 5668 2813 5717 est.
2845 5673 3002 5726 quam
3033 5665 3091 5709 ut
3127 5656 3338 5718 haheat,
3366 5655 3504 5709 Deus
3532 5656 3623 5708 de-

2082 5750 2175 5802 dit.
2238 5748 2291 5801 lu
2323 5756 2410 5799 tua
2446 5748 2604 5810 enim,
2654 5747 2874 5801 dit-imus
2898 5744 2937 5812 '[
2959 5745 3084 5807 .lIs.,
3111 5738 3376 5811 dicamus}
3407 5743 3632 5811 iustitia,
