4286 6188
691 332 792 387 M3

1536 332 1595 386 Β.
1631 333 1689 386 r.
1731 331 1955 389 suum
1995 292 2124 409 seu
2158 331 2430 388 ALL‘L‘LVI
2468 334 2751 399 orrum!
2788 341 2965 396 rans
3000 341 3061 394 ll.

3801 352 3903 405 596

688 445 876 500 evaudi
904 460 1009 499 me.
1060 444 1140 518 ᾼιΙ
1162 460 1248 500 me
1288 446 1432 500 enim
1460 460 1623 505 unum
1649 460 1770 500 cum
1815 443 2059 514 respicio.
2110 440 2243 498 nihil
2272 448 2314 500 Α
2344 446 2467 514 quia
2484 448 2528 503 si
2554 451 2814 507 averteris
2842 450 3032 508 faciem
3058 454 3435 513 misericordia:
3471 467 3574 515 tua:
3610 477 3640 516 a
3664 479 3778 525 me;
3816 485 3903 521 ero

656 596 657 599 η
685 537 827 591 aliud
854 536 906 589 in
934 549 1020 590 me
1047 534 1148 590 nisi
1190 545 1465 605 peccatum
1512 536 1743 590 invenio.
1837 536 1971 591 Tota
2005 534 2248 590 liberatio

684 639 826 689 mea,
851 633 942 679 tua
968 634 1051 680 est
1066 624 1298 695 justitia.
1342 623 1494 681 Unde
1524 627 1803 695 sequitur:

750 714 914 770 Vens.
944 714 998 767 2.
1024 744 1095 754 —
1120 713 1187 767 Et
1216 730 1317 768 non
1339 714 1497 768 intres
1540 715 1594 767 in
1631 714 1895 783 judicium
1947 730 2065 767 cum
2101 728 2245 767 serra

680 815 790 857 tuo.
829 801 945 857 Noli
972 816 1099 871 ergo
1126 817 1336 858 mecum
1366 801 1570 857 intrare
1616 803 1669 855 in
1685 800 1968 870 judicium,
2000 800 2242 865 Domine,

681 894 1071 963 quantumlibet
1116 894 1246 949 mihi
1294 903 1476 949 rectus
1517 894 1722 949 videar.
1795 894 2053 949 Producis
2094 903 2149 948 tu
2179 894 2245 948 de

678 986 947 1042 thesauris
993 986 1100 1040 tuis
1133 983 1294 1057 [Νι.
1342 985 1593 1041 thesauro
1621 984 1745 1057 tuo]
1798 986 2034 1055 regulam
2081 986 2246 1055 tequi-

676 1080 831 1133 tatis:
854 1076 1066 1148 judicas
1092 1092 1179 1133 me
1207 1078 1498 1133 secundum
1536 1090 1709 1132 meam
1729 1074 2017 1146 justitiam,
2040 1088 2095 1132 et
2114 1093 2239 1146 pra-

675 1182 772 1223 vus
795 1168 1051 1223 invenior.
1099 1167 1312 1234 Quare?
1350 1167 1487 1232 Quia
1510 1183 1612 1221 non
1644 1167 2095 1237 jttstiﬁcabitttrin
2119 1184 2243 1222 con-

672 1271 845 1325 spectu
868 1270 959 1315 tuo
971 1260 1138 1315 omnis
1162 1259 1349 1313 vivens.
1382 1258 1551 1314 Omne
1571 1272 1738 1329 genus
1758 1258 2047 1312 humanum
2076 1259 2243 1328 signi-

673 1355 795 1409 ticat
822 1353 1067 1425 originali
1101 1361 1323 1422 peccato
1365 1352 1678 1407 obnoxium.
1739 1350 1861 1405 Ideo
1890 1350 2088 1415 nullus,
2136 1351 2238 1405 nisi

668 1446 842 1510 gratia
869 1443 1124 1499 liberatus
1147 1451 1256 1508 tua,
1298 1440 1583 1510 justilicari
1605 1441 1818 1510 poterit.
1862 1439 2016 1507 Quod
2050 1440 2094 1494 si
2120 1438 2242 1493 nul-

669 1534 751 1590 ius
780 1532 1181 1603 iustificabitur,
1231 1532 1298 1587 de
1347 1531 1528 1587 radice
1580 1530 1768 1584 vitiata
1810 1539 1989 1594 natus,
2039 1538 2238 1598 quanto

667 1626 837 1697 magis
870 1640 971 1697 ego
1000 1621 1263 1697 [proprio]
1314 1630 1657 1694 peccatorum
1712 1634 1952 1676 meorum
2000 1620 2236 1690 pondere

666 1730 959 1785 oppressus
972 1715 997 1767 ’ἔ

2346 537 2532 590 similis
2557 538 2976 595 descendentibus
2996 543 3051 596 in
3077 542 3266 598 lacum.
3322 545 3520 601 Lacum
3546 565 3673 605 vero
3686 550 3902 610 inferio-

2347 642 2461 682 rem
2488 628 2662 684 locum
2696 629 2889 686 inferni
2917 632 3179 705 designat,
3210 635 3299 689 ubi
3340 637 3486 707 impii
3505 649 3761 709 perpetua
3790 652 3902 698 tor-

2346 727 2575 787 quentur
2606 722 2869 791 angustia,
2916 723 2983 778 de
3011 739 3117 794 quo
3162 722 3394 799 [nemo}
3428 728 3753 797 liberabitur,
3803 736 3905 790 nisi

2345 810 2515 879 gratia
2544 811 2635 866 Dei
2666 815 3025 883 prmveniente
3069 823 3279 887 tempus
3299 818 3505 888 judicii.
3553 818 3736 876 Potest
3776 839 3907 893 quo.

2344 915 2447 991 que
2467 900 2614 957 lacus
2639 903 2859 981 intelligi
2899 905 3234 991 profunditas
3268 918 3629 978 peccatorum,
3657 913 3723 967 ad
3744 899 3905 984 quam

2344 989 2386 1042 si
2415 1000 2667 1062 peccator
2691 994 2921 1058 venerit,
2968 989 3274 1051 contemnet
3308 998 3537 1053 salutem
3571 1002 3905 1071 desperando

2342 1080 2534 1135 animae
2557 1096 2697 1147 sum;
2749 1097 2778 1136 a
2818 1098 2921 1152 qua
2948 1083 3163 1140 liberari
3216 1102 3295 1151 se,
3341 1089 3479 1143 sicut
3527 1091 3594 1145 ab
3633 1091 3898 1157 infernali,

2341 1168 2451 1268 iste.
2467 1170 2730 1268 paenitens
2757 1173 3095 1268 deprecatur.
3129 1185 3183 1231 et
3208 1176 3512 1247 subiungit:

2408 1259 2571 1315 Vens.
2595 1262 2648 1316 8.
2686 1288 2760 1302 -
2786 1259 3035 1319 Auditum
3063 1266 3147 1332 [ac
3166 1267 3291 1320 mihi
3317 1285 3468 1322 mane
3492 1272 3903 1328 misericordiam

2338 1351 2754 1415 tuam,Domine,
2781 1356 2904 1425 quia
2922 1356 2975 1409 in
3001 1366 3050 1408 te
3076 1359 3297 1427 speravi.
3347 1359 3483 1415 Ecce
3499 1362 3552 1415 in
3582 1372 3737 1418 nocte
3760 1378 3902 1431 sum,

2338 1442 2431 1495 sed
2453 1441 2504 1494 in
2530 1450 2582 1495 te
2608 1442 2850 1512 sperabo,
2884 1444 3054 1499 donec
3080 1455 3336 1501 nocturna
3362 1458 3598 1505 transeat
3628 1452 3901 1522 iniquitas,

2337 1540 2385 1584 et
2410 1546 2568 1586 mane
2592 1533 2965 1591 miserationes
2996 1545 3101 1590 tua:
3128 1539 3283 1607 quasi
3312 1554 3502 1595 aurora
3536 1541 3668 1597 lucis
3690 1544 3903 1599 veniant

2336 1623 2487 1678 mihi.
2537 1623 2729 1679 Notam
2756 1626 2841 1696 fac
2863 1627 2990 1681 mihi
3016 1628 3149 1682 viam
3174 1632 3225 1683 In
3249 1646 3351 1700 qua
3387 1632 3665 1686 ambulem.
3741 1633 3797 1688 ld
3818 1643 3903 1689 est

2334 1721 2515 1767 notam
2547 1713 2629 1768 fac
2649 1715 2776 1768 mihi
2800 1715 2940 1769 viam
2966 1725 3349 1785 praeceptorum
3380 1727 3612 1786 tuorum,
3633 1730 3693 1776 ut
3716 1723 3903 1778 ambu-

731 1779 893 1877 -360
911 1805 1067 1861 Vens.
1108 1805 1162 1860 5.
1190 1835 1263 1848 —
1288 1802 1426 1870 Quia
1451 1812 1745 1876 persecutus
1766 1813 1839 1857 est
1856 1804 2096 1856 inimicus
2116 1805 2231 1855 ani—
2265 1779 2309 1838 Β
2334 1804 2436 1857 lem
2461 1805 2514 1857 in
2542 1820 2606 1858 ea
2630 1820 2646 1869 ;
2689 1779 3015 1861 illuminatus
3068 1779 3246 1872 ab-eo,
3287 1810 3375 1879 qui
3398 1779 3657 1864 illuminat
3696 1829 3898 1868 omnem

662 1912 799 1949 utam
824 1911 1012 1949 meum.
1055 1892 1221 1948 Judas
1242 1894 1475 1948 animam
1491 1892 1712 1958 Christi,
1731 1892 1972 1947 diabolus
1995 1894 2229 1947 animam

662 2000 833 2041 meam
856 1991 1198 2055 peccatorum
1220 1983 1567 2054 persuasione
1592 1990 1907 2052 Persecutus
1937 1989 2040 2046 est,
2068 1989 2229 2050 atque

660 2073 948 2128 Ituntiliarit
969 2076 1025 2129 in
1056 2085 1247 2129 terram
1269 2074 1425 2128 vitam
1470 2089 1661 2137 meam,
1686 2073 1809 2127 dum
1842 2072 2075 2127 terrenis
2103 2086 2231 2126 con-

661 2166 818 2235 tagiis
836 2165 1063 2234 aspersit
1088 2164 1320 2218 animam
1352 2177 1548 2227 meam,
1598 2172 1654 2216 et
1708 2161 1962 2215 vitiorum
2010 2160 2229 2229 pulvere

656 2254 952 2310 sordidavit
976 2270 1118 2310 eam.
1165 2251 1443 2307 Collocavit
1486 2268 1567 2307 me
1589 2254 1642 2306 in
1671 2252 1905 2305 obscuris
1932 2252 2067 2305 sicut
2088 2268 2226 2304 mar-

656 2358 773 2398 tuos
796 2344 995 2400 strculi.
1052 2343 1367 2417 [Collocavit
1385 2356 1471 2396 me
1500 2341 1748 2396 inimicus
1768 2341 1820 2395 in
1846 2341 2080 2395 tenebris
2102 2355 2227 2410 pec-

654 2446 918 2501 catorum,
970 2436 1111 2491 sicut
1154 2444 1393 2489 mortuos
1441 2432 1641 2487 saeculi.
1696 2432 1886 2487 Mortui
1930 2440 2055 2486 sunt
2124 2447 2227 2486 szc-

654 2523 798 2598 cnli]
837 2528 929 2596 qui
986 2527 1043 2579 in
1087 2524 1321 2594 peccatis
1373 2522 1487 2577 suis
1534 2522 1875 2586 moriuntur,
1920 2521 2225 2576 retributio-

657 2629 778 2669 nem
820 2612 982 2685 [Ms.,
1010 2609 1333 2683 mercedem]
1376 2610 1697 2680 recipientes
1743 2611 2045 2680 iniquitatis
2088 2626 2221 2676 sum,

655 2703 777 2758 ideo

725 2795 885 2850 Vens.
925 2794 979 2847 οἱ.
1006 2822 1069 2832 κ·
1103 2792 1171 2847 Et
1199 2794 1443 2847 anxiatus
1460 2802 1533 2845 est
1563 2794 1614 2847 in
1633 2808 1714 2845 me
1741 2791 1953 2861 spiritus
1976 2807 2139 2854 meus,
2166 2792 2221 2845 in

653 2900 734 2940 nte
757 2883 1019 2938 turbatum
1044 2892 1115 2936 est
1140 2898 1232 2936 cor
1266 2898 1457 2936 meum.
1513 2882 1781 2936 Anxiatus
1831 2890 1915 2935 est
1940 2881 1993 2936 in
2021 2896 2107 2936 me
2129 2895 2223 2951 per

650 2975 1017 3046 pcenitentiam
1044 2976 1265 3045 Spiritus
1294 2990 1463 3038 meus,
1489 2983 1544 3030 et
1590 2983 1759 3029 totum
1787 2989 1881 3029 cor
1916 2989 2094 3028 meum
2124 2988 2221 3043 pro

652 3067 913 3124 scelerum
937 3069 1256 3124 enormitate
1283 3082 1523 3122 meorum
1575 3068 1951 3122 conturbatum
1993 3075 2098 3131 est,
2152 3067 2222 3123 ti.-

652 3175 825 3227 mens,
888 3175 956 3217 nc
1001 3170 1123 3217 cum
1173 3158 1351 3215 saeculi
1389 3159 1617 3215 mortuis
1656 3158 1877 3214 damnet
1932 3174 2020 3214 me
2049 3157 2211 3227 judcx
2242 3136 2286 3198 ο

676 3273 847 3308 usws.

654 3264 688 3307 ,ι
831 3293 847 3308 ο

646 3264 880 3402 “5:72:18.
900 3343 956 3399 5.
984 3372 1053 3387 --
1082 3342 1286 3397 Memor
1321 3343 1400 3412 {ui
1436 3342 1639 3396 dierum
1676 3341 2025 3409 antiquorum.
2092 3336 2216 3392 Dies

648 3436 855 3506 antiqui
883 3441 1030 3500 sunt,
1052 3434 1104 3488 in
1135 3434 1329 3503 quibus
1354 3430 1647 3486 secundum
1680 3438 1914 3484 veterem
1944 3429 2215 3485 hominem

647 3526 890 3584 vivebam
914 3526 966 3581 in
994 3524 1250 3597 peccatis,
1279 3537 1510 3593 quorum
1554 3521 1810 3587 memoria
1858 3535 1945 3574 me
1980 3526 2211 3588 torquet.

650 3618 934 3673 ileditatus
958 3632 1073 3671 sunt
1100 3617 1152 3669 in
1173 3615 1411 3669 omnibus
1431 3612 1668 3682 operibus
1690 3612 1814 3675 tuis,
1842 3610 1895 3664 in
1924 3609 2078 3680 [actis
2104 3626 2217 3663 ma.

650 3723 810 3761 unum
842 3716 1051 3759 tuarum
1076 3702 1384 3761 meditabar.
1441 3702 1585 3767 Vidi,
1625 3702 1831 3773 inspexi
1853 3702 2215 3784 omnianpera

650 3809 760 3862 tua,
783 3798 908 3866 quia
933 3795 1065 3851 nihil
1089 3794 1213 3851 boni
1237 3795 1290 3849 in
1318 3794 1471 3850 nobis
1484 3808 1606 3849 esse
1630 3801 1821 3862 potest,
1844 3792 1948 3847 nisi
1977 3800 2068 3846 tua
2083 3806 2214 3862 ope-

647 3896 801 3941 rante
828 3886 999 3953 gratia
1023 3883 1135 3947 liat,
1165 3884 1254 3953 qui
1284 3898 1384 3937 nos
1405 3881 1597 3936 fecisti.
1658 3880 1781 3935 Hmc
1805 3881 2064 3935 intentius
2086 3894 2215 3934 cun-

647 3976 893 4030 siderans
929 3976 1058 4045 quid
1078 3972 1217 4029 feci?
1264 3972 1471 4028 scilicet

720 4067 882 4121 Vens.
911 4065 963 4119 6.
986 4094 1058 4104 —
1080 4064 1321 4135 Etpandi
1348 4079 1535 4116 manus
1559 4079 1703 4116 meas
1726 4062 1794 4116 ad
1812 4074 1883 4127 te,
1911 4064 2085 4116 anima
2100 4078 2213 4116 mea

646 4160 780 4210 sicut
817 4166 958 4210 terra
990 4156 1101 4208 sine
1135 4170 1271 4223 aqua
1302 4153 1413 4205 tibi.
1454 4151 1694 4220 Expandi
1742 4166 1932 4205 manus
1972 4164 2119 4205 meas
2161 4151 2213 4203 in

644 4248 1004 4304 orationibus:
1055 4246 1188 4301 etin
1215 4254 1418 4300 sanctzc
1442 4246 1620 4300 crucis
1649 4244 1860 4309 snlatio,
1891 4244 1944 4298 in
1970 4259 2075 4313 qua
2096 4242 2217 4298 Sal-

647 4340 846 4393 vatoris
880 4338 985 4392 mei
1039 4351 1230 4394 manus
1256 4350 1503 4403 expansa:
1546 4344 1691 4399 sunt,
1734 4334 1918 4388 orabo.
1962 4332 2217 4403 Sequitur

647 4430 999 4499 comparatio,
1024 4428 1075 4481 in
1103 4443 1207 4496 qua
1230 4427 1358 4481 dicit
1379 4427 1665 4496 pmnitens,
1693 4426 1773 4479 sic
1805 4426 2036 4477 animam
2060 4440 2211 4477 suam

562 4560 563 4563 η
645 4521 950 4577 desiderare
1000 4518 1189 4584 Deum,
1239 4517 1687 4588 quemadmodum
1722 4523 1867 4569 terra
1889 4516 2074 4569 sitiens
2092 4514 2211 4584 plu-

590 4614 599 4622 ‘
646 4612 759 4663 vias
791 4618 1084 4679 exspectat,
1139 4617 1200 4663 ut
1243 4608 1448 4663 fructus
1493 4608 1756 4679 germinet
1806 4606 2206 4662 desiderabiles.

545 4694 553 4701 ’
648 4698 773 4754 Sine
794 4716 929 4767 aqua
949 4700 1061 4752 tibi.
1126 4699 1172 4754 0
1200 4698 1369 4753 Deus!
1398 4699 1492 4753 tibi
1520 4698 1591 4752 sit
1616 4700 1789 4751 anima
1820 4712 1938 4751 mea
1966 4696 2209 4769 irrigata,

644 4799 699 4843 et
724 4804 754 4843 a
786 4798 838 4844 te
862 4788 1107 4860 irrigata,
1139 4797 1197 4842 ut
1220 4789 1314 4842 tibi
1354 4787 1517 4842 faciat
1536 4787 1788 4841 fructum.

715 4880 875 4935 Vens.
897 4880 947 4932 Ἰ.
983 4910 1053 4920 -
1086 4878 1334 4934 Velociter
1360 4879 1549 4932 exaudi
1571 4894 1673 4943 me,
1696 4878 1929 4941 Domine,
1964 4882 2086 4949 quia
2123 4880 2211 4934 dc-

647 4968 766 5041 fecit
782 4971 992 5040 spiritus
1017 4987 1180 5029 meus.
1243 4970 1507 5025 V'elociter
1535 4969 1745 5025 deﬁciet
1767 4970 1985 5040 spiritus
2010 4973 2214 5027 anima-

648 5063 734 5128 lis,
788 5071 842 5117 et
873 5070 1172 5115 revertetur
1192 5075 1321 5115 caro
1346 5060 1399 5113 in
1428 5068 1626 5115 terram
1655 5076 1829 5123 suam,
1850 5070 2023 5114 etnon
2049 5077 2213 5130 agno-

647 5164 761 5209 scet
784 5154 1008 5221 amplius
1034 5153 1207 5207 locum
1234 5152 1368 5222 ejus.
1424 5150 1557 5217 Quia
1580 5151 1743 5206 semel
1774 5152 2010 5207 nascitur
2031 5152 2208 5213 humo,

646 5255 702 5300 ct
728 5243 891 5300 semel
913 5243 1237 5307 renascitur;
1276 5243 1442 5298 semel
1479 5242 1727 5306 moritur,
1777 5250 1831 5296 et
1856 5240 2020 5296 semel
2062 5256 2210 5296 resu—

648 5336 960 5400 scitabitur;
993 5335 1137 5400 ideo,
1166 5336 1406 5400 Domine,
1436 5327 1691 5392 miserere
1729 5337 1857 5391 dum
1888 5346 1971 5391 est
2013 5346 2209 5408 tempus

650 5426 947 5489 miscrendi,
981 5434 1029 5480 et
1055 5435 1253 5495 tempus
1282 5426 1592 5496 acceptabile
1609 5437 1656 5480 et
1679 5426 1789 5481 dies
1809 5425 2016 5481 salutis.
2087 5426 2211 5482 Scio

650 5516 905 5572 citissime
933 5517 1116 5573 venire
1142 5518 1303 5585 diem,
1353 5517 1406 5572 in
1448 5532 1553 5584 qua
1591 5516 1873 5584 judicabor
1920 5518 2208 5573 secundum

652 5620 813 5673 opera
833 5622 968 5661 mea.
1016 5606 1263 5663 Miserere
1284 5622 1442 5671 nunc,
1467 5605 1689 5661 Domine
1707 5606 1850 5670 Jcsu,
1874 5617 1933 5662 ut
1959 5608 2211 5661 miserea-

655 5698 724 5756 ris
750 5705 876 5753 tunc
904 5698 955 5753 in
979 5700 1195 5768 judicio.
1252 5700 1369 5753 Non
1415 5708 1614 5753 avertas
1640 5698 1823 5765 [aciem
1849 5710 1989 5754 tuam
2029 5717 2059 5749 η
2089 5715 2167 5752 me
2190 5716 2207 5761 ;

2244 4474 2291 4532 D

2328 1895 2587 1950 hominem
2610 1897 2887 1951 venientem
2912 1898 2965 1951 in
2986 1898 3122 1951 hunc
3150 1900 3421 1953 mundum.
3477 1901 3614 1967 Quia
3633 1904 3688 1957 in
3712 1915 3764 1957 te
3784 1922 3900 1974 spe-

2329 1987 2457 2050 rari,
2490 1986 2725 2041 Domine.
2781 1988 2938 2043 Certa
2960 1988 3263 2045 confitentis
3309 2000 3391 2046 est
3418 1993 3732 2060 consolatio,
3773 2009 3897 2065 spes

2328 2078 2381 2130 in
2406 2078 2644 2132 bonitate
2672 2078 2928 2134 salvantis
2954 2079 3187 2134 Domini.

2397 2167 2559 2222 Vens.
2584 2168 2637 2222 9.
2667 2199 2738 2208 —
2766 2168 2924 2238 Eripe
2947 2186 3027 2224 me
3050 2170 3114 2223 de
3140 2170 3362 2225 inimicis
3392 2173 3537 2237 meis,
3562 2171 3797 2238 Domine,
3824 2175 3895 2226 ad

2324 2270 2372 2315 te
2394 2261 2623 2332 confugi.
2679 2261 2778 2329 Qui
2809 2262 3014 2335 [sunt]
3044 2264 3265 2328 inimici,
3296 2265 3400 2320 nisi
3447 2266 3743 2331 daemones,
3790 2268 3895 2321 nisi

2324 2352 2503 2408 δωρειιὶ
2525 2352 2860 2417 ambitiones,
2884 2354 2987 2408 nisi
3007 2354 3245 2409 carnalia
3267 2356 3566 2410 desideria?
3591 2356 3781 2425 quibus
3806 2372 3895 2410 rc-

2325 2440 2465 2495 lictis
2510 2441 2578 2495 ad
2628 2450 2679 2496 te
2711 2441 2947 2512 confugi,
2997 2458 3100 2496 non
3133 2457 3162 2495 a
3204 2452 3274 2506 te,
3302 2446 3440 2497 sicut
3472 2444 3642 2498 Adam
3684 2446 3748 2499 ad
3773 2461 3891 2500 um-

2323 2530 2449 2586 bras
2499 2540 2621 2601 post
2670 2533 2947 2587 meridiem
3009 2531 3300 2587 felicitatis.
3386 2534 3501 2588 Non
3559 2534 3773 2599 habeo,
3825 2537 3894 2589 ad

2322 2639 2481 2694 quem
2502 2623 2694 2679 faciam
2710 2623 3033 2696 confugium,
3050 2626 3151 2681 nisi
3174 2627 3239 2681 ad
3263 2636 3315 2681 le
3329 2625 3551 2681 Domine
3566 2624 3704 2681 Deus
3719 2643 3889 2682 meus.

2394 2714 2554 2769 Vens.
2588 2715 2673 2769 10.
2734 2744 2804 2756 —-
2854 2714 2995 2769 Doce
3027 2733 3107 2769 me
3153 2716 3326 2784 facere
3368 2720 3680 2771 voluntatem
3721 2726 3890 2771 tuam.

2321 2803 2456 2871 Quia
2496 2804 2741 2858 voluntas
2769 2812 2858 2857 tua
2889 2820 3008 2858 mea
3037 2814 3119 2859 est
3163 2805 3328 2867 salus.
3373 2806 3463 2873 qui
3492 2806 3574 2859 vis
3590 2820 3777 2861 omnes
3796 2806 3893 2859 ho-

2272 2942 2273 2945 η
2321 2895 2493 2947 mines
2517 2894 2695 2948 salvos
2716 2891 2829 2947 fieri
2844 2902 2898 2948 et
2918 2895 3182 2949 neminem
3197 2895 3393 2964 perire.
3428 2894 3565 2959 Quia
3592 2904 3651 2947 tu
3680 2911 3731 2967 es
3752 2893 3891 2949 Deus

2320 3001 2482 3039 meus.
2514 2985 2649 3053 Quia
2674 2996 2726 3040 tu
2748 3000 2807 3041 es
2835 2995 3001 3042 totum
3018 2987 3215 3041 bonum
3240 3001 3436 3051 meum,
3453 2994 3561 3041 tota
3583 2986 3729 3041 salus
3748 3002 3887 3042 mea.

2320 3075 2602 3132 Dominum
2628 3094 2869 3148 quaeram
2891 3092 3111 3149 propter
3132 3080 3582 3148 redemptionem;
3603 3089 3887 3150 patronum

2317 3181 2498 3238 qumro
2518 3178 2737 3239 propter
2754 3169 3057 3223 libertatem
3085 3167 3237 3239 μὴ..
3259 3168 3624 3224 liberationem
3646 3168 3695 3240 1.
3732 3169 3810 3225 Tu
3830 3185 3891 3224 es

2315 3257 2457 3313 Deus
2476 3272 2645 3323 meus,
2662 3265 2716 3311 tu
2736 3259 2933 3313 creasti
2958 3274 3071 3324 me;
3098 3274 3195 3329 per
3210 3259 3373 3314 alium
3400 3260 3634 3314 recreari
3661 3274 3887 3329 nequeo.

2315 3347 2417 3402 nisi
2452 3362 2549 3417 per
2572 3355 2642 3411 te,
2682 3362 2779 3417 per
2798 3362 2958 3417 quem
2990 3357 3205 3402 creatus
3248 3362 3386 3400 sum.
3427 3347 3635 3403 Creasti
3671 3362 3756 3403 me
3793 3363 3892 3418 per

2314 3439 2547 3492 Verbum
2570 3438 2756 3501 Deum,
2799 3451 3021 3491 manens
3050 3436 3070 3509 [
3095 3434 3221 3501 51s.,
3265 3436 3610 3510 manentem]
3639 3438 3779 3507 apud
3803 3446 3883 3492 te:

2315 3539 2532 3580 recrcas
2577 3540 2663 3579 me
2721 3540 2820 3596 per
2864 3525 3099 3581 Verbum
3162 3541 3379 3581 carnem
3430 3525 3630 3581 factum
3671 3535 3891 3597 propter

2314 3630 2430 3685 nos.
2466 3615 2695 3686 Spiritus
2736 3626 2856 3671 tuus
2899 3616 3063 3671 bonus
3103 3617 3317 3670 deducet
3368 3633 3449 3670 me
3492 3618 3547 3669 in
3570 3627 3764 3670 terram
3808 3634 3890 3670 re-

2313 3716 2472 3761 ctam.
2523 3705 2657 3772 Quia
2681 3706 2901 3775 spiritus
2948 3720 3101 3760 meus
3138 3705 3312 3760 malus
3337 3705 3559 3760 deduxit
3594 3720 3679 3759 me
3705 3704 3759 3759 in
3783 3714 3889 3761 ter-

2303 3810 2429 3871 ram
2457 3810 2789 3866 perversam,
2821 3796 3040 3866 spiritus
3088 3806 3207 3851 tuus
3245 3795 3416 3851 bonus
3447 3796 3678 3852 deducat
3714 3810 3799 3851 me
3830 3794 3885 3851 in

2314 3896 2513 3943 terram
2555 3896 2778 3942 rectam.
2834 3888 3070 3959 Spiritus
3111 3897 3234 3943 tuus
3291 3889 3463 3943 bonus
3514 3902 3727 3957 semper
3776 3895 3883 3949 est,

2313 3995 2466 4034 meus
2505 3992 2635 4033 vero
2670 3991 2881 4047 semper
2929 3979 3122 4043 malus,
3175 3979 3277 4033 nisi
3311 3992 3409 4047 per
3441 3986 3593 4032 tuum
3620 3975 3886 4033 clliciatur

2313 4068 2504 4123 bonus.
2552 4128 2555 4131 _

2379 4155 2535 4228 36]
2563 4156 2723 4211 Vens.
2757 4157 2842 4211 ll.
2864 4187 2935 4198 —
2965 4157 3185 4227 Propter
3215 4172 3401 4211 nomen
3440 4166 3609 4220 tuum,
3643 4155 3881 4219 Domine,

2313 4249 2593 4317 oiriﬁcabis
2622 4264 2704 4302 me
2724 4246 2779 4301 ln
2823 4248 3064 4318 (equitate
3108 4256 3220 4300 tua.
3299 4245 3389 4300 Sic
3415 4243 3436 4318 [
3458 4244 3588 4311 διε..
3617 4245 3749 4318 llic]
3777 4246 3883 4301 cic-

2312 4342 2646 4395 mentissima
2694 4339 2789 4393 Dei
2819 4339 2988 4407 gratia
3018 4338 3445 4402 commendatur,
3474 4339 3627 4409 cujus
3654 4338 3882 4393 misera-

2318 4434 2458 4487 tione
2490 4434 2541 4486 in
2577 4434 2790 4487 nomine
2817 4431 3125 4491 Salvatoris,
3160 4445 3268 4485 non
3295 4430 3496 4485 nostris
3516 4428 3721 4484 meritis
3742 4430 3879 4483 vivi-

2313 4524 2456 4577 licati
2484 4538 2688 4578 sumus.
2743 4520 2949 4576 Ednccs
2971 4522 3035 4575 de
3075 4518 3408 4573 tribulatione
3434 4514 3663 4572 animant
3687 4535 3876 4573 meam.

2310 4612 2617 4668 Educentur
2666 4612 2733 4666 de
2773 4610 3136 4672 tribulatione,
3168 4599 3424 4678 tanquam
3455 4608 3521 4663 de
3550 4608 3877 4670 carceribus.

2310 4705 2501 4758 animm
2526 4710 2745 4765 sanctm,
2784 4700 2996 4769 quando
3038 4714 3069 4753 a
3094 4700 3481 4755 tentationibus
3520 4698 3722 4755 inimici
3745 4697 3881 4752 libe-

2312 4796 2591 4857 rabuntur,
2630 4802 2684 4847 et
2725 4793 2790 4846 ad
2826 4794 3062 4863 requiem
3104 4794 3438 4863 pervenient,
3466 4794 3556 4847 ubi
3586 4790 3732 4845 nulla
3771 4792 3879 4846 erit

2311 4885 2449 4939 ultra
2490 4882 2762 4937 tribulatio
2805 4882 3059 4935 tcntantis
3084 4882 3303 4935 inimici.
3353 4880 3430 4936 lta
3452 4880 3574 4935 linis
3597 4879 3722 4935 vita
3737 4894 3879 4950 prae-

2310 4978 2495 5033 sentis.
2546 4975 2805 5029 terminus
2830 4981 2915 5027 est
2932 4972 3131 5029 laboris
3174 4982 3504 5028 sanctorum.

2380 5068 2541 5119 Vens.
2576 5064 2657 5117 12.
2685 5092 2755 5102 —-
2782 5061 3039 5127 Quoniam
3078 5062 3333 5131 disperdat
3356 5060 3496 5116 Deus
3526 5062 3765 5117 inimicos
3788 5078 3875 5116 eo-

2312 5173 2451 5217 rum,
2476 5164 2522 5207 et
2544 5151 2719 5222 perdet
2752 5168 2930 5206 omnes
2959 5153 3047 5223 qui
3094 5150 3342 5205 tn'bulant
3372 5152 3575 5207 animas
3612 5166 3872 5207 seruorum

2310 5260 2542 5298 suorum.
2590 5242 2688 5295 llic
2715 5243 2857 5296 enim
2904 5241 3229 5297 trilulantur
3258 5242 3412 5312 justi,
3445 5244 3518 5298 ibi
3559 5258 3687 5298 vero
3711 5243 3765 5299 in
3790 5258 3875 5298 rc-

2310 5336 2433 5405 quie
2462 5333 2808 5388 beatitudinis
2827 5332 3193 5403 gloriabuntur
3219 5341 3274 5387 et
3294 5332 3712 5387 consolabuntur
3737 5331 3875 5405 [ont-

2310 5424 2429 5497 nes]
2483 5424 2908 5495 persecutionem
2954 5435 3054 5489 pro
3101 5420 3301 5477 Christi
3351 5420 3566 5477 nomine
3584 5422 3874 5492 patientes,

2310 5518 2517 5572 dicente
2557 5516 2669 5585 ipsa
2697 5513 2977 5569 Veritate:
3017 5513 3167 5568 Beati
3203 5513 3290 5582 qui
3330 5514 3730 5582 persecutionem
3768 5527 3865 5581 pa-

2308 5611 2508 5663 tiuntur
2523 5616 2730 5678 prapter
2735 5606 3018 5674 justitiam,
3033 5605 3276 5676 quoniam
3298 5605 3527 5676 ipsorum
3552 5612 3628 5658 est
3657 5616 3870 5673 regnum

2310 5698 2552 5754 ca‘lornm
2574 5694 2785 5768 (Matth.
2816 5713 2868 5760 v,
2890 5694 3000 5767 l0),
3031 5696 3084 5749 in
3110 5695 3299 5750 smeula
3321 5694 3655 5749 seculorum.
3679 5693 3871 5751 Amen.
