4286 6212
482 404 584 459 507

1338 390 1741 450 EXEGETICA.
1781 422 1847 431 —
1883 388 2238 445 EXPOSITIO
2273 390 2337 444 ιδ
2376 390 2566 445 ΡΞΛΙ..
2606 389 2826 443 CXVII].
3576 390 3673 444 ξ.οὲ

483 515 2349 549 Ν-

740 603 1116 670 MAGISTRI
1160 597 1423 662 ALBINI
1472 590 1751 655 FLACCI
1795 587 2110 650 ALCUINI
2149 591 2574 654 EXPOSlTlO
2615 594 2693 670 ω
2734 597 3105 658 PSALMUM
3148 597 3421 660 CXVIII.

1059 779 1443 841 PREFATIO.

555 902 889 964 centesimus
924 897 1162 955 decimus
1188 903 1410 949 octavus
1436 890 1674 962 psalmus
1708 903 1960 960 magnum
1985 888 2036 942 in

485 1014 549 1060 se
573 994 884 1069 mysterium
910 988 1185 1047 continet:
1217 985 1310 1041 sed
1338 982 1589 1055 quoniam
1615 980 1959 1037 continemur
1980 978 2036 1032 in

489 1104 555 1146 eo
582 1089 688 1151 lex,
725 1082 995 1157 mandata,
1017 1076 1444 1148 justilicationes,
1480 1070 2039 1141 testimonia,judicia,

488 1196 594 1252 qua
621 1179 804 1247 utique
832 1176 972 1230 inter
1004 1188 1062 1227 se
1092 1170 1309 1229 distent,
1337 1167 1641 1221 discernere
1690 1177 1907 1217 necesse
1934 1169 2037 1217 est.

489 1249 597 1327 Le:
620 1282 748 1334 ergo
774 1272 877 1324 est.
905 1277 1023 1331 qua:
1047 1272 1143 1329 per
1192 1256 1405 1327 Moysen
1436 1254 1558 1308 data
1606 1260 1709 1305 est.
1744 1250 1800 1304 ln
1827 1249 2042 1305 Christo

487 1356 799 1428 spiritaliter
849 1353 1006 1407 debet
1033 1347 1274 1417 intelligi,
1324 1343 1447 1415 quia
1476 1341 1784 1411 Apostolus,
1830 1356 1951 1394 cum
1980 1339 2044 1393 il-

488 1449 593 1504 lam
627 1454 864 1503 sanctam
898 1449 1067 1500 vocet.
1093 1431 1336 1493 umbram
1378 1443 1555 1490 tamen
1584 1448 1702 1488 eam
1739 1432 2041 1488 futurorum

422 1546 435 1558 ‘
485 1549 606 1592 esse
629 1532 901 1589 describit.
940 1526 1193 1583 Mandata
1226 1530 1375 1587 sunt,
1419 1520 1473 1575 in
1520 1520 1715 1590 quibus
1754 1526 2046 1587 prmcrpto-

488 1642 606 1679 rum
634 1621 1028 1678 Dominicorum
1071 1612 1309 1671 custodia
1359 1611 1662 1679 deputatur,
1689 1609 1842 1677 juxta
1874 1607 2043 1663 illud:

490 1713 612 1769 Non
643 1711 865 1774 occides,
915 1723 1016 1761 non
1048 1702 1401 1764 ntmcltaberis,
1440 1706 1495 1753 et
1521 1698 1742 1766 reliqua.
1777 1694 2047 1765 Iusti/ica-

427 1790 433 1797 ’
483 1803 649 1858 tiones
695 1806 835 1857 sunt.
876 1797 1068 1866 quibus
1099 1794 1241 1847 Deus
1290 1805 1388 1860 per
1415 1802 1568 1843 suam
1620 1786 1958 1841 dilectionem
1991 1793 2046 1839 et

485 1889 735 1961 proximi.
764 1887 969 1941 zizania
994 1884 1101 1938 odii
1125 1882 1192 1936 ab
1218 1880 1490 1935 hominum
1510 1876 1673 1932 corde
1694 1873 1847 1943 jubet
1866 1872 2040 1945 evelli.

490 1980 533 2037 T
532 1978 809 2035 estimonia.
824 1982 966 2037 sunt,
1003 1974 1056 2027 in
1085 1984 1309 2040 quorum
1346 1966 1631 2037 praesentia
1676 1965 1830 2018 nobis
1857 1964 2042 2016 obser-

484 2070 756 2124 vationum
783 2073 1089 2119 sanctarum
1122 2059 1253 2114 ordo
1292 2054 1644 2112 committitur
1672 2067 1687 2106 :
1732 2052 1873 2105 sicut
1900 2049 2045 2119 Moy-

484 2172 573 2213 ses
599 2155 793 2211 caelum
822 2163 876 2207 et
907 2163 1103 2206 terram
1166 2149 1379 2201 invocat
1426 2150 1609 2206 testes,
1642 2148 1696 2193 et
1747 2138 1943 2193 Paulus
1976 2139 2044 2192 ad

486 2246 700 2317 Timoth
736 2261 849 2308 um,
898 2240 1178 2296 Testificor
1227 2237 1342 2300 tibi,
1402 2234 1594 2305 inquit,
1654 2232 1707 2286 in
1758 2237 2045 2298 conspectu

486 2334 581 2391 Dei
610 2332 837 2386 viventis
864 2338 918 2384 et
962 2329 1016 2381 in
1053 2333 1337 2394 conspectu
1388 2323 1679 2377 electorum
1737 2319 2044 2388 angelorum

485 2423 617 2493 ejus,
646 2430 702 2478 et
726 2421 948 2489 reliqua.
980 2416 1032 2488 (Ι
1066 2416 1197 2469 Tim.
1232 2429 1283 2478 v,
1305 2412 1419 2482 2|.)
1453 2410 1663 2465 Judicia
1690 2415 1867 2461 autem
1898 2414 2040 2471 sunt,
2102 2405 2111 2411 ’

487 2530 608 2571 cum
630 2521 722 2568 aut
765 2509 942 2580 justus
990 2505 1277 2578 splendidis
1318 2500 1668 2557 honorabitur
1698 2497 1922 2562 meritis,
1953 2505 2045 2550 aut

486 2601 704 2658 aeternis
731 2599 1121 2653 damnabuntur
1142 2592 1296 2667 [Ms.,
1320 2590 1496 2660 justos
1523 2588 1874 2644 honorabit...
1899 2587 2046 2641 datu-

488 2691 660 2761 nabit]
699 2690 973 2759 suppliciis
1028 2696 1465 2755 transgressores.
1520 2682 1631 2736 Vite
1687 2679 1873 2752 [enim]
1921 2690 2045 2733 sunt

489 2779 714 2852 apostoli
744 2793 809 2832 ac
833 2776 1123 2846 prophetat,
1151 2786 1247 2843 per
1267 2785 1401 2840 quos
1423 2770 1633 2823 venitur
1662 2769 1728 2823 ad
1756 2782 1936 2822 veram
1966 2768 2044 2820 vi-

490 2883 597 2929 tam
629 2868 779 2943 μισ..
812 2865 997 2938 viam],
1028 2879 1147 2934 qua:
1192 2871 1275 2919 est
1309 2860 1574 2917 Christus.
1606 2859 1773 2913 Totus
1796 2857 1883 2912 hic
1907 2857 2047 2927 psal-

491 2952 611 3021 mus
653 2970 735 3017 est
774 2961 1006 3029 scriptus
1053 2956 1344 3012 secundum
1415 2952 1656 3008 ordinem
1720 2950 2042 3016 litterarum,

492 3054 568 3109 ita
595 3060 654 3107 ut
675 3052 742 3105 ab
766 3065 869 3104 una
899 3049 1074 3102 littera
1104 3052 1227 3101 octo
1251 3057 1439 3098 versus
1458 3040 1733 3110 incipiant,
1759 3047 1813 3093 et
1837 3054 2044 3093 rursum

491 3160 523 3197 τι
552 3141 794 3211 sequenti
842 3145 964 3192 octo
990 3136 1077 3190 alii
1135 3134 1524 3203 compleantur,
1554 3139 1608 3185 et
1655 3130 1758 3183 hoc
1800 3127 2047 3187 similiter

491 3231 561 3288 ad
587 3230 745 3284 ﬁnem
773 3241 942 3298 usque
970 3224 1188 3279 texitur.

558 3304 642 3375 Ab
670 3318 889 3374 exordio
911 3331 1008 3371 suo
1039 3327 1262 3383 magnus
1304 3309 1541 3382 psalmus
1571 3308 1691 3372 iste,
1722 3305 2044 3370 charissimi,

2624 662 2699 739 ἒ

2058 784 2109 838 Δ
2138 780 2353 835 veritas.
2396 779 2497 846 Qui
2532 780 2797 870 ambulant
2840 782 2894 836 in
2939 781 3045 853 lege
3097 784 3327 852 Domini,
3367 787 3469 842 hoc
3501 796 3599 854 est,
3634 789 3684 843 in

2135 871 2401 932 mandatis
2420 866 2571 941 ejus?
2588 863 2623 875 Ἴ

2208 961 2367 1017 Vens.
2397 962 2451 1017 2.
2491 993 2561 1004 -—
2593 963 2742 1019 Beati
2779 968 2867 1036 qui
2894 977 3193 1024 scrutantur
3232 971 3525 1026 testimonia
3550 973 3684 1043 ejus.

2130 1046 2193 1107 in
2222 1050 2328 1107 toto
2356 1053 2509 1108 corde
2537 1056 2809 1124 exquirunt
2833 1074 2969 1111 eum.
3011 1058 3079 1114 Ut
3102 1060 3395 1132 intelligant
3422 1079 3543 1118 cum
3568 1079 3688 1134 pec-

2138 1143 2397 1207 caverint,
2425 1158 2483 1198 sc
2510 1159 2689 1198 coram
2729 1145 2953 1201 testibus
3003 1147 3288 1218 deliquisse
3317 1166 3331 1203 :
3366 1150 3463 1224 [ait
3491 1162 3688 1218 autem,

2139 1232 2253 1305 qui]
2293 1234 2343 1288 in
2401 1243 2509 1289 toto
2546 1236 2707 1291 corde
2753 1238 3040 1307 exquirunt
3073 1253 3216 1303 eum,
3250 1250 3305 1296 et
3338 1256 3444 1298 non
3480 1242 3687 1305 leviter.

2140 1340 2311 1394 neque
2337 1326 2588 1394 segniter.

2211 1414 2371 1467 Vsus.
2391 1414 2443 1466 5.
2480 1444 2548 1455 -
2573 1414 2626 1468 Ν
2630 1432 2693 1469 οη
2715 1417 2850 1469 enim
2870 1417 2959 1485 qui
2982 1428 3261 1486 operantur
3285 1420 3622 1491 iniquitatem,
3639 1423 3692 1476 in

2142 1503 2234 1555 riis
2264 1503 2376 1571 ejus
2425 1501 2831 1558 ambulaverunt.
2877 1506 2985 1559 Via:
3022 1508 3163 1561 enim
3216 1510 3439 1578 apostoli
3491 1520 3611 1565 sunt
3641 1520 3695 1566 et

2142 1593 2431 1661 prophetm,
2486 1608 2580 1660 per
2623 1608 2756 1662 quos
2809 1595 3016 1649 venitur
3044 1583 3114 1649 ad
3155 1596 3297 1650 illam
3329 1599 3490 1653 vitam
3542 1598 3693 1670 [Ms..

2143 1677 2332 1750 viam],
2371 1681 2461 1749 qui
2516 1680 2650 1734 dixit
2694 1680 2850 1750 :Ego
2905 1699 3019 1736 sum
3080 1685 3160 1738 eia
3181 1694 3230 1739 et
3295 1687 3480 1739 ueritas
3506 1696 3553 1740 et
3595 1689 3694 1742 vita

2145 1766 2324 1838 (Joan.
2353 1785 2465 1832 xiv,
2496 1767 2574 1838 6),
2629 1770 2767 1824 sicut
2783 1769 2895 1839 jam
2928 1773 3175 1827 diximus.
3238 1773 3293 1827 In
3321 1774 3420 1828 hac
3445 1774 3587 1828 enim
3610 1778 3693 1828 via

2144 1871 2248 1911 non
2278 1857 2529 1913 incedunt
2564 1859 2733 1928 impii,
2762 1862 2885 1930 quia
2924 1860 3135 1917 Satanae
3169 1864 3309 1917 viam
3336 1872 3646 1933 sequuntur.

2215 1946 2377 1999 Vnus.
2410 1946 2462 1999 4.
2480 1977 2551 1987 --
2572 1947 2647 2001 Tu
2674 1949 2935 2003 mandasti
2954 1951 3201 2005 mandata
3229 1962 3319 2005 tua
3341 1952 3591 2008 custodiri
3619 1954 3695 2007 ni-

2145 2036 2261 2087 mis.
2304 2036 2417 2090 Non
2450 2038 2625 2105 tepido
2662 2039 2841 2102 corde,
2868 2055 3040 2109 neque
3090 2041 3346 2097 dissoluto
3380 2043 3577 2107 animo,
3605 2048 3695 2101 sed

2076 2106 2118 2163 Β
2148 2122 2358 2181 fortiter
2402 2133 2456 2180 et
2498 2135 2699 2182 attente
2756 2145 2854 2184 nos
2877 2106 2970 2184 sua
3004 2131 3251 2184 mandata
3304 2133 3490 2187 edocet
3516 2106 3699 2190 custo-
3777 2160 3786 2171 ν

2144 2217 2277 2272 dire.
2317 2217 2487 2271 Nimis
2516 2220 2692 2288 posuit
2726 2235 2823 2290 pro
2870 2219 3033 2273 ualde.
3075 2219 3238 2275 Valde
3290 2221 3468 2290 itaque
3500 2236 3697 2290 prame-

2143 2307 2221 2375 pit
2240 2308 2340 2361 hoc
2356 2307 2585 2371 Deus;et
2608 2307 2755 2362 valde
2779 2317 2987 2377 oportet
3012 2308 3103 2364 Dei
3130 2309 3397 2364 custodire
3426 2310 3694 2364 mandata.

2213 2397 2373 2452 Vens.
2407 2399 2459 2453 5.
2490 2430 2561 2439 —
2590 2399 2801 2453 Utinam
2828 2402 3123 2471 dirigantur
3148 2402 3241 2455 vim
3266 2418 3411 2467 metr,
3436 2401 3504 2456 ad
3532 2412 3698 2457 casto--

2143 2492 2357 2548 diendas
2399 2490 2803 2561 justiﬁcationes
2854 2502 2990 2542 tuas.
3040 2491 3153 2544 Nisi
3184 2491 3325 2545 enim
3352 2492 3419 2547 ab
3446 2492 3560 2563 ipso
3595 2492 3691 2547 Do-

2144 2587 2290 2642 mino
2320 2584 2616 2654 dirigantur
2653 2582 2751 2636 vim
2800 2590 3015 2644 nostrae,
3064 2581 3130 2635 ad
3168 2579 3284 2649 ejus
3329 2581 3701 2636 custodiendas

2136 2676 2549 2746 justificationcs
2598 2674 2793 2728 infirmi
2828 2673 3048 2738 erimus,
3103 2682 3322 2744 propter
3358 2671 3701 2744 fragilitatem

2144 2766 2343 2821 carnis.
2383 2764 2603 2828 Dedisti,
2642 2764 2831 2832 inquit,
2867 2764 3175 2818 mandatum
3200 2771 3253 2820 et
3278 2764 3548 2819 custodire
3573 2762 3701 2819 illud

2144 2853 2474 2926 prmccpisti;
2506 2853 2597 2907 sed
2624 2854 2822 2906 utinam
2850 2853 3087 2922 pnrheas
3121 2853 3397 2916 auxilium,
3426 2862 3484 2906 ut
3508 2854 3704 2923 possim

2146 2946 2345 3010 facere,
2374 2954 2423 3000 te
2443 2943 2684 3013 jnbeute,
2711 2944 2850 3012 quod
2876 2942 3172 2997 faciendum
3199 2943 3357 2997 didici
3387 2953 3437 2998 Ic
3459 2943 3703 2998 docente.

2217 3038 2379 3093 Vsus.
2410 3035 2463 3089 6.
2500 3067 2565 3075 —
2591 3035 2733 3089 Tunc
2757 3051 2857 3088 non
2876 3034 3167 3103 confundor
3184 3050 3300 3087 cum
3327 3049 3627 3103 perspexero
3654 3034 3707 3087 in

2148 3127 2384 3182 omnibus
2407 3127 2665 3181 mandatis
2700 3127 2823 3179 tuis.
2851 3123 3001 3187 Cum,
3047 3125 3237 3193 inquit,
3265 3114 3481 3179 directa:
3508 3122 3707 3178 fuerint

2147 3219 2247 3271 vim
2284 3232 2413 3271 mem
2438 3231 2533 3288 per
2560 3217 2788 3287 gratiam
2831 3224 2993 3276 tuam.
3028 3223 3154 3270 tunc
3198 3215 3525 3286 inspectione
3551 3229 3699 3269 man-

2147 3309 2394 3366 datorum
2448 3319 2657 3365 tuorum
2704 3323 2807 3362 non
2833 3306 3149 3375 eonfundar,
3217 3308 3345 3362 dum
3402 3307 3627 3377 rcSpicio
3654 3306 3704 3360 in

489 3410 804 3491 exhortatur
833 3423 929 3462 nos
954 3407 1021 3459 ad
1043 3402 1448 3492 beatimdillum.
1486 3414 1645 3469 quam
1673 3412 1830 3453 nemo
1857 3396 2046 3467 estqui
2075 3432 2123 3492 η
2150 3403 2326 3456 omnia
2373 3402 2621 3455 mandata
2666 3406 2775 3453 tua.
2822 3398 2936 3454 Non
2982 3398 3123 3452 enim
3172 3396 3272 3451 alia
3301 3402 3708 3469 prtetcrmittere

491 3488 598 3558 ηοη
619 3509 834 3570 expetat
861 3498 1056 3570 [Εάὶε.,
1090 3491 1406 3565 exspectat].
1456 3490 1587 3558 Quis
1633 3490 1773 3543 cnim
1814 3502 2046 3557 unquam
2083 3486 2122 3492 ’⁷
2151 3502 2206 3547 ct
2228 3493 2328 3545 alia
2350 3491 2653 3550 observare.
2670 3489 2761 3543 sed
2783 3489 2957 3541 omnia
2983 3487 3257 3556 aequaliter
3278 3486 3708 3558 custodireOpor-

494 3594 578 3649 vel
601 3600 796 3664 potest,
820 3590 903 3646 vel
939 3588 1128 3659 potuit.
1157 3585 1238 3641 vel
1265 3584 1461 3656 poti-rit
1500 3581 1747 3639 inveniri.
1795 3579 1887 3647 qui
1918 3577 2050 3630 nolit

492 3698 612 3739 esse
637 3681 872 3739 beatus?
907 3679 1044 3747 Quid
1095 3678 1257 3749 igitur
1298 3672 1671 3729 exhortatione
1707 3683 1843 3737 opus
1870 3675 1952 3721 est
1983 3666 2049 3719 ad

492 3790 613 3830 eam
643 3789 776 3837 rem,
820 3786 980 3841 quam
1019 3783 1123 3822 sua
1152 3772 1339 3835 sponte
1384 3760 1584 3832 appetit
1630 3760 1839 3823 animus
1865 3757 2051 3810 huma-

500 3865 644 3922 nus?
677 3862 808 3918 Nam
835 3859 1070 3930 profecto
1093 3857 1183 3927 qui
1214 3855 1550 3915 exhortatur,
1581 3850 1632 3904 id
1656 3850 1767 3920 agit
1803 3858 1863 3902 ut
1907 3846 2053 3901 excio

500 3968 644 4015 tetur
664 3958 911 4010 voluntas
935 3951 1052 4022 ejus
1078 3964 1197 4003 cum
1227 3962 1334 4017 quo
1380 3944 1491 4015 agit
1532 3942 1622 4015 [ad
1649 3939 1800 4013 illud]
1838 3946 2054 4010 propter

501 4048 640 4119 quod
692 4040 1080 4101 exhortationis
1121 4036 1401 4093 adhibetur
1447 4032 1756 4101 alloquium.
1820 4031 1886 4085 Ut
1927 4029 2053 4099 quid

498 4157 628 4213 ergo
663 4140 934 4195 nobiscum
996 4134 1171 4205 agitur
1197 4140 1254 4186 ut
1298 4130 1519 4185 velimus
1571 4126 1712 4197 quod
1757 4125 1898 4179 nolle
1950 4138 2053 4177 non

498 4245 800 4305 possumus,
840 4227 941 4283 nisi
987 4228 1111 4298 quia
1170 4237 1357 4278 omnes
1402 4220 1618 4291 quidem
1673 4217 2053 4274 l;eati.‘:dinem

500 4323 904 4393 concupiscunt,
934 4318 1026 4373 scd
1053 4330 1284 4388 quonam
1324 4314 1481 4368 modo
1505 4312 1570 4366 ad
1615 4325 1734 4364 eam
1775 4308 2058 4378 pervenia—

490 4416 590 4468 tur
616 4400 901 4467 nesciunt?
936 4407 1162 4476 Ideoque
1206 4407 1321 4459 hmc
1374 4403 1527 4475 [Ms.,
1558 4399 1680 4473 hoc]
1729 4399 1889 4453 docet
1935 4398 2056 4462 iste,

502 4502 594 4572 qui
622 4501 752 4555 dicit
781 4516 793 4551 :

914 4603 1100 4651 Αιειιιι,
1139 4601 1192 4641 ιι)
1220 4600 1316 4639 EST
1346 4597 1631 4639 DOCTBINA.

574 4683 735 4737 Vnus.
774 4662 827 4735 ιζ
856 4709 927 4723 -ο
961 4678 1110 4733 Beati
1143 4673 1461 4731 immaculati
1485 4673 1540 4727 in
1594 4673 1699 4735 via,
1741 4672 1830 4742 qui
1877 4671 2061 4724 ambu-

2153 3591 2250 3646 tet,
2289 3595 2355 3636 ne
2379 3581 2429 3634 in
2465 3579 2642 3633 futuro
2671 3576 2875 3645 judicio
2910 3576 3317 3631 confundantur.

2223 3672 2383 3725 Vsus.
2415 3671 2465 3723 't'.
2495 3699 2563 3710 —
2602 3666 2895 3735 Con/itcbor
2922 3665 3034 3728 tibi,
3071 3664 3307 3725 Domine,
3351 3664 3403 3717 in
3431 3662 3709 3716 directione

2154 3763 2344 3826 cordis,
2382 3763 2434 3814 in
2459 3776 2517 3815 eo
2556 3759 2691 3830 quod
2723 3756 2881 3809 didici
2903 3756 3109 3824 judicia
3152 3755 3374 3825 justitim
3400 3764 3522 3807 tua’.
3570 3751 3705 3808 Cett-

2156 3853 2347 3907 litebor
2383 3852 2426 3906 si
2459 3850 2719 3904 directum
2758 3845 2915 3899 fuerit
2971 3846 3073 3900 iter
3100 3859 3274 3898 meum
3305 3855 3356 3899 et
3379 3858 3704 3899 cormcum:

2157 3953 2209 3997 te
2257 3942 2577 4011 praedicabo,
2606 3938 2844 4002 Domine,
2869 3944 2922 3991 tc
2946 3935 3193 3999 laudabo,
3215 3943 3269 3989 et
3297 3935 3371 3989 tui
3395 3950 3513 3990 esse
3536 3935 3716 4005 operis

2158 4034 2260 4087 hoc
2287 4032 2600 4086 conﬁtebor.

2227 4121 2386 4175 Vnus.
2418 4120 2470 4174 8.
2503 4148 2574 4158 -—
2606 4116 3014 4185 Justi/icationes
3038 4125 3154 4170 tuas
3175 4117 3483 4182 custodiam,
3509 4133 3609 4171 non
3636 4133 3715 4171 me

2157 4210 2483 4280 derelinquas
2536 4223 2919 4278 usquequaque.
2956 4206 3067 4265 Hoc
3093 4214 3196 4271 est,
3229 4205 3419 4261 faciam
3452 4208 3591 4277 quod
3625 4204 3710 4274 ju-

2156 4300 2274 4365 bcs,
2303 4299 2348 4354 si
2377 4312 2461 4352 me
2489 4297 2757 4365 adjuvcris
2802 4312 3203 4366 usquequaque.
3245 4295 3322 4350 Ac
3345 4297 3390 4349 si
3426 4303 3604 4364 aperte
3634 4295 3710 4348 di-

2160 4400 2329 4455 ceret,
2352 4407 2383 4444 a
2410 4390 2549 4443 bono
2595 4400 2756 4455 opere
2802 4400 3001 4438 errare
3035 4399 3118 4437 me
3147 4398 3249 4437 non
3292 4385 3456 4447 sinas,
3483 4399 3549 4437 uc
3586 4384 3708 4438 dum

2161 4480 2351 4536 amitto
2370 4477 2611 4532 ordinem
2647 4476 2782 4529 bene
2813 4472 3041 4535 vivendi,
3096 4473 3460 4528 rectitudinerr
3497 4473 3711 4543 perdam

2160 4566 2425 4637 loquendi.
2461 4564 2572 4619 lloc
2597 4566 2727 4634 petit
2752 4578 2819 4617 ne
2850 4563 3061 4633 penitus
3080 4562 3377 4628 deseratur,
3406 4563 3498 4618 sed
3521 4564 3590 4617 ita
3618 4579 3713 4633 po-

2164 4663 2290 4723 tius,
2319 4666 2378 4711 ut
2401 4658 2470 4710 ab
2493 4672 2559 4712 eo
2586 4670 2852 4727 nunquam
2879 4664 2932 4709 et
2954 4668 3215 4725 nusquam
3270 4655 3505 4710 divinum
3534 4656 3717 4711 absceo

506 4773 613 4827 tant
650 4773 704 4826 in
725 4770 833 4840 lege
864 4768 1089 4823 Domini.
1129 4766 1277 4843 Beati
1302 4770 1423 4819 esse
1451 4777 1556 4817 non
1585 4770 1805 4832 possunt
1832 4760 1933 4814 nisi
1962 4760 2061 4813 im-
2096 4782 2142 4838 υ
2165 4751 2251 4805 dat
2284 4748 2562 4801 auxilium.

506 4862 785 4925 maculati;
820 4858 1145 4913 immaculati
1173 4856 1469 4929 autemnon
1493 4866 1637 4917 sunt,
1668 4853 1767 4907 nisi
1791 4852 1880 4921 qui
1906 4854 1961 4905 in
1983 4852 2065 4903 via

502 4952 815 5009 ambulant:
857 4950 939 5003 via
966 4964 1092 5003 vero
1122 4962 1224 5001 non
1251 4942 1372 5011 ‘est,
1399 4946 1499 4999 nisi
1528 4945 1611 4998 lex
1642 4944 1873 4998 Domini.
1913 4940 2068 5011 Qua:-

2236 4841 2396 4895 Vens.
2428 4841 2480 4896 9.
2520 4869 2589 4882 —-
2623 4839 2687 4893 In
2714 4855 2813 4910 quo
2839 4838 3048 4908 corrigit
3071 4838 3259 4907 junior
3287 4838 3419 4891 viam
3447 4840 3633 4891 suam?
3667 4842 3719 4888 in

2163 4932 2497 4987 custodiendo
2527 4947 2785 4986 sermones
2836 4939 2971 4982 tuos.
3011 4928 3361 4998 interrogatio
3401 4934 3502 4987 est,
3531 4926 3582 4980 in
3615 4940 3718 4993 quo

508 5059 631 5101 rens
652 5057 781 5112 ergo
825 5038 1224 5099 beatitudinem,
1265 5032 1637 5089 inimaculams
1674 5032 1728 5083 in
1782 5029 1865 5081 via
1898 5030 1983 5089 sit.
2015 5038 2067 5083 et

2067 5069 2069 5078 .
2154 5022 2336 5092 junior
2386 5021 2526 5076 viam
2569 5037 2720 5077 suam
2770 5022 3039 5092 corrigat;
3081 5028 3135 5073 et
3163 5018 3533 5087 respondetur,
3575 5017 3714 5085 quod

508 5135 561 5192 in
608 5133 722 5203 lege
773 5129 1001 5193 Domini,
1059 5141 1175 5197 qua:
1202 5126 1479 5179 beatorum
1535 5118 1617 5172 via
1642 5124 1741 5181 est,
1793 5115 2067 5169 ambulet:

507 5239 612 5279 non
650 5222 721 5275 sit
756 5220 977 5279 otiosus,
1012 5218 1081 5272 sit
1107 5216 1221 5271 sine
1258 5211 1484 5275 macula,
1512 5211 1613 5266 hoc
1654 5216 1755 5271 est,
1784 5207 1899 5261 sine
1922 5222 2066 5259 mor-

508 5312 598 5368 tali
624 5310 867 5366 eriraine.
913 5306 1016 5361 Sed
1046 5318 1223 5360 tamen
1245 5304 1617 5360 discretionem
1644 5299 1767 5354 facit
1793 5302 1932 5353 inter
1960 5312 2068 5350 ma.

507 5404 678 5461 calam
709 5411 763 5457 et
796 5398 1077 5455 maculam.
1118 5397 1252 5463 Quia
1291 5396 1334 5450 si
1378 5395 1493 5449 sine
1548 5392 1768 5447 minutis
1816 5403 1934 5443 esse
1964 5402 2067 5440 non

506 5508 809 5565 possumus,
837 5489 920 5543 vel
950 5489 1001 5543 in
1030 5486 1228 5555 majora
1260 5486 1493 5542 incidere
1513 5498 1617 5537 non
1642 5482 1894 5536 debemus
1917 5474 2067 5547 [Ms.,

508 5579 837 5652 debeamus].
874 5578 1021 5633 Beati
1057 5590 1186 5645 ergo
1233 5573 1556 5629 immaculati
1599 5572 1650 5625 in
1686 5570 1790 5631 via,
1831 5566 1920 5635 qui
1950 5580 2068 5617 am-

511 5672 692 5727 bulant
724 5668 885 5742 362
940 5666 994 5721 in
1032 5663 1147 5733 lege
1185 5662 1393 5717 Domini
1440 5679 1452 5714 :
1496 5661 1548 5715 in
1604 5659 1687 5711 via
1728 5654 1803 5727 [in
1856 5652 2068 5707 Christo

514 5762 705 5824 (ﬁdit,
756 5761 807 5814 in
830 5759 913 5810 via
940 5753 1159 5823 Christi)
1188 5751 1209 5823 ’1
1242 5762 1299 5805 ut
1325 5752 1435 5821 ipse
1466 5750 1537 5802 ait
1585 5763 1598 5799 :
1629 5748 1738 5815 Fige
1767 5761 1881 5797 sum
1905 5745 1985 5797 via
2015 5754 2067 5795 et

2165 5116 2424 5170 correctio
2451 5116 2565 5171 haec
2586 5114 2678 5178 sit,
2703 5122 2759 5168 ut
2800 5114 2892 5167 Dei
2929 5112 3089 5165 verba
3134 5110 3415 5165 custodiat.
3465 5106 3715 5162 Juvcncm

2168 5206 2309 5259 enim
2333 5205 2465 5259 dixit
2485 5219 2693 5258 omnem
2720 5203 2984 5256 hominem
3026 5200 3137 5270 qui,
3172 5209 3381 5253 vetusto
3405 5198 3603 5269 peccati
3627 5199 3720 5253 lto-

2170 5295 2313 5348 tnine
2334 5295 2591 5364 deposito,
2634 5292 2692 5344 fit
2716 5305 2882 5343 novus
2912 5288 3061 5361 [.lls.,
3090 5289 3179 5360 qui
3205 5290 3271 5345 de
3301 5289 3495 5344 veteris
3518 5290 3720 5358 peccati

2171 5385 2386 5440 homine
2412 5383 2504 5437 fiat
2526 5378 2714 5450 novus]
2744 5379 2795 5433 in
2821 5378 3053 5435 Christo.

2242 5476 2403 5529 Vsus.
2442 5472 2609 5525 l0.-—
2648 5470 2710 5524 In
2734 5479 2838 5523 toto
2868 5471 3020 5525 corde
3044 5487 3155 5524 meo
3181 5470 3429 5541 exquisivi
3462 5479 3532 5533 te,
3564 5484 3624 5523 ne
3647 5485 3722 5521 re-

2169 5563 2329 5635 pellas
2357 5577 2437 5614 me
2453 5577 2483 5613 a
2507 5558 2764 5613 mandatis
2786 5560 2908 5613 tuis.
2930 5558 3143 5623 Fecisti,
3161 5559 3350 5627 inquit,
3367 5558 3723 5613 uttotomrde

2170 5650 2633 5722 meoexquircrem
2659 5646 2741 5713 te:
2776 5650 2857 5706 fac
2877 5658 2935 5704 ut
2964 5650 3015 5703 in
3035 5650 3294 5703 mandatis
3319 5650 3427 5704 tuis
3446 5664 3717 5704 maneam:

2170 5760 2285 5813 qum
2329 5750 2383 5793 ut
2414 5741 2541 5793 mihi
2590 5740 2858 5810 possibilia
2896 5739 3000 5793 sint
3028 5738 3213 5807 adjuva
3242 5755 3345 5798 me.
3390 5749 3441 5792 et
3480 5738 3597 5799 noli
3637 5753 3720 5788 me
