4230 6212
606 360 708 434 533

1450 388 1505 447 lt.
1550 388 1607 440 l-‘.
1648 388 1871 444 ALBINI
1910 391 2039 447 SEU
2079 391 2353 449 ALCL‘INI
2391 389 2669 444 OPERUM
2710 387 2887 441 PARS
2923 387 2981 441 ll.

3717 390 3819 445 (illo

605 490 671 551 ab
698 478 775 551 eis
801 500 1074 567 repellere,
1113 501 1163 554 id
1186 511 1285 561 est,
1320 504 1423 555 uoti
1450 503 1577 555 mihi
1592 502 1845 556 auxilium
1870 500 2015 557 tuum
2040 505 2165 558 sub-
2191 509 2237 564 Α
2288 570 2295 583 ⁸
2341 501 2497 556 Vens.
2532 502 2613 555 19.
2640 532 2709 541 -
2730 498 2911 555 lncola
2935 519 3024 581 ego
3047 518 3157 555 sum
3182 502 3234 555 in
3271 512 3406 556 terra
3427 519 3444 555 :
3475 520 3573 557 non
3602 504 3820 557 abscon-

607 590 837 644 trahere.

678 680 833 735 Vens.
863 681 945 734 11.
982 711 1056 721 —
1086 681 1151 735 In
1166 686 1319 737 corde
1342 701 1453 738 meo
1482 687 1727 739 abscondi
1749 686 1950 757 eloquia
1969 697 2077 748 tua,
2106 698 2158 739 ut

606 786 705 822 non
722 785 923 838 peccem
944 772 1054 824 tibi.
1084 772 1347 828 Continuo
1368 774 1603 829 divinum
1618 777 1860 845 quzesivit
1881 778 2155 842 auxilium,

604 872 669 909 ne
694 858 747 911 in
771 859 930 913 corde
954 861 1069 930 ejus
1100 862 1409 932 Deicloquia
1433 865 1547 918 sine
1575 864 1747 919 fructu
1765 866 2157 920 abscondet-en-

602 960 707 1012 tur,
738 949 840 1003 nisi
875 964 1036 1019 opera
1057 951 1276 1018 iustitiae
1311 963 1679 1023 sequerentur.
1730 956 1863 1010 Cum
1890 958 2031 1032 enim
2057 958 2157 1011 hoc

600 1036 840 1103 dixisset,
866 1034 1137 1108 adjunxit:

674 1126 827 1180 Vens.
862 1128 947 1182 12.
970 1159 1040 1169 -
1066 1129 1372 1185 Benedictus
1400 1149 1473 1194 es,
1505 1121 1743 1197 Domine,
1778 1133 1902 1187 doce
1944 1150 2022 1187 me
2055 1137 2153 1204 ju-

594 1214 926 1281 sriﬁcationes
963 1228 1100 1272 tuas.
1158 1219 1228 1275 Ut
1256 1221 1381 1288 quid
1409 1223 1550 1275 enim
1580 1220 1730 1286 dicit,
1780 1223 1911 1278 doce
1958 1240 2042 1278 me
2066 1226 2153 1294 ju-

594 1305 941 1361 stilicationes
970 1316 1109 1373 tuas,
1138 1311 1239 1364 nisi
1265 1312 1387 1379 quia
1417 1326 1507 1365 cas
1528 1312 1638 1365 vult
1662 1311 1904 1367 faciendo
1924 1314 2149 1378 discere,

594 1411 698 1448 non
724 1395 1005 1465 loquendo,
1037 1400 1120 1455 vel
1153 1402 1409 1457 memoria
1448 1403 1727 1457 retinendo
1752 1401 2153 1461 tantummodo?

669 1485 823 1543 Vens.
849 1489 933 1543 l5.
972 1520 1044 1530 —
1075 1490 1141 1545 In
1162 1490 1312 1546 labiis
1350 1494 1476 1545 meis
1504 1493 1830 1561 pronuntiavi
1865 1496 2038 1548 omnia
2058 1497 2153 1564 ju-

591 1565 728 1629 dicia
749 1579 854 1632 oris
873 1578 973 1633 tui.
1012 1571 1174 1645 Nihil,
1200 1582 1390 1652 inquit,
1406 1580 1727 1649 iudiciorum
1756 1592 1965 1637 tuarum
1990 1588 2147 1649 tacui,

590 1666 681 1719 sed
706 1668 883 1722 omnia
910 1672 1127 1737 prorsus
1153 1668 1204 1724 in
1234 1671 1387 1727 labiis
1416 1672 1549 1726 meis
1576 1673 1871 1738 enuntiavi,
1915 1678 1976 1728 ea
2007 1677 2148 1730 scili-

588 1766 691 1818 ret,
738 1772 858 1825 qua:
888 1760 1015 1811 mihi
1040 1775 1131 1815 ore
1159 1771 1265 1823 tuo,
1328 1761 1379 1815 id
1411 1771 1515 1825 est,
1568 1759 1902 1831 elbquiorum
1937 1764 2145 1823 tuorum

586 1846 958 1910 prxdicatione
980 1850 1181 1905 dixisti.
1423 1850 1440 1923 ’λ

659 1935 812 1989 Vitis.
845 1936 922 1989 l4.
959 1968 1028 1978 --
1066 1938 1130 1993 In
1153 1944 1232 1994 via
1254 1943 1665 1998 testimoniorum
1692 1946 1899 2000 tuorum
1923 1948 2144 2003 delecta-

583 2027 664 2079 tns
692 2044 826 2092 sum,
855 2032 987 2083 sicut
1003 2033 1055 2085 in
1071 2034 1305 2087 omnibus
1335 2034 1547 2090 divitiis.
1596 2039 1691 2093 Via
1719 2034 2141 2097 testimoniorum

584 2118 673 2172 Dei
694 2117 936 2177 Christus
961 2132 1063 2189 est,
1098 2126 1150 2179 in
1175 2140 1279 2194 quo
1308 2136 1431 2182 sunt
1458 2146 1643 2186 omnes
1675 2134 1912 2189 thesauri
1935 2136 2144 2203 sapien-

581 2210 673 2273 tia:
691 2220 745 2264 et
768 2214 1003 2269 scientiae
1032 2217 1349 2273 absconditi.
1412 2220 1467 2274 ln
1495 2222 1595 2275 hac
1618 2238 1746 2292 ergo
1778 2224 1861 2277 via
1884 2226 2033 2293 quasi
2088 2227 2141 2280 in

577 2301 825 2356 omnibus
877 2304 1075 2359 divitiis
1125 2308 1437 2374 delectatur,
1487 2312 1576 2379 qui
1624 2314 1772 2366 vadit
1826 2329 1920 2383 per
1973 2316 2135 2369 illam.

581 2390 737 2446 Multa
760 2411 882 2465 erga
907 2414 1003 2453 nos
1029 2410 1153 2454 sunt
1177 2403 1479 2458 testimonia
1503 2406 1693 2461 divince
1722 2408 2021 2464 dilectionis
2044 2411 2143 2464 im-

578 2478 740 2553 pleta,
769 2502 872 2540 non
899 2489 1114 2545 dubium
1136 2494 1263 2560 quin
1287 2505 1665 2565 exspectentur
1684 2500 1949 2568 implenda
1986 2501 2139 2572 [Ms.,

576 2591 682 2631 non
712 2578 933 2644 dubitat,
960 2598 1077 2651 quze
1104 2595 1493 2654 exspectantur,
1530 2590 1859 2663 implenda].

651 2668 807 2723 Vens.
839 2671 917 2723 l5.
959 2704 1028 2713 —-
1065 2673 1129 2728 In
1156 2678 1414 2732 mandatis
1441 2681 1543 2734 tuis
1566 2666 1853 2753 [Ms.,add.
1878 2684 1978 2756 me]
2002 2702 2140 2739 exer-

579 2762 746 2826 rebor,
787 2774 832 2815 et
859 2765 1192 2821 considerabo
1218 2770 1322 2823 vias
1373 2781 1509 2827 tuas.
1554 2774 1881 2830 Exercitatio
1917 2778 2140 2831 assidui-

576 2841 660 2927 ias
681 2856 856 2921 operis
884 2865 967 2910 est
1001 2876 1013 2909 :
1044 2869 1092 2911 et
1122 2860 1220 2912 iste
1266 2863 1367 2915 nisi
1414 2866 1741 2920 exercitatus
1780 2854 1832 2921 in
1877 2852 2140 2925 mandatis

580 2942 670 2994 Dei
700 2940 902 3006 fuisset,
933 2962 1036 2998 non
1060 2956 1265 3015 poterat
1294 2955 1631 3009 considerare
1655 2958 1769 3011 vias
1798 2957 1932 3025 ejus,
1966 2942 2020 3013 id
2058 2969 2142 3015 est

577 3032 893 3100 apostolicus
930 3038 1369 3109 prOpheticasque
1399 3044 1690 3100 doctrinas.

644 3119 801 3189 333
849 3122 1007 3177 Vens.
1048 3126 1131 3178 ili.
1165 3158 1234 3166 —-
1272 3128 1334 3183 In
1372 3133 1833 3200 justiﬁeationibus
1884 3129 1986 3192 tuis
2031 3157 2135 3194 me-

576 3206 810 3264 ditabor:
850 3230 949 3267 non
996 3215 1265 3272 obliviscar
1308 3239 1565 3279 sermones
1590 3235 1725 3281 tuos.
1756 3229 1833 3284 Ea
1876 3232 2133 3297 meditor,

577 3295 628 3349 iu
656 3298 737 3353 his
765 3294 1049 3369 exerceor,
1077 3316 1133 3359 ut
1161 3308 1246 3361 illa
1279 3311 1528 3366 oblivioni
1580 3331 1685 3369 non
1733 3318 1969 3385 tradens,
2016 3294 2137 3389 pos;

578 3391 675 3443 siin”
697 3405 759 3443 ea
786 3392 987 3461 integre
1016 3397 1352 3470 perfectoque
1374 3404 1659 3474 complere.
1797 3404 1803 3411 ’

1205 3554 1359 3597 ωηιξη.
1383 3559 1504 3598 VOX.

648 3657 802 3718 Vens.
838 3669 915 3719 l7.
939 3701 1003 3707 —
1030 3671 1268 3727 Retribne
1292 3691 1432 3728 servo
1453 3685 1561 3740 tuo,
1585 3679 1783 3745 vivi/ica
1805 3697 1885 3734 me
1901 3699 1918 3734 :
1949 3692 1994 3735 et
2021 3700 2135 3737 cus-

573 3746 766 3808 todiam
794 3774 1046 3814 sermones
1070 3772 1202 3816 tuos.
1254 3766 1492 3830 Quatuor
1544 3769 1686 3822 enim
1734 3779 1879 3825 sunt.
1905 3766 2135 3827 retribu-

576 3851 744 3903 tiones
770 3868 780 3901 :
815 3862 904 3903 aut
933 3855 1067 3905 mala
1096 3864 1193 3921 pro
1218 3858 1371 3909 malis
1417 3860 1807 3925 retribuuntur,
1836 3864 1974 3916 sicut
1998 3864 2136 3920 Deus

577 3942 749 4001 ignem
787 3951 1043 3996 internum
1081 3947 1438 4002 retributurus
1482 3957 1564 4002 est
1613 3950 1804 4019 impiis.
1846 3951 1951 4007 Aut
1996 3956 2133 4010 bona

575 4044 668 4095 pro
696 4031 880 4094 bouis,
907 4034 1045 4087 sicut
1084 4052 1302 4103 regnum
1350 4048 1605 4093 mternum
1646 4044 2005 4101 retributurus
2036 4056 2133 4100 est

566 4118 742 4181 iustis.
769 4119 870 4171 Aut
893 4122 1025 4175 bona
1063 4140 1158 4190 pro
1201 4128 1373 4190 malis,
1410 4130 1545 4182 sicut
1584 4128 1829 4186 Christus
1872 4148 1966 4202 per
2014 4151 2133 4203 gra-

578 4208 701 4260 tiam
732 4206 987 4277 justilicat
1041 4212 1279 4282 impium.
1310 4217 1415 4270 Aut
1452 4218 1587 4271 mala
1633 4234 1731 4287 pro
1775 4223 1949 4285 bouis,
1996 4225 2135 4278 sicut

570 4291 733 4351 Judaei
763 4313 857 4367 per
897 4300 1150 4355 malitiam
1204 4308 1467 4372 persecuti
1520 4321 1643 4362 sunt
1689 4310 1979 4365 Christum.
2032 4312 2133 4367 lia-

570 4403 687 4467 rum
718 4386 942 4455 quatuor
969 4392 1374 4446 retributionum
1408 4395 1520 4448 dum
1548 4399 1752 4465 priores
1780 4403 2047 4470 pertinent
2066 4404 2130 4456 ad

563 4475 855 4543 justitiam,
899 4488 954 4531 ut
983 4484 1344 4562 retribuantur
1372 4486 1507 4539 mala
1539 4503 1633 4556 pro
1662 4478 1833 4553 malis,
1859 4494 1994 4546 bona
2034 4510 2130 4562 pro
2154 4512 2205 4567 1)

566 4568 736 4621 nonis.
783 4568 959 4623 Tertia
1007 4571 1237 4640 pertinet
1281 4574 1346 4627 ad
1395 4576 1832 4643 misericordiam,
1866 4591 1924 4634 ut
1974 4584 2130 4636 retri-

571 4658 799 4709 lmantur
827 4658 961 4712 bona
992 4676 1086 4728 pro
1115 4659 1285 4715 malis.
1306 4663 1563 4727 Quartam
1602 4677 1775 4722 autem
1806 4670 1943 4725 Deus
1965 4673 2134 4726 nescit

572 4744 695 4811 Uis.
716 4785 730 4807 ,
757 4744 956 4813 Quarta
986 4764 1113 4801 vero
1152 4768 1254 4804 non
1278 4754 1505 4820 pertinet
1548 4755 1612 4806 ad
1639 4752 1961 4831 Christum],
2006 4758 2129 4814 nulli

569 4841 711 4895 enim
742 4839 936 4893 malum
976 4858 1071 4911 pro
1103 4843 1240 4896 bdno
1272 4846 1536 4899 retribuit.
1571 4846 1693 4900 [huc
1731 4858 1935 4911 autem,
1970 4868 2129 4920 quam

573 4928 730 4982 tertio
754 4929 868 4983 loco
894 4929 1065 4998 positi,
1090 4928 1335 5000 primitus
1378 4936 1672 4989 necessaria
1705 4946 1813 4991 est:
1844 4938 1944 4991 nisi
1989 4932 2129 4993 enim

575 5013 712 5073 Deus
738 5022 1054 5077 retribueret
1079 5012 1216 5077 bona
1239 5038 1335 5092 pro
1373 5011 1545 5087 malis,
1574 5016 1717 5081 nullo
1747 5030 1901 5083 modo
1930 5040 2127 5094 essent,

569 5112 762 5177 quibus
786 5114 1104 5167 rctribuerct
1128 5116 1263 5167 bona
1288 5130 1385 5183 pro
1412 5114 1580 5168 bonis.
1611 5115 1795 5172 Sciens
1820 5136 1943 5189 ergo
1967 5122 2127 5176 verba

570 5202 659 5256 l).-i
690 5219 791 5257 non
834 5218 990 5274 posse
1039 5206 1286 5259 custodiri
1326 5222 1420 5275 per
1466 5207 1844 5271 obedientiam,
1900 5213 1999 5266 nisi
2050 5216 2127 5267 vi-

572 5294 794 5347 deantur
819 5310 913 5364 per
936 5292 1350 5364 intelligentiam,
1380 5298 1477 5350 hoc
1504 5312 1711 5367 quoque
1736 5299 1962 5353 orationi
1985 5303 2129 5357 addit

570 5395 623 5437 et
662 5385 819 5437 dicit:

641 5466 799 5528 Vens.
835 5474 918 5526 18.
944 5505 1010 5513 ——
1034 5475 1215 5529 Revela
1242 5476 1416 5531 oculos
1444 5492 1578 5529 meos
1604 5488 1648 5529 et
1685 5480 2015 5535 considerabo
2039 5484 2129 5534 mi-

574 5566 754 5618 rabilia
784 5567 847 5619 de
878 5565 984 5632 lege
1009 5576 1117 5619 tua.
1150 5568 1245 5631 Da,
1276 5569 1463 5637 inquit,
1493 5569 1618 5621 mihi
1652 5569 1999 5635 intellectum,
2022 5588 2126 5641 quo

573 5655 764 5722 possim
794 5657 1053 5710 mirabilia
1087 5666 1188 5709 tua:
1214 5658 1342 5726 legis
1367 5661 1643 5727 inspicere,
1663 5668 1711 5712 et
1730 5661 1972 5715 virtutem
1990 5679 2123 5731 pim-

570 5749 841 5813 ruptorum
874 5756 1080 5799 tuorum
1120 5760 1140 5795 κ
1158 5746 1317 5797 idrros.
1834 5733 1839 5739 ’

2262 574 2357 645 da;
2385 592 2418 644 α
2446 585 2524 645 ine
2552 587 2799 644 mandata
2829 600 2937 644 tua.
2978 574 3052 645 lbi
3109 592 3334 661 qulsque
3358 603 3441 647 est
3479 598 3816 665 peregrinus,

2261 680 2351 733 ubi
2380 678 2572 734 absens
2598 695 2629 732 a
2654 680 2825 748 patria
2862 694 2974 733 sua.
3004 680 3108 734 lste
3143 696 3296 751 ergo,
3325 682 3414 750 qui
3438 698 3679 753 superna:
3701 683 3825 737 [iic-

2260 769 2489 825 rusalem
2521 770 2653 823 civis
2689 767 2952 838 ascriptus
2980 780 3082 834 est,
3108 771 3444 840 peregrinum
3491 786 3549 825 se
3601 773 3823 828 conﬁte-

2259 868 2345 913 tur
2377 856 2528 929 μη,
2555 858 2855 930 proﬁtetur]
2880 859 2931 912 in
2954 867 3093 912 terra
3113 860 3277 929 ,quia
3306 869 3486 915 certus
3516 869 3597 915 est
3621 861 3685 914 de
3711 862 3823 916 hav-

2256 948 2481 1001 reditate
2518 948 2797 1017 promissa.
2825 948 2927 1002 Sed
2950 949 3074 1018 quia
3099 950 3319 1004 tentatio
3351 959 3434 1004 est
3454 950 3561 1003 vita
3587 948 3818 1005 humana

2257 1054 2417 1106 super
2443 1048 2659 1101 terram,
2715 1040 2844 1107 petit
2870 1053 2936 1092 ne
2980 1040 3033 1092 in
3071 1047 3309 1109 tempore
3363 1038 3720 1094 tribulationis
3762 1049 3819 1094 et

2255 1128 2521 1181 ineolatus
2544 1127 2624 1181 sui
2648 1127 3042 1181 abscondantur
3066 1128 3133 1181 ab
3160 1142 3225 1182 eo
3253 1129 3497 1182 mandata
3527 1127 3641 1181 Dei.

2329 1218 2485 1271 Vens.
2512 1216 2600 1270 20.
2624 1247 2689 1258 ο-
2715 1215 3012 1287 Concupivit
3039 1219 3214 1272 anima
3240 1234 3353 1271 mea
3374 1218 3669 1273 desiderare
3690 1218 3813 1288 jus-

2252 1308 2558 1374 tiﬁcationes
2588 1316 2703 1360 tuas
2728 1306 2782 1359 in
2812 1292 3214 1378 omnitempore.
3242 1308 3311 1364 Ut
3340 1309 3450 1364 sive
3476 1310 3813 1375 mnducrm,

2252 1397 2362 1450 sive
2390 1397 2588 1459 bibam,
2620 1397 2730 1450 sive
2751 1396 2893 1450 aliud
2914 1396 3039 1465 quid
3070 1395 3280 1461 faciam,
3327 1413 3387 1453 ea
3414 1413 3639 1471 semper
3676 1399 3817 1453 desi-

2252 1486 2452 1548 derem,
2480 1487 2736 1548 mediter,
2758 1486 3168 1555 apprehendam.
3200 1486 3277 1539 Tu
3298 1488 3440 1539 enim
3489 1503 3574 1542 me
3620 1489 3816 1559 justifi—

2250 1592 2363 1639 cas,
2395 1586 2481 1629 tua
2507 1591 2589 1630 me
2619 1575 2745 1631 facit
2775 1577 2944 1645 gratia
2965 1577 3188 1647 justum,
3227 1586 3280 1631 et
3302 1576 3496 1632 bonum
3547 1580 3673 1634 mihi
3728 1590 3813 1635 est

2248 1682 2459 1735 semper
2495 1668 2594 1721 hoc
2631 1667 2966 1731 desiderare,
2995 1676 3050 1721 et
3093 1667 3148 1722 in
3173 1668 3277 1723 hoc
3306 1678 3394 1723 tuo
3423 1670 3671 1737 praesidio
3724 1670 3815 1727 de-

2251 1755 2451 1809 lectari.
2483 1756 2731 1824 Alioquin
2752 1755 2927 1823 justus
2949 1771 3054 1810 non
3075 1771 3191 1821 ero,
3215 1758 3261 1812 si
3284 1758 3513 1813 defuerit
3537 1761 3665 1815 mihi
3689 1777 3812 1831 gra-

2173 1838 2227 1898 B
2249 1846 2319 1899 tia
2349 1855 2458 1911 tua,
2477 1855 2569 1899 aut
2589 1845 2849 1901 inllaverit
2872 1862 2958 1901 me
2986 1847 3252 1917 superbia.

2316 1936 2475 1991 Vens.
2504 1936 2590 1990 21.
2614 1966 2681 1977 -
2705 1935 2993 2008 Increpasti
3012 1938 3281 2008 superbos,
3324 1938 3583 1993 maledicti
3609 1942 3696 2009 qui
3723 1942 3814 1996 de-

2245 2026 2435 2080 clinant
2481 2043 2516 2079 a
2552 2027 2813 2080 mandatis
2843 2029 2963 2081 tuis.
3004 2027 3299 2098 increpatio
3333 2030 3447 2085 haec
3475 2031 3812 2100 intelligenda

2242 2122 2346 2177 est,
2366 2121 2525 2182 quam
2555 2115 2711 2184 primi
2745 2114 3019 2169 hominum
3064 2118 3333 2187 genitores
3367 2133 3462 2172 sua
3512 2126 3813 2190 transgres-

2243 2206 2392 2261 sione
2420 2216 2748 2270 meruerunt;
2788 2206 3114 2263 declinantes
3143 2223 3174 2262 a
3199 2208 3452 2263 mandato
3477 2207 3571 2263 Dei
3596 2224 3693 2279 per
3721 2217 3811 2265 su—

2241 2298 2501 2365 perbiam,
2529 2312 2631 2366 qua
2659 2298 3061 2367 conc'upierunt,
3088 2315 3193 2353 non
3224 2300 3365 2369 quod
3407 2300 3546 2354 Deus
3589 2292 3813 2372 diligen-

2241 2386 2365 2439 dum
2394 2386 2661 2455 praecepit,
2695 2387 2788 2441 sed
2816 2388 2957 2455 quod
2993 2387 3233 2442 diabolus
3278 2388 3559 2442 invidendo
3587 2404 3808 2457 persua-

2240 2476 2329 2529 sit.
2355 2475 2539 2530 Omnis
2566 2477 2743 2545 itaque
2771 2478 3034 2545 superbus
3070 2477 3194 2531 huic
3220 2477 3569 2545 increpationi
3600 2477 3809 2544 subjec-

2243 2574 2328 2618 tus
2350 2573 2452 2629 est,
2484 2566 2596 2619 sive
2618 2565 2953 2620 hzereditario
2978 2565 3199 2630 merito,
3232 2566 3344 2621 sive
3388 2567 3675 2621 voluntatis
3713 2582 3804 2621 ar—

2240 2658 2419 2713 bitrio.
2449 2658 2671 2727 Superbi
2702 2657 2841 2711 enim
2870 2658 3135 2713 declinant
3156 2673 3188 2711 a
3218 2658 3483 2712 mandatis
3510 2658 3623 2712 Dei.
3647 2658 3807 2713 Aliud

2238 2746 2529 2817 cstquippe
2569 2748 2814 2801 mandata
2848 2748 2961 2817 ejus
2986 2762 3082 2815 per
3119 2746 3483 2801 inﬁrmitatem
3527 2747 3609 2801 vel
3659 2748 3807 2817 igno-

2242 2836 2467 2889 rantiam
2508 2851 2615 2889 non
2660 2835 2899 2905 implere,
2946 2835 3087 2890 aliud
3136 2837 3203 2889 ab
3240 2836 3318 2890 eis
3357 2851 3452 2905 per
3500 2838 3805 2905 superbiam

2240 2925 2525 2979 declinare.
2554 2924 2702 2978 Tunc
2738 2940 2925 2979 omnes
2955 2926 3099 2995 impii
3124 2924 3333 2995 plenam
3380 2928 3644 2996 accipient
3690 2944 3807 2983 ma-

2241 3013 2595 3077 ledictiouem,
2626 3028 2747 3066 cum
2765 3014 3030 3069 audierint
3056 3029 3071 3067 :
3103 3014 3195 3079 Ite,
3229 3014 3519 3079 maledicti,
3554 3016 3607 3071 in
3631 3015 3806 3086 ignem

2241 3109 2519 3162 :eternum.

2163 3173 2205 3232 Ο
2306 3198 2465 3252 Vens.
2510 3196 2598 3249 2‘2.
2626 3196 2881 3265 -—Aufer
2929 3215 2959 3249 a
2992 3214 3073 3251 me
3118 3198 3442 3267 opprobrium
3486 3207 3535 3251 et
3584 3206 3809 3251 contem-

2234 3297 2400 3356 ptum,
2448 3286 2571 3355 quia
2598 3283 3000 3338 testimoniatua
3048 3288 3314 3355 exquisivi.
3360 3289 3473 3343 Non
3499 3288 3667 3341 otiose
3706 3302 3808 3340 nec

2236 3376 2621 3437 somnolenter,
2651 3375 2744 3429 sed
2772 3382 2985 3429 strenue
3014 3375 3398 3446 vigilanterque
3439 3376 3609 3432 sancti
3656 3377 3806 3430 testi-

2235 3468 2413 3522 monia
2462 3468 2639 3520 divina
2672 3464 3062 3536 exquisierunt,
3093 3476 3152 3522 ut
3204 3465 3324 3523 talia
3364 3476 3714 3540 paterentur;
3743 3478 3802 3521 ut

2235 3570 2317 3614 est
2340 3567 2661 3629 praeceptum
2691 3558 2937 3613 Domini»:
2976 3558 3123 3613 Beati
3148 3563 3236 3631 qui
3274 3553 3669 3629 persecutionem
3707 3577 3801 3629 pa—

2233 3648 2434 3703 tiuntur
2481 3658 2686 3719 propter
2716 3649 3008 3719 justitiam,
3048 3657 3151 3702 etc.
3202 3649 3412 3716 (Matth.
3450 3666 3504 3712 ν,
3548 3648 3655 3713 10).
3689 3647 3795 3701 Sed

2236 3740 2349 3794 lucc
2376 3740 2550 3793 oratio
2591 3754 2690 3809 pro
2748 3738 3179 3807 persecutoribus
3230 3737 3465 3791 funditur
3507 3752 3610 3791 non
3660 3737 3798 3790 irro-

2234 3829 2406 3896 gando
2439 3828 2697 3882 ultionem
2725 3842 2915 3896 poture,
2949 3828 3039 3881 sed
3068 3836 3145 3892 ut,
3176 3827 3301 3881 dum
3327 3828 3571 3883 conversi
3600 3826 3797 3881 fuerint

2236 3918 2302 3971 ad
2320 3917 2619 3982 Dominum,
2638 3920 2961 3989 martyribus
2977 3919 3192 3973 tollatur
3205 3919 3571 3989 opprobrium,
3590 3918 3800 3986 quando

2234 4015 2287 4057 et
2316 4005 2388 4059 illi
2415 4006 2583 4075 ipsum
2614 4006 2923 4073 religionem
2954 4006 3233 4061 coluerint.

2305 4116 2464 4169 Vens.
2488 4116 2576 4170 23.
2603 4148 2675 4157 --
2709 4116 2915 4186 Etenim
2954 4118 3191 4172 sederunt
3243 4119 3497 4188 principes
3543 4128 3589 4171 et
3628 4118 3804 4172 adver-

2233 4222 2346 4259 sum
2376 4223 2455 4260 me
2488 4208 2847 4277 loquebantur,
2895 4226 3069 4262 servus
3099 4220 3268 4263 autem
3306 4221 3423 4262 tuus
3470 4207 3803 4262 exercebatur

2232 4295 2286 4347 in
2306 4295 2773 4363 justiﬁcationibus
2804 4298 2926 4349 tuis.
2981 4296 3129 4361 Quod
3161 4296 3213 4350 in
3249 4298 3348 4351 hoc
3381 4296 3646 4352 versiculo
3669 4295 3801 4349 Pro-

2233 4385 2389 4451 pheta
2412 4384 2465 4436 in
2487 4399 2542 4438 se
2569 4384 2823 4453 loquitur,
2876 4384 3111 4440 futurum
3142 4388 3193 4440 in
3251 4387 3503 4457 apostolis
3552 4388 3798 4455 reliquis-

2233 4489 2335 4541 que
2362 4475 2686 4543 martyribus
2732 4476 2887 4538 videt,
2938 4475 3027 4544 qui
3074 4477 3234 4529 multa
3284 4493 3462 4532 coram
3508 4478 3721 4545 regibus
3745 4484 3801 4529 et

2232 4565 2575 4633 praesidibus,
2623 4566 2847 4620 Domino
2901 4568 3000 4621 hoc
3049 4568 3208 4620 etiam
3244 4567 3634 4636 pronuntiante,
3678 4582 3799 4636 per—

2232 4654 2369 4720 pessi
2402 4663 2543 4717 sunt,
2574 4654 2665 4724 qui
2701 4654 2824 4709 licet
2849 4656 2955 4708 sint
2998 4656 3223 4709 diversis
3264 4646 3455 4723 panis.
3487 4655 3661 4711 allecti
3707 4671 3797 4710 us-

2231 4757 2333 4807 que
2358 4742 2425 4793 ad
2460 4743 2749 4797 sectionem
2775 4744 3038 4797 cervicum
3059 4785 3071 4807 ,
3104 4754 3279 4800 tamen
3306 4756 3516 4815 semper
3540 4760 3597 4802 se
3625 4747 3676 4800 in
3700 4744 3794 4800 Dei

2229 4843 2583 4887 exercuerunt
2614 4832 3103 4901 justiﬁcationibus.

2300 4941 2460 4997 Vens.
2488 4941 2575 4995 21.
2608 4973 2676 4984 ——-
2700 4944 2838 4997 Nam
2867 4954 2913 4997 et
2941 4947 3231 5000 testimonia
3267 4959 3356 5000 tua
3382 4946 3644 4999 meditatio
3680 4961 3793 5000 mea

2229 5038 2321 5093 est,
2354 5035 2400 5086 et
2426 5034 2695 5088 consilium
2733 5049 2901 5086 meum
2937 5034 3336 5103 justiﬁcationes
3362 5045 3464 5087 tua:
3516 5044 3653 5087 sunt.
3702 5033 3793 5089 Sic

2229 5136 2355 5194 ergo
2381 5128 2729 5181 exercebatur
2781 5141 2964 5181 servus
3001 5126 3222 5188 Christi,
3269 5136 3327 5179 ut
3374 5136 3559 5181 contra
3611 5141 3791 5196 perse-

2230 5225 2453 5283 quentes
2490 5211 2790 5285 [delectatio
2820 5215 3267 5288 testimoniorum]
3298 5217 3614 5271 decertaret.
3652 5213 3789 5268 Con~

2229 5305 2404 5359 silium
2453 5309 2881 5376 persequentium
2918 5308 3213 5377 principum
3244 5306 3341 5361 ftiit
3370 5308 3613 5361 inventos
3652 5322 3790 5359 mar-

2229 5404 2373 5465 tyres
2393 5396 2615 5465 perdere
2642 5412 2654 5459 ;
2686 5393 2965 5451 consilium
2996 5397 3306 5464 patientium
3346 5402 3638 5464 martyrum
3668 5391 3787 5454 fuit.
3821 5470 3825 5473 _

2227 5482 2471 5539 inimicos
2494 5485 2729 5553 perditos
2751 5485 3005 5539 invenire.
3049 5484 3357 5538 Reddebant
3385 5482 3458 5536 illi
3511 5482 3647 5537 mala
3690 5496 3787 5549 pro

2226 5573 2401 5635 bouis,
2429 5574 2517 5628 isti
2538 5574 2673 5627 bona
2704 5580 2801 5641 pro
2828 5571 2998 5626 malis.
3032 5572 3167 5638 Quid
3195 5586 3321 5639 ergo
3363 5573 3578 5633 mirum,
3627 5569 3670 5621 si
3699 5568 3785 5620 isti

2227 5653 2858 5732 weidendodefecerunt,
2887 5658 2955 5712 illi
2984 5660 3257 5713 moriendo
3292 5658 3552 5729 [vicerunt
3585 5654 3747 5724 (fidit.
3770 5692 3785 5719 ,

2228 5758 2298 5803 \‘l‘
2314 5750 2687 5820 ilicuvcrt’mt).]
