4230 6208
455 386 553 447 ΒΜ

933 570 937 574 ἢ
964 499 973 508 ’
1114 497 1338 551 bxwrn.
1732 559 1735 564 _

522 576 684 664 ᾖα
708 592 863 645 Vsus.
892 588 981 643 25.
1004 619 1075 630 -—-
1099 587 1326 641 Adhaesit
1349 585 1638 655 pavimento
1662 582 1835 635 anima
1876 589 2013 643 mea,

397 740 401 744 ,
453 680 654 748 viri/ica
694 695 775 732 me
817 676 1095 732 secundm
1142 676 1347 729 verbum
1384 683 1552 726 tuum.
1592 669 1813 739 Corpori
1869 682 2013 723 mor-

455 766 547 820 tali
571 767 802 820 animam
822 766 1158 834 conjunctam
1184 760 1456 830 intelligo;
1490 759 1606 813 ideo
1654 771 1721 811 ne
1763 755 2014 811 delictum

454 856 768 916 invalescat,
806 870 837 909 a
865 865 917 908 te
944 861 1068 924 pcto
1094 850 1373 912 viviﬁcari,
1402 849 1578 903 sciens
1614 845 1864 915 quoniam
1889 858 2016 898 con—

452 947 780 1019 cupiscentia
807 948 984 999 carnis
1013 952 1239 997 mortem
1260 946 1528 1010 cperatur.

523 1037 685 1093 Vens.
709 1034 795 1089 26.
828 1064 897 1074 ——
926 1031 1048 1086 Vias
1087 1048 1229 1085 meas
1252 1026 1513 1083 enuntiari
1546 1034 1593 1079 et
1627 1021 1886 1077 exaudisti
1912 1036 2013 1087 me,

452 1129 577 1181 doce
597 1142 678 1178 me
694 1123 1094 1194 justiﬁcatioues
1130 1106 1266 1174 tua's.
1298 1120 1425 1174 Vias
1453 1129 1609 1175 vocat
1632 1126 1785 1173 actus
1828 1117 2017 1171 buma-

451 1231 579 1272 nos:
607 1214 735 1270 Sine
770 1214 932 1268 dubio
952 1212 1091 1266 actui
1124 1213 1236 1280 ipso
1274 1211 1371 1263 via:
1389 1224 1581 1264 nomen
1605 1208 1846 1276 imponit.
1893 1205 2017 1260 Vias

449 1306 657 1379 peccati
689 1306 789 1359 mei
812 1303 1090 1359 confessus
1129 1310 1325 1371 sumet
1366 1300 1659 1363 remisisti;
1706 1310 1846 1350 nunc
1894 1295 2018 1349 doc-

451 1399 648 1453 trinam
678 1394 911 1464 indulge,
951 1410 1056 1462 qua
1085 1408 1171 1447 me
1192 1390 1605 1461 iustiﬁcationes
1635 1397 1754 1441 tuas
1792 1386 2018 1439 edoceas

451 1486 609 1559 [δίδη
647 1500 752 1556 qua
781 1485 832 1538 in
857 1481 1325 1550 justiﬁeationibus
1343 1475 1617 1547 edocear].

456 1578 459 1581 λ
518 1578 678 1633 Vsus.
703 1576 792 1630 27.
820 1606 889 1616 —-
917 1572 1066 1627 Viam
1092 1571 1531 1643 justiﬁcationum
1565 1581 1774 1622 tuarum
1822 1568 2019 1619 instrue

434 1681 547 1731 me,
574 1674 621 1719 et
639 1666 911 1719 exercebar
951 1664 1006 1716 in
1051 1659 1373 1714 mirabilibus
1426 1661 1547 1712 tuis.
1596 1657 1784 1711 Merito
1826 1656 2020 1710 cohors

447 1764 631 1811 sancta
673 1752 1117 1822 iustiﬁcationum
1176 1750 1314 1803 viam
1367 1747 1495 1801 intel
1518 1747 1665 1816 igere
1715 1744 2014 1812 quaerebat,

1332 378 1824 435 sxuecrtc.t.—
1863 373 2220 433 uxrosmo
2250 374 2317 429 IN
2348 373 2539 428 PSAL.
2579 364 2799 429 cxvut.

2042 495 2089 549 Α
2115 485 2365 541 constitui
2392 484 2773 554 acquisitamt.
2814 482 2970 536 Prius
3004 478 3114 549 jam
3167 479 3333 533 dixit:
3367 478 3429 531 Et
3457 478 3510 531 in
3561 478 3675 549 lege
3745 526 3749 531 .

3564 370 3670 423 602

2117 586 2206 632 tua
2246 577 2499 631 miserere
2524 574 2649 638 mei,
2680 573 2782 628 hoc
2818 579 2917 631 est.
2974 572 3027 625 in
3080 569 3255 624 Veteri
3309 567 3672 623 Testamento.

2118 666 2266 721 Nun'c
2291 675 2471 719 autem
2497 672 2686 720 novam
2718 664 2887 734 legem
2913 660 3103 734 [cupit]
3130 660 3229 717 sibi
3251 660 3405 730 poni,
3431 659 3676 716 veniente

2114 753 2316 810 scilicet
2356 752 2578 807 Domino
2607 750 2820 805 Christo
2846 750 2898 803 in
2920 754 3105 813 ‘carne,
3152 750 3210 803 ut
3253 747 3676 803 Christianorum

2058 876 2069 885 κ
2114 842 2246 897 ﬁdes
2266 832 2590 895 firmaretur.
2620 839 2822 909 Jugiter
2862 853 2921 893 se
2969 836 3133 909 [eam]
3176 838 3312 891 dixit
3354 838 3675 907 exquirere;

2116 931 2241 986 illud
2264 930 2405 984 enim
2431 929 2753 998 exquiritur,
2785 926 2925 996 quod
2948 926 3153 995 magnis
3203 926 3451 995 precibus
3496 932 3676 994 postu-

2116 1025 2256 1102 latur
2283 1024 2662 1079 indesinenter.

2184 1117 2344 1171 Vens.
2375 1114 2462 1170 54.
2483 1127 2551 1154 -'—
2583 1112 2662 1167 Da
2699 1111 2825 1165 mihi
2860 1109 3172 1165 intellectum
3205 1119 3253 1165 et
3288 1108 3561 1164 scrutabor
3601 1107 3677 1161 ιτ-

2115 1226 2225 1280 gem
2252 1220 2395 1262 tuam
2436 1216 2484 1261 et
2510 1196 2793 1260 custodiam
2830 1201 2974 1256 illam
3004 1203 3058 1255 iu
3084 1204 3189 1255 toto
3221 1199 3374 1254 corde
3410 1214 3543 1253 meo.
3575 1197 3676 1253 Ee-

2117 1300 2275 1355 clesia
2306 1300 2457 1368 rogat
2484 1304 2543 1350 ut
2586 1293 2846 1365 intelligat
2874 1292 3250 1348 discretidnem
3295 1285 3433 1345 inter
3476 1287 3676 1343 bonum

2116 1402 2169 1447 et
2191 1392 2408 1452 malum,
2440 1389 2579 1443 inter
2596 1388 2762 1441 vitam
2798 1392 2854 1439 et
2894 1384 3145 1446 mortem,
3176 1381 3317 1436 inter
3351 1379 3584 1433 litteram
3624 1384 3682 1431 et

2117 1497 2350 1538 sensum.
2379 1478 2451 1535 Ut
2477 1476 2787 1548 intelligam,
2832 1482 2887 1528 et
2921 1472 3229 1541 przcdicem,
3275 1478 3329 1525 et
3363 1482 3526 1539 apere
3576 1467 3679 1521 inl-

2116 1570 2309 1643 pleam.
2333 1578 2389 1623 et
2419 1566 2713 1622 custodiam
2734 1564 2877 1618 illam
2900 1561 2953 1615 in
2986 1567 3097 1614 toto
3116 1557 3277 1613 corde
3309 1572 3444 1613 meo.
3472 1555 3523 1609 id
3572 1563 3678 1615 est,

2117 1679 2182 1719 ex
2204 1671 2312 1716 tota
2332 1658 2635 1713 dilectione.
2660 1655 2828 1721 Quam
2850 1652 3072 1722 pulchro
3118 1648 3307 1703 ordine
3332 1646 3506 1700 dixit?
3524 1644 3682 1698 Prius

2119 1753 2270 1823 petit,
2294 1759 2352 1803 ut
2374 1749 2456 1803 lex
2487 1748 2535 1801 ei
2560 1752 2869 1817 poneretur,
2890 1742 2993 1797 hoc
3013 1748 3116 1803 est,
3143 1738 3345 1792 Novum
3369 1736 3683 1795 Testamen-

446 1859 565 1915 quae
583 1821 699 1897 vias
716 1856 861 1925 suas,
890 1841 943 1895 id
969 1848 1053 1894 est
1088 1846 1328 1909 peccata,
1356 1835 1698 1906 prodiderat:
1742 1830 1866 1899 quia
1914 1829 2014 1882 nisi

2080 1823 2091 1871 ί
2120 1821 2263 1903 tum;
2302 1839 2519 1901 deinde,
2544 1844 2604 1890 ut
2627 1835 2763 1903 legis
2791 1831 2955 1902 ipsius
2985 1829 3328 1883 intentionem
3359 1824 3682 1897 cognoscere.

447 1933 567 1989 illas
596 1935 938 1992 damnemus,
969 1930 1035 1982 ad
1058 1928 1213 1982 istam
1243 1925 1525 1994 pervenire
1572 1937 1677 1977 non
1712 1932 2014 1989 possumus.

446 2024 654 2078 lnstrue
679 2036 765 2074 me
794 2018 858 2073 ad
887 2015 1234 2077 intellectum,
1259 2013 1310 2066 id
1331 2020 1412 2066 est
1440 2011 1791 2080 pertinentem
1815 2006 1877 2059 ad
1902 2005 2020 2058 bea-

449 2121 558 2166 tam
594 2110 792 2164 vitam:
820 2116 876 2161 et
898 2104 1189 2161 exercebar
1211 2104 1262 2157 in
1294 2098 1631 2156 mirabilibus
1661 2098 1765 2151 tuis
1792 2112 1805 2160 ;
1836 2094 2021 2163 utique

448 2217 608 2257 sensu
642 2208 697 2255 et
722 2198 1026 2270 prudentia,
1072 2203 1131 2248 ut
1166 2195 1331 2249 Vetus
1358 2192 1759 2246 Testamentum
1809 2187 1875 2241 ad
1913 2185 2020 2253 spi-

448 2290 659 2346 ritalem
707 2290 887 2344 trahat
938 2285 1289 2341 intellectum.
1344 2281 1603 2336 Mirabilia
1646 2287 1803 2333 vocat
1852 2278 2017 2346 ipsas,

448 2395 586 2451 quas
616 2379 860 2453 superius
887 2385 1073 2438 vocat,
1095 2372 1525 2444 justiﬁcationes.

520 2471 681 2526 Vens.
713 2469 803 2526 28.
844 2499 916 2509 —
958 2465 1267 2521 Dormitavit
1319 2464 1496 2517 anima
1544 2477 1656 2514 mea
1690 2474 1797 2529 prw
1830 2456 2018 2511 taedio:

450 2562 703 2631 conﬁrma
730 2577 811 2614 me
839 2560 894 2613 in
919 2557 1083 2612 verbis
1112 2555 1235 2609 tuis.
1263 2553 1322 2607 ln
1344 2551 1501 2620 hujus
1543 2547 1834 2605 habitaculi
1880 2561 2022 2601 mor—

394 2709 400 2717 ,
452 2650 573 2705 talis
593 2651 823 2705 statione
843 2662 953 2717 pra:
978 2644 1131 2699 uectio
1168 2640 1551 2696 imbecillitatis
1588 2649 1858 2706 corporeis
1896 2649 2023 2689 con-

453 2740 604 2795 ﬁrma
626 2754 709 2794 me
736 2738 787 2792 in
814 2734 993 2791 verbis
1019 2734 1122 2787 tuis
1139 2773 1153 2798 ,
1178 2740 1237 2785 ut
1264 2729 1442 2785 ablato
1469 2727 1673 2798 peccati
1712 2739 1899 2780 somno
1944 2725 2025 2776 in-

451 2842 657 2887 Stanter
686 2832 738 2885 iu
776 2829 861 2885 his
888 2826 1121 2898 vigilem.

526 2923 687 2978 Vens.
718 2922 807 2977 29.
833 2952 904 2962 —
932 2918 1081 2974 Viam
1104 2915 1393 2987 iniquitatis
1412 2928 1588 2968 amore
1614 2928 1645 2964 a
1668 2925 1748 2963 me
1770 2908 1890 2963 etin
1916 2905 2024 2976 lege

453 3024 545 3068 tua
573 3017 816 3069 miserere
851 3013 969 3065 mei.
1002 3011 1079 3065 Ad
1111 3010 1258 3064 illam
1291 3004 1797 3074 contemplationem
1828 3000 2027 3055 verita-

457 3105 526 3159 tis
558 3113 773 3159 evectus
808 3102 960 3172 petit,
996 3100 1137 3170 quod
1177 3100 1229 3153 in
1276 3098 1382 3151 isto
1420 3094 1614 3149 steculo
1666 3091 2023 3145 necessarium

458 3196 575 3260 luit,
605 3204 664 3249 ut
689 3195 775 3249 via
795 3194 1115 3265 iniquitatis,
1138 3192 1239 3246 boc
1284 3198 1365 3243 est
1402 3184 1597 3241 diaboli
1633 3182 1759 3255 [51s.
1782 3223 1795 3247 ,
1842 3182 2024 3235 diabo-

456 3284 559 3359 lus]
588 3284 655 3340 ab
690 3285 807 3355 ejus
829 3282 1258 3339 infestationibus
1300 3278 1597 3333 tolleretur.
1628 3275 1693 3329 Et
1718 3275 1768 3328 in
1804 3273 1919 3341 lege
1941 3282 2029 3326 tua

456 3376 713 3433 miserere
748 3374 890 3437 mei;
931 3373 1069 3443 apud
1109 3379 1158 3425 te
1189 3370 1333 3424 enim
1380 3368 1465 3422 lex
1490 3367 1601 3420 bzec
1631 3360 1873 3418 instituta
1926 3370 2029 3422 est,

458 3476 515 3521 ut
553 3481 767 3536 semper
823 3462 1151 3518 miserearis.

528 3557 691 3611 Vens.
719 3554 805 3611 50.
832 3583 905 3595 --
938 3552 1082 3607 Viam
1110 3552 1337 3606 veritatis
1362 3548 1513 3618 elegi,
1547 3546 1753 3617 judicia
1800 3553 1889 3595 tua
1930 3546 2031 3594 ium

458 3656 573 3702 sum
598 3647 806 3702 oblitus.
835 3646 987 3702 Viam
1010 3643 1253 3697 veritatis
1294 3639 1449 3709 elegi,
1478 3638 1566 3691 ubi
1606 3647 1877 3689 currerem
1902 3648 1916 3693 ;
1946 3630 2033 3698 ju-

461 3740 599 3795 dicia
630 3750 719 3792 tua
742 3753 847 3791 non
872 3750 989 3789 sum
1015 3735 1229 3794 oblitus,
1262 3739 1320 3783 ut
1352 3740 1644 3783 currerem.
1695 3723 1845 3777 Viam
1887 3719 2031 3773 veri-

464 3830 587 3885 tatis
613 3828 746 3899 elegi
777 3826 1047 3881 Christum
1069 3822 1258 3877 Fillum
1280 3820 1392 3881 Dei,
1416 3830 1572 3887 quem
1596 3813 1891 3885 praevidens
1909 3824 2035 3863 ven-

465 3930 641 3972 turum
672 3918 725 3971 in
752 3915 1007 3970 mundum
1036 3912 1192 3967 audio
1212 3911 1475 3964 dicentem
1500 3924 1511 3957 :
1548 3903 1658 3973 Ego
1680 3918 1794 3956 sum
1820 3902 1925 3964 bia,
1958 3915 2037 3952 re-

466 4014 590 4065 ritas
619 4021 667 4064 et
699 4011 820 4063 vita.
846 4005 1052 4063 Iudicia
1085 4016 1173 4059 tua
1197 4018 1299 4057 non
1331 4014 1449 4054 sum
1474 3997 1671 4051 oblitus
1697 4011 1710 4058 ;
1768 3993 1855 4046 illa
1889 3991 2033 4061 judi-

464 4107 547 4159 ria
578 4117 696 4172 qua:
721 4102 773 4155 iu
799 4098 1105 4169 Evangeliis
1146 4092 1427 4165 proferens
1473 4089 1581 4142 ait:
1625 4086 1735 4139 Hoc
1777 4093 1857 4138 est
1898 4081 2037 4149 judi-

464 4195 628 4257 ‘eium,
659 4202 713 4246 ut
753 4191 919 4245 omnis
958 4190 1044 4259 qui
1076 4185 1234 4240 credit
1262 4186 1317 4236 in
1350 4179 1545 4235 Filium
1586 4178 1832 4237 hominis,
1854 4172 2036 4226 habeat

469 4285 621 4337 vitam
647 4293 913 4338 cateruam.

537 4375 697 4431 Vens.
720 4373 807 4425 3i.
834 4402 903 4411 —-
925 4369 1132 4423 Adkrrsi
1158 4364 1459 4421 testimoniis
1484 4360 1584 4413 tuis
1604 4400 1616 4420 ,
1647 4356 1882 4415 Domine,
1934 4349 2038 4403 noli

472 4480 549 4516 me
598 4460 931 4532 confundere.
986 4458 1052 4512 Et
1089 4456 1215 4526 quia
1264 4454 1349 4508 bis
1385 4452 1665 4505 adhaerens
1711 4442 2035 4497 anteriorum

475 4553 766 4609 facinorum
796 4548 1175 4619 indulgentiam
1204 4542 1405 4604 merui,
1437 4552 1615 4609 quarso
1644 4549 1707 4587 nc
1748 4546 1831 4586 me
1868 4529 2038 4601 patia-

478 4644 550 4698 ris
573 4642 637 4697 de
660 4648 712 4696 te
741 4642 945 4695 ratione
967 4636 1168 4709 peccati
1208 4630 1478 4687 confundi.

548 4734 704 4788 Vsus.
744 4732 831 4786 3'2.
863 4761 931 4770 —
970 4728 1119 4782 Viam
1169 4723 1532 4790 mandatorum
1564 4727 1770 4770 tuorum
1808 4711 2036 4771 cucurri,

478 4842 592 4877 cum
613 4824 843 4877 dilatasti
867 4838 956 4875 cor
990 4837 1178 4873 meum.
1208 4806 1397 4881 Cordis
1424 4811 1659 4869 dilatatio
1698 4805 1941 4861 veritatis
1960 4809 2043 4855 est

479 4915 709 4979 dilectio,
734 4912 873 4984 quod
901 4911 991 4964 Dei
1020 4888 1250 4962 munere
1267 4906 1343 4968 ﬁt,
1364 4914 1420 4957 ut
1442 4903 1489 4957 ei
1516 4916 1618 4955 non
1642 4900 1829 4951 timore
1850 4906 2038 4963 paen-.c,

474 5008 570 5064 'sed
587 5021 769 5063 amore
785 5003 1003 5073 justitize
1045 4999 1327 5057 serviatur,
1351 5008 1469 5047 cum
1486 4990 1720 5045 cbaritas
1746 4985 1837 5038 Dei
1857 4981 2047 5035 dill'un-

482 5101 622 5155 ditur
642 5099 695 5155 in
718 5070 966 5152 cordibus
989 5090 1185 5146 nostris
1211 5102 1305 5157 per
1345 5082 1601 5153 Spiritum
1639 5083 1910 5133 sanctum,
1954 5070 2041 5139 qui

479 5195 638 5247 'datus
666 5199 749 5245 est
775 5188 947 5243 nobis.
974 5187 1094 5239 ideo
1118 5197 1244 5251 ergo
1276 5177 1399 5249 [iste
1435 5174 1627 5244 (Edit.,
1668 5165 1880 5236 istam)]
1907 5166 2043 5217 viam

478 5280 854 5338 mandatorum
896 5277 990 5330 Dei
1037 5272 1294 5333 cucurrit,
1339 5268 1461 5337 quia
1507 5279 1599 5319 cor
1638 5261 1753 5329 ejus
1796 5256 2047 5310 Dominus

482 5364 743 5430 dilatavit.

557 5470 717 5524 Vens.
744 5467 833 5523 55.
858 5492 929 5503 -
953 5459 1134 5529 Legem
1161 5473 1289 5526 pone
1317 5454 1460 5514 mihi,
1489 5448 1727 5507 Domine,
1766 5442 1901 5493 riam
1933 5436 2048 5503 jus-

487 5555 825 5631 tiﬁcationum
851 5566 1082 5612 tuarum,
1107 5558 1151 5601 et
1168 5548 1431 5615 exquiram
1454 5556 1565 5594 eam
1592 5548 1804 5603 semper.
1838 5529 1931 5582 llic
1958 5528 2052 5579 itc-

492 5618 610 5709 ‘ritm
634 5653 780 5723 plebs
816 5643 1057 5718 procedit
1100 5639 1274 5697 beata,
1309 5637 1359 5688 iu
1409 5648 1512 5702 qua
1548 5629 1646 5683 sibi
1696 5624 1866 5691 legem
1924 5618 2054 5687 petit

572 5804 591 5828 ι·
621 5788 783 5843 tiodd.
828 5795 992 5838 utss.:
1031 5793 1045 5822 ι
1084 5770 1160 5825 Ad
1210 5767 1445 5834 quintani
1485 5762 1712 5815 litteram
1754 5752 1897 5822 plebs

2115 1931 2428 1994 meruisset,
2510 1929 2771 1998 quatenus
2825 1937 2945 1978 eam
2993 1926 3105 1976 tota
3155 1917 3455 1987 integritate
3509 1915 3686 1969 cordis

2117 2021 2376 2074 servaret.

2187 2111 2346 2165 Vens.
2371 2106 2459 2162 35.
2482 2120 2553 2147 -'—-—
2584 2100 2761 2157 Deduc'
2787 2114 2866 2154 me
2886 2100 2940 2152 in
2967 2101 3149 2153 semita
3179 2088 3544 2149 mandatorum
3571 2096 3687 2146 tuo-

2119 2218 2254 2265 rum,
2280 2199 2401 2272 quia
2432 2199 2594 2268 ipsam
2623 2192 2777 2248 volui.
2806 2188 3005 2245 Semita
3042 2187 3215 2241 minor
3236 2193 3318 2238 est
3366 2197 3526 2252 quam
3574 2182 3681 2243 via,

2118 2296 2219 2347 hoc
2241 2299 2322 2346 est
2352 2297 2500 2344 arcta
2525 2294 2579 2342 et
2615 2290 2834 2355 angusta
2862 2281 2964 2341 via,
3016 2279 3119 2333 boc
3169 2284 3249 2330 est
3304 2274 3491 2327 altiora
3532 2285 3684 2325 man-

2112 2382 2259 2443 data,
2289 2395 2406 2449 quae
2426 2379 2624 2432 ducunt
2653 2376 2717 2428 ad
2742 2374 2923 2425 vitam.
2958 2367 3203 2422 Mandata
3242 2364 3341 2417 ista
3384 2360 3514 2415 Novi
3553 2358 3683 2413 Tes-

2119 2471 2338 2527 tamenti
2372 2467 2627 2522 debemus
2672 2463 2934 2531 accipere,
2962 2458 3049 2511 ubi
3099 2470 3156 2509 se
3199 2451 3417 2524 perduci
3464 2451 3682 2519 magno-

2116 2580 2245 2638 pere
2272 2559 2608 2634 precabatur.
2655 2555 2829 2624 lpsam
2878 2548 3038 2609 Volui;
3074 2546 3175 2599 hoc
3221 2551 3301 2598 est
3325 2541 3456 2597 Novi
3506 2540 3691 2595 'Pesta-

2121 2629 2289 2709 inenti
2326 2651 2552 2722 gratiam
2582 2646 2837 2706 divinam,
2868 2634 2969 2709 per
3006 2650 3170 2707 quam
3218 2648 3275 2689 se
3322 2632 3386 2687 ad
3433 2629 3689 2687 calorum

2122 2759 2284 2817 regna
2308 2746 2533 2797 boverat
2580 2736 2879 2809 pervenire.

2191 2856 2348 2929 365
2363 2844 2524 2909 Vens.
2539 2843 2905 2927 56.——Incliua
2922 2857 3010 2895 cor
3026 2853 3195 2891 meum
3207 2836 3259 2887 iu
3276 2829 3565 2886 testimonia
3578 2837 3688 2891 tua,

2125 2964 2171 3008 et
2192 2915 2373 3005 ἷῖοἶῖη
2396 2941 2691 3003 avaritiam,
2707 2935 2832 2991 dicit
2850 2918 3109 2989 Ecclesia,
3126 2925 3177 2979 id
3200 2921 3345 2977 estin
3366 2915 3690 2978 humilitate,
3784 2926 3785 2929 γ

2124 3001 2331 3099 uti-llud
2359 3056 2370 3067 ·
2404 3033 2651 3093 Discitea
2683 3001 2765 3081 me
2786 3023 2908 3093 quia
2930 3020 3066 3074 mitis
3087 3030 3201 3070 sum
3228 3021 3274 3066 et
3302 3008 3513 3063 humilis
3536 3001 3689 3059 Corde

2051 3161 2094 3220 ρ
2364 3143 2437 3189 xi,
2463 3122 2574 3192 29).
2616 3106 2960 3216 Testimoniis
3002 3108 3195 3220 qpippe
3232 3101 3354 3220 suis.
3378 3092 3695 3220 agit

2133 3182 2253 3277 eum
2302 3220 2459 3278 Deus,
2509 3182 2568 3265 ut
2608 3224 2728 3264 cum
2764 3204 2932 3276 gratis
2972 3200 3228 3254 colamus.
3287 3189 3426 3262 quod
3475 3182 3696 3255 impedit

2134 3309 2380 3371 avaritia,
2427 3303 2577 3359 radix
2615 3296 2851 3369 omnium
2886 3290 3169 3345 malorum.
3200 3284 3339 3353 Ergo
3364 3290 3468 3335 non
3493 3274 3692 3333 habea-

2134 3410 2253 3458 mus
2296 3389 2606 3454 inclinatum
2645 3402 2738 3445 cor
2759 3368 2811 3439 in
2840 3379 3121 3436 avaritiam
3151 3392 3162 3427 :
3192 3386 3297 3427 non
3327 3370 3567 3425 colamus
3589 3361 3696 3419 Do-

2134 3494 2358 3551 minum,
2402 3484 2505 3540 nisi
2552 3488 2771 3553 propter
2819 3463 3122 3531 Dominum,
3158 3466 3218 3519 ut
3261 3460 3343 3516 sul
3378 3457 3553 3513 cultus
3584 3454 3697 3523 ipse

2133 3583 2206 3635 sit
2234 3590 2459 3632 merces.
2662 3586 2715 3607 δ

2204 3670 2363 3724 Vens.
2393 3661 2478 3718 57.
2506 3691 2573 3700 ——
2600 3658 2779 3712 Arerte
2809 3652 2982 3707 oculos
3033 3650 3191 3709 meos,
3230 3660 3292 3697 ue
3316 3630 3518 3695 rideant
3549 3636 3695 3689 raui-

2134 3773 2313 3821 tatem,
2341 3758 2395 3809 iu
2424 3755 2504 3808 via
2532 3761 2620 3803 tua
2653 3743 2850 3814 riviﬁca
2883 3758 2979 3794 me.
3012 3738 3204 3791 Averte
3231 3729 3413 3786 oculos
3448 3739 3616 3786 meos,
3647 3723 3698 3775 id

2135 3864 2217 3910 est
2261 3864 2449 3906 sensus
2490 3858 2659 3905 meos,
2713 3854 2778 3893 nc
2826 3836 3040 3888 videant
3082 3828 3392 3883 vanitatem,
3424 3818 3477 3872 id
3504 3824 3588 3871 est
3608 3814 3700 3868 de—

2138 3947 2439 4002 leetioucm.
2478 3938 2554 3993 Ac
2589 3932 2633 3990 si
2670 3934 2830 3987 dicat.
2881 3928 2931 3982 in
2977 3924 3079 3977 ista
3126 3917 3378 4002 vanitate,
3432 3907 3572 3979 quod
3616 3913 3701 3959 est

2139 4034 2383 4095 defectio,
2420 4047 2526 4086 non
2566 4025 2792 4081 habeam
2818 4014 3020 4073 'oculos
3069 4024 3236 4071 meos,
3288 3999 3339 4059 id
3386 4010 3467 4055 est
3511 4009 3701 4095 sensus
3744 4044 3747 4045 ν

2141 4141 2305 4187 meos,
2329 4121 2550 4181 deﬁxos,
2573 4115 2684 4176 sed,
2716 4108 2906 4179 inquit,
2932 4106 2984 4158 in
3010 4104 3093 4154 via
3118 4109 3208 4152 tua
3233 4090 3443 4153 viviﬁea
3471 4100 3575 4148 me,
3598 4084 3703 4138 huc

2139 4210 2221 4272 est
2248 4177 2305 4270 in
2332 4177 2614 4277 temetipso
2635 4177 2803 4275 [Editi
2838 4186 3200 4260 temetipsum]
3228 4180 3310 4239 vel
3345 4183 3396 4235 in
3428 4180 3531 4233 tuis
3553 4177 3702 4229 mar.-

2141 4308 2277 4364 datis
2306 4301 2513 4357 viviﬁca
2537 4311 2621 4350 me
2652 4295 2704 4347 iu
2732 4288 2933 4343 anima.

2210 4418 2372 4473 Vsus.
2388 4407 2733 4469 38.——Statue
2754 4415 2894 4455 servo
2916 4406 3005 4469 tuo
3025 4376 3281 4460 eloquium
3296 4395 3439 4438 tuum
3454 4367 3505 4433 in
3520 4380 3701 4432 timore

2065 4517 2113 4575 Ι)
2141 4521 2249 4564 tuo.
2273 4501 2473 4559 Stabile
2498 4499 2558 4553 ﬁt
2580 4494 2846 4565 eloquium
2868 4482 3077 4542 Domini
3099 4482 3151 4535 in
3176 4474 3333 4532 corde
3356 4478 3559 4533 nostro,
3581 4483 3703 4521 Clllll

2144 4602 2201 4656 ﬁt
2222 4597 2362 4669 quod
2378 4593 2563 4649 eodem
2578 4586 2796 4658 iubetur
2818 4576 3056 4647 eloquio;
3077 4579 3131 4625 et
3150 4565 3411 4624 avellitur,
3436 4571 3705 4663 cum.cou-

2145 4650 2368 4749 trai'ium
2395 4698 2529 4754 opus
2559 4680 2753 4748 agitur.
2781 4672 2923 4725 Petit
2950 4678 3077 4734 ergo
3110 4672 3296 4715 servus
3328 4654 3441 4715 Dei,
3477 4659 3536 4705 ut
3560 4650 3613 4704 in
3642 4664 3706 4754 eo

2144 4736 2489 4839 conﬁrmetur
2529 4736 2829 4825 obiadicmia
2858 4767 3227 4830 perseverans,
3253 4762 3359 4819 qua
3389 4743 3539 4818 [λιιι.
3563 4736 3702 4838 qum]

2139 4872 2203 4925 de
2252 4874 2395 4922 statu
2441 4876 2538 4917 suo
2593 4856 2733 4911 nullo
2781 4828 2932 4907 mal-.e
2990 4841 3213 4899 actionis
3274 4839 3551 4891 moveatur
3608 4828 3707 4880 im~

2144 4960 2293 5029 pulsu
2323 4976 2334 5009 :
2359 4953 2510 5022 Quod
2531 4964 2627 5020 per
2650 4944 2897 5016 spiritum
2920 4947 2975 4993 et
2998 4936 3245 4990 timorem
3267 4926 3572 4979 ﬁtcastum,
3598 4930 3703 5016 quo

2146 5014 2363 5109 '(‘avctur
2403 5061 2468 5101 ne
2512 5014 2811 5098 oll'cndatur
2855 5030 3121 5088 Charitas,
3164 5034 3267 5074 non
3301 5028 3408 5084 quo
3453 5014 3708 5063 metuitur

2148 5142 2297 5215 [Msa
2326 5132 2613 5205 metuatur]
2639 5146 2705 5184 ne
2730 5127 3011 5182 damnetur
3039 5113 3302 5183 impietas.

2218 5252 2377 5304 Vsus.
2402 5246 2489 5302 39.
2514 5271 2577 5283 -—
2598 5239 2820 5305 Amputa
2842 5225 3168 5299 opprobrium
3189 5231 3357 5272 meum
3376 5208 3513 5283 quod
3534 5205 3708 5305 suspi-

2150 5353 2294 5395 catus
2325 5354 2461 5397 sum,
2487 5294 2823 5403 quiajudicia
2845 5294 2933 5373 tua
2954 5312 3212 5387 jucunda.
3235 5309 3292 5363 ιιι
3322 5296 3584 5401 sententia
3604 5294 3707 5364 ista

2150 5431 2439 5488 maximum
2448 5386 2670 5493 Y[vitiuin
2687 5412 2875 5485 Uidit,
2895 5386 3239 5473 exemplum]
3255 5386 3602 5493 humanitatis
3616 5398 3709 5439 ex-

2152 5522 2381 5592 ponitur.
2399 5480 2772 5567 !lltiltieuim‘in
2787 5497 3124 5571 opprobrium
3148 5487 3341 5592 cadunt
3370 5480 3525 5534 aliter
3549 5487 3709 5545 quam

2156 5574 2351 5667 liabeat
2385 5601 2585 5657 veritas
2617 5588 2973 5663 suspicando:
3002 5594 3161 5651 quam
3194 5574 3403 5641 culpam
3428 5574 3627 5636 rogata
3654 5574 3713 5614 se

1946 5724 2359 5817 protulit'beata,
2394 5734 2444 5788 iu
2478 5748 2581 5801 qua
2614 5724 2710 5781 sibi
2740 5722 2906 5789 legem
2948 5712 3075 5783 petit
3104 5703 3373 5764 constitui;
3408 5718 3425 5750 ι
