4230 6218
602 362 706 418 003

1438 364 1497 418 Β.
1538 363 1598 418 F.
1642 364 1862 419 ALBlNl
1904 363 2030 418 SEU
2054 361 2343 417 ‘ALCUINI
2382 361 2662 417 OPERUM
2700 360 2878 417 PARS
2914 362 2974 419 ll.

3717 360 3818 413 60$

603 475 888 544 amputari.
915 473 1157 544 Suspicio
1178 473 1317 529 enim
1341 474 1637 543 saepissime
1660 475 1914 543 probatur
1934 461 2157 534 incerta,
2189 486 2231 538 Α
2334 472 2493 527 Vens.
2524 444 2611 526 λϐ.
2635 501 2702 514 --
2723 471 2790 526 Et
2816 472 3061 542 loquebar
3087 473 3150 527 de
3175 472 3477 526 testimoniis
3500 472 3602 525 tuis
3625 472 3677 523 in
3700 487 3821 524 cono

603 578 722 634 qua:
744 565 863 619 viro
882 577 989 618 non
1014 563 1261 618 convenit
1278 561 1602 617 Christiano.
1630 563 1755 618 lliec
1773 578 1902 634 ergo
1925 564 2157 634 suspicio

601 654 746 708 ducit
770 653 835 707 ad
857 652 1220 723 opprobrium,
1249 653 1390 721 quod
1418 667 1482 708 ex
1516 662 1737 723 peccato
1763 654 2019 709 nascitur.
2052 652 2160 707 Me-

604 748 705 800 rito
749 745 848 799 sibi
885 743 1176 813 jucundum
1221 742 1429 799 Domini
1458 744 1667 799 dicebat
1702 758 1821 799 esse
1863 744 2156 807 decretum,

598 850 695 905 per
718 835 859 904 quod
893 851 951 890 se
995 842 1048 888 et
1088 834 1322 904 requiem
1353 834 1617 903 reperisse
1656 844 1899 899 noverat,
1927 842 1982 888 et
2007 848 2160 888 coro-

601 942 724 982 nam
749 935 1077 997 perpetuam.
1760 917 1763 920 ⁴

672 1016 828 1070 Vens.
860 1015 947 1067 40.
976 1045 1043 1055 -
1070 1014 1203 1069 Ecce
1224 1015 1489 1083 concupiri
1517 1014 1763 1067 mandata
1784 1023 1896 1077 tua,
1922 1016 1976 1067 in
1999 1015 2159 1084 aqui-

597 1114 702 1157 tate
746 1115 835 1156 tua
881 1103 1078 1171 rivi/ica
1123 1120 1222 1156 mc.
1266 1102 1457 1157 Fecisti
1502 1118 1608 1163 me,
1654 1103 1853 1171 inquit,
1909 1105 2155 1172 cupidum

597 1195 969 1247 maniatorum
1017 1202 1256 1255 tuormn,
1306 1192 1392 1247 lac
1433 1203 1488 1246 et
1534 1192 1822 1247 ellicaccm.
1861 1192 2068 1262 Adjuva
2101 1204 2169 1258 ut,

597 1282 790 1337 faciam
817 1285 956 1353 quod
986 1283 1350 1346 commendas,
1388 1282 1523 1337 dona
1571 1283 1681 1350 ipse
1726 1282 1868 1352 quod
1914 1284 2152 1338 mandas.

598 1372 771 1428 litium
823 1382 927 1433 est,
972 1372 1211 1435 Domine,
1260 1381 1364 1427 tua:
1408 1374 1766 1429 miserationis
1810 1375 2042 1437 donum,
2100 1383 2158 1427 ut

594 1461 803 1530 eloquia
832 1472 1015 1516 sancta
1049 1461 1408 1517 custodientes
1440 1462 1492 1516 in
1524 1472 1611 1516 tua
1638 1465 1887 1532 :equitate
1917 1464 2154 1519 vivilice-

595 1568 735 1614 mur,
769 1554 868 1608 hoc
890 1562 993 1614 est,
1018 1561 1078 1606 ut
1100 1560 1358 1622 :equalcn.
1392 1562 1443 1607 'e
1469 1553 1612 1608 Patri
1644 1564 1698 1609 et
1720 1554 1939 1624 Spiritui
1969 1565 2156 1611 sancto

596 1643 857 1699 fateamur
894 1643 1044 1716 [δίδη
1075 1660 1195 1700 cum
1224 1646 1497 1715 tequalcm.
1524 1688 1537 1701 .
1559 1687 1574 1703 .
1602 1686 1614 1702 .
1638 1647 1944 1713 .l'atemcr.l

667 1734 829 1787 Vens.
862 1733 951 1787 Η.
981 1764 1050 1773 -
1075 1734 1138 1787 Et
1170 1737 1336 1788 veniat
1375 1754 1527 1806 super
1552 1755 1631 1791 me
1656 1739 2011 1792 misericordm
2038 1748 2150 1801 tua,

2259 574 2431 632 spectu
2459 580 2651 633 regum,
2679 575 2726 618 et
2750 581 2851 618 non
2871 563 3243 631 confundebar.
3266 562 3609 632 Loquebatur
3625 561 3818 634 [Edit.,

2258 653 2534 726 loquebar]
2556 655 2620 710 de
2645 656 2964 711 testimoniis
2988 654 3217 719 Domini,
3240 655 3491 724 quoniam
3516 651 3668 725 [Ms.,
3687 668 3822 724 quo-

2256 745 2434 817 modo]
2462 746 2724 814 petiverat
2747 754 2803 801 ct
2828 754 3132 815 acceperat,
3172 754 3232 800 ut
3254 745 3603 814 responderet
3628 759 3821 815 expro-

2255 834 2532 890 brantibus
2561 835 2660 890 sibi
2690 837 2942 899 verbum;
2974 850 3078 904 qua
3110 834 3365 889 ﬁrmitate
3390 832 3669 888 roboratus
3691 836 3821 889 ante

2256 938 2408 994 reges
2436 926 2612 978 saeculi
2643 926 2772 980 dicit
2803 936 2859 981 se
2900 941 3003 980 non
3033 940 3151 980 esse
3177 923 3480 988 confusum,
3504 924 3598 979 sed
3621 923 3823 978 verita-

2255 1022 2360 1068 tem
2391 1016 2667 1084 intrepidis
2696 1017 3029 1071 sermonibus
3059 1016 3360 1071 exercebat.

2327 1104 2485 1157 Vens.
2522 1104 2610 1157 47.
2632 1104 2789 1158 -Ει
2825 1105 3109 1159 meditabor
3146 1107 3199 1159 in
3236 1105 3499 1160 mandatis
3539 1106 3666 1169 tuis,
3703 1119 3821 1175 qua:

2255 1192 2434 1247 dilexi.
2466 1194 2563 1248 llic
2599 1195 2832 1249 ostendit
2868 1194 3218 1273 frequentatae
3262 1195 3623 1250 meditationis
3664 1197 3822 1251 ardo-

2258 1299 2391 1338 rem.
2442 1286 2681 1342 Meditari
2724 1289 2871 1343 enim:
2915 1290 3167 1343 mandata
3214 1304 3320 1344 non
3351 1289 3568 1357 poterit,
3598 1289 3697 1344 nisi
3726 1289 3819 1360 qui

2253 1389 2317 1429 ea
2344 1376 2555 1430 assidua
2586 1376 2809 1431 lectione
2844 1379 3188 1447 percurrcrit.
3229 1378 3361 1445 Qum
3398 1378 3575 1439 dilexi,
3608 1380 3815 1447 inquit;

2254 1465 2523 1535 negligere
2562 1468 2703 1521 enim
2748 1482 3019 1537 nunquam
3066 1477 3242 1539 potest
3283 1470 3443 1524 homo
3474 1483 3593 1538 quae
3628 1469 3815 1540 diligit.

2255 1554 2433 1619 Addit,
2449 1557 2620 1619 nimis,
2635 1572 2795 1626 supra
2814 1572 2975 1626 quam
2992 1557 3130 1612 nulla
3144 1566 3321 1628 potest
3337 1557 3549 1612 dilectio
3571 1558 3816 1626 reperiri.

2330 1646 2486 1700 Vsus.
2518 1645 2605 1702 48.
2634 1676 2704 1686 —
2725 1646 2793 1700 Et
2826 1646 3000 1701 levabo
3047 1645 3417 1721 [Ms.,jl¢vari]
3458 1663 3643 1701 :nanus
3678 1663 3819 1701 meas

2254 1735 2322 1789 ad
2348 1738 2594 1789 mandata
2639 1746 2749 1799 tua,
2774 1753 2889 1807 qutc
2923 1736 3099 1796 dilexi,
3142 1747 3190 1791 et
3225 1736 3498 1791 exercebar
3536 1736 3591 1789 in
3608 1734 3816 1805 justiﬁc

595 1821 834 1889 Domine,
866 1823 1095 1877 salutare
1123 1835 1267 1877 tuum
1294 1826 1571 1878 secundum
1599 1826 1856 1896 e'oquium
1878 1839 2044 1881 tuum.
2073 1830 2152 1883 Ad
2186 1823 2227 1881 Β
2257 1828 2543 1880 cationibus
2573 1828 2695 1880 tuis.
2729 1826 3004 1895 Superiori
3054 1841 3213 1881 versu
3257 1827 3410 1888 dixit,
3451 1825 3743 1880 meditabor
3762 1826 3818 1880 in

594 1921 797 1966 sextam
834 1912 1066 1967 litteram
1108 1915 1441 1967 conversatio
1468 1924 1649 1970 sancta
1676 1918 1940 1986 pervenit,
1972 1919 2025 1971 in
2050 1933 2154 1986 qua

595 2003 693 2057 sibi
744 2004 972 2071 postulat
1026 2002 1314 2057 salutarem
1362 2003 1641 2056 Dominum
1683 2004 1878 2058 debere
1915 2006 2153 2068 concei,

594 2095 682 2162 qui
713 2103 797 2148 est
825 2095 1187 2149 misericordia
1234 2102 1590 2163 peccatorum,
1640 2102 1695 2148 et
1734 2095 1844 2149 vita
1890 2094 2152 2157 ﬁdelium,

594 2196 690 2249 per
727 2199 884 2261 quem
914 2184 1057 2237 sal:.s
1085 2184 1329 2254 gentibus
1356 2185 1518 2238 venit.
1552 2182 1857 2239 Secundum
1885 2186 2155 2253 eloquium

592 2283 764 2338 tuum,
795 2276 949 2337 dixit,
986 2276 1035 2329 id
1061 2284 1145 2331 est
1173 2274 1509 2347 [secundum]
1540 2277 1947 2344 promissionem
1974 2286 2153 2342 tuam,

597 2380 756 2434 quam
779 2380 874 2435 per
901 2367 1190 2434 prophetas
1217 2365 1530 2435 promisisti.
2068 2358 2081 2377 ί

668 2454 843 2510 νιίῐιε..
868 2454 955 2508 4'2.
990 2485 1061 2495 —
1088 2454 1154 2509 Et
1194 2457 1504 2527 respondebo
1552 2458 1977 2519 erprobrantibus
2029 2459 2156 2512 milii

593 2547 818 2609 verbum,
863 2547 983 2617 quia
1032 2549 1229 2617 sperari
1258 2550 1310 2601 in
1346 2549 1665 2602 sermonibus
1699 2550 1821 2602 tuis.
1854 2549 1979 2603 llmc
2005 2550 2156 2602 nobis

586 2618 793 2689 ‘iniieat
820 2635 1057 2689 absolute
1086 2638 1372 2700 sententia,
1423 2638 1845 2707 respondendum
1877 2653 1994 2693 esse
2033 2638 2158 2693 viri-

592 2723 714 2778 liter
765 2725 1199 2787 adversantibus,
1249 2740 1316 2779 ne
1370 2725 1512 2798 [sibi]
1564 2728 1967 2799 malignantium
2016 2744 2155 2798 prte-

594 2814 824 2883 snmptio
867 2814 1108 2883 superior
1156 2829 1277 2868 esse
1317 2816 1579 2869 videatur.
1631 2817 1969 2885 Exprohrant
2013 2818 2159 2871 enim

592 2908 812 2960 verbum
840 2906 987 2978 [Μδη
1013 2908 1123 2961 ver'.
1146 2906 1201 2978 ο]
1230 2908 1317 2975 qui
1341 2908 1528 2962 Filium
1558 2910 1739 2963 dicunt
1761 2925 1879 2965 esse
1899 2910 2157 2964 minorem

592 2997 769 3053 Patre.
813 2999 945 3064 Quia
976 2999 1205 3068 sperari,
1226 3007 1543 3055 constanter
1573 3001 1656 3055 his
1688 3002 2038 3072 respondebo,
2067 3002 2155 3070 qui

590 3101 785 3142 vanam
824 3087 1005 3141 dicunt
1041 3099 1189 3159 spem
1220 3104 1394 3142 meum
1426 3104 1587 3158 quam
1626 3089 1680 3143 in
1721 3095 1773 3142 te
1802 3089 1995 3153 habeo,
2033 3089 2159 3159 quia

592 3177 802 3232 illorum
827 3192 950 3247 spes
979 3178 1153 3231 inanis
1179 3187 1280 3232 est.

663 3268 824 3322 Vens.
869 3267 1054 3321 45.-——
1086 3266 1149 3319 Et
1189 3282 1252 3320 ne
1302 3267 1509 3337 auferas
1555 3268 1619 3322 de
1665 3285 1753 3323 ore
1793 3285 1905 3323 meo
1949 3253 2154 3322 uerbum

591 3358 819 3412 veritatis
854 3373 1234 3428 usquequaque,
1267 3374 1388 3428 quia
1430 3359 1482 3412 in
1508 3358 1728 3429 judiciis
1756 3361 1858 3434 tuis
1886 3374 2155 3429 ευμεν-δρε-

532 3522 535 3523 ν
596 3452 724 3505 rari.
757 3450 929 3521 Rogat
970 3460 1029 3503 ut
1075 3449 1459 3505 confessionem
1510 3452 1753 3506 veritatis
1797 3453 1861 3507 de
1902 3451 2017 3522 ejus
2060 3467 2155 3506 ore

593 3542 751 3597 nulla:
779 3557 966 3611 pti‘tttB,
1006 3541 1181 3594 m:llus
1207 3549 1401 3603 terror,
1430 3540 1799 3611 extorqueant.
1828 3541 1961 3597 Cum
1996 3542 2151 3606 dicit,

595 3646 970 3701 usquequaque,
1026 3631 1287 3702 significat
1337 3631 1554 3685 verbum
1582 3634 1824 3687 veritatis
1852 3632 1916 3685 ad
1946 3642 2154 3701 tempus

595 3721 861 3791 aliquibus
885 3719 1047 3774 fuisse
1073 3721 1370 3774 sublatum:
1396 3722 1464 3775 ω
1484 3721 1642 3775 Petro
1662 3723 1900 3792 contigit,
1925 3722 2156 3793 quiante

593 3813 715 3883 galli
743 3822 957 3866 cautum
987 3820 1069 3867 tcr
1116 3813 1391 3869 Dominum
1438 3816 1684 3885 negavit:
1710 3815 1776 3869 Et
1818 3816 1930 3885 ipse
1977 3826 2154 3871 tamen

594 3902 717 3957 illud
740 3911 1015 3972 peccatum
1047 3902 1257 3957 ﬂetibus
1285 3904 1490 3963 delevit,
1523 3915 1577 3957 et
1600 3905 1873 3974 sanguinis
1900 3905 2156 3958 ctl‘usione

595 4009 720 4049 muu
745 3994 888 4046 ’avit.
923 3993 1058 4057 Quia
1082 3994 1135 4046 in
1157 3993 1372 4061 jvdiciis
1406 3994 1506 4045 :nis
1541 3996 1913 4063 superspcraei.
1950 3992 2155 4049 iudicia

592 4082 732 4137 enim
760 4082 965 4135 Domini
1000 4090 1177 4146 erant,
1205 4083 1342 4151 quoi
1388 4082 1553 4137 turba:
1591 4093 1887 4154 martyrum
1932 4084 2157 4139 diversis

592 4174 917 4227 cruciatibus
946 4175 1240 4244 agebantur
1262 4172 1411 4243 [Ms.,
1436 4174 1853 4228 cruciationibus
1883 4176 2156 4244 angeban-

600 4262 708 4333 tur]
739 4264 803 4316 ad
834 4278 995 4332 regna
1027 4264 1303 4317 cmlorum.

663 4354 823 4408 Vens.
852 4353 939 4406 44.
962 4384 1031 4394 --
1060 4353 1125 4407 Et
1162 4354 1449 4408 custodiam
1492 4354 1652 4426 legem
1691 4364 1834 4409 luant
1866 4373 2068 4427 semper
2096 4358 2147 4410 in

593 4444 838 4499 sa'eulum
876 4455 921 4498 et
962 4445 1014 4498 in
1052 4442 1297 4497 sa’equm
1342 4444 1539 4499 strculi.
1589 4445 1691 4501 Iste
1733 4453 1788 4503 et
1832 4446 1919 4500 alii
1965 4462 2154 4501 versus

592 4548 760 4604 usque
786 4536 851 4588 ad
893 4535 1050 4588 linem
1092 4533 1283 4587 littera:
1320 4548 1424 4587 non
1466 4534 1662 4587 habent
1706 4534 2150 4602 deprecationem,
2188 4510 2232 4565 θ

593 4640 619 4679 s
655 4626 686 4679 d
716 4624 1095 4678 narrationem.
1128 4621 1383 4691 Superius
1410 4623 1542 4692 petit
1566 4630 1624 4676 ut
1652 4624 1938 4694 acciperet,
1981 4623 2066 4677 hic
2093 4624 2157 4677 dc

590 4715 857 4785 perceptis
901 4716 1101 4782 gratias
1148 4715 1276 4784 agit.
1324 4714 1538 4785 Semper
1584 4730 1741 4769 omne
1780 4724 1989 4786 tempus
2035 4716 2157 4769 vitae

591 4805 871 4875 prmscntis
900 4804 1133 4858 ostendit
1156 4823 1168 4857 :
1193 4806 1247 4858 in
1271 4806 1461 4859 sarculo
1485 4821 1612 4860 vero
1636 4804 1873 4860 futurum
1905 4808 2152 4861 saeculum

593 4903 876 4952 monstrat.
906 4894 1037 4968 [Lex
1070 4895 1259 4964 (Hdie,
1289 4896 1453 4967 H:ee)]
1480 4906 1673 4958 autem,
1709 4913 1868 4967 quam
1898 4908 2155 4969 perpetuo

592 4986 861 5042 custodire
894 4985 1183 5048 desiderat,
1235 4987 1468 5039 charitas
1519 4988 1821 5055 accipienda
1876 4998 1976 5051 est,
2030 4992 2152 5060 quia

593 5078 707 5146 ipsa
742 5086 824 5130 est
847 5078 1117 5146 plenitudo
1146 5076 1274 5147 legis
1299 5094 1311 5128 :
1335 5085 1387 5129 et
1415 5077 1747 5131 cessantibus
1775 5080 1984 5134 czetcris
2006 5095 2153 5133 man—

597 5167 736 5220 datis
765 5165 871 5218 sola
897 5175 1175 5233 permanet
1209 5167 1259 5221 in
1284 5174 1561 5221 mteruum.

664 5258 826 5328 366
848 5258 1004 5311 Vens.
1030 5256 1195 5311 45.-
1209 5258 1272 5309 Et
1296 5257 1623 5311 ambulabam
1643 5257 1696 5312 in
1718 5256 2007 5319 latitudine,
2033 5260 2155 5324 quia

603 5348 850 5400 mandata
873 5355 963 5400 tua
990 5348 1257 5417 exquisivi.
1300 5347 1557 5402 Dilatatus
1588 5350 1727 5405 enim
1758 5363 1873 5403 sum
1902 5348 1952 5402 in
1981 5361 2154 5402 custo-

600 5436 683 5489 dia
709 5437 838 5507 legis
865 5448 990 5499 tum,
1010 5439 1133 5506 quia
1164 5438 1413 5492 mandata
1444 5445 1531 5491 tua
1562 5438 1840 5508 exquisivi.
1872 5437 2158 5508 Diligenter

601 5538 662 5576 ca
691 5534 1035 5593 perscrutans
1063 5529 1128 5582 ad
1158 5528 1260 5583 hoc
1288 5526 1570 5597 exquisivi,
1599 5537 1658 5581 ut
1690 5528 1962 5583 crederem
1992 5534 2043 5583 et
2079 5528 2157 5581 in—

603 5612 909 5681 t-illigerem.

2254 1920 2513 1973 mandatis
2530 1921 2654 1983 tuis,
2678 1921 2816 1990 quod
2845 1921 2909 1974 at]
2931 1921 3181 1974 virtutem
3206 1920 3421 1991 respicit
3438 1919 3815 1988 inspectivam;

2254 2009 2408 2062 modo
2438 2018 2614 2063 autem
2644 2010 2796 2073 dixit,
2824 2008 2998 2064 levabo
3028 2027 3210 2063 manus
3238 2026 3399 2072 meas,
3429 2009 3570 2077 quod
3600 2010 3667 2062 ad
3694 2022 3819 2078 par-

2254 2106 2362 2151 tem
2410 2099 2639 2168 pertinct
2679 2098 2960 2153 actualem.
2990 2097 3192 2152 Levare
3228 2098 3371 2151 enim
3413 2112 3606 2152 manus
3634 2094 3684 2154 Ι·
3711 2110 3815 2151 non

2254 2187 2407 2255 quasi
2433 2202 2461 2239 a
2495 2187 2862 2241 recordatione
2886 2186 3165 2249 exciderit,
3192 2187 3444 2241 admonet
3470 2204 3483 2239 :
3511 2184 3587 2258 et]
3616 2184 3820 2257 signiti-

2256 2283 2344 2328 cat
2376 2274 2529 2329 bonis
2556 2275 2805 2343 operibus
2829 2277 3100 2345 occupari.
3127 2275 3230 2342 Qui
3258 2276 3310 2329 in
3338 2276 3494 2329 malis
3520 2275 3818 2329 actionibus

2254 2362 2541 2427 detinetur,
2584 2380 2688 2418 non
2730 2363 2873 2419 levat
2917 2380 3107 2419 manus
3144 2378 3290 2418 suas.
3334 2364 3402 2419 Et
3446 2364 3716 2419 exercebar
3762 2364 3817 2419 in

2246 2455 2710 2525 justiﬁcationibus
2760 2457 2884 2511 tuis.
2935 2456 3006 2511 lbi
3057 2456 3432 2518 neditabatur.
3483 2456 3575 2515 ubi
3621 2456 3818 2510 mentis

2256 2541 2355 2597 fuit
2375 2544 2597 2598 intentio
2627 2543 2817 2616 [Edit.,
2862 2544 2957 2601 Ubi
2985 2545 3300 2609 meditabar,
3330 2543 3418 2598 ubi
3445 2545 3585 2599 enim
3621 2545 3819 2599 mentis

2255 2644 2337 2692 est
2363 2636 2639 2707 intentio];
2682 2638 2771 2692 hic
2811 2637 3181 2703 exercebatur,
3215 2637 3305 2692 ubi
3330 2636 3604 2708 quatrebat
3638 2636 3819 2707 Operis

2256 2724 2683 2796 frequentatione
2712 2727 2990 2796 prolicere.

2327 2816 2489 2870 Vens.
2506 2816 2591 2869 40.
2609 2845 2676 2855 --
2694 2814 2949 2868 Memento
2964 2821 3097 2869 verb.
3118 2816 3197 2868 .‘ui
3214 2832 3357 2870 servo
3377 2824 3486 2878 tuo,
3503 2815 3558 2868 in
3577 2830 3678 2883 quo
3691 2812 3817 2866 milii

2256 2923 2393 2977 spem
2420 2905 2626 2959 dedisti.
2659 2903 2937 2958 Memento.
2966 2904 3116 2971 Quod
3147 2904 3296 2977 [Ms.,
3320 2903 3466 2976 eum]
3492 2904 3687 2958 dicitur
3708 2902 3818 2957 Deo

2258 3005 2529 3057 memento,
2569 2994 2773 3048 orantis
2799 2994 3140 3060 desiderium,
3166 3010 3273 3064 quo
3307 2995 3628 3066 promissum
3663 3007 3817 3068 accee

2259 3084 2418 3139 lerari
2447 3086 2637 3155 poscit.
2666 3072 2993 3232 ostendintzf;
3034 3084 3160 3158 [non
3198 3087 3359 3151 Deus,
3400 3086 3553 3155 quasi
3584 3100 3615 3141 a
3638 3098 3818 3139 recor-

2259 3177 2291 3232 d
2329 3178 2467 3231 tione
2489 3175 2763 3232 exciderit.
2790 3176 2854 3230 ad
2915 3174 3150 3232 onetur.'|
3173 3174 3429 3229 Memento
3446 3189 3592 3232 ergo.
3619 3175 3811 3232 innuit.

2181 3166 2226 3227 C
2258 3177 2291 3233 d
2329 3178 2467 3231 tione
2489 3175 2763 3237 exciderit,
2790 3166 3150 3247 adnionetur.]
3173 3174 3429 3229 Memento
3446 3189 3592 3244 ergo,
3619 3175 3811 3243 inquit,

2255 3265 2389 3319 rerbi
2418 3266 2494 3317 tui
2520 3280 2665 3317 serra
2699 3274 2823 3317 tuo:
2848 3263 2961 3318 Hoc
2983 3270 3085 3326 est,
3109 3263 3269 3333 imple
3294 3263 3614 3333 promissum
3643 3271 3813 3322 tuum.

2253 3355 2307 3407 in
2340 3370 2439 3424 quo
2476 3353 2602 3406 mihi
2631 3368 2772 3423 spem
2811 3351 3019 3419 dedisti,
3051 3352 3152 3409 hac
3172 3361 3275 3417 est,
3301 3353 3355 3407 in
3382 3349 3673 3421 (μω-ναι·ὺο
3697 3364 3815 3420 spe-

2255 3461 2376 3501 rare
2403 3461 2486 3499 me
2515 3444 2713 3500 fecisti.
3238 3453 3247 3461 ’

2325 3524 2482 3590 Vens.
2511 3536 2599 3589 50.
2628 3564 2694 3577 -
2721 3534 2851 3589 Ha'c
2887 3551 2969 3589 me
3012 3533 3275 3588 consolata
3308 3542 3383 3587 est
3426 3532 3480 3586 in
3528 3528 3818 3585 humilitate

2253 3642 2389 3688 mea,
2417 3626 2537 3696 quia
2564 3625 2822 3695 eloquium
2846 3631 2991 3677 tuum
3032 3622 3299 3691 riviﬁcarit
3337 3636 3437 3673 me.
3480 3617 3813 3675 Consolato-

2254 3734 2373 3773 ncm
2403 3718 2538 3772 inter
2565 3729 2831 3771 (erumnas
2861 3713 3039 3769 surculi
3077 3712 3221 3767 dedit
3246 3726 3370 3781 spes
3400 3708 3526 3782 ldis.
3558 3705 3814 3764 Consola-

2255 3816 2364 3861 tum
2393 3807 2532 3860 inter
2557 3819 2823 3858 azrumnas
2864 3802 3042 3857 szeeuli
3092 3816 3151 3856 se
3196 3801 3322 3856 dicit
3365 3797 3572 3870 spe...]
3623 3796 3817 3852 futura:

2253 3901 2393 3954 vitm.
2422 3896 2486 3950 In
2511 3895 2822 3955 humilitate,
2859 3894 2984 3962 quia
3024 3901 3209 3945 sancta
3240 3891 3493 3960 probatur
3519 3888 3814 3946 humilitas.

2253 3990 2430 4043 omnia
2455 3987 2715 4041 sustinere
2738 3984 3019 4053 patienter.
3050 3980 3187 4046 Quia
3207 3980 3465 4049 eloquium
3486 3988 3631 4033 tuum
3652 3976 3817 4047 rit-iﬁ-

2254 4080 2382 4131 cat-it
2411 4093 2511 4130 me.
2544 4075 2775 4131 Causam
2804 4073 2976 4128 reJdit
2998 4086 3165 4141 quare
3204 4070 3478 4125 humilitas
3504 4066 3619 4137 ejus
3657 4065 3820 4123 fuerit

2254 4165 2544 4228 consolata,
2578 4165 2700 4233 quia
2740 4178 2865 4233 spes
2908 4160 3291 4217 consolationis
3318 4157 3552 4214 viviticat
3578 4172 3700 4211 eum
3727 4154 3811 4209 af-

2254 4255 2476 4309 Dictum.

2325 4346 2483 4400 Vens.
2507 4344 2594 4398 5l.
2617 4372 2690 4385 —-—
2714 4340 2935 4411 Superbi
2970 4340 3143 4409 inique
3177 4338 3396 4409 agebant
3434 4340 3837 4408 usquequaque,

2254 4453 2286 4489 a
2321 4435 2427 4505 lege
2473 4444 2644 4487 autem
2689 4442 2781 4485 tua
2806 4447 2905 4485 non
2928 4429 3200 4485 declinavi.
3238 4427 3457 4497 Superbi
3494 4428 3683 4497 inique.
3715 4425 3817 4481 Su—

2256 4525 2446 4593 perbos
2472 4522 2690 4591 intelligi
2722 4521 2826 4574 vult
2858 4528 3229 4590 persecutores
3258 4518 3557 4579 humilium,
3584 4517 3685 4570 hoc
3711 4519 3813 4575 est;

2258 4613 2447 4683 impios
2468 4622 2840 4683 persecutores
2864 4612 3097 4680 piorum,
3120 4618 3174 4664 et
3203 4609 3322 4663 ideo
3348 4606 3610 4676 subjecit:
3638 4605 3678 4660 Δ
3706 4603 3815 4674 lege

2256 4710 2426 4753 autent
2452 4710 2543 4753 tua
2571 4717 2671 4752 non
2701 4698 2975 4763 declinari,
2994 4698 3119 4768 quia
3142 4698 3244 4751 hoc
3269 4710 3392 4749 cum
3430 4693 3605 4749 facere
3628 4706 3812 4749 eorum

2254 4791 2554 4860 persecutio
2580 4789 2949 4859 compellebat.

2326 4879 2487 4933 Vens.
2515 4878 2603 4932 5'2.
2636 4907 2700 4918 --
2727 4877 2927 4932 Memor
2959 4878 3037 4949 fui
3070 4878 3393 4949 judiciorum
3427 4885 3632 4929 tuorum
3661 4888 3692 4926 α
3716 4886 3814 4925 ste-

2254 4970 2391 5035 culo,
2421 4971 2655 5034 Domine,
2695 4979 2743 5025 et
2778 4972 3072 5025 consolatus
3100 4986 3233 5025 sum.
3262 4969 3459 5021 Memor
3487 4964 3585 5027 fui,
3610 4979 3675 5019 ex
3706 4977 3811 5031 quo

2254 5076 2421 5131 genus
2448 5062 2736 5116 humanum
2764 5063 2987 5131 sumpsit
3016 5061 3313 5117 exordium.
3343 5057 3543 5112 Memor
3569 5055 3644 5111 fui
3667 5056 3812 5124 judi-

2253 5152 2454 5204 ciorum
2482 5160 2692 5205 tuorum
2718 5169 2730 5203 :
2759 5150 2824 5205 Et
2841 5152 2961 5220 quia
2984 5149 3200 5222 probavi
3222 5147 3362 5218 quod
3382 5162 3568 5203 omnes
3589 5148 3686 5201 vim
3709 5156 3811 5199 tuas

2254 5242 2622 5297 misericordia
2653 5251 2707 5296 et
2736 5243 2947 5303 veritas.
2978 5240 3392 5296 consolationem
3418 5239 3631 5308 accepi;
3658 5236 3810 5290 auxi-

2254 5331 2326 5385 lio
2365 5330 2551 5400 gratiae
2602 5339 2703 5386 tuae
2747 5332 3051 5387 consolatus
3097 5346 3234 5384 sum.
3283 5328 3519 5385 intellexi
3562 5341 3658 5397 per
3699 5326 3808 5397 spi—

2256 5421 2415 5474 ritum
2441 5431 2682 5475 sanetum
2704 5422 2843 5489 quod
2872 5430 2926 5474 tu
2957 5428 3212 5491 venturus
3242 5434 3361 5473 eras
3388 5418 3440 5471 in
3468 5429 3644 5469 carne.

2330 5512 2489 5565 Vsus.
2528 5512 2613 5567 55.
2641 5543 2709 5554 —
2748 5512 2975 5581 Dcfectio
3025 5512 3213 5565 anima:
3255 5508 3403 5583 [δίδη
3438 5505 3620 5579 animi]
3647 5502 3808 5558 tenuit

2260 5617 2337 5653 mc
2379 5618 2469 5668 pro
2521 5600 2868 5671 peccatoribus
2920 5600 3388 5671 derelinquentibus
3430 5597 3587 5667 legent
3644 5606 3801 5647 tuam.

676 5737 694 5759 δ
745 5726 860 5791 \l<.,
906 5729 1325 5801 Salisburgensis
1370 5732 1567 5785 omittit
1616 5732 1774 5784 verba
1822 5733 1973 5785 uncis
2010 5733 2279 5787 conclusa.
