4230 6204
492 357 590 410 605

1368 347 1766 433 EXEGETlCA.
1788 377 1853 386 ~—
1893 347 2247 401 EXPOSiTlO
2276 346 2341 399 lN
2376 346 2568 400 PSAL.
2608 342 2829 400 CXVill.

3582 343 3682 398 666

490 466 600 518 Vox
628 461 874 517 Ecclesiae
898 458 1143 513 allectum
1168 456 1523 512 miserationis
1553 456 1802 527 ostendit,
1843 463 1902 509 ut
1936 456 2029 509 do-
2058 462 2102 517 Α
2132 470 2269 509 mus.
2293 452 2469 509 Funes
2488 462 2846 523 peccatorum,
2864 470 2967 507 non
2989 455 3055 508 ab
3075 468 3140 507 eo
3160 453 3298 524 quod
3319 464 3440 508 sunt
3467 465 3684 523 peccata

487 552 592 606 leat
631 564 790 619 super
833 547 1293 618 praevaricationes
1327 546 1648 613 iniquorum.
1688 544 1914 601 Necesse
1952 554 2035 600 est

488 650 547 695 ut
570 648 810 695 sanctum
839 638 1010 692 virum
1036 636 1253 690 alterius
1279 636 1430 704 culpa
1452 636 1749 701 contristet,
1781 635 1907 690 dum
1927 636 2036 689 ani-

486 743 603 783 mus
627 727 747 797 pius
768 727 943 782 salvos
963 726 1076 779 fieri
1104 724 1378 780 universos
1405 724 1687 779 desiderat.

556 817 716 872 Vens.
760 815 1251 871 54.—Cautabiles
1294 815 1418 868 mihi
1454 824 1598 867 erant
1634 812 2036 883 justiﬁcationes

484 918 610 968 tum,
632 909 685 961 in
719 906 829 961 loco
854 906 1275 977 peregrinationis
1309 921 1452 957 mete.
1485 903 1617 959 Cum
1654 903 1871 965 dicitur,
1902 902 2028 956 Can~

485 995 689 1059 utbiles,
720 995 984 1064 significat
1014 993 1355 1064 psalmodiam
1403 1007 1524 1046 cum
1567 1006 1757 1059 magna
1809 990 2038 1045 delecta-

486 1084 631 1139 tione
665 1084 1037 1157 peragendam.
1077 1082 1275 1138 Cantus
1304 1083 1443 1135 enim
1471 1081 1803 1151 superelevat
1831 1080 2038 1134 lahores

487 1180 543 1226 et
563 1171 735 1226 aufert
764 1171 941 1225 animo
965 1172 1198 1225 taedium.
1226 1169 1280 1223 la
1312 1170 1427 1224 loco
1449 1170 1709 1224 incolatus
1731 1170 1853 1233 mei,
1879 1169 2040 1239 signi-

489 1261 612 1316 ficat
656 1262 797 1315 hunc
835 1264 1111 1322 mundum,
1154 1258 1241 1334 ubi
1282 1259 1650 1329 peregrinatur
1672 1258 1846 1313 omnis
1870 1259 1958 1325 qui
1989 1259 2039 1310 in

488 1349 711 1404 Domino
736 1348 949 1403 Christo
984 1347 1206 1401 devotus
1231 1357 1349 1401 est:
1383 1347 1611 1415 Expulso
1636 1348 1849 1414 quidem
1872 1346 2039 1398 Adam

490 1437 554 1493 de
573 1438 837 1508 paradiso,
865 1437 915 1490 in
939 1437 1036 1491 hac
1063 1446 1202 1491 terra
1230 1435 1513 1489 incolatnm
1544 1435 1793 1505 gerimus.

560 1527 721 1582 Vnus.
765 1525 853 1580 55.
890 1556 959 1566 —
997 1525 1193 1579 Memor
1235 1526 1311 1594 fui
1359 1541 1503 1577 noete
1554 1525 1772 1577 nominis
1798 1523 1895 1585 tui,
1939 1522 2044 1575 Βο-

489 1616 645 1673 utine.
685 1626 731 1669 et
759 1616 1007 1669 custodiri
1029 1614 1187 1685 legem
1213 1626 1372 1667 tuam.
1414 1614 1631 1682 Oportet
1664 1614 1805 1667 enim
1844 1612 2042 1679 fragili-

494 1716 655 1760 tatem
707 1707 1017 1771 humanam,
1069 1722 1189 1762 cnm
1229 1721 1458 1774 semper,
1510 1714 1622 1758 tum
1664 1705 1950 1772 impensius
1988 1704 2041 1755 in

2132 544 2450 601 declinatum
2468 554 2571 609 est,
2585 545 2675 599 sed
2696 544 2763 598 ab
2782 558 2845 599 eo
2865 542 3005 615 quod
3031 552 3153 599 sunt
3171 551 3494 613 peccatores.
3514 542 3687 599 Fuues

2135 636 2311 703 itaque
2330 642 2664 704 peccaton
2683 633 3055 701 impedimenta
3076 631 3562 693 suntinimicorum,
3576 632 3687 687 sire

2134 724 2465 793 spiritalium,
2490 724 2600 776 sive
2623 721 2935 775 carnalium.
2970 718 3099 792 [Sed
3128 718 3492 791 (Edit.,qu:e)]
3519 720 3561 774 si
3590 720 3689 774 itu-

2135 816 2329 884 plicant
2352 830 2562 883 corpus,
2587 828 2689 866 non
2713 812 2982 881 implicent
3001 812 3253 865 animam.
3279 810 3359 866 Ob
3380 826 3496 879 qua:
3524 811 3689 881 impe-

2136 906 2363 959 (limenta
2394 905 2490 958 iste
2510 904 2643 970 legis
2662 902 2754 956 Dei
2773 917 2873 955 non
2896 910 2978 956 est
2997 902 3192 955 oblitus
3214 900 3364 973 μὴ,
3388 901 3441 955 In
3464 916 3568 970 quo
3588 902 3687 955 iste

2093 1021 2096 1024 ο
2136 994 2267 1063 legis
2293 994 2383 1046 Dei
2405 1009 2508 1046 non
2530 1001 2612 1046 est
2630 991 2845 1045 oblitus.
2871 1029 2885 1043 .
2908 989 2970 1062 .1,
2995 992 3120 1061 quia
3145 1005 3321 1046 sermo
3355 989 3449 1044 Dei
3475 1005 3578 1044 non
3605 999 3687 1045 cst

2138 1084 2406 1155 alligatus.

2210 1176 2368 1229 Vsus.
2395 1173 2481 1231 6‘2.
2519 1202 2587 1213 -—
2617 1170 2791 1225 Media
2831 1181 2974 1225 nocte
3014 1171 3284 1241 surgebam
3326 1171 3397 1225 ad
3435 1171 3686 1240 conﬁten-

2138 1264 2260 1316 dum
2288 1263 2378 1315 tibi
2405 1278 2557 1329 super
2586 1261 2790 1330 judicia
2816 1260 3209 1329 justiﬁcationis
3238 1270 3359 1313 tute.
3393 1260 3559 1314 Media
3588 1274 3689 1313 nox

2136 1368 2201 1422 pr
2238 1351 2399 1404 funda
2451 1350 2726 1403 tribulatio
2780 1360 2880 1412 est,
2931 1349 3054 1417 quia
3090 1364 3194 1402 non
3240 1350 3319 1403 sic
3360 1347 3693 1418 alﬂigebatur

2141 1443 2330 1515 [Edit.,
2378 1439 2753 1512 ell‘ugabatur],
2785 1449 2843 1493 ut
2878 1454 3094 1510 surgere
3118 1456 3220 1494 non
3251 1439 3467 1493 valeret.
3500 1439 3691 1508 Surge-

2138 1536 2229 1591 bat
2252 1544 2427 1588 autem
2452 1545 2508 1589 ut
2538 1533 2881 1587 confiteretur
2910 1530 3039 1595 Deo,
3063 1529 3207 1598 justo
3230 1529 3430 1597 judicio
3459 1529 3572 1597 ejus
3600 1531 3692 1583 da-

2141 1634 2245 1679 tam
2275 1608 2540 1691 peccatori
2582 1637 2644 1674 ns
2674 1629 3007 1690 potestatem,
3039 1634 3143 1687 qua
3171 1632 3381 1673 sanetos
3409 1634 3691 1687 perseque-

2143 1724 2347 1773 rentur,
2391 1726 2524 1779 quos
2553 1708 2764 1777 adjuvat
2789 1709 2959 1779 gratia
2988 1707 3105 1773 Dei,
3131 1717 3189 1762 ut
3220 1706 3518 1775 hujustnodi
3543 1721 3694 1761 exer-

494 1804 753 1850 nocturno
782 1805 1038 1866 tempore,
1072 1797 1381 1850 memoriam
1427 1794 1602 1850 facere
1644 1795 1901 1848 Dominici
1948 1809 2042 1848 no-
2075 1800 2113 1856 n
2141 1805 2266 1859 cilia
2293 1802 2531 1857 facerent
2558 1802 2831 1855 clariores.

492 1885 672 1949 minis,
700 1901 819 1940 cum
866 1894 954 1939 aut
999 1886 1361 1942 recordatione
1409 1885 1711 1939 divitiarum
1760 1885 2038 1953 premitur,

492 1982 584 2027 aut
622 1973 1061 2042 concupiscentiae
1093 1973 1210 2044 igne
1235 1980 1513 2040 torquetur
1538 1990 1550 2024 :
1580 1981 1633 2025 et
1657 1972 1918 2040 pimcipiie
1945 1973 2044 2025 hoc

491 2076 734 2127 exorare,
772 2062 897 2116 utsi
933 2062 1099 2132 legem
1137 2061 1229 2115 Dei
1266 2060 1531 2114 custodire
1559 2059 1737 2129 ccepit,
1771 2072 1837 2112 ne
1862 2058 1928 2112 ab
1956 2074 2046 2112 ea-

492 2152 609 2206 dem
640 2153 691 2206 in
722 2152 899 2222 aliquo
928 2152 1223 2207 divellatur.

560 2240 721 2296 Vens.
744 2239 830 2294 56.
860 2272 927 2282 —
956 2240 1078 2293 "(ec
1109 2240 1232 2293 mihi
1260 2240 1399 2310 facta
1433 2251 1528 2305 est,
1559 2242 1681 2311 quia
1709 2239 2048 2311 justiﬁcatio-

496 2345 583 2383 nes
624 2339 741 2383 tuas
778 2330 1046 2398 exquisivi.
1075 2328 1235 2382 Facta
1263 2336 1344 2381 est
1372 2328 1499 2381 mihi
1546 2330 1658 2381 haec
1687 2328 1767 2380 lex
1810 2325 2047 2380 consola-

496 2420 570 2474 tio
604 2428 657 2473 et
693 2417 843 2491 [non]
873 2417 1200 2483 scandalum,
1230 2425 1286 2470 ut
1312 2416 1616 2485 diligentius
1638 2415 2048 2485 justiﬁcationes

493 2517 614 2563 tuas
638 2509 868 2563 serutari
892 2509 1141 2561 valerem.

570 2599 726 2654 Vsus.
758 2599 844 2653 57.
866 2629 935 2638 —
957 2598 1138 2651 Portio
1184 2582 1335 2660 mea,
1368 2595 1601 2661 Domine,
1656 2597 1767 2649 dixi
1793 2594 2049 2648 custodire

495 2688 654 2759 legem
693 2698 859 2743 tuam.
907 2687 1088 2741 Portio
1128 2702 1156 2739 a
1197 2694 1349 2755 parte
1390 2686 1529 2739 dicta
1569 2695 1689 2739 est:
1718 2686 1859 2737 Illius
1906 2684 2046 2736 cnim

496 2779 663 2848 partis
712 2792 916 2841 sumus,
975 2773 1126 2843 cujus
1171 2775 1529 2830 volun’atibus
1558 2773 1870 2833 obedimus;
1911 2771 2047 2824 unde

496 2868 686 2922 merito
707 2869 877 2938 portio
906 2868 1111 2936 piorum
1145 2866 1299 2937 367
1330 2864 1469 2918 Dens
1496 2863 1710 2926 dicitur,
1744 2860 1868 2929 quia
1899 2857 2045 2929 regni

495 2957 609 3026 ejus
636 2967 759 3013 sunt
799 2958 873 3028 pii
915 2966 969 3011 et
1008 2957 1200 3011 sancti.
1229 2955 1349 3007 Dixi
1393 2952 1647 3006 custodire
1682 2949 1841 3020 lcgcm
1881 2958 2044 3000 tuam.

501 3052 640 3115 Dixi,
687 3052 738 3107 id
773 3061 875 3113 est,
906 3046 1065 3103 statui
1100 3057 1260 3117 atque
1289 3047 1516 3100 decrevi.
1554 3043 1698 3096 Felix
1728 3041 1816 3109 qui
1844 3039 2046 3108 portio-

2212 1896 2370 1950 Vrzns.
2398 1895 2483 1947 65.
2513 1924 2581 1933 --
2606 1892 2869 1962 Particeps
2903 1909 2993 1961 ego
3014 1908 3129 1946 sum
3150 1892 3377 1945 omnium
3404 1891 3689 1944 timentium

2141 1994 2209 2047 te,
2237 1970 2702 2038 etcustodientium
2732 1982 2977 2034 mundata
3009 1990 3119 2033 tua.
3152 1980 3305 2033 Modo
3332 1979 3551 2034 ecclesia
3576 1993 3697 2046 paro

2142 2074 2306 2143 tie-ps
2334 2082 2417 2126 est
2438 2073 2503 2125 ad
2527 2071 2645 2124 illos
2668 2070 2759 2140 qni
2783 2071 2952 2125 Deum
2985 2071 3170 2123 timent
3195 2072 3384 2123 timore
3408 2077 3612 2132 sancto,
3644 2080 3697 2122 et

2143 2180 2238 2219 sua
2266 2162 2517 2225 mandata
2548 2162 2802 2231 implent:
2826 2161 3090 2231 particeps
3117 2167 3201 2214 est
3225 2174 3345 2213 cum
3370 2158 3473 2213 illis
3501 2159 3553 2213 in
3583 2172 3695 2226 spe,

2146 2254 2246 2308 ﬁde
2273 2263 2326 2308 et
2352 2253 2633 2307 charitate.

2213 2348 2373 2401 Vens.
2404 2344 2489 2397 64.
2513 2374 2583 2384 —
2606 2342 2964 2397 Misericordia
3004 2352 3116 2405 tua,
3161 2340 3407 2399 Domine,
3438 2338 3589 2410 plena
3624 2348 3701 2392 est

2144 2447 2300 2495 terra,
2323 2433 2723 2503 justi/icationes
2761 2441 2876 2484 tuas
2900 2431 3023 2483 doce
3049 2447 3148 2482 me.
3180 2426 3595 2483 Misericbrdiam
3625 2426 3700 2481 le-

2145 2523 2233 2582 cit,
2261 2521 2472 2590 quando
2494 2520 2637 2572 venit
2658 2534 2751 2571 nos
2780 2518 3070 2579 redimere;
3096 2518 3215 2570 inde
3242 2526 3323 2571 est
3349 2516 3502 2584 plena
3532 2525 3692 2575 terra,

2147 2614 2266 2668 inde
2290 2620 2371 2665 est
2393 2620 2576 2664 sancta
2598 2608 2850 2663 Ecclesia.
2872 2607 3277 2675 Justiﬁcatioucs
3298 2617 3414 2659 tuas
3435 2606 3560 2658 doce
3585 2621 3694 2664 me;

2146 2706 2255 2758 iioc
2284 2714 2365 2757 est
2396 2714 2482 2755 tua
2513 2702 2782 2763 manalaza,
2811 2710 2868 2753 ut
2902 2698 2987 2753 illa
3012 2693 3302 2768 intelligam
3322 2707 3377 2752 et
3396 2698 3699 2765 praedicem,

2145 2803 2197 2847 ει
2224 2807 2384 2860 opere
2406 2791 2673 2859 impleam.

2215 2885 2376 2939 Vens.
2408 2883 2494 2936 65.
2516 2912 2587 2923 -—
2611 2880 2899 2934 Bonitatem
2935 2878 3103 2947 fecisti
3129 2894 3243 2931 cum
3269 2894 3413 2931 serra
3436 2885 3526 2929 tuo
3544 2917 3561 2941 ,
3590 2875 3700 2930 Do-

2145 2976 2302 3034 mine,
2356 2962 2638 3026 secundum
2696 2968 2897 3022 rerbnm
2939 2976 3104 3019 tuum.
3157 2965 3268 3020 Vox
3317 2964 3594 3032 Propheta:
3644 2962 3699 3016 in

2147 3081 2372 3136 persona
2432 3062 2700 3119 Ecclesiae.
2764 3060 3061 3113 Boriitatem
3108 3056 3313 3120 fecisti,
3369 3051 3585 3123 quando
3639 3052 3695 3107 in

500 3158 621 3198 "cm
661 3158 765 3196 “0"
802 3139 1166 3197 ¹¹³ι⁵⁰ίδ³¹ί³¹¹¹ν
1200 3136 1299 3190 “Si
1324 3129 1604 3189 Dominum
1630 3150 1643 3185 ³
1675 3132 1764 3201 ίῙ¹¹ί
1800 3131 2050 3189 ¹²⁰τ²⁰¹’⁰⁵’
2076 3138 2120 3197 (ἶ
2148 3129 2313 3210 carne
2342 3152 2552 3212 venisti,
2581 3160 2634 3204 et
2662 3164 2759 3203 nos
2802 3148 3090 3201 redemisti.
3120 3146 3249 3199 Cum
3288 3160 3429 3198 serra
3466 3154 3576 3206 tuo,
3606 3157 3703 3213 po-

499 3232 738 3296 divitias,
788 3229 1103 3300 cupiditates
1146 3243 1251 3281 non
1300 3232 1476 3288 amat,
1533 3222 1627 3277 sed
1689 3218 2049 3275 tantummodo

503 3321 687 3376 Deum.
1992 3316 1995 3317 ⁷

570 3411 731 3463 Vens.
758 3408 843 3463 58.
870 3438 939 3449 -—
965 3408 1272 3477 Deprecatus
1315 3422 1429 3458 sum
1467 3404 1650 3472 facient
1686 3413 1827 3456 tuam
1862 3401 1918 3453 in
1948 3408 2053 3452 toto

502 3501 654 3557 corde
690 3516 825 3565 meo,
865 3500 1104 3552 miserere
1137 3496 1236 3548 mei
1278 3494 1557 3548 secundant
1598 3493 1853 3562 eloquium
1883 3501 2049 3543 tuum.

502 3590 642 3645 Bene
680 3589 944 3657 Propheta
988 3584 1066 3657 [in
1109 3593 1217 3638 toto
1272 3579 1453 3652 corde]
1502 3583 1817 3648 deprecatur
1861 3576 2051 3629 faciem

503 3679 615 3743 Dei,
640 3680 729 3749 qui
766 3678 1018 3732 mundum
1044 3690 1135 3729 cor
1172 3688 1230 3727 se
1267 3670 1411 3725 novit
1456 3669 1671 3722 habere.
1722 3666 1867 3717 Beati
1911 3663 2051 3715 cnim

503 3761 693 3824 mundo
715 3767 898 3829 corde,
926 3766 1169 3836 quoniam
1202 3762 1296 3832 ipsi
1328 3761 1487 3813 Deum
1513 3754 1770 3809 ridebunt.
1814 3752 2055 3805 Miserere

506 3860 602 3914 mei
628 3857 907 3913 secundum
935 3854 1190 3923 eloquium
1214 3863 1375 3912 tuum,
1407 3864 1503 3919 per
1522 3847 1659 3925 quod
1681 3843 1971 3915 promisisi
1999 3849 2056 3894 ut

406 4006 409 4010 .
504 3944 835 4020 peccatorem
869 3944 920 3997 in
946 3950 1174 3997 mortem
1200 3954 1302 3992 non
1328 3938 1604 3999 obrueres,
1636 3934 1729 3988 sed
1758 3930 2056 3985 miscricor-

501 4039 645 4094 diter
672 4033 1045 4091 consolareris.

576 4151 737 4207 Vens.
765 4148 851 4204 59.
873 4176 941 4186 —
967 4143 1104 4211 Quia
1154 4140 1366 4211 cogitavi
1413 4138 1521 4192 uias
1562 4153 1723 4201 meas,
1759 4145 1806 4189 et
1833 4134 2057 4189 converti

510 4241 654 4314 [δίδη
697 4234 878 4307 averti]
905 4234 1056 4305 pedes
1095 4247 1233 4286 meos
1260 4230 1312 4283 in
1339 4228 1629 4282 testimonia
1666 4237 1776 4280 tua.
1808 4224 2057 4279 Ordi..cm

510 4331 753 4385 humana:
796 4321 1211 4379 conversationis
1246 4320 1496 4388 exponit:
1525 4317 1674 4386 prius
1715 4323 1798 4369 est
1830 4314 1971 4367 enim
2002 4319 2060 4364 ιιι

513 4418 864 4485 nosmetipsos
909 4425 1212 4481 arguamus,
1257 4419 1311 4463 et
1354 4423 1432 4463 sic
1472 4408 1537 4461 ad
1576 4400 1820 4460 mandata
1847 4402 2057 4456 Domini

2147 3244 2272 3315 pulo
2311 3242 2633 3297 Christiano.
2686 3237 2979 3294 Secundum
3016 3240 3217 3291 verbum
3245 3246 3430 3299 tuum;
3471 3234 3699 3288 Verbum

2148 3336 2325 3391 Patris
2359 3333 2524 3387 Filius
2558 3340 2659 3385 cst.
2700 3329 2999 3392 Secundum
3041 3326 3260 3381 verbum
3292 3334 3458 3388 tuum,
3489 3336 3543 3378 ut
3573 3339 3695 3393 pcr-

2150 3444 2212 3481 ca
2255 3436 2333 3479 tcs
2365 3424 2837 3495 [:l]s.,peccantem
2863 3417 2971 3489 me]
2996 3434 3099 3471 non
3132 3417 3183 3469 in
3217 3415 3295 3468 ira
3334 3415 3573 3483 pnuires,
3612 3413 3703 3467 sed

2151 3514 2514 3567 misericordia
2542 3509 2933 3565 consolareris;\

2221 3603 2380 3657 Vens.
2415 3600 2503 3653 66.
2533 3628 2599 3638 —
2624 3598 2934 3660 Bonitatem,
2969 3605 3024 3649 et
3063 3594 3414 3663 disciplinam,
3456 3604 3505 3648 et
3541 3596 3707 3649 scien-

2151 3694 2275 3744 tiam
2302 3692 2549 3751 docente,
2576 3688 2698 3758 quia
2728 3685 2987 3739 mandatis
3008 3687 3110 3737 tuis
3138 3682 3353 3737 credidi.
3396 3683 3558 3736 ηοεει
3579 3699 3707 3753 ergo

2155 3783 2293 3837 Deus
2330 3780 2636 3841 bonitatem,
2676 3776 2981 3846 inspirando
3020 3773 3296 3829 charitatis
3336 3773 3702 3838 dulcedinem;

2154 3876 2308 3929 docet
2333 3871 2687 3942 disciplinam,
2708 3884 2831 3923 cum
2852 3870 2905 3923 in
2934 3865 3367 3922 tribulationibus
3392 3863 3703 3934 patientiam

2156 3967 2327 4020 dedit:
2352 3964 2509 4038 docet
2529 3962 2829 4025 scientiam,
2852 3975 2971 4014 cum
3001 3958 3311 4017 salutarium
3338 3956 3704 4010 mandatorum

2158 4061 2270 4128 ipse
2321 4056 2660 4125 cognoscitur
2712 4053 2941 4108 tributor
2988 4049 3138 4122 [Ms.,
3189 4045 3533 4127 adtributor],
3582 4045 3707 4115 quia

2158 4149 2211 4201 in
2248 4148 2513 4201 mandatis
2545 4146 2645 4198 tuis
2674 4142 2875 4198 credidi
2901 4156 2985 4195 me
3016 4141 3176 4194 vitam
3208 4139 3403 4193 habene
3432 4146 3706 4191 aeternam.

2227 4239 2387 4293 Vsus.
2420 4236 2506 4289 67.
2534 4265 2603 4275 —
2635 4234 2948 4301 Priusquam
2984 4230 3309 4292 Immiliarer,
3353 4243 3446 4297 ego
3487 4226 3707 4297 deliqui,

2157 4336 2422 4397 prapterea
2440 4323 2696 4393 eloquium
2718 4330 2861 4372 tuum
2890 4318 3156 4371 custodivi.
3183 4316 3428 4387 [Propter
3454 4318 3706 4384 primum,

2163 4414 2350 4483 inquit,
2390 4411 2641 4466 delictum
2682 4407 2986 4462 humiliatus
3033 4420 3169 4467 sum,
3208 4412 3353 4457 etne
3381 4416 3590 4456 rursum
3615 4402 3712 4456 hu-

513 4475 818 4580 migremus.
870 4475 1175 4577 [Cogitavit]
1219 4502 1332 4555 vias
1371 4514 1494 4555 suas
1538 4497 1733 4571 [Edit.,
1776 4493 1963 4566 meas],
2006 4494 2056 4549 id

2093 4475 2136 4533 ο
2160 4475 2352 4568 milier,
2378 4502 2659 4568 eloquium
2698 4508 2845 4552 tuum
2890 4492 3195 4566 custodiri.]
3242 4494 3314 4547 lta
3352 4507 3447 4563 per
3482 4492 3708 4561 gratiam

514 4609 615 4665 est,
658 4608 811 4654 actus
857 4598 1134 4657 humanos,
1182 4591 1274 4648 sed
1315 4591 1362 4645 ei
1402 4584 2053 4657 omninodispiieebant;

428 4671 446 4677 η
519 4685 785 4764 [ideoque]
833 4686 993 4756 pedes
1043 4697 1166 4737 suos
1210 4678 1476 4764 convertit
1513 4677 1577 4729 ad
1622 4676 1919 4730 testimonia
1950 4673 2057 4727 Do-

519 4750 973 4848 minigradienda,
1021 4774 1073 4826 in
1119 4750 1311 4879 quibus
1354 4770 1401 4827 si
1441 4770 1560 4842 quis
1604 4768 1856 4835 ambulat,
1905 4766 2059 4821 ﬁrma

523 4870 682 4923 habet
706 4865 947 4937 vestigia.
1228 4865 1233 4879 ‘
1437 4936 1448 4943 .

590 4958 749 5013 Vens.
774 4953 860 5008 60.
884 4983 953 4993 -
978 4951 1201 5007 Paratus
1226 4965 1337 5001 sum
1366 4956 1411 5000 et
1438 4962 1538 5000 non
1568 4962 1679 4999 sum
1704 4947 1958 5007 turbatus,
2009 4956 2061 4998 ut

521 5047 804 5101 custodiam
851 5043 1096 5098 mandata
1139 5050 1247 5093 tua.
1290 5036 1511 5089 Paratus
1537 5050 1651 5087 sum
1681 5034 1745 5087 ad
1774 5034 2064 5102 prmdican-

525 5118 671 5200 dum,
717 5148 823 5188 non
861 5149 977 5188 sum
1020 5131 1261 5185 turbatus
1286 5126 1349 5177 ad
1380 5124 1771 5178 tribulationem
1801 5122 2065 5175 sustinen-

528 5225 647 5279 dam
696 5230 914 5293 propter
972 5218 1276 5280 Christum,
1344 5222 1402 5267 ιιι
1460 5213 1753 5267 custodiam
1817 5211 2061 5265 mandata

529 5323 634 5369 (ita.
672 5309 788 5368 Non
826 5325 909 5364 me
945 5309 1393 5363 conturbavcrunt
1429 5303 1606 5371 iniqua
1631 5302 2062 5372 exprobrantium

528 5402 717 5471 jacula.

597 5489 757 5546 Vnus.
787 5490 873 5543 6|.
905 5517 972 5528 ——
997 5483 1171 5538 Funes
1214 5491 1533 5551 peccatorum
1579 5477 1909 5548 circumplexi
1955 5488 2073 5531 sunt

536 5593 633 5640 me,
655 5586 701 5633 et
724 5578 884 5646 legem
910 5585 1053 5629 tuam
1076 5587 1178 5624 non
1204 5587 1316 5623 sum
1340 5568 1542 5623 oblitus.
1575 5565 1705 5621 Cum
1734 5564 1881 5630 dicit,
1904 5566 2071 5635 funes,

539 5667 759 5721 ostendit
810 5674 882 5717 tot
919 5676 1036 5715 esse
1064 5661 1299 5727 laqueos,
1354 5667 1479 5727 quot
1526 5666 1739 5725 peccata
1790 5657 2072 5708 committi-

2162 4608 2306 4654 tnam
2349 4591 2551 4664 profuit
2589 4588 2821 4659 experiri
2867 4602 3097 4657 pennam,
3129 4591 3187 4638 ut
3214 4584 3546 4653 acquirerem
3588 4584 3717 4655 obc-.

2162 4687 2436 4747 dientiam.

2233 4780 2392 4834 Vens.
2424 4777 2509 4833 68.
2531 4804 2605 4818 --
2628 4773 2803 4828 Bonus
2830 4789 2882 4828 es
2920 4780 2997 4837 tu,
3040 4769 3290 4834 Domine,
3317 4778 3364 4821 et
3402 4768 3456 4821 in
3488 4766 3713 4819 tonitato-

2164 4880 2253 4922 tua
2291 4868 2416 4920 doce
2453 4882 2533 4919 me
2571 4862 2968 4935 justiﬁcnttones
2995 4870 3133 4914 tuas.
3169 4860 3302 4925 Quia
3341 4871 3498 4912 nemo
3521 4854 3708 4912 bonus,

2164 4958 2265 5011 nisi
2289 4955 2428 5008 Deus
2456 4954 2620 5009 solus.
2645 4953 2781 5009 Vere
2812 4950 2920 5005 vult
2956 4959 3132 5005 autem
3170 4948 3346 5003 facere
3374 4942 3712 5012 justiﬁcatio-

2164 5061 2259 5100 nes
2285 5044 2400 5110 Dei,
2427 5044 2639 5115 quando
2664 5056 2755 5097 cas
2779 5042 2892 5096 sine
2916 5038 3029 5109 ejus
3052 5038 3310 5093 suavitate
3351 5049 3456 5087 non
3499 5031 3612 5084 vult
3635 5031 3713 5083 di-

2164 5152 2331 5191 SCOI‘C.

2240 5228 2393 5281 Vens.
2431 5226 2517 5278 69.
2544 5253 2612 5263 —-—
2640 5216 2985 5287 Multiplicata
3034 5226 3108 5270 est
3156 5232 3309 5284 super
3350 5229 3428 5267 me
3468 5211 3713 5279 iniquitas

2172 5316 2522 5386 superborum,
2550 5326 2642 5380 ego
2670 5319 2841 5361 autent
2882 5307 2937 5360 iu
2981 5316 3087 5360 toto
3114 5304 3266 5360 corde
3307 5318 3419 5357 meo
3454 5298 3718 5353 scrutabor

2176 5404 2420 5459 mandata
2457 5413 2570 5456 tua.
2621 5398 3020 5468 Multiplicatam
3070 5411 3229 5465 super
3267 5408 3327 5449 se
3366 5391 3494 5445 dicit
3532 5402 3701 5458 perse-

2174 5493 2447 5563 quentium
2478 5489 2831 5559 iniquitatem,
2859 5495 2914 5542 et
2938 5487 3101 5558 363
3124 5486 3241 5540 ideo
3268 5482 3419 5552 petit,
3448 5493 3515 5533 ne
3540 5494 3719 5533 macu—

2174 5585 2373 5638 larctnr
2414 5582 2482 5635 ab
2520 5582 2617 5637 cis.
2650 5580 2760 5652 Ego
2790 5589 2960 5633 autem
2985 5579 3037 5631 in
3073 5586 3177 5629 toto
3203 5571 3357 5626 corde
3382 5586 3491 5624 meo
3512 5577 3715 5624 scruta-

2174 5678 2263 5728 bor
2286 5675 2527 5727 mandatu
2560 5683 2668 5736 tua,
2702 5680 2753 5723 ut
2782 5682 3033 5738 quantum
3060 5666 3129 5720 illi
3159 5662 3546 5729 contendebant
3568 5659 3716 5714 sedu-
