4286 6228
595 371 697 426 607

1430 374 1488 428 Β.
1531 374 1589 427 l".
1634 371 1853 428 ALBINI
1891 374 2021 429 Sili]
2064 371 2331 435 ALCL’iNl
2372 371 2648 435 OPERUM
2690 378 2865 433 PARS
2903 374 2961 433 il.

3710 355 3812 449 eos

594 495 719 536 cere
747 477 939 553 [Edit.,
987 481 1285 554 reducere],
1331 491 1536 537 tantum
1580 484 1680 537 istc
1708 483 1979 537 videretur
2006 493 2156 538 nian-
2187 491 2229 545 Α
2258 500 2377 541 mur
2418 488 2583 542 vitain
2622 490 2911 556 aeternam;
2960 482 3046 547 illa
3092 495 3268 551 autent
3318 490 3590 557 meditatio
3632 495 3816 562 beatos

596 571 736 624 datis
764 571 1054 627 Dominicis
1079 572 1373 627 adhaerere.

666 662 825 719 Vsus.
858 661 949 721 70.
968 693 1041 706 —
1063 661 1407 733 Coagulatum
1443 661 1519 718 est
1563 660 1697 718 sicut
1733 663 1815 718 lac
1846 669 1936 716 cor
1957 667 2159 723 eorum,

594 763 688 819 “ego
714 769 831 806 vero
857 749 1017 822 legem
1056 761 1201 805 tuam
1242 752 1523 806 meditatus
1562 769 1697 806 sum.
1730 751 2077 821 Coagulatum
2106 751 2160 804 in

596 845 735 897 b'ono
760 843 886 899 etin
914 840 1054 895 malo
1075 834 1330 911 ponitur;
1360 842 1451 896 hic
1477 846 1655 896 autem
1685 842 1738 896 in
1763 841 1900 895 malo
1924 842 2157 909 ponitur,

596 928 698 985 lt'oc
734 938 820 983 est
864 926 1111 997 superbia
1142 928 1404 983 malorum
1431 946 1444 982 :
1470 929 1535 984 de
1575 936 1679 998 qua
1727 929 1973 998 superius
2000 929 2155 995 dixit,

592 1024 712 1087 qeta‘.
738 1026 889 1073 more
910 1017 1061 1073 lactis
1083 1019 1134 1072 in
1156 1018 1475 1073 crassiorem
1499 1018 1849 1073 substantiam
1869 1022 2160 1073 constricta

593 1116 714 1171 cst;
752 1107 844 1175 sed
873 1108 1030 1161 istum
1060 1123 1165 1163 non
1204 1116 1492 1178 potuerunt
1515 1124 1545 1162 a
1568 1108 1703 1185 lege.
1724 1106 1932 1163 Domini
1977 1121 2159 1177 segre-

592 1210 740 1266 gare,
768 1198 892 1268 quia
914 1198 1028 1269 ipse
1042 1199 1127 1269 pia
1145 1200 1406 1269 sapientia
1428 1198 1579 1271 [Hs.,
1595 1197 1873 1271 patientia]
1890 1200 2163 1270 superavit

593 1300 708 1343 (τοῦ.

666 1377 826 1431 Vitas.
854 1373 943 1430 7i.
966 1404 1038 1416 —
1062 1376 1268 1432 Bonum
1303 1378 1431 1434 mihi
1465 1377 1607 1450 quod
1634 1370 1921 1434 humilitati
1962 1395 2063 1444 me,
2104 1379 2160 1433 at

589 1466 791 1520 discam
824 1466 1227 1535 iustiﬁcationes
1253 1482 1392 1522 tuas.
1436 1468 1639 1523 Bonum
1686 1470 1836 1531 mihi,
1870 1469 2013 1538 quod
2040 1484 2159 1537 pae-

595 1571 721 1610 natn
758 1556 1067 1611 convertisti
1097 1556 1227 1611 mihi
1256 1558 1322 1612 ad
1351 1557 1704 1628 disciplinam,
1744 1566 1799 1611 et
1834 1558 2161 1613 humiliatio-

594 1660 720 1700 nem
769 1644 835 1698 ad
883 1635 1237 1701 eruditionem
1264 1664 1277 1693 τ
1307 1646 1431 1715 quia
1470 1646 1881 1717 iustiﬁcationes
1926 1656 2048 1702 tuas
2084 1648 2159 1703 ita

592 1733 746 1803 cupi:
775 1740 997 1788 noscere
1026 1731 1177 1805 [Ms.,
1210 1733 1412 1803 nosse],
1440 1740 1499 1789 ut
1525 1734 1740 1789 faciam.
1766 1735 1879 1789 Non
1910 1737 2052 1790 enim
2074 1745 2161 1792 est

2261 568 2411 641 facit,
2451 578 2542 647 qui
2573 575 2822 647 cperibus
2870 585 3073 665 sanctis.
3103 578 3358 642 caelorum
3398 597 3555 662 regna
3594 599 3817 666 conqui-

2262 673 2404 718 runt.
3476 708 3479 713 ι

2328 756 2490 811 Vens.
2544 756 3149 831 78.—Confundantur
3196 758 3407 838 superbi
3451 773 3575 841 quia
3621 762 3818 842 injuste

2258 840 2580 914 iniquitatem
2629 848 2860 917 fecerunt
2896 848 2953 907 in
2983 869 3083 918 me,
3105 870 3198 925 ego
3244 865 3416 912 autem
3458 840 3730 917 exercebar
3758 862 3817 917 its

2256 933 2518 988 mandatis
2553 936 2677 992 tuis.
2708 934 3132 997 Confundantur.
3174 942 3428 1011 Quamvis
3473 949 3693 1003 saeviant
3722 936 3814 1007 su?

2256 1022 2428 1089 perhi,
2454 1032 2509 1076 et
2537 1024 2871 1105 iniquitatem
2908 1039 3202 1099 operantur
3228 1033 3283 1088 in
3310 1045 3545 1100 sanctos,
3574 1040 3841 1097 cbaritas'

2258 1119 2437 1165 tamen
2477 1112 2687 1181 piorum
2731 1131 2837 1171 non
2880 1108 3195 1189 refrigescit,
3225 1129 3281 1177 et
3305 1124 3677 1181 mandatorum
3723 1128 3816 1183 Dei

2257 1200 2577 1257 exercitatio
2602 1202 2706 1258 nun
2735 1198 2945 1273 desinit.

2327 1289 2487 1344 Vsus.
2520 1286 2606 1347 79.
2638 1322 2709 1333 -ο
2727 1292 3103 1352 Convertuntur
3124 1294 3251 1369 mihi
3278 1296 3514 1357 timentes
3540 1307 3609 1369 te,
3642 1314 3692 1360 et
3721 1322 3815 1376 qut

2258 1389 2505 1433 noverunt
2547 1382 2987 1459 testimoniorum
3027 1383 3140 1442 Hoc
3179 1397 3303 1457 est,
3349 1389 3409 1447 ut
3460 1408 3545 1448 me
3596 1394 3820 1451 docente

2258 1476 2643 1538 cognoscentes
2662 1482 2731 1527 ea
2758 1473 2825 1527 ad
2848 1479 2901 1528 te
2921 1461 3163 1533 conversi
3184 1478 3333 1533 ﬁant.
3356 1479 3424 1535 Et
3450 1482 3543 1552 qui
3564 1494 3816 1539 noverunt

2255 1560 2547 1615 testimonia
2573 1571 2685 1625 tua,
2711 1566 2848 1632 ~quos
2871 1556 3025 1618 lectio
3046 1562 3261 1634 quidem
3285 1567 3461 1624 divina
3492 1554 3697 1641 imbuit,
3723 1574 3819 1639 sed

2258 1644 2485 1702 necdum
2511 1655 2645 1719 opus
2669 1649 2858 1705 salutis
2877 1648 3152 1708 instruxit.
3714 1651 3717 1655 ’
3756 1708 3759 1711 γ
3828 1698 3831 1701 ι

2330 1735 2490 1792 Vens.
2517 1736 2604 1791 80.
2630 1767 2701 1778 -
2726 1733 2849 1792 Fiat
2896 1748 2989 1793 cor
3035 1732 3203 1795 meum
3250 1743 3658 1803 immaculatum.
3718 1743 3818 1805 ilic

592 1835 716 1874 vera
763 1821 984 1875 scientia
1028 1822 1083 1900 in
1132 1822 1329 1877 bonum
1375 1822 1525 1896 [Mm
1573 1823 1739 1896 boni],
1800 1825 1904 1880 nisi
1943 1826 2009 1880 ad
2053 1827 2156 1882 hoc
2186 1808 2230 1866 Β
2259 1842 2473 1897 cor'pro
2504 1829 2683 1883 anim’a
2712 1830 2947 1899 ponitur,
2992 1845 3055 1885 ac
3082 1832 3127 1886 si
3156 1833 3316 1898 dicat,
3358 1833 3453 1888 ﬁat
3486 1827 3664 1894 anima
3691 1849 3812 1900 mea

592 1921 946 1983 Cognoscatur
970 1909 1053 1983 [ut
1075 1899 1312 1985 agatur].

665 2004 826 2059 Vnus.
863 2004 950 2058 72.
974 2034 1044 2043 —
1072 2003 1273 2057 Bonum
1310 2005 1434 2057 mihi
1466 2004 1549 2058 lea:
1579 2007 1685 2059 oris
1713 2006 1790 2058 tui
1813 2019 1969 2077 super
1993 2005 2159 2061 millia

592 2094 711 2146 auri
732 2103 781 2146 et
805 2094 1025 2163 argenti.
1066 2093 1174 2148 Lex
1209 2095 1320 2149 oris
1367 2096 1460 2151 Dei
1502 2094 1751 2152 Christus
1781 2105 1884 2161 est,
1916 2097 2007 2166 qui
2053 2109 2160 2153 non

590 2182 736 2237 venit
772 2181 946 2253 legem
989 2182 1219 2249 solvere,
1252 2184 1353 2240 sed
1389 2184 1718 2255 adimplere;
1767 2200 1927 2255 quem
1970 2188 2162 2255 praevi-

590 2272 722 2328 dens
765 2274 1029 2343 propheta
1066 2289 1227 2345 super
1262 2289 1449 2329 omnes
1490 2275 1771 2330 thesauros
1809 2277 2155 2346 concupiscit,

588 2364 679 2431 qui
708 2360 858 2434 [Μση
886 2362 1036 2435 quia]
1064 2379 1168 2418 non
1203 2364 1378 2419 solum
1410 2366 1615 2420 amicos
1655 2364 1822 2436 diligi,
1872 2366 1965 2422 sed
1994 2366 2158 2421 etiam

591 2453 824 2508 inimicis
858 2456 1111 2525 praecepit
1139 2454 1361 2527 ignosci.

1019 2556 1133 2609 ³ου,
1174 2558 1227 2598 ID
1259 2558 1357 2599 εδτ
1397 2559 1721 2599 ΡΙΙΝΕΙΡΙυΙ.

661 2637 820 2692 Vens.
844 2635 931 2690 τιὸ.
960 2663 1031 2677 —
1051 2633 1245 2688 Ianus
1268 2643 1375 2688 tute
1403 2634 1634 2703 fecerunt
1666 2652 1745 2689 me
1785 2645 1832 2689 et
1869 2633 2159 2705 plasmavea-

592 2736 713 2781 runt
734 2742 834 2788 me,
862 2726 931 2779 da
953 2725 1078 2779 milii
1106 2722 1437 2788 intellectum,
1471 2734 1526 2778 ut
1548 2725 1745 2780 discam
1768 2725 2015 2780 mandata
2044 2737 2157 2781 tua.

595 2821 839 2891 Magnum
868 2827 951 2873 est
990 2818 1154 2883 enim,
1198 2825 1259 2872 ut
1282 2832 1342 2873 se
1369 2817 1528 2872 homo
1566 2818 1828 2887 intelligat
1864 2833 2022 2871 manu
2063 2817 2156 2872 Del

593 2910 789 2965 iacutm
837 2910 1278 2979 plasmatumque,
1329 2916 1383 2963 ct
1429 2909 1493 2963 ad
1544 2906 1661 2977 ejus
1707 2909 1992 2977 imaginem
2040 2917 2159 2963 esse

594 3000 978 3069 compositum;
1016 2998 1157 3068 quod
1180 2998 1227 3051 si
1274 2998 1572 3067 agnoverit,
1616 2998 1891 3051 scientiam
1939 3006 2159 3065 poscere

592 3091 764 3154 debet,
794 3098 853 3144 ut
880 3087 1126 3143 mandata
1154 3086 1268 3156 eius
1297 3088 1554 3157 intelligat
1574 3094 1627 3142 et
1650 3087 1937 3142 custodiat.
1971 3087 2157 3143 Manus

596 3181 802 3235 Domini
828 3180 1000 3235 virtus
1024 3188 1079 3234 et
1112 3180 1373 3249 sapientia
1422 3178 1773 3249 intelligendas
1813 3186 1953 3234 sunt.
1999 3176 2157 3233 Fece-

595 3282 713 3325 runt
760 3274 827 3325 ad
867 3272 1121 3332 animam,
1160 3269 1541 3339 plasmaverunt
1573 3269 1639 3323 ad
1673 3284 1867 3338 corpus
1903 3269 2151 3339 pertinet.

596 3363 663 3419 Et
690 3361 815 3433 quia
842 3362 1017 3416 anima
1041 3360 1327 3431 pretiosior
1354 3370 1436 3415 est
1463 3374 1709 3430 corpore,
1743 3360 1859 3416 ideo
1889 3361 2040 3430 prius
2062 3375 2157 3431 po-

594 3454 701 3507 snit
727 3453 979 3522 fecerunt.

670 3544 827 3597 Vsus.
855 3541 940 3594 74.
963 3572 1034 3581 —
1059 3540 1161 3607 Qui
1204 3542 1379 3594 timent
1418 3550 1488 3607 te,
1528 3542 1770 3596 videbunt
1813 3558 1891 3596 me
1929 3551 1974 3595 et
2012 3542 2158 3596 (artas

596 3638 805 3699 bnntur,
836 3634 958 3705 quia
987 3634 1040 3689 in
1063 3633 1214 3688 verba
1244 3644 1334 3697 tua
1360 3635 1735 3704 superspera‘vi.
1765 3635 1877 3690 Vox
1906 3633 2157 3690 Ecclesia;

597 3725 710 3778 haec
738 3722 889 3796 μη,
938 3722 1061 3794 hoc]
1106 3729 1209 3787 est,
1254 3733 1313 3776 ut
1358 3724 1433 3777 illi
1481 3724 1571 3793 qui
1621 3723 1904 3777 Dominum
1945 3722 2153 3789 timent,

2260 1919 2376 1974 sine
2400 1928 2617 1991 peceato
2651 1921 2881 1977 mortali.
2906 1922 2969 1977 In
2990 1926 3091 1978 tuis
3106 1920 3595 1995 justiﬁcationilms,
3633 1938 3689 1983 ut
3715 1947 3822 1989 nats

2258 2008 2569 2077 confundar.
2622 2009 2734 2065 Hoc
2787 2018 2869 2065 est
2911 2019 2970 2065 ut
3022 2021 3145 2069 non“
3173 2014 3398 2072 habeam
3448 2016 3815 2074 confusionem

2259 2100 2535 2152 atteritam.

2330 2189 2491 2244 Vsus.
2520 2188 2608 2243 8l.
2636 2221 2705 2230 —
2730 2189 2927 2261 Defecit
2952 2194 3007 2247 iu
3036 2189 3265 2249 salutare
3295 2187 3438 2269 [Ms.,
3465 2198 3687 2254 salutari
3703 2198 3819 2273 tuo]

2257 2290 2403 2333 tuum
2456 2274 2631 2334 anima
2670 2292 2803 2345 mea,
2834 2292 2881 2337 et
2916 2283 2970 2337 in
3008 2286 3218 2340 uerbum
3261 2296 3405 2341 tuum
3442 2291 3814 2359 supersperaoi.

2257 2368 2360 2428 Iste
2408 2366 2667 2437 deiectus,
2715 2389 2821 2429 non
2869 2375 2971 2430 ﬁde
2997 2391 3054 2431 se
3079 2367 3356 2442 defecisse,
3400 2379 3685 2450 signiﬁcat,
3724 2381 3817 2435 sed

2257 2456 2312 2519 in
2358 2455 2503 2518 tanta
2551 2459 2801 2525 desiderii
2850 2468 3212 2537 magnitudine
3255 2484 3313 2524 se
3358 2469 3632 2541 fatigatum
3670 2488 3822 2527 mon-

2258 2561 2412 2615 strat.
2439 2561 2498 2607 ut
2524 2552 2590 2607 ad
2615 2552 2878 2609 defectum
2904 2554 3267 2611 felicissimum
3286 2559 3611 2628 perveniret.
3644 2558 3711 2614 In
3736 2578 3820 2614 sa-

2258 2642 2464 2706 lutare,
2519 2644 2660 2713 quod
2708 2642 2967 2699 Hchraice
3012 2645 3208 2702 dicitur
3248 2644 3404 2703 Iesus
3442 2666 3454 2701 :
3499 2658 3546 2703 et
3592 2648 3648 2702 in
3696 2645 3822 2704 Ver-

2259 2728 2379 2787 bum
2413 2744 2594 2800 tuum,
2634 2730 2691 2790 id
2727 2743 2838 2801 est,
2879 2736 2933 2791 in
2972 2736 3345 2807 Unigenitum,
3394 2740 3487 2811 qui
3528 2748 3612 2796 est
3648 2742 3819 2796 virtus

2258 2823 2374 2877 Dei.

2327 2905 2489 2981 369
2507 2911 2667 2967 Vens.
2687 2911 2775 2967 8‘2.
2799 2943 2867 2953 —
2888 2908 3194 2983 Defecerunt
3212 2908 3348 2969 oculi
3369 2917 3466 2970 mei
3479 2917 3533 2970 in
3556 2912 3815 2988 eloquium

2259 3008 2425 3065 tuum,
2452 2994 2696 3065 dicentes,
2720 2996 2927 3071 quando
2960 3004 3304 3059 consolaberis
3331 3021 3431 3059 me.
3467 3004 3604 3061 Ecce
3633 3022 3821 3062 rursus

2208 3134 2225 3154 ,
2261 3090 2313 3143 in
2337 3089 2525 3155 oculis,
2568 3091 2660 3145 sed
2686 3091 2869 3161 utique
2902 3092 3275 3159 interioribus,
3305 3083 3585 3150 laudabilis
3616 3104 3670 3151 et
3696 3088 3817 3152 felix

2257 3179 2345 3233 ille
2371 3178 2629 3244 delectus,
2675 3195 2782 3235 non
2810 3181 3027 3235 veniens
3053 3196 3117 3235 ex
3150 3176 3459 3237 inﬁrmitate
3487 3176 3680 3249 animi,
3725 3176 3819 3240 sed

2254 3283 2321 3322 ex
2349 3268 2658 3323 fortitudine
2685 3260 2932 3323 desiderii
2955 3269 3007 3323 in
3030 3270 3347 3339 promissum
3370 3263 3500 3334 Dei;
3532 3272 3633 3325 hoc
3675 3273 3819 3341 enim

2255 3359 2331 3413 ait
2358 3359 2413 3412 in
2435 3358 2693 3428 eloquium
2726 3370 2870 3413 tuum
2894 3374 2913 3413 :
2946 3359 3125 3414 tandiu
3151 3359 3293 3414 enim
3319 3360 3445 3414 dicit
3468 3374 3525 3415 se
3554 3359 3818 3418 defectum

2254 3437 2558 3517 pertulisse,
2602 3446 2771 3502 donec
2793 3450 3097 3517 exspectata
3130 3448 3425 3503 incarnatio
3464 3447 3673 3503 Domini
3700 3463 3821 3505 cor—

2257 3528 2338 3590 dis
2363 3536 2664 3606 aspeclibus
2691 3546 2992 3606 appareret.
3022 3531 3244 3602 Quando
3269 3538 3613 3593 consolaberis
3638 3555 3733 3603 me,
3763 3529 3819 3593 id

2255 3635 2358 3694 est,
2405 3628 2616 3699 quando
2652 3629 2851 3692 veniet,
2880 3627 3019 3698 quod
3041 3628 3378 3698 promisisti?

2326 3722 2487 3775 Vsus.
2516 3714 2603 3776 83.
2634 3750 2703 3761 ——
2733 3718 2869 3785 Quia
2896 3719 3065 3789 {actus
3094 3737 3207 3775 sum
3234 3722 3368 3775 sicut
3394 3731 3508 3775 uter
3525 3723 3579 3776 in
3606 3722 3815 3794 pruina,

596 3816 809 3870 videant
833 3830 985 3870 suum
1015 3814 1343 3869 intellectum
1382 3822 1437 3867 et
1467 3812 1701 3867 laetitiam
1740 3802 1999 3877 habeant;
2031 3814 2156 3883 quia
2247 3810 2651 3881 justiﬁcationes
2688 3819 2804 3862 tuas
2835 3826 2936 3862 non
2971 3826 3085 3863 sum
3106 3810 3311 3864 oblitus.
3343 3809 3596 3880 Superius
3619 3812 3820 3880 petive-

596 3904 853 3969 Ecclesia,
880 3903 1095 3972 quando
1118 3903 1262 3956 videt
1284 3902 1415 3955 alios
1445 3903 1691 3956 mandata
1723 3902 1817 3956 Dei
1847 3903 2151 3965 observare,

596 3982 842 4065 magnam
869 3992 1106 4047 laetitiam
1142 3992 1338 4047 habet:
1368 4000 1549 4059 postea
1589 3992 1643 4043 in
1692 3992 1917 4045 invicem
1954 3992 2031 4045 sic
2064 3990 2154 4045 lae-

598 4083 871 4147 tabuntur,
914 4091 969 4138 et
1002 4083 1091 4138 hic
1117 4090 1171 4135 et
1200 4083 1251 4136 in
1293 4080 1550 4135 futurum.
1585 4081 1719 4146 Quia
1754 4083 1807 4136 in
1839 4083 1987 4135 verba
2020 4081 2153 4154 [tuo]

595 4189 769 4243 spero,
796 4174 847 4228 id
873 4182 975 4237 est,
1007 4174 1059 4228 in
1088 4172 1304 4227 Christo
1331 4173 1503 4228 habeo
1530 4189 1698 4243 spem.

667 4262 826 4318 Vens.
849 4261 936 4316 75.
958 4292 1027 4301 -
1048 4261 1294 4332 Cognoui,
1317 4262 1552 4327 Domine,
1575 4264 1697 4332 quia
1718 4264 1931 4333 a‘qnitas
1948 4263 2155 4333 judicia

596 4362 708 4416 tua,
737 4361 785 4405 et
828 4351 881 4407 in
934 4352 1145 4407 veritate
1183 4361 1275 4405 tua
1316 4352 1603 4407 humiliasti
1654 4370 1751 4406 me.
1805 4354 1953 4419 Quod
2008 4355 2153 4418 dicit,

596 4443 905 4511 cognovisse
947 4456 1003 4496 se
1044 4442 1245 4511 judicia
1296 4442 1524 4506 Domini,
1570 4443 1698 4497 illud
1733 4443 2018 4513 signiﬁcat,
2051 4444 2152 4516 [ut]
2186 4447 2361 4519 Dtur.

598 4533 866 4587 hominem
893 4532 1054 4585 animi
1105 4540 1309 4586 tumore
1336 4541 1646 4601 peccantem
1676 4530 2011 4587 humiliaium
2038 4550 2160 4588 cor-

599 4622 758 4691 rigat,
793 4628 847 4695 et
869 4619 1253 4689 supplicantem
1290 4621 1392 4675 sibi
1417 4620 1591 4673 divina
1626 4622 1990 4676 misericordia
2018 4624 2157 4676 raci-

597 4711 724 4776 piat.
758 4708 1051 4775 Quisenim
1085 4709 1292 4764 dubitet
1319 4724 1539 4764 summa;
1571 4711 1837 4779 aequitatis
1866 4724 1985 4765 esse
2016 4711 2160 4778 judi-

596 4798 759 4863 cium,
784 4808 843 4852 ut
872 4799 963 4866 qui
989 4812 1083 4868 per
1105 4801 1415 4875 superbiam
1442 4798 1686 4868 deliquit,
1717 4802 1905 4856 devota
1944 4794 2159 4857 humili-

598 4899 704 4945 tate
734 4898 1005 4962 purgetur.

672 4982 831 5036 Vstts.
864 4981 949 5035 76.
983 5010 1044 5023 ——
1070 4979 1194 5035 Fiat
1236 4998 1370 5034 nunc
1417 4982 1773 5036 misericordia
1811 4993 1920 5049 tua,
1951 4987 2005 5037 ut
2028 4998 2155 5039 con-

596 5069 795 5123 soletur
826 5087 929 5135 me,
962 5070 1248 5125 secundum
1282 5070 1539 5141 eloquium
1569 5080 1714 5125 tuum
1738 5089 1881 5127 servo
1901 5082 2010 5127 tuo.
2041 5075 2158 5129 Fiat

596 5175 726 5232 ergo
748 5159 1113 5214 misericordia
1135 5168 1223 5215 tua
1246 5162 1532 5216 secundum
1556 5162 1961 5232 promissionem
1986 5174 2154 5227 tuam,

601 5258 660 5302 ut
684 5249 1035 5318 praesentibus
1058 5250 1367 5304 muneribus
1408 5252 1633 5320 accipiat
1672 5252 1912 5306 mortalis
1935 5254 2042 5306 vita
2072 5270 2157 5308 so-

598 5334 821 5400 latium,
868 5348 922 5391 ct
968 5335 1143 5390 futura
1186 5338 1524 5408 aeternitatis.
1548 5340 1687 5393 bona
1739 5342 2010 5410 patienter
2058 5356 2155 5395 exr-

603 5433 828 5495 spectet.

670 5515 827 5569 \'ens.
862 5515 1046 5568 77.--
1076 5513 1291 5570 Veniant
1338 5516 1462 5570 mihi
1519 5517 1869 5574 miserationes
1916 5532 2048 5585 tua',
2109 5533 2155 5575 et

601 5607 785 5667 t'it'am,
810 5609 933 5675 quia
970 5608 1053 5660 let
1088 5615 1177 5659 tua
1216 5607 1478 5660 meditatio
1517 5626 1629 5663 mea
1678 5621 1770 5663 cst.
1822 5612 2155 5667 Suﬂicicntcr

597 5709 909 5760 expressum
950 5705 1048 5760 est,
1094 5696 1230 5766 quod
1275 5712 1371 5764 per
1414 5698 1831 5752 miscricordiam
1865 5715 2157 5771 C(llle‘tlllil-

2259 3908 2341 3951 rat
2367 3888 2651 3962 consolari,
2687 3912 2828 3952 nunc
2855 3912 3069 3952 causam
3095 3898 3267 3952 reddit
3290 3899 3652 3953 subveniendi.
3694 3897 3820 3954 Uter

2256 3994 2398 4047 enim
2427 4007 2619 4061 corpus
2658 3991 2881 4047 mortale
2926 3990 3221 4061 signiﬁcat,
3265 3991 3455 4060 pruina
3498 3990 3815 4046 beneﬁcium

2256 4081 2619 4137 conversionis
2654 4079 2848 4151 [Edit.,
2892 4077 3331 4157 conversationis]
3370 4078 3621 4134 ostendit.
3668 4077 3821 4133 Sicut

2256 4180 2435 4226 autem
2477 4181 2599 4225 uter
2629 4168 2825 4239 frigore
2866 4169 3073 4238 glaciali
3116 4169 3449 4223 contrahitur
3473 4208 3487 4232 ,
3522 4168 3600 4223 sic
3643 4167 3821 4221 carnis

2256 4272 2452 4317 nostrae
2482 4263 2745 4317 incentiva
2772 4261 3020 4315 vitiorum
3056 4255 3345 4313 afflictione
3390 4257 3713 4328 pmnitentite
3742 4266 3819 4312 ωδ

2257 4362 2506 4418 nuantur,
2558 4360 2615 4407 ut
2651 4347 3091 4421 iustiﬁcationum
3118 4346 3329 4405 Domini
3364 4364 3471 4405 non
3502 4348 3822 4405 obliviscan—

2330 4533 2489 4586 V'tzus.
2519 4532 2607 4587 84.
2637 4511 2872 4596 -—‘Quot
2908 4539 3026 4583 sunt
3054 4526 3162 4583 dies
3194 4530 3325 4583 servi
3358 4529 3455 4591 tui,
3480 4524 3688 4597 quando
3730 4519 3818 4596 fa-

2260 4624 2361 4675 cies
2401 4624 2463 4676 de
2486 4623 2898 4691 persequentibus
2938 4636 3017 4674 me
3043 4618 3349 4690 judicium?
3394 4612 3581 4673 Sciens
3606 4622 3820 4673 sancto—

2261 4726 2376 4763 rum
2407 4720 2578 4765 cmtus
2605 4724 2771 4778 usque
2798 4711 2849 4762 in
2891 4708 3047 4761 linem
3076 4707 3254 4762 saeculi
3294 4704 3672 4764 te‘ntati‘onihus
3705 4709 3820 4763 dia-

2258 4798 2441 4852 holicis
2468 4799 2702 4851 membra
2723 4796 2926 4851 Domini
2951 4797 3247 4867 subjacere,
3269 4795 3583 4867 interrogat,
3607 4797 3819 4864 quando

2258 4888 2486 4942 mundus
2529 4888 2628 4942 iste
2665 4888 2923 4951 ﬁniretur,
2963 4895 3021 4941 ut
3056 4888 3119 4942 de
3164 4886 3611 4956 persecutoribus,
3660 4886 3709 4940 id
3735 4892 3819 4940 est

2258 4978 2486 5043 diabolo,
2518 4993 2638 5034 cum
2668 4979 2927 5033 ministris
2952 4987 3245 5048 praeparata
3271 4978 3400 5034 ultio
3447 4976 3811 5047 compleatur:

2256 5076 2309 5121 et
2334 5068 2662 5123 celeritatem
2695 5066 2858 5120 futuri
2879 5066 3061 5133 judicii
3079 5068 3317 5136 optabat,
3352 5066 3405 5119 iu
3435 5074 3539 5135 Quo
3557 5058 3671 5134 iam
3698 5067 3815 5123 bea»

2259 5163 2325 5226 [is
2352 5162 2454 5215 erit
2481 5161 2712 5229 requies,
2742 5167 2794 5212 et
2820 5160 3067 5229 gaudium
3101 5160 3213 5213 sine
3238 5154 3341 5212 ﬁne
3366 5172 3693 5214 mansurum.

2330 5249 2487 5302 Vens.
2518 5248 2605 5302 85.
2636 5276 2704 5285 -
2735 5245 3093 5301 Narraverunt
3114 5246 3238 5299 mihi
3263 5246 3423 5316 iniqui
3452 5245 3815 5316 fabulatiOues,

2256 5340 2345 5393 sed
2375 5356 2477 5392 non
2500 5346 2554 5391 ut
2596 5336 2679 5391 lea:
2714 5347 2841 5403 tua,
2887 5337 3125 5391 Domine.
3174 5335 3549 5390 Narraverunt.
3590 5326 3819 5394 Fabulas

2258 5443 2515 5483 ranarum
2543 5429 2868 5497 opinionum,
2895 5426 3219 5481 delectabilis
3242 5425 3437 5495 eloquii
3462 5433 3577 5479 arte
3603 5439 3814 5494 compo-

2258 5523 2385 5575 sitas
2409 5522 2476 5577 ab
2500 5519 2868 5589 iniquis,dicit
2899 5532 3017 5572 esse
3056 5526 3336 5581 narratas;
3376 5516 3468 5570 sed
3493 5514 3621 5569 nihil
3656 5530 3713 5569 sc
3760 5514 3813 5565 in

2258 5615 2334 5666 eis
2364 5614 2491 5667 utile
2519 5613 2797 5683 reperisse,
2832 5610 2967 5663 sicut
2993 5609 3045 5664 in
3072 5612 3187 5680 legc
3215 5607 3442 5672 Domini,
3475 5608 3523 5660 in
3564 5622 3664 5674 qua
3692 5606 3812 5672 cum

2260 5703 2473 5766 veritas,
2512 5717 2616 5755 non
2650 5700 2807 5755 verba
2834 5696 3116 5753 delectant.
