4230 6210
401 311 502 374 609

474 428 632 480 Vnus.
665 424 749 480 86.
786 454 832 465 -α
877 422 1063 477 Omnia
1126 424 1369 477 mundata
1431 432 1521 475 tua
1577 422 1799 481 veritas,

403 516 491 587 qui
535 513 797 585 persecuti
834 523 951 566 sunt
998 528 1077 565 me
1104 554 1117 576 ,
1167 513 1356 581 adjura
1406 528 1502 564 me.
1570 510 1766 566 Contra
1815 508 1980 569 lucre-

407 607 634 660 ticorum
684 601 1038 661 Iabulationes
1077 602 1206 663 dicit
1254 602 1429 663 omnia
1472 599 1721 659 mandata
1773 597 1982 659 Domini

405 708 524 754 esse
554 693 856 754 veritatem,
898 690 1073 768 Iniqui
1103 692 1354 761 persecuti
1379 700 1498 751 sunt
1529 706 1625 753 me,
1664 688 1867 742 scilicet
1894 687 1985 739 do-

406 783 576 840 cendo
618 796 891 854 perversa,
941 782 1213 845 suadendo
1260 781 1430 846 falsa;
1482 795 1610 849 ergo
1642 776 1831 844 adiuva
1877 792 1978 837 me,

408 884 468 929 ut
496 884 698 935 certem
730 889 831 948 pro
862 872 1085 927 veritate
1114 881 1200 933 tua
1232 887 1399 942 usque
1425 872 1492 926 ad
1520 880 1769 923 mortem.

482 966 646 1025 Vnus.
679 966 766 1021 87.
797 995 865 1005 ——
898 964 1067 1019 Paulo
1092 965 1260 1018 minus
1288 968 1771 1017 consummaverunt
1820 974 1901 1011 me
1928 957 1983 1009 in

410 1067 585 1121 terra,
629 1072 720 1126 ego
762 1065 935 1109 autem
975 1072 1075 1108 non
1103 1053 1352 1124 dereliqui
1386 1051 1635 1105 mandata
1666 1062 1777 1103 tua.
1821 1048 1987 1103 Valde

410 1163 499 1210 me
527 1147 825 1218 corporalia
857 1147 984 1202 vitia
1021 1146 1074 1201 in
1105 1154 1302 1200 terram
1338 1143 1727 1205 huniiliassent,
1761 1140 1861 1205 nisi
1895 1155 1987 1195 cu-

410 1238 693 1295 stodissem
734 1237 983 1291 mandata
1016 1236 1212 1292 divina.

420 1353 421 1356 η
488 1320 649 1381 Vsus.
677 1325 764 1381 88.
795 1357 865 1366 —
890 1325 1186 1386 Secundum
1213 1323 1623 1384 misericordiam
1664 1332 1831 1383 tuam,
1882 1320 1988 1373 Do—

415 1416 571 1477 mine,
596 1414 795 1491 viui/ica
818 1432 932 1470 me:
977 1417 1030 1470 in
1065 1424 1319 1479 aeternam
1354 1417 1540 1479 vitam,
1591 1413 1717 1486 quia
1740 1413 1854 1482 jam
1881 1427 1986 1465 non

416 1507 549 1568 mihi
572 1507 711 1574 vivo,
754 1508 885 1563 vivit
923 1523 1051 1563 vero
1079 1510 1130 1562 in
1158 1523 1242 1571 me
1272 1506 1534 1567 Christus.
1587 1503 1655 1559 Ut
1697 1504 1987 1567 custodiam

415 1599 705 1655 testimonia
734 1600 839 1654 oris
863 1590 958 1653 tui.
1010 1598 1103 1661 Vel
1121 1614 1187 1663 ea
1213 1614 1331 1673 quae
1361 1598 1414 1662 in
1437 1597 1555 1669 lege
1591 1595 1878 1659 mandasd,
1905 1594 1986 1649 vel

419 1685 508 1745 illa
546 1701 665 1756 qua:
687 1687 741 1741 in
768 1686 1067 1757 Evangeliis
1097 1685 1385 1755 protulisti,

1272 309 1676 391 EXEGIQTICA.
1718 338 1783 346 —
1821 299 2178 361 EXPOSlTIO
2216 303 2279 357 IN
2322 304 2513 369 I’SAL.
2554 304 2773 366 CXVIII.

3552 302 3654 356 610

1873 418 1975 469 ini-
2005 423 2049 476 Α
2080 424 2132 467 ut
2162 417 2430 484 perderent
2470 435 2569 479 me,
2602 418 2893 471 testimonia
2931 427 3019 469 tua
3062 416 3308 479 intellexi.
3352 414 3532 487 Longo
3574 433 3657 469 tuo

2085 507 2379 570 certamine
2417 506 2653 568 adversae
2698 514 2991 577 potestates
3040 506 3369 574 impugnant,
3420 506 3515 569 sed
3558 521 3659 584 ego

2084 594 2385 666 intelligens
2431 597 2736 651 testimonia
2782 607 2869 651 tua
2920 596 3338 650 consolationem
3372 595 3552 665 recepi
3593 610 3660 656 es

2084 700 2185 739 CIS.

2159 776 2315 830 Vsus.
2344 776 2433 831 96.
2462 807 2528 816 -—-
2561 776 2742 830 ﬂuuiis
2768 776 3225 830 consummationis
3252 775 3353 828 ridi
3379 774 3558 843 ﬁnem,
3582 772 3664 828 lu.-

2085 874 2194 917 tum
2236 866 2543 931 mandatum
2570 877 2713 918 tuum
2751 867 2924 918 nimis.
2972 863 3499 919 Consummationem
3530 862 3666 927 dicit

2064 958 2323 1011 omnium
2354 958 2613 1011 virtutum
2660 957 3031 1031 completivum
3068 954 3472 1025 perfectionem,
3514 952 3683 1027 cujus“

2087 1047 2208 1099 ﬁnis
2244 1056 2327 1099 est
2363 1046 2642 1110 Chrisms,
2696 1063 2855 1117 quem
2894 1046 3159 1110 credendo
3206 1045 3449 1115 praevidit
3482 1052 3666 1109 ventu-

2088 1156 2227 1203 rum,
2255 1138 2410 1215 cujus
2455 1148 2509 1199 et
2546 1139 2783 1203 mandati
2827 1139 3159 1202 latitudinem
3193 1138 3436 1194 miratur.
3474 1134 3531 1190 In
3559 1150 3666 1205 quo

2088 1230 2339 1283 nimirum
2389 1230 2709 1285 charitatem
2759 1228 3063 1299 signiﬁcat,
3098 1242 3217 1297 qua:
3264 1242 3358 1281 sua
3388 1225 3668 1292 latitudie

2086 1320 2266 1373 omnia
2301 1318 2553 1372 mandata
2578 1319 2633 1383 in
2662 1334 2720 1372 se
2750 1317 3143 1387 complectitur.
3178 1316 3309 1369 Nam
3335 1330 3455 1370 cum
3484 1316 3665 1371 omnia

2087 1409 2337 1462 mandata
2371 1408 2644 1471 ﬁnientur,
2678 1408 2790 1474 ipsa
2817 1406 2929 1461 sola
2970 1406 3021 1459 in
3050 1417 3310 1460 aeternum
3339 1404 3594 1457 manebit.

2154 1498 2315 1558 Vsus.
2358 1496 2447 1551 97.
2497 1526 2567 1535 --
2611 1494 2884 1562 Quomodo
2932 1494 3093 1548 dilexi
3139 1494 3300 1564 legem
3344 1502 3518 1561 tuam,
3562 1491 3668 1546 Do-

2086 1587 2271 1641 mine?
2324 1596 2434 1640 tota
2482 1586 2567 1641 die
2594 1587 2862 1661 meditatio
2908 1601 3021 1638 mea
3062 1593 3156 1638 est.
3200 1582 3475 1659 Quomodo
3508 1580 3669 1648 dilexi

2089 1682 2262 1752 legem
2288 1681 2471 1741 tuam?
2501 1679 2614 1745 Sic,
2641 1680 2836 1749 inquit,
2868 1677 3031 1733 dilexi
3063 1676 3231 1749 legem
3263 1674 3402 1738 ﬁdei,
3435 1689 3554 1745 qua:
3574 1688 3673 1748 per

490 1777 651 1833 Vens.
683 1776 771 1833 89.
803 1807 874 1816 —
910 1776 975 1830 In
1003 1785 1269 1840 atomum,
1315 1775 1557 1842 Domine,
1606 1775 1813 1829 verbum
1841 1785 1988 1837 tuum
2020 1763 2065 1822 Β
2092 1775 2428 1830 dilectionem
2458 1782 2735 1845 operatur,
2782 1780 2841 1827 ut
2886 1779 2994 1826 tota
3020 1771 3126 1833 die,
3163 1770 3217 1824 id
3263 1776 3346 1823 est
3383 1774 3497 1830 toto
3532 1775 3670 1820 tem-

418 1877 681 1937 permanet
721 1868 778 1921 in
820 1865 964 1928 calo.
1014 1866 1153 1922 Dicit
1184 1867 1407 1921 verbum
1436 1866 1646 1923 Domini
1672 1880 1990 1945 permanere

418 1960 475 2017 in
508 1958 664 2021 caelo,
700 1958 753 2013 id
794 1965 877 2012 est
921 1958 976 2022 in
1008 1958 1225 2025 sanctis,
1267 1973 1402 2027 quos
1434 1958 1499 2012 de
1527 1965 1707 2012 morte
1754 1954 1883 2020 facit
1913 1954 1991 2009 vi-

422 2056 575 2117 vere,
607 2060 661 2107 et
696 2050 763 2107 de
790 2050 1130 2107 tribulatione
1152 2050 1420 2122 gaudere;
1462 2051 1574 2114 sive
1604 2051 1658 2115 in
1683 2048 1991 2104 caelestibus

423 2142 726 2204 virtutibus,
764 2156 883 2211 qua:
917 2140 1032 2209 ejus
1062 2155 1273 2211 semper
1298 2140 1553 2199 insistunt
1579 2138 1897 2203 ministerio.

492 2233 654 2288 Vens.
686 2232 773 2287 90.
796 2261 868 2273 —
892 2230 958 2286 In
996 2230 1241 2285 saxulum
1267 2230 1671 2286 saeculioeritas
1713 2239 1828 2294 tua,
1872 2228 1988 2298 {uu-

416 2326 561 2381 Δαιιὶ
584 2334 773 2378 terram
797 2332 845 2377 et
870 2332 1155 2393 permanet.
1197 2320 1459 2377 chulum
1489 2320 1661 2390 legem
1683 2326 1739 2374 et
1764 2318 1995 2388 prophe—

426 2425 541 2481 tas;
570 2412 749 2469 saeculi
773 2412 1037 2482 signiﬁcat
1063 2411 1349 2483 Evangelia
1382 2419 1438 2467 et
1464 2410 1755 2481 apostolos,
1798 2411 1855 2475 in
1878 2410 1996 2478 qui-

424 2506 527 2566 bus
544 2510 633 2560 'est
654 2504 869 2568 veritas,
912 2518 1031 2572 quae
1064 2510 1146 2558 est
1170 2490 1417 2558 Christus
1450 2502 1743 2557 Dominus:
1793 2508 1994 2554 terram

425 2605 625 2661 autem,
665 2595 767 2650 hoc
793 2602 875 2650 est
898 2594 1185 2660 humanam
1219 2602 1485 2658 naturam,
1515 2608 1583 2648 es
1632 2600 1784 2663 parte
1826 2599 1995 2646 totum

425 2685 750 2756 signiﬁcans,
779 2686 833 2740 in
860 2685 1059 2740 sanctis
1085 2683 1346 2748 fundavit,
1390 2691 1448 2743 ut
1473 2683 1527 2737 in
1554 2697 1650 2737 sua
1678 2680 1996 2737 credulitate

421 2786 810 2855 permaneant:
857 2776 982 2845 quia
1027 2775 1132 2836 nisi
1180 2775 1295 2847 ipse
1335 2774 1632 2838 fundasset,
1678 2789 1785 2839 non
1812 2773 1997 2829 crede-

428 2875 566 2930 rent,
608 2882 706 2921 nec
750 2871 1172 2943 permanerent:
1210 2863 1455 2939 fundasti
1478 2872 1670 2927 terram
1705 2872 1755 2916 et
1790 2856 1997 2935 perina-

426 2966 535 3011 net.

501 3046 661 3100 Vsus.
690 3044 777 3099 9i.
813 3073 884 3085 --
909 3042 1249 3105 Ordinatione
1269 3052 1360 3097 tua
1395 3052 1681 3113 perseverat
1710 3043 1840 3112 dies,
1870 3060 1999 3114 quo.

426 3138 574 3195 niam
610 3136 782 3189 omnia
811 3135 1035 3188 seruiunt
1063 3134 1176 3199 tibi,
1222 3132 1440 3201 Quoties
1484 3134 1740 3204 singulari
1772 3132 2029 3199 nurnero!

430 3227 545 3281 dies
570 3226 805 3295 ponitur,
829 3232 1087 3283 venturus
1114 3222 1202 3277 ille
1237 3224 1611 3296 sempiternus,
1641 3223 1733 3292 qui
1763 3223 1877 3278 sine
1903 3238 2000 3280 no-

422 3322 516 3371 cte
542 3320 645 3377 est,
693 3310 1062 3382 signiﬁcatur;
1108 3319 1234 3367 tunc
1274 3311 1350 3373 illi
1394 3313 1573 3377 omnia
1620 3311 1856 3381 suljecta
1885 3329 2003 3369 ser—

433 3404 615 3458 viunt:
648 3404 887 3457 serviunt
911 3410 964 3458 et
1003 3400 1314 3469 adversarii,
1352 3403 1477 3459 licet
1506 3420 1610 3459 non
1644 3412 1852 3481 sponte,
1877 3405 2001 3467 dum

228 3519 237 3527 -
333 3483 360 3571 ι’
428 3495 667 3556 ιωωητιιὶ
709 3509 897 3564 ptenas
939 3508 1202 3563 perennes
1232 3498 1336 3548 suo
1366 3494 1521 3570 jussu
1550 3496 1744 3561 merito
1774 3496 2006 3560 sustine-

432 3585 586 3640 bunL

504 3675 665 3729 Vsus.
694 3674 784 3730 92.
812 3705 883 3767 -έ
912 3674 1033 3729 Nisi
1051 3676 1191 3747 quod
1215 3676 1300 3731 lea:
1332 3689 1425 3734 tua
1458 3679 1723 3733 meditatio
1759 3697 1872 3734 mea
1908 3690 2003 3743 est,

434 3780 557 3823 tunc
586 3768 718 3838 forte
757 3769 1021 3838 periissem
1047 3770 1103 3824 in
1134 3769 1429 3825 humilitate
1468 3787 1604 3824 mea.
1655 3770 1817 3827 Beata
1857 3771 2008 3839 plebs

2088 1878 2243 1933 pore,
2276 1862 2558 1918 meditatio
2588 1876 2707 1916 mea
2732 1861 2822 1925 sit.

2164 1972 2323 2035 Vsus,
2341 1970 2503 2025 98.-——-
2516 1968 2686 2039 Super
2700 1969 2938 2031 inimicos
2953 1984 3093 2022 meos
3113 1966 3416 2038 prudentem
3440 1980 3522 2018 me
3548 1962 3675 2032 [eci-

2091 2062 2157 2114 sti
2182 2061 2431 2122 mandato
2469 2070 2578 2121 tuo,
2624 2060 2749 2129 quia
2792 2059 2847 2113 in
2890 2069 3138 2113 wternum
3167 2058 3291 2121 mihi
3319 2065 3413 2111 est.
3465 2054 3673 2121 inimici

2090 2152 2363 2231 propheta:
2376 2150 2543 2205 Judaei
2569 2159 2716 2214 sunt,
2736 2150 2827 2232 qui
2851 2148 3201 2219 spiritualiter
3218 2164 3323 2202 non
3342 2146 3641 2220 intelligunt
3659 2160 3674 2209 ς

2091 2240 2286 2309 quibus
2324 2241 2727 2311 prudentiorem
2756 2239 3022 2309 Propheta
3062 2253 3123 2293 se
3149 2238 3310 2304 dicit,
3356 2240 3481 2308 quia
3512 2238 3565 2291 in
3591 2236 3677 2291 his

2092 2330 2361 2386 mandatis
2409 2345 2529 2400 qua:
2559 2331 2613 2384 in
2643 2338 2905 2389 :eternum
2934 2337 3133 2395 servat,
3182 2336 3461 2395 venturum
3491 2326 3675 2393 Domi-

2092 2435 2221 2474 num
2247 2420 2525 2498 pmvidet.

2166 2510 2329 2565 Vsus.
2358 2509 2446 2564 99.
2486 2539 2557 2548 —
2591 2506 2762 2590 Super
2806 2524 2985 2565 omnes
3023 2508 3265 2575 docentes
3310 2524 3390 2575 me
3426 2506 3676 2576 intellexi,

2092 2603 2216 2673 quia
2260 2602 2557 2655 testimonia
2596 2610 2689 2654 tua
2724 2600 2992 2654 meditatio
3040 2608 3298 2653 mea‘est.
3349 2597 3495 2675 Quos
3520 2613 3679 2668 supe-

2094 2693 2225 2748 riori
2277 2706 2437 2746 versu
2486 2691 2734 2754 inimicos
2778 2690 2955 2756 dixit,
3003 2690 3092 2746 hic
3136 2690 3384 2746 doctores
3419 2682 3673 2760 appellat,

2094 2784 2381 2855 magistros
2418 2782 2623 2837 scilicet
2653 2782 2955 2837 Pharisznos
2980 2782 3283 2853 designans,
3308 2780 3399 2851 qui
3424 2767 3568 2837 sead
3594 2782 3677 2835 lit-
3734 2822 3739 2825 .

2096 2881 2266 2928 teram
2292 2880 2535 2926 tenentes
2555 2870 2847 2940 spiritalem
2873 2856 3280 2940 intelligentiam
3314 2857 3675 2941 negligebant.

2097 2966 2316 3021 Talibus
2361 2978 2492 3037 ergo
2539 2963 2849 3029 doctoribus
2892 2964 3090 3018 cohors
3133 2962 3444 3035 evangelica
3489 2955 3681 3033 melius

2100 3056 2369 3127 intelligit,
2416 3055 2562 3126 quia,
2593 3055 2951 3125 pravitatibus
2976 3067 3161 3109 eorum
3189 3053 3481 3123 repudiatis
3508 3094 3522 3118 ,
3565 3054 3676 3109 sin-

2099 3162 2280 3202 ceram
2305 3146 2607 3201 doctrinam
2645 3145 2855 3200 Domini
2887 3158 2988 3225 per
3014 3144 3413 3199 meditationem
3440 3145 3682 3215 testimo-

2101 3239 2311 3293 niorum
2337 3236 2454 3311 eius
2493 3236 2786 3292 sectmdum
2832 3234 3117 3291 veritatem
3158 3234 3485 3291 intellectam
3526 3233 3681 3311 [Ms.,

2103 3324 2429 3399 intellectus]
2460 3326 2688 3396 accepit.

2174 3417 2338 3473 Vens.
2369 3417 2492 3472 100.
2518 3447 2590 3459 -—
2627 3416 2805 3489 Super.
2839 3417 3067 3471 seniores
3094 3416 3345 3482 intellexi,
3371 3419 3505 3488 quia
3530 3422 3682 3471 mau-

2104 3506 2230 3560 data
2258 3516 2350 3571 tua
2382 3506 2618 3577 quasivi.
2657 3505 2844 3561 Melius
2872 3506 3057 3575 utique
3080 3505 3317 3576 populus
3336 3520 3508 3562 novus
3533 3507 3685 3577 intel-

2105 3596 2255 3660 lexit,
2293 3576 2403 3665 qui,
2431 3600 2668 3668 suscepit
2699 3596 2974 3654 Christum
3019 3596 3137 3667 eius
3176 3600 3426 3654 mandta
3470 3576 3684 3671 perqui-

2106 3686 2294 3753 rendo,
2329 3701 2490 3757 quam
2516 3686 2788 3749 Iudaicus,
2820 3687 2913 3756 qui
2938 3702 3061 3742 eum
3088 3688 3465 3745 mortiﬁeando
3488 3690 3692 3746 occidit

2107 3776 2260 3850 [Ms.,
2297 3778 2729 3833 mortiﬁcandum
2756 3776 3031 3851 credidit].

436 3870 730 3932 martyrum
758 3860 812 3915 in
832 3869 981 3916 tanta
1005 3870 1394 3918 tormentorum
1416 3862 1784 3920 humdiatione
1810 3862 2005 3919 amicta

2178 3870 2341 3932 Vm.
2380 3868 2502 3922 tut.
2537 3898 2610 3908 —
2637 3868 2715 3924 Αι
2762 3869 2904 3933 omni
2940 3869 3024 3922 via
3069 3866 3213 3931 mala
3253 3868 3494 3937 prositut
3532 3866 3686 3938 ρειρ.

428 3949 647 4013 asserit,
687 3963 921 4025 seposse
942 3951 1142 4025 perire,
1169 3952 1272 4006 nisi
1300 3949 1431 4023 legis
1456 3953 1733 4007 meditatio
1760 3954 2008 4017 subveni—

2107 3975 2264 4025 meos,
2296 3969 2352 4018 ut
2387 3958 2677 4023 custodiam
2718 3956 2871 4013 verba
2911 3966 3022 4022 tria.
3073 3956 3156 4011 Ab
3190 3958 3338 4013 omni
3383 3958 3471 4011 via
3502 3957 3683 4022 mala;

436 4048 520 4094 ret
552 4039 895 4105 consolando,
944 4054 1064 4118 qua:
1088 4040 1261 4103 dixit:
1308 4039 1455 4096 Beati
1476 4042 1567 4109 qui
1604 4043 2008 4113 persecutionem
2108 4052 2475 4106 membrorum
2509 4058 2594 4105 est
2626 4049 2743 4111 haec
2786 4063 2913 4112 vos,
2962 4063 3070 4103 lion
3122 4048 3334 4117 capitis.
3388 4046 3505 4104 Non
3540 4048 3686 4103 enim

435 4130 725 4205 patiuntur.
774 4132 883 4188 Lex
914 4132 1015 4187 ista
1048 4132 1180 4195 ﬁdes
1219 4140 1320 4197 est,
1370 4147 1489 4207 quae
1526 4147 1629 4205 per
1670 4133 2008 4196 dilectionem
2109 4138 2223 4209 ipse
2256 4138 2509 4204 Salvator
2526 4138 2772 4207 corporis
2806 4136 2930 4201 ullis
2961 4137 3412 4208 concupiscentiis
3434 4137 3688 4208 pulsaba-

438 4233 724 4297 operatur:
751 4222 973 4295 ineujus
997 4223 1341 4279 meditatione
1365 4233 1705 4293 permanens,
1731 4238 1834 4304 per
1854 4223 2009 4287 ausi-
2110 4240 2216 4296 ιυιι,
2264 4238 2325 4285 ιιι
2358 4231 2408 4285 ei
2446 4243 2668 4295 necesse
2699 4237 2844 4285 esset
2884 4229 3050 4299 pedes
3088 4244 3217 4287 suos
3258 4229 3548 4285 custodire.
3595 4228 3688 4287 Sic

442 4315 568 4379 lium
593 4314 781 4386 gratia!
810 4322 914 4369 tum
935 4320 1290 4385 promeretur,
1324 4320 1383 4368 ut
1414 4314 1470 4368 in
1494 4313 1895 4379 tribulationum
1915 4313 2011 4369 hu-
2110 4323 2253 4378 enim
2293 4324 2459 4377 verba
2493 4321 2588 4379 Dei
2623 4336 2908 4391 possumus
2944 4321 3238 4387 custodire,
3282 4321 3330 4377 si
3367 4329 3489 4391 post
3516 4308 3687 4379 malas

442 4404 666 4459 militate
694 4418 799 4459 non
820 4412 1005 4475 pereat
1029 4404 1083 4459 in
1112 4412 1391 4469 mternum,
2035 4452 2089 4481 η
2112 4421 2325 4468 nostras
2344 4412 2807 4481 concupiscentias
2827 4427 2933 4466 non
2955 4425 3166 4467 eamus.
3295 4415 3303 4423 ‘

513 4495 673 4555 Vsus.
696 4494 784 4551 95.
806 4452 879 4535 -ἱ-
902 4493 967 4548 In
994 4504 1241 4560 internum
1266 4452 1663 4561 non’obliuisear
1677 4494 2012 4567 justi/icatio-
2034 4452 2089 4514 υ
2955 4452 3211 4559 “rion
3246 4458 3523 4571 declinari,
3567 4506 3691 4576 quia

444 4602 533 4640 nes
557 4595 695 4649 tuas,
733 4587 856 4662 quia
897 4586 954 4639 in
987 4586 1110 4657 ipsis
1140 4583 1408 4655 vivi/icasti
1452 4602 1553 4649 me,
1596 4583 2013 4647 Jusliﬂcalitmés
2111 4606 2167 4650 tu
2197 4594 2360 4667 legem
2386 4594 2604 4666 posuisti
2631 4594 2781 4647 mihi.
2835 4595 2915 4650 Tu
2949 4594 3120 4666 legem
3152 4594 3422 4666 Evangelii
3464 4590 3693 4665 posuisti

447 4678 577 4733 dicit
598 4676 792 4749 legales
818 4679 1217 4738 observationes
1238 4679 1338 4735 sub
1360 4680 1569 4744 umbra,
1616 4693 1737 4748 quae
1768 4680 2014 4735 veritatis
2112 4688 2242 4744 mihi
2276 4706 2289 4741 :
2334 4687 2425 4742 illa
2452 4688 2595 4741 enim
2639 4683 2873 4740 Mosaica
2903 4686 2988 4741 lex
3038 4686 3361 4756 padagogus
3393 4684 3533 4749 fuit;
3586 4684 3689 4739 ista

449 4768 645 4833 indicio
692 4767 851 4841 [ιιι.
890 4770 1107 4844 indicia]
1154 4781 1391 4835 venturae
1424 4769 1768 4842 perfeCIionis
1812 4768 2017 4824 beneﬁ-
2113 4782 2278 4836 totius
2306 4780 2498 4853 man,
2539 4780 2650 4835 Lex
2695 4779 2968 4851 Evangelii
2994 4778 3216 4834 libertas
3249 4775 3435 4849 totius]
3464 4758 3693 4847 plenitu-

448 4861 590 4915 cium
609 4858 953 4931 pricstabant.
995 4861 1104 4924 llas
1126 4878 1256 4933 ergo
1273 4861 1687 4932 iustiﬁcationes
1712 4876 1817 4917 non
1848 4859 2014 4914 debe-

2113 4870 2255 4927 dinis
2280 4872 2505 4927 donavit
2536 4870 2807 4929 effectum.
2856 4870 3044 4927 Merito
3066 4886 3194 4941 ergo
3223 4877 3441 4925 sanctus
3466 4867 3692 4939 populus

450 4964 569 5012 tuus
610 4950 889 5016 oblivisci,
937 4966 1055 5022 qua:
1103 4954 1259 5009 nobis
1302 4952 1421 5011 ﬁdei
1461 4962 1515 5008 et
1556 4954 1679 5008 vitae
1724 4951 2018 5023 primordia
2113 4960 2181 5015 de
2230 4961 2335 5014 hac
2384 4961 2499 5032 lege
2546 4960 2853 5030 gaudebat,
2908 4974 3071 5029 quam
3126 4957 3394 5014 credendo
3442 4970 3693 5027 suscepe-

450 5041 831 5111 pmstiwmnt.

522 5130 682 5193 Vsus.
714 5130 803 5196 94.
830 5148 898 5173 δ·-
926 5132 1065 5195 Tuus
1106 5150 1219 5188 sum
1245 5150 1356 5205 ego,
1403 5133 1602 5188 salvum
1636 5150 1717 5188 me
1751 5133 1859 5203 fac,
1888 5151 2019 5205 quo—

453 5220 591 5272 niam
618 5219 1020 5289 iustiﬁcationes
1042 5233 1159 5277 tuas
1182 5223 1448 5294 exquisivi.
1480 5224 1591 5293 Ego
1616 5232 1739 5279 tuus
1766 5222 2016 5289 famulus,

454 5315 508 5360 et
539 5316 594 5362 tu
632 5308 771 5364 Deus
798 5310 978 5373 meus,
1024 5327 1054 5365 a
1091 5324 1142 5367 te
1179 5328 1341 5383 posco
1370 5314 1563 5369 salvari
1594 5334 1606 5368 :
1646 5316 1769 5384 quia
1812 5316 2020 5369 vanitas

458 5408 559 5449 non
586 5409 664 5452 est
698 5398 832 5453 mihi
868 5388 1029 5464 [Ms.,
1054 5402 1179 5468 quia
1217 5414 1403 5458 venter
1438 5420 1541 5459 non
1568 5414 1650 5459 est
1678 5405 1807 5459 mihi
1834 5404 2016 5477 Deus],

462 5497 557 5540 nec
583 5500 700 5541 sum
729 5488 873 5542 inani
916 5489 1095 5557 gloria:
1136 5490 1367 5558 deditus,
1419 5496 1510 5550 sed
1550 5495 2021 5564 justiﬁeationibus

465 5574 587 5629 tuis.

534 5664 693 5738 3⁷0
714 5668 873 5724 Vens.
900 5672 988 5727 95.
1031 5674 1208 5728 -—.Me
1248 5660 1660 5748 caspectaeernnt
1709 5690 2018 5750 peccatores,

2116 5061 2220 5107 rat.

2192 5141 2349 5196 Vsus.
2383 5140 2504 5196 105.
2530 5171 2603 5181 ——
2628 5139 2798 5207 Quam
2828 5140 3003 5197 dulcia
3037 5140 3274 5211 faucibus
3316 5139 3442 5193 meis
3486 5137 3691 5209 eloquia

2116 5242 2229 5295 tua,
2269 5231 2518 5295 Domine,
2561 5248 2717 5303 super
2756 5232 2859 5295 mel
2896 5242 2943 5285 et
2987 5232 3162 5302 fartum
3193 5230 3271 5283 ori
3309 5246 3439 5281 meo.
3488 5228 3692 5282 Fauces

2117 5308 2257 5377 enim
2286 5323 2465 5377 cordis
2506 5338 2700 5377 arcana
2745 5320 3071 5391 signiﬁcant,
3115 5318 3204 5374 ubi
3230 5317 3440 5388 eloquia
3480 5318 3691 5378 Domini

2117 5414 2433 5483 spiritaliter
2456 5414 2825 5481 intelliguntur
2844 5420 2899 5467 et
2923 5412 3231 5482 diliguntur.
3274 5410 3371 5466 Mel
3399 5418 3481 5465 est
3508 5417 3690 5479 aper'a

2119 5506 2383 5569 doctrina,
2412 5504 2563 5559 favus
2584 5513 2813 5559 secreta.

2193 5594 2353 5649 Vsus.
2384 5591 2505 5646 104.
2533 5623 2604 5632 —
2627 5593 2667 5647 Α
2693 5594 2958 5649 mandatis
2985 5595 3088 5648 tuis
3109 5594 3336 5649 intellexi
3363 5589 3509 5664 [quia
3534 5591 3692 5643 homo

2124 5685 2189 5738 ad
2218 5678 2893 5753 occliltomm'sapientiam
2938 5700 3033 5753 per
3072 5682 3423 5740 obedientiam
3454 5682 3696 5753 perwnit
