4286 6220
1416 286 1472 339 Β.
1516 286 1573 339 l".
1616 288 1839 343 ALBt-Sl
1879 291 2006 346 SEL‘
2048 290 2319 346 ALCL’lNl
2359 292 2637 350 Cl’lilllibl
2677 299 2850 356 PARS
2885 302 2945 356 ll.
3696 312 3797 366 61?.
3822 275 3879 302 Α

579 397 968 469 mandatorum]
1012 398 1280 468 Propterea
1332 399 1551 472 [inquiti
1592 403 1711 455 odio
1750 405 1906 457 habui
1934 421 2132 458 omnem
2164 409 2207 463 Α
2237 404 2379 469 data.
2420 406 2484 463 In
2509 423 2752 475 a'ternum
2780 428 2985 486 propter
3014 421 3390 475 retributionem
3414 424 3534 478 vitm
3564 435 3793 492 (uterer,

579 486 711 541 riam
741 488 1043 558 iniquitatis.
1095 489 1321 545 Necesse
1347 500 1428 545 est
1456 492 1597 546 enim
1636 501 1694 546 ut
1735 495 1907 548 oderit
1942 494 2137 564 iuiqui-
2238 507 2294 550 ut
2333 499 2474 555 illam
2504 518 2713 558 merear
2741 507 3031 578 percipere.

576 588 740 635 tatem
768 595 951 637 amore
971 581 1210 652 justitiaa.
2309 588 2463 644 Vens.
2500 592 2618 646 115.
2658 624 2730 634 —
2772 595 2986 667 Iniquos
3028 600 3147 654 odio
3182 602 3339 655 habui
3373 614 3422 657 et
3454 604 3615 676 legem
3651 619 3795 663 tuam

649 669 806 724 Vsus.
834 671 953 726 105.
982 702 1054 712 ——
1078 672 1312 727 Lucerna
1340 675 1551 744 pedibus
1578 677 1705 729 meis
1734 679 1936 730 certum
1966 688 2131 741 tuum,
2233 677 2411 732 dilexi.
2465 679 2599 735 Cum
2635 684 2877 742 dixisset.
2913 689 3115 760 iniquos
3144 692 3262 746 odio
3305 694 3499 762 habui,
3542 699 3722 766 posuit
3743 710 3793 756 ct

574 757 828 825 Domine,
872 771 920 815 et
950 760 1121 815 lumen
1150 764 1339 816 sentitis
1365 765 1509 819 meis.
1564 765 1620 820 Si
1667 765 1718 819 in
1763 766 1918 834 hujus
1954 771 2132 822 smcult
2232 782 2417 836 quare.
2444 772 2703 837 addendo,
2735 786 2782 828 et
2808 776 2965 847 legem
2994 757 3133 835 tuam
3168 782 3350 850 dilexi,
3378 796 3438 841 ut
3461 788 3794 845 demonstra-

575 850 820 904 noctibus
858 849 909 903 in
940 850 1092 905 nobis
1118 853 1263 905 verbi
1294 852 1386 906 Dei
1432 852 1603 908 luceat
1630 854 1827 919 lumen,
1857 871 1960 909 non
1998 856 2130 910 inci‘
2233 866 2312 912 ret
2339 876 2442 914 non
2470 876 2527 916 se
2550 864 2600 917 in
2628 865 2929 922 hominibus
2955 870 3150 940 iniquis
3172 874 3350 929 odisse
3379 886 3644 945 naturam,
3669 880 3792 950 quia

575 939 702 995 dent
730 938 880 1010 μὴ,
919 940 1191 1014 incedunt]
1215 944 1376 1012 pedes
1403 945 1571 999 nostri
1602 945 1654 998 in
1684 945 1900 1015 laqueos
1930 946 2129 1002 fitnium
2231 949 2475 1007 homines
2494 962 2654 1021 sunt;
2686 962 2776 1011 sel
2803 938 3160 1030 iniquitatem,
3188 966 3309 1035 quia
3338 966 3489 1035 legis,
3518 938 3788 1040 quam-dl-

574 1042 638 1082 ac
663 1028 953 1097 praecipitia
984 1030 1275 1096 lovearum,
1329 1047 1447 1100 quae
1475 1049 1663 1089 manus
1690 1035 1821 1089 artis
1856 1036 2131 1091 diabolica:
2231 1040 2361 1111 ligit,
2397 1043 2599 1100 inimici
2628 1057 2771 1102 sunt.

561 1114 628 1170 in
659 1116 856 1171 nostris
882 1115 1214 1173 oll'endieulis
1253 1121 1590 1189 praeparavit.
1629 1120 1697 1175 Et
1740 1121 1911 1176 lumen
1937 1124 2133 1176 semitis
2299 1133 2459 1187 Vens.
2488 1134 2604 1188 114.
2629 1138 2946 1205 —Adiutor
2984 1152 3032 1196 et
3067 1155 3332 1216 susceptor
3356 1164 3498 1203 meus
3539 1166 3593 1205 es
3628 1161 3705 1217 tu,
3743 1163 3796 1209 et

2321 1184 2393 1187 ﬁ.
2418 1184 2455 1187 ψ
2492 1184 2603 1188 ---.
2720 1184 2931 1205 --_,...-.
2984 1184 3032 1196 ...
3067 1184 3210 1199 -..σιν
3248 1184 3318 1200 ..η
3356 1184 3497 1203 ...ειη
3539 1184 3593 1205 ι.
3628 1184 3705 1217 ιιι,
3743 1184 3788 1209 ι.

502 1184 509 1195 λ
575 1205 800 1266 meis.ut
827 1207 926 1262 hoc
951 1207 1149 1263 lumine
1173 1184 1460 1280 praseunte,
1494 1210 1619 1265 dum
1640 1215 1763 1267 vita:
1792 1214 1944 1269 istius
1966 1214 2128 1267 semi-
2227 1220 2281 1275 in
2329 1222 2533 1276 verbum
2563 1234 2709 1279 tuum
2755 1236 3127 1301 supersperari.
3166 1184 3392 1305 At‘jutor
3430 1239 3483 1295 in
3524 1246 3788 1312 praesenti.

572 1301 655 1349 tas
695 1297 1014 1367 gradimur}
1031 1300 1097 1354 ad
1126 1294 1267 1354 illam
1305 1316 1424 1371 quae
1450 1316 1573 1356 vera
1601 1303 1686 1357 via
1715 1311 1799 1359 est
1824 1343 1841 1370 ,
1868 1304 2128 1374 perduca-
2226 1324 2501 1380 suscepzor
2537 1318 2589 1369 in
2627 1294 2828 1374 futuro.
2869 1294 3015 1377 Etvin
3060 1294 3355 1383 Verbo'tuo
3400 1294 3646 1400 sperabo,
3694 1335 3794 1390 hoc

574 1401 716 1441 mur.
2226 1414 2324 1470 est,
2355 1406 2406 1460 in
2429 1406 2662 1473 Christo,
2696 1408 2818 1477 quia
2846 1411 3076 1466 verbum
3102 1412 3279 1476 Patris
3304 1416 3471 1475 Filius
3497 1431 3598 1476 est.

556 1515 565 1533 .
640 1476 799 1534 Vens.
833 1478 950 1536 108.
984 1511 1059 1524 -
1091 1481 1276 1538 lumbi
1324 1496 1374 1540 et
1417 1487 1580 1540 statui
1630 1488 1889 1542 custodire
1921 1489 2128 1559 judicia
2297 1497 2454 1552 Vens.
2488 1496 2697 1551 115.-
2720 1476 3008 1565 Declinate,
3033 1519 3066 1555 a
3086 1492 3166 1557 me
3188 1504 3425 1575 maligni,
3451 1522 3498 1563 et
3525 1513 3794 1570 scrutabor

564 1564 783 1634 iustitia
826 1577 947 1624 tuae.
999 1571 1184 1626 Juravi
1229 1584 1404 1627 autem
1444 1575 1724 1645 appellavit
1764 1576 2125 1647 juramentum
2224 1588 2470 1642 mandata
2498 1587 2595 1643 Dei
2618 1590 2737 1643 mei.
2768 1589 2979 1661 Maligni
3006 1593 3093 1648 hic
3116 1603 3239 1649 sunt
3269 1597 3555 1665 daemones,
3589 1602 3713 1659 vitia
3739 1614 3790 1662 et

568 1657 710 1725 quod
753 1660 938 1714 statuit
964 1675 1060 1731 per
1086 1674 1500 1730 sacramentum,
1550 1669 1671 1737 quia
1704 1669 1776 1722 ita
1805 1669 1960 1724 debet
2006 1684 2125 1726 esse
2155 1740 2193 1763 ἢ
2223 1684 2437 1744 peccata
2460 1717 2475 1741 ,
2515 1676 2599 1732 vel
2640 1657 2960 1734 adversariae
2992 1689 3320 1750 potestates:
3356 1685 3491 1753 Quia
3520 1691 3642 1745 dum
3692 1693 3789 1763 ipsi

2224 1740 2237 1744 _
2464 1740 2467 1741 ν
2992 1740 3009 1750 _
3366 1740 3399 1753 ,,
3524 1740 3641 1745 η---
3693 1740 3787 1763 -,,-.

567 1760 718 1801 meus
754 1746 854 1803 lixa
885 1749 938 1805 in
967 1754 1326 1809 custodiendis
1353 1755 1559 1818 iudiciis
1579 1757 1799 1825 justiti-.e
1831 1760 1945 1823 Dei,
1972 1768 2030 1813 ut
2055 1760 2119 1815 sit
2155 1740 2195 1796 θ
2226 1767 2317 1820 tibi
2356 1767 2651 1823 tendiculas
2678 1781 2999 1838 prmparant,
3028 1780 3081 1827 et
3118 1777 3483 1846 suggestiones
3508 1783 3787 1851 pessimas,

566 1837 782 1892 omnino
804 1854 901 1909 pro
916 1838 1184 1908 juratione
1213 1844 1352 1913 quod
1378 1847 1580 1899 statuit.
2222 1872 2326 1911 non
2362 1867 2513 1927 potes
2554 1837 2781 1914 scrutari
2806 1862 3054 1918 mandata
3082 1865 3175 1921 Dei
3216 1868 3315 1933 tui,
3344 1879 3403 1923 ut
3427 1871 3513 1926 illa
3538 1874 3673 1929 bene
3707 1876 3787 1931 ia-

578 280 671 331 liii

634 1944 794 1999 Vens.
827 1946 947 2001 10⁸1.
979 1978 1047 1989 ——
1082 1948 1400 2006 llumiliatus
1437 1959 1550 2007 su‘m
1598 1971 1975 2028 usquequaque,
2012 1957 2121 2012 Do-

565 2034 720 2097 mine,
751 2036 950 2105 ciui/ica
972 2055 1050 2092 me
1074 2039 1353 2095 secundum
1384 2045 1587 2098 verbum
1611 2054 1774 2099 tuum.
1812 2048 2004 2103 Didicit
2027 2050 2123 2105 hu-

564 2124 865 2191 militatem,
914 2143 1072 2197 quam
1112 2129 1354 2187 Christus
1389 2134 1592 2197 docuit,
1639 2137 1726 2206 qui
1763 2139 1907 2193 mitis
1949 2151 2029 2195 est
2070 2150 2123 2197 et

564 2211 779 2268 humilis
804 2218 980 2272 corde.
1031 2219 1153 2273 ideo
1193 2224 1334 2276 nunc
1363 2222 1715 2292 deprecatur.
1758 2237 1817 2282 ut
1854 2229 1992 2284 sicut
2034 2231 2122 2286 ille

561 2312 681 2371 post
708 2305 1058 2362 humilitatem
1087 2308 1271 2365 forma:
1301 2312 1507 2367 servilis
1544 2315 1806 2372 exaltatus
1830 2330 1911 2373 est
1938 2320 1988 2373 in
2011 2320 2121 2391 glo-

564 2380 696 2447 riam
725 2394 814 2447 Dei
838 2395 1033 2461 Patris,
1079 2399 1149 2453 ita
1177 2410 1228 2454 et
1253 2401 1352 2457 ise
1375 2404 1442 2458 ab
1480 2404 1578 2458 hac
1605 2407 1900 2465 humilitate
1928 2426 2116 2481 corpo-

565 2495 655 2536 rea
684 2483 737 2537 in
770 2484 929 2540 vitam
963 2488 1314 2547 transferatur
1344 2503 1618 2550 aeternam.

630 2590 789 2648 Vsus.
830 2594 947 2677 108.
974 2627 1046 2638 -
1085 2596 1385 2656 Voluntaria
1411 2605 1515 2658 oris
1541 2607 1639 2659 mei
1665 2607 1979 2678 beneplacita
2008 2611 2116 2681 fac,

560 2677 798 2745 Domine,
822 2693 867 2735 et
883 2674 1090 2752 judicia
1115 2696 1205 2741 tua
1236 2689 1361 2744 doce
1385 2708 1482 2745 nte.
1524 2693 1636 2749 Vox
1674 2696 1950 2765 Ecclesiaz;
1982 2716 2047 2757 ac
2070 2703 2115 2757 si

559 2765 719 2835 dicat,
765 2780 886 2825 vota
933 2788 1072 2839 mea,
1107 2782 1234 2845 qua:
1269 2779 1361 2833 tibi
1387 2779 1583 2845 ollero,
1618 2785 1942 2855 beneplaeita
1972 2788 2113 2863 [tibi]

558 2857 683 2919 sint,
729 2858 906 2928 idest,
953 2867 1296 2946 acceptabilia
1341 2878 1395 2925 et
1423 2872 1774 2930 delcctalilia.
1820 2878 1887 2933 Et
1905 2857 2114 2950 judicia

558 2952 651 3001 tua
676 2947 802 3002 doce
825 2965 924 3016 me,
969 2951 1070 3007 hoc
1101 2962 1203 3019 est,
1236 2942 1325 3011 tua
1352 2962 1621 3029 mandata,
1664 2975 1723 3019 ut
1747 2942 2033 3041 intelligam
2061 2977 2113 3025 et

559 3035 831 3108 impleam.

623 3147 779 3219 371
814 3149 974 3208 Vsus.
1005 3153 1124 3211 109.
1152 3187 1225 3198 -
1246 3157 1433 3216 Anima
1463 3178 1578 3219 mea
1620 3170 1674 3220 in
1717 3170 1954 3225 manibus
1989 3176 2115 3229 meis

558 3234 704 3308 [δίδη
747 3238 875 3311 tuis]
903 3259 1122 3311 semper,
1155 3260 1205 3301 et
1240 3248 1400 3319 legem
1436 3262 1578 3308 tttattl
1626 3272 1727 3310 non
1754 3275 1877 3313 sum
1905 3261 2112 3317 oblitus.

555 3326 825 3389 Justorum
869 3337 1011 3392 enim
1047 3340 1238 3397 anima:
1266 3343 1321 3398 in
1354 3361 1514 3400 manu
1553 3349 1646 3404 Dei
1689 3360 1830 3415 sunt,
1878 3354 1929 3407 in
1964 3352 2116 3422 cujus

555 3435 715 3475 manu
741 3438 923 3480 sttmus
948 3426 1099 3499 μὴ..
1145 3432 1290 3506 sunt]
1319 3444 1374 3489 et
1407 3451 1505 3491 nos
1543 3447 1597 3493 et
1623 3455 1896 3497 sermones
1922 3445 2109 3499 nostri.

556 3507 624 3563 Et
646 3509 805 3582 legem
827 3524 990 3581 tuam,
1035 3517 1228 3587 inquit,
1254 3540 1355 3577 non
1380 3541 1493 3578 sum
1514 3527 1720 3581 oblitus.
1751 3530 2021 3600 Tanquam
2046 3536 2113 3589 ad

553 3615 659 3655 non
686 3604 1097 3664 obliviscendum
1126 3610 1215 3666 Dei
1259 3613 1432 3685 legem
1460 3617 1514 3671 in
1538 3621 1781 3677 manibus
1808 3622 1975 3690 ipsius
2014 3625 2109 3677 ad-

549 3692 762 3760 juvetur
783 3696 899 3768 ejus
920 3705 1193 3759 memoria.

627 3800 783 3859 Vsus.
814 3808 933 3863 110.
963 3840 1033 3852 -
1064 3812 1352 3870 Posuerunt
1390 3829 1683 3888 peccatores
1711 3823 1922 3895 laqueos
1957 3826 2103 3881 mihi.

554 3890 707 3965 Quos
734 3895 951 3970 laqueos
970 3900 995 3952 ?
1020 3915 1175 3956 secus
1197 3906 1338 3960 viam
1364 3910 1565 3976 positos
1587 3920 1641 3965 et
1685 3890 1838 3984 μή..
1863 3918 2004 3985 quod
2032 3919 2108 3972 la-

554 4003 717 4059 queus
742 4004 894 4045 secus
919 3990 1058 4044 viam
1086 3993 1300 4062 ponitur
1326 3996 1469 4069 et...]
1500 4001 1543 4053 si
1581 4015 1825 4071 egressus
1850 4006 2014 4062 lueris
2044 4011 2108 4066 de

552 4080 658 4144 via,
685 4078 833 4134 cadis
858 4082 912 4134 in
939 4079 1175 4151 laqueos.
1219 4083 1356 4151 Quid
1380 4096 1503 4142 sunt
1544 4091 1630 4144 isti
1660 4090 1854 4163 laquei,
1894 4097 1995 4152 nisi
2025 4115 2106 4154 rc-

551 4170 746 4223 tiacula
791 4168 945 4241 [Ms.,
992 4174 1279 4246 tendicula]
1331 4177 1566 4242 diaboli,
1614 4182 1695 4233 vel
1741 4188 2104 4253 suggestiones

550 4258 843 4314 daemonis?
888 4260 1025 4313 Vitia
1054 4261 1302 4317 etiamet
1344 4277 1561 4334 peccata
1597 4281 1817 4337 possunt
1861 4273 2099 4347 intelligi.

552 4351 614 4405 Et
650 4354 702 4407 in
740 4353 995 4407 mandatis
1027 4356 1128 4409 tuis
1161 4372 1261 4421 non
1289 4361 1475 4414 erravi.
1507 4361 1620 4415 Vox
1652 4362 1931 4419 Ecclesia}.
1988 4367 2100 4422 Non

546 4442 719 4497 erravi
766 4457 798 4497 a
859 4445 1123 4500 mandatis
1178 4448 1318 4513 tuis,
1371 4451 1463 4504 sed
1513 4453 1747 4508 consisto
1800 4456 1854 4510 in
1905 4472 2095 4526 opera-

549 4534 711 4589 tione.
2080 4564 2091 4577 "

614 4622 773 4680 Vens.
807 4627 925 4681 111.
951 4657 1020 4668 ——
1058 4627 1374 4685 Hareditate
1395 4633 1639 4702 acquisiui
1684 4638 1973 4691 testimonia
2009 4648 2098 4693 tua

538 4714 596 4766 in
619 4724 885 4779 mternum,
916 4717 1157 4785 quoniam
1181 4718 1453 4773 exsultatio
1483 4722 1650 4776 cordis
1677 4725 1774 4777 mei
1798 4735 1934 4777 sunt.
1984 4726 2093 4782 Tua

544 4803 843 4858 testimonia
884 4812 939 4857 et
969 4812 1053 4857 tua
1080 4816 1338 4876 pnecepta
1357 4849 1369 4871 ,
1403 4810 1503 4865 hoc
1529 4820 1629 4875 est,
1670 4828 1786 4868 mea
1816 4814 2096 4874 inereditas

543 4895 597 4949 in
630 4904 905 4957 asternum,
938 4904 990 4949 et
1019 4896 1105 4951 hic
1124 4907 1177 4951 et
1202 4899 1253 4953 in
1284 4899 1480 4957 futuro.
1514 4903 1644 4971 Quia
1674 4908 1951 4966 exsultatio
1977 4928 2094 4967 cor-

543 4982 625 5037 dis
656 4985 754 5038 mei
782 4993 904 5038 sunt
948 4994 1033 5038 tua
1077 4989 1414 5055 testimonia,
1452 4993 1553 5048 hoc
1595 5005 1712 5060 est,
1757 5015 1874 5054 mea
1921 5003 2093 5060 exsul-

543 5070 707 5134 talio,
745 5072 869 5140 quia
910 5072 1145 5127 Ecclesia
1190 5075 1242 5129 in
1283 5080 1546 5135 mandatis
1570 5080 1664 5137 Dei
1705 5086 1997 5145 delectatur
2039 5104 2092 5147 et

543 5157 795 5211 exsultat.

615 5248 773 5303 Vens.
800 5249 918 5304 “2.
947 5283 1016 5294 —
1042 5253 1292 5311 lnclinari
1312 5274 1404 5311 cor
1424 5275 1610 5315 meum.
1659 5262 1773 5319 Non
1805 5263 1877 5322 fui
1908 5284 2090 5340 super-

543 5339 658 5402 bus,
684 5341 774 5395 sed
806 5341 1055 5395 ltumilis:
1100 5353 1153 5400 et
1178 5348 1296 5401 ideo
1322 5349 1566 5405 inclinavi
1591 5368 1685 5408 cor
1713 5370 1907 5422 meum,
1957 5370 2014 5415 ut
2038 5371 2089 5418 te

2223 1945 2447 2016 telligas.
2498 1945 2602 2001 Sed
2631 1948 2674 2002 si
2715 1948 2949 2006 volueris
2986 1956 3354 2023 paenitentiam
3392 1976 3569 2032 agere,
3614 1980 3788 2038 segre-

2221 2051 2347 2105 gare
2376 2045 2425 2090 te
2447 2036 2612 2092 ltaltes
2645 2039 2713 2094 ab
2741 2039 2953 2097 illomm
2979 2033 3269 2103 consortio.
3367 2072 3375 2082 -
3568 2057 3575 2061 ”

2292 2125 2449 2180 Vens.
2484 2126 2601 2182 116.
2620 2158 2687 2167 -
2702 2128 2917 2202 Suscipe
2936 2149 3035 2197 me,
3057 2138 3337 2193 secundum
3357 2140 3616 2213 eloquium
3641 2157 3785 2217 tuum

2218 2226 2265 2270 et
2302 2217 2464 2270 vivam
2484 2258 2499 2279 ,
2539 2227 2586 2272 et
2618 2235 2719 2273 non
2740 2221 3031 2291 confundas
3058 2242 3138 2280 me
3159 2227 3223 2281 ab
3248 2235 3626 2300 exspectatione
3651 2256 3782 2295 mea.

2220 2309 2328 2363 Vos
2345 2306 2591 2364 Ecclesiae
2601 2312 2830 2380 optantis
2844 2322 2901 2366 ut
2914 2317 3092 2370 veniat
3103 2332 3327 2387 sponsus
3340 2330 3393 2375 et
3404 2327 3541 2380 sese?
3547 2328 3653 2395 piat
3668 2344 3784 2387 eam

2217 2414 2461 2468 sponsam
2489 2401 2608 2465 sibi,
2640 2403 2779 2458 sicut
2803 2407 3047 2475 promisit
3070 2408 3122 2462 in
3148 2411 3358 2481 eloquio
3381 2420 3781 2488 prophetarum.

2215 2489 2286 2543 Et
2312 2493 2475 2545 vivam
2501 2492 2553 2545 in
2571 2492 2801 2561 justitia,
2832 2498 2955 2566 quia
2983 2501 3140 2555 modo
3168 2514 3410 2561 mortuus
3434 2523 3551 2564 sum
3582 2512 3633 2567 in
3661 2530 3781 2585 pec-

2217 2583 2370 2637 catis.
2400 2583 2469 2637 Et
2492 2602 2595 2639 non
2619 2587 2908 2656 confundas
2946 2608 3045 2657 me,
3078 2592 3124 2647 si
3154 2594 3426 2667 illequem
3455 2583 3705 2675 exspecto
3729 2621 3783 2664 et

2216 2674 2534 2744 promisisti,
2561 2678 2740 2732 veniat
2765 2681 2915 2735 mihi.

2284 2762 2444 2818 Vens.
2476 2764 2594 2821 H7.
2622 2796 2692 2806 —
2720 2768 2925 2839 Adjuva
2953 2790 3052 2828 me.
3080 2774 3350 2834 Auxilium
3381 2794 3569 2853 rogat;
3597 2800 3647 2841 et
3674 2792 3780 2845 sal-

2214 2866 2304 2905 uus
2336 2869 2422 2907 ero
2454 2854 2508 2908 in
2537 2856 2735 2921 anima,
2777 2860 2821 2914 si
2850 2864 3061 2918 veneris
3086 2875 3140 2918 et
3170 2882 3254 2923 me
3277 2868 3514 2938 adjuves,
3549 2888 3599 2930 et
3620 2884 3783 2934 medi-

2214 2939 2363 2991 tebor
2389 2940 2444 2993 in
2467 2942 2569 3021 tuis
2587 2943 3052 3012 justiﬁcationibus
3087 2969 3307 3025 semper,
3344 2961 3458 3015 sine
3491 2964 3615 3019 line.

2286 3026 2446 3082 Vens.
2488 3030 2605 3087 118.
2636 3063 2705 3072 -
2731 3033 2979 3104 Sprevisti
3006 3054 3179 3095 omnes
3216 3044 3531 3105 discedentes
3561 3071 3593 3107 a
3610 3059 3777 3125 Justi-

2214 3116 2301 3169 tiis
2327 3118 2449 3182 tuis,
2481 3121 2605 3189 quia
2623 3122 2821 3191 injuste
2848 3126 3090 3194 cogitatio
3111 3146 3311 3186 eorum.
3344 3116 3674 3198 Declarattim
3698 3158 3779 3201 est

2212 3219 2310 3257 cur
2354 3210 2726 3265 assumebatur
2776 3210 3213 3280 justilicationum
3261 3222 3470 3284 Domini
3528 3230 3778 3303 frequens

2212 3296 2505 3360 meditatio,
2550 3303 2801 3368 quoniam
2846 3317 3170 3374 spernuntur
3212 3329 3242 3368 a
3279 3316 3522 3385 Domino,
3575 3296 3664 3393 qui
3708 3331 3777 3383 ab

2211 3384 2326 3453 ejus
2344 3386 2726 3455 justilieatione
2760 3394 3057 3454 discedunt.
3102 3400 3424 3464 Justilicatio
3466 3422 3552 3469 est
3578 3384 3774 3486 peccao

2211 3485 2385 3533 torum
2420 3495 2552 3549 pura
2581 3482 3134 3567 oonfessiquomino:
3181 3496 3280 3563 Qui
3312 3500 3401 3554 tali
3440 3517 3499 3558 se
3540 3482 3777 3563 remedio

2209 3569 2403 3623 salvari
2425 3570 2551 3642 [Ηε.
2569 3613 2585 3638 ,
2607 3576 2818 3649 sanare]
2846 3579 3163 3653 despiciunt,
3189 3587 3383 3659 injusta
3407 3596 3657 3667 cogitatio
3684 3616 3775 3658 eo-

2209 3673 2327 3712 rum
2352 3668 2452 3713 est.

2276 3750 2436 3806 Vens.
2468 3752 2587 3809 119.
2615 3785 2687 3797 —-
2715 3755 3151 3821 Prceuaricatores
3180 3756 3413 3839 reputavi
3458 3790 3633 3832 omnes
3656 3797 3773 3847 pec-

2206 3850 2403 3894 catores
2432 3851 2606 3909 terra,
2650 3845 2765 3900 ideo
2784 3849 2945 3905 dilexi
2968 3856 3141 3909 omnia
3170 3858 3460 3917 testimonia
3482 3873 3592 3920 tua.
3644 3845 3770 3926 llaec

2205 3928 2346 3982 enim
2375 3929 2503 3985 dicit
2527 3931 2792 4003 Propheta
2823 3938 2874 3992 in
2902 3956 3124 4011 persona
3152 3945 3425 4017 Ecclesiae,
3472 3954 3598 4023 quia
3645 3967 3769 4015 ante

2204 4017 2488 4073 adventum
2521 4020 2719 4078 Christi
2746 4033 3161 4096 prmvaricantes
3193 4048 3371 4100 erant.
3398 4017 3522 4111 quia
3552 4047 3652 4103 sub
3674 4047 3777 4104 des

2202 4111 2313 4181 bito
2338 4115 2674 4180 tenebantur,
2708 4130 2925 4190 propter
2950 4127 3440 4193 prmvarieationem
3480 4137 3638 4202 primi
3669 4139 3763 4193 h0-

2202 4201 2363 4256 minis
2404 4201 2551 4277 Adae.
2603 4205 2717 4261 Non
2744 4223 2933 4265 omnes
2962 4223 3271 4287 peceatores
3307 4201 3761 4292 praevaricatores,

2202 4287 2296 4343 sed
2324 4305 2509 4346 omnes
2557 4297 2997 4362 prasvarieatores
3045 4313 3374 4372 peccatores.
3429 4309 3557 4366 Ideo
3604 4287 3764 4371 dilexi

2132 4398 2179 4457 υ
2202 4379 2492 4434 testimonia
2516 4393 2607 4436 tua
2628 4425 2643 4449 ,
2682 4401 2749 4440 ne
2778 4388 2829 4442 in
2852 4389 2936 4445 his
2959 4395 3337 4462 praevaricator
3359 4416 3663 4471 appaream.

2267 4471 2428 4526 Vens.
2456 4473 2575 4527 120.
2604 4506 2675 4517 -
2696 4476 2864 4550 Inﬁge
2894 4482 3077 4537 timore
3104 4494 3190 4539 tuo
3214 4503 3395 4543 carnes
3429 4510 3589 4561 meas,
3616 4515 3647 4550 a
3667 4499 3761 4568 ju-

2196 4562 2345 4617 diciis
2378 4565 2513 4617 enim
2536 4567 2639 4621 tuis
2667 4569 2835 4623 timui.
2875 4571 3049 4628 Metuo
3076 4574 3311 4631 futurum
3330 4577 3612 4650 judicium,
3640 4562 3761 4642 ideo

2196 4652 2341 4706 cruci
2374 4662 2477 4708 tum
2526 4656 2796 4727 conligens
2834 4676 3021 4715 omnes
3060 4666 3515 4734 eoneupiscenlias
3557 4678 3753 4739 carnis.

2197 4739 2289 4793 tibi
2312 4742 2614 4806 convivere,
2641 4746 2735 4798 tibi
2760 4745 3060 4817 [eommori,
3089 4752 3180 4807 tibi
3202 4758 3516 4827 consepeliri
3535 4776 3757 4833 paratus

2194 4843 2332 4893 sum,
2364 4839 2422 4883 ut
2443 4832 2495 4885 in
2524 4830 2702 4888 futuro
2728 4835 2845 4909 tibi]
2873 4838 3048 4894 vivere
3076 4859 3303 4900 merear.

2261 4920 2420 4975 Vens.
2454 4922 2573 4976 ηι.
2592 4954 2664 4964 -
2691 4924 2818 4981 Feci
2828 4929 3089 4998 judicium
3117 4945 3163 4989 et
3179 4935 3462 5007 justitiam,
3489 4959 3550 4997 ne
3573 4946 3753 5004 tradas

2192 5026 2269 5063 me
2304 5015 2718 5081 persequentibus
2759 5016 2902 5090 [Ms.,
2951 5022 3409 5103 calumniantibus]
3456 5048 3556 5087 me.
3598 5036 3785 5096 Facit“

2190 5110 2366 5156 autem
2394 5101 2674 5186 judicium,
2717 5110 2958 5179 quisquis
2984 5122 3169 5170 contra
3213 5101 3511 5189 sejudicat,
3542 5135 3596 5182 et
3628 5144 3749 5199 pra-

2187 5180 2533 5249 vitates/suas
2562 5206 2687 5252 ante
2716 5213 2938 5256 examen
2965 5202 3174 5259 Domini
3214 5204 3356 5274 justa
3383 5180 3748 5279 exsecratione

2188 5284 2542 5338 condemnat:
2584 5298 2637 5342 et
2673 5289 2935 5360 justitiam
2967 5292 3191 5351 facimus
3231 5305 3442 5370 quando
3478 5309 3747 5380 perjusti—

2190 5371 2314 5423 t'ram
2341 5387 2439 5426 nos
2460 5373 2779 5441 judicamus,
2812 5379 3024 5446 quando
3049 5382 3360 5446 delictorum
3392 5371 3743 5473 [adsuerunt]

2460 5428 2480 5440 ν
2564 5428 2597 5429 νί
2643 5428 2779 5441 ""‘I
2818 5428 3020 5446 1""“"
3051 5428 3360 5446 *ν’-νιυιιυυ
3416 5428 3717 5455 ιιυδιιυιυιὶι

543 5428 884 5499 intelligerem
911 5447 925 5494 ;
960 5432 1081 5497 quia
1118 5436 1328 5502 superbi
1377 5452 1480 5492 non
1510 5442 1765 5499 inclinant
1788 5463 1880 5502 cor
1906 5450 1957 5503 in
1984 5452 2085 5505 bu-
2180 5459 2387 5528 judices
2410 5461 2562 5533 [Ms.,
2584 5466 2843 5539 vindices]
2870 5483 3071 5525 smnus.
3098 5472 3236 5531 Petit
3258 5428 3477 5539 verolne
3504 5428 3744 5543 tradam:

544 5521 809 5543 ..-:I:s-.-_-
875 5522 894 5543 λ
918 5523 940 5543 Δ
973 5523 1054 5543 -..2
1076 5524 1092 5543 l
1120 5524 1241 5543 πμ-..
1355 5528 1364 5539 ι
1700 5537 1720 5543 Α
1749 5537 1805 5543 μ-
1846 5540 1854 5543 .
1911 5540 1943 5543 ,Α

544 5521 833 5575 militatem.
863 5522 942 5577 Ad
967 5523 1093 5592 quid
1120 5524 1367 5581 inclinavi
1394 5543 1487 5583 cor
1513 5537 1722 5592 meum?
1748 5537 1881 5594 Dicit
1909 5540 2088 5596 Ecclc-

541 5611 617 5661 sia
644 5628 655 5661 :
690 5613 756 5663 ad
783 5612 1047 5680 faciendas
1063 5614 1462 5686 justi/irationcs
1492 5631 1625 5688 tuas,
1659 5624 1757 5679 hoc
1785 5637 1881 5694 est,
1934 5647 2084 5684 man-

2185 5556 2576 5618 peecatoribus,
2632 5558 2721 5625 qui
2768 5568 2985 5626 peccata
3016 5565 3305 5623 damnavit.
3356 5571 3740 5648 Persequentes

2186 5652 2359 5696 autem
2408 5653 2528 5699 sunt
2561 5645 2802 5701 diabolus
2827 5649 2985 5719 372
3026 5667 3147 5706 cum
3191 5657 3446 5717 ministris
3482 5645 3610 5728 suis,
3650 5668 3737 5734 qui
