4286 6198
414 283 514 334 017»

1218 282 1622 337 EXECETICA.
1669 314 1732 321 —-
1777 283 2132 339 EXPOSITIU
2173 285 2235 337 ΙΝ
2273 285 2464 337 ΡΒΑΙ..
2506 281 2727 336 (LXYlll.

3527 280 3625 329 fill

413 408 507 449 nos
538 393 800 448 indefessa
824 393 1024 446 malitia
1055 402 1466 462 persequuntur.
1500 393 1630 446 Hinc
1652 395 1810 446 etiam
1833 409 1960 461 quo-
1989 401 2032 454 Α
2068 412 2187 449 nem
2254 395 2481 456 factum,
2543 394 2810 462 Virgiaexn
2865 393 3150 461 peperisse,
3206 401 3380 444 mutos
3424 391 3560 443 locnt
3585 409 3625 444 is

408 484 538 539 tidio
563 499 807 554 rogamus
831 484 1086 538 admoniti
1128 482 1395 537 dicentes:
1444 481 1524 536 Ne
1561 484 1776 536 inducas
1802 500 1890 536 nos
1913 485 1965 536 in

408 575 757 627 tentationem.

481 663 637 717 Vens.
672 663 786 717 122.
815 694 884 703 -
905 663 1121 734 Suscipe
1150 662 1296 735 [31s,
1335 664 1483 737 elige]
1513 682 1714 720 servum
1738 676 1883 718 tuum
1911 667 1964 718 in

407 756 613 816 bonum,
646 771 746 808 non
773 754 1151 808 calumnientur
1173 773 1251 809 me
1278 756 1499 826 superbi.
1534 757 1753 824 Suscipe
1775 769 1878 814 me.
1911 755 1964 808 id

405 855 506 908 est,
549 860 615 899 ne
645 846 718 899 illi
743 846 1012 914 impellant
1033 855 1090 900 ιιι
1117 848 1302 900 cadam
1332 847 1383 900 in
1428 847 1642 909 malum,
1677 855 1729 898 tu
1756 845 1964 913 suscipe

406 934 458 986 in
499 934 692 988 bonum
737 933 888 1007 μὴ,
937 936 990 989 in
1034 934 1217 1006 bono].
1255 936 1331 990 ttli
1379 937 1773 990 calumniantur
1810 935 1959 1007 [Ms.,

404 1023 818 1095 calumnientur]
849 1025 902 1078 in
933 1026 1203 1094 superbia,
1235 1035 1288 1079 tu
1318 1026 1371 1079 in
1401 1025 1697 1080 humilitate
1718 1024 1959 1091 defende,

404 1125 460 1170 nt
489 1131 594 1171 non
619 1116 744 1170 mihi
772 1126 1000 1170 noceant
1027 1116 1305 1170 calumnia:
1331 1116 1701 1184 superborum.

472 1204 632 1260 Vsus.
684 1203 803 1258 123.
846 1231 920 1242 -ο
960 1201 1112 1256 Oculi
1158 1204 1258 1257 mei
1303 1204 1595 1272 defecerunt
1638 1204 1690 1254 in
1733 1201 1962 1256 salutare

401 1303 569 1356 tuum,
595 1303 642 1346 et
668 1293 720 1345 in
745 1292 1003 1361 eloquium
1014 1291 1236 1360 justitite
1265 1302 1385 1344 tum.
1426 1288 1602 1362 [Oculi
1630 1288 1750 1361 ntei]
1776 1290 1825 1343 in
1852 1289 1963 1346 elo-

400 1385 583 1454 quium
605 1382 826 1451 justitiae
851 1384 964 1447 Dei,
1014 1384 1114 1436 hoc
1146 1391 1250 1447 est,
1281 1385 1334 1437 in
1372 1381 1778 1450 promissionem
1808 1380 1964 1435 Chri-

401 1476 488 1527 sti.
533 1472 797 1526 Dcfeci~se
823 1473 956 1526 dixit
987 1472 1167 1526 oculos
1215 1472 1391 1526 cordis
1421 1470 1503 1525 sui
1531 1488 1544 1524 :
1584 1486 1687 1524 non
1718 1470 1842 1540 quia
1881 1470 1963 1523 in-

400 1564 566 1617 tentio
594 1561 945 1616 desiderantis
971 1562 1131 1614 animi
1171 1562 1308 1615 victa
1330 1561 1685 1622 succubuerit,
1717 1560 1808 1612 sed
1835 1559 1959 1628 quia

401 1653 452 1706 in
473 1652 921 1719 exspectationem
936 1651 1119 1720 gratia:
1138 1650 1224 1702 Dei
1243 1658 1350 1702 toto
1367 1650 1558 1707 mentis
1573 1649 1763 1701 ardore
1789 1656 1960 1702 trans-

2069 504 2185 544 esse
2213 508 2224 540 :
2269 491 2379 543 hmc
2411 497 2586 542 autem
2613 487 2790 540 omnia
2823 485 3075 554 parvulis,
3125 484 3177 537 id
3213 493 3294 537 est
3323 482 3613 535 humilibus

2066 587 2318 645 prter-tant
2345 594 2534 646 purum
2561 577 2904 631 intellectum.

2137 666 2294 720 Vens.
2331 667 2448 720 131.
2470 696 2542 705 —
2568 664 2638 718 0s
2661 682 2825 718 nteant
2849 681 3025 734 aperui
3061 673 3109 717 et
3139 664 3330 716 attraxi
3362 663 3623 733 spiritum,

2063 755 2186 822 quia
2214 755 2457 807 mandata
2487 765 2578 807 tua
2603 754 2977 807 desiderabam.
3001 753 3074 808 Os
3094 768 3268 808 meum
3295 754 3477 820 aperui
3506 769 3628 806 con—

2064 844 2282 907 ﬁtendo,
2317 845 2430 898 sine
2461 853 2510 898 te
2541 845 2615 898 nil
2650 860 2734 898 me
2773 860 2928 912 posse
2958 862 2971 906 ;
3013 852 3067 898 et
3100 845 3294 897 attraxi
3327 844 3378 898 in
3411 859 3494 898 me
3520 846 3625 912 spi-

2064 932 2222 983 ritum
2255 932 2456 1000 gratizc,
2504 947 2599 1000 per
2646 948 2801 1000 quem
2833 933 3040 986 confido
3091 933 3281 1004 [Edit.,
3326 933 3624 1003 considero]

2063 1021 2282 1089 implere
2325 1035 2410 1074 me
2439 1035 2594 1089 posse
2628 1037 2747 1089 qua:
2774 1022 3162 1087 desiderabam,
3196 1023 3246 1076 id
3267 1030 3347 1077 est
3373 1023 3620 1076 mandata

2064 1119 2177 1163 tua.
3075 1125 3078 1128 '
3385 1109 3390 1115 ’

2132 1200 2292 1254 Vens.
2325 1199 2442 1253 132.
2472 1230 2539 1240 -
2565 1201 2745 1269 Aspice
2773 1202 2826 1254 in
2848 1218 2926 1255 me
2951 1210 2997 1255 et
3021 1202 3258 1255 miserere
3285 1203 3406 1264 mei,
3437 1215 3622 1256 secun-

2060 1288 2182 1340 dum
2198 1289 2462 1356 judicium
2488 1290 2811 1358 diligentiam
2832 1307 3013 1344 nomen
3037 1301 3201 1344 tuum.
3228 1291 3280 1345 Id
3303 1300 3405 1356 est,
3427 1307 3618 1346 secun-

2060 1380 2182 1433 dum
2206 1378 2465 1446 judicium
2498 1381 2636 1448 quod
2663 1382 2713 1434 in
2742 1396 2834 1434 eos
2863 1381 3033 1435 fecisti
3060 1383 3147 1448 qui
3179 1382 3402 1451 diligunt
3427 1397 3618 1436 nomen

2059 1477 2227 1522 tuum.
2262 1469 2518 1535 Quoniam
2550 1481 2605 1523 ut
2633 1471 2974 1540 diligeremus
3012 1471 3163 1542 [Ms.,
3213 1472 3506 1543 diligerent.
3536 1512 3548 1525 .
3579 1471 3619 1544 .]

2061 1567 2132 1622 te,
2165 1560 2311 1628 prius
2346 1561 2576 1614 dilexisti
2607 1577 2702 1614 nos
2733 1561 2880 1633 μὴ..
2927 1560 3065 1634 eos].
3116 1561 3380 1616 Judicium
3426 1563 3620 1631 quippe

2060 1659 2142 1703 est
2172 1651 2396 1709 Domini.
2435 1662 2493 1704 ut
2531 1667 2720 1705 nomen
2749 1668 2906 1706 suum
2945 1654 3122 1721 palam
3165 1652 3344 1719 faciat,
3379 1661 3434 1706 et
3464 1654 3620 1706 mise-

401 1743 541 1798 ierit.
581 1741 795 1796 Justitia
822 1750 998 1794 autem
1024 1738 1162 1811 [Dei]
1194 1755 1352 1809 quam
1381 1739 1553 1802 dixit,
1589 1737 1831 1792 Christus
1852 1745 1952 1800 est,
1992 1722 2030 1779 Β
2059 1739 2343 1793 ricordiam
2377 1741 2652 1811 largiatur.

399 1834 488 1902 qui
510 1831 685 1900 justos
716 1831 861 1884 facit.

470 1923 628 1977 Vsus.
664 1919 782 1973 121.
806 1949 875 1958 -
904 1916 1015 1970 Fac
1039 1933 1155 1970 cum
1195 1933 1339 1970 seruo
1367 1926 1456 1969 tuo
1493 1916 1775 1970 secundum
1805 1917 1953 1969 mise-

401 2012 675 2066 ricordiam
697 2021 864 2072 tuam,
893 2019 948 2062 ut
971 2010 1080 2078 ipse
1107 2018 1229 2062 vota
1258 2025 1369 2063 nzea
1396 2008 1636 2078 perficiat
1660 2025 1672 2059 :
1705 2006 1770 2058 Et
1789 2008 1954 2076 justi-

397 2106 660 2174 ﬁcationes
685 2114 804 2156 tuus
831 2103 954 2155 doce
985 2117 1083 2165 me,
1113 2111 1170 2154 ut
1198 2116 1383 2153 eorum
1412 2100 1786 2162 humilitatem,
1817 2098 1954 2152 sicut

397 2197 590 2264 sacpius
613 2195 810 2264 optavi,
841 2193 1038 2262 possint
1068 2192 1366 2246 advertere.

471 2285 624 2340 Vens.
657 2284 774 2337 125.
807 2312 873 2322 -
899 2283 1088 2337 Seruus
1121 2291 1240 2334 tuus
1272 2296 1387 2334 sum
1411 2296 1519 2349 ego,
1559 2277 1630 2332 da
1655 2279 1778 2332 milii
1805 2278 1956 2330 intel-

395 2373 602 2434 lectum,
638 2383 694 2424 ut
721 2371 882 2424 sciam
923 2370 1212 2423 testimonia
1256 2378 1366 2422 tua.
1417 2368 1461 2421 Α
1497 2377 1546 2422 ιε
1572 2383 1634 2421 ea
1674 2369 1875 2421 discam
1900 2375 1954 2420 et

394 2477 498 2515 non
524 2462 589 2515 ab
619 2461 881 2515 hcereticis
906 2460 988 2512 vel
1013 2458 1229 2513 Iudaeis.
1262 2456 1394 2523 Quia
1434 2457 1636 2510 nullum
1661 2457 1788 2509 mihi
1816 2465 1949 2508 tem-

393 2565 493 2619 pus
524 2559 606 2604 est
632 2553 699 2605 ab
730 2551 1112 2605 exercitatione
1163 2547 1351 2622 [Edit.,
1403 2544 1816 2617 exspectatione]
1850 2555 1952 2600 tua:

392 2643 668 2696 servitutis
690 2643 938 2696 otiosum.

460 2730 621 2784 Vens.
663 2731 779 2784 126.
805 2759 873 2770 -—-
899 2730 1116 2799 Tempus
1143 2729 1265 2782 bene
1295 2714 1541 2798 faciendi,
1578 2727 1816 2790 Domine,
1844 2727 1951 2779 dis-

391 2822 686 2890 sipaverunt
713 2820 870 2890 legem
902 2831 1065 2873 tuam.
1117 2818 1284 2873 Judmi
1312 2819 1514 2887 utique,
1567 2819 1655 2888 qui
1685 2834 1802 2872 eam
1837 2818 1947 2887 spi-

393 2909 616 2963 ritaliter
666 2925 770 2963 non
832 2909 1225 2963 intellexerunt.
1306 2907 1410 2962 Sed
1474 2909 1650 2961 veniet
1719 2917 1944 2976 tempus,

390 2998 599 3066 quando
635 2998 841 3052 occulta
889 2997 1027 3051 illius
1068 2997 1320 3051 Dominus
1366 2995 1526 3051 faciet
1571 2997 1946 3066 praedicatione

391 3087 687 3157 evangelica
715 3089 962 3142 reserari.

458 3179 617 3234 Vens.
643 3179 759 3232 127.
788 3209 857 3219 -
883 3179 1008 3233 Ideo
1031 3180 1190 3233 dilexi
1208 3180 1454 3233 mandata
1476 3189 1564 3233 tua
1586 3194 1738 3248 super
1759 3195 1946 3230 aurum

390 3278 434 3321 et
459 3269 718 3336 topazion.
772 3267 919 3324 Sicut
969 3271 1110 3324 enim
1136 3285 1321 3324 aurum
1351 3278 1660 3324 cunctorum
1704 3267 1946 3322 metallo—

389 3375 506 3412 rum
550 3359 805 3428 przecellit
831 3361 1078 3428 pretium,
1126 3362 1198 3415 ita
1235 3362 1490 3430 topazius,
1538 3361 1773 3415 omnium
1803 3373 1948 3426 gem-

390 3463 596 3501 marum
622 3449 671 3501 in
701 3464 758 3503 se
779 3450 1056 3503 continens
1080 3450 1549 3517 pulchritudinem,
1573 3449 1807 3502 omnium
1836 3447 1948 3499 viu-

387 3539 459 3591 cit
513 3539 760 3592 honores.
815 3540 938 3593 Ideo
983 3541 1242 3607 Propheta
1291 3556 1450 3610 super
1499 3542 1609 3594 haec
1651 3541 1826 3594 omnia
1855 3539 1947 3593 Dei

388 3620 636 3683 mandata
668 3628 860 3698 diligit,
903 3629 1026 3699 quia
1059 3630 1110 3681 iu
1143 3631 1224 3683 his
1249 3631 1530 3683 adventum
1577 3630 1804 3690 Domini,
1857 3630 1946 3695 qui

390 3718 638 3771 mundum
701 3719 1070 3788 redempturus
1096 3727 1176 3772 est
1200 3760 1212 3780 ,
1245 3721 1652 3786 praenuntiatum
1685 3718 1945 3786 intelligit.

457 3808 617 3862 Vens.
651 3808 767 3863 l28.
793 3807 1159 3877 -—Propterea
1188 3809 1256 3860 ad
1282 3808 1453 3860 omnia
1481 3809 1724 3860 mandata
1754 3816 1844 3859 tua
1869 3805 1948 3858 di-

389 3897 606 3965 rigebar,
647 3912 847 3948 omnem
873 3897 1010 3948 viam
1045 3897 1275 3964 iniquam
1296 3896 1414 3949 odio
1442 3896 1619 3947 habui.
1662 3894 1761 3959 Qui
1791 3909 1948 3962 super

386 3998 573 4036 aurum
600 3991 653 4037 et
679 3997 916 4052 gemmas
959 3982 1130 4052 legem
1170 3982 1377 4035 Domini
1416 3982 1680 4050 diligebat,
1731 3996 1949 4035 necesse

388 4073 487 4126 fuit
514 4081 572 4126 ut
604 4074 668 4126 ad
698 4074 875 4126 omnia
920 4075 1167 4126 mandata
1197 4072 1309 4140 ejus
1348 4074 1678 4126 rectissimus
1718 4088 1946 4141 appare.

390 4174 491 4230 ret,
522 4175 574 4219 et
601 4165 799 4219 odisset
827 4179 1131 4234 perversam
1162 4164 1326 4228 viam,
1373 4165 1495 4233 quia
1539 4164 1731 4218 meruit
1765 4179 1947 4218 amare

389 4255 758 4309 rectissimam.
799 4255 982 4325 Iniqua
1014 4255 1272 4323 siquidem
1299 4257 1382 4309 via
1410 4265 1509 4318 est,
1558 4272 1675 4325 qua:
1704 4272 1800 4310 nos
1827 4271 1948 4324 per-

2127 1828 2285 1884 Vcns.
2321 1831 2436 1884 133.
2467 1862 2538 1870 -
2565 1832 2783 1886 Cressns
2825 1850 2963 1886 meos
2992 1835 3157 1903 dirige
3190 1834 3470 1888 secundum
3509 1835 3616 1889 elo-

2053 1920 2230 1988 quium
2253 1931 2419 1984 tuum,
2465 1932 2512 1976 et
2541 1940 2641 1977 non
2668 1925 2961 1977 dominetur
3001 1925 3102 1977 mei
3128 1925 3293 1977 omnis
3336 1924 3614 1994 injustitia.

2055 2010 2284 2065 Gressus
2310 2004 2457 2080 quid,
2506 2014 2606 2067 nisi
2637 2013 2738 2084 [ut]
2771 2015 2860 2067 Dei
2886 2023 3167 2082 prmcepta,
3202 2029 3320 2083 qua:
3350 2013 3616 2084 [imponit]

2048 2099 2303 2167 jubendo,
2333 2101 2536 2169 impleri
2565 2101 2726 2156 faciat
2749 2102 3042 2170 at'juvando
3062 2103 3085 2154 ?
3109 2101 3334 2156 Gressus
3357 2103 3618 2172 significat

2053 2198 2228 2242 motus
2246 2189 2434 2243 anima:
2461 2205 2473 2242 :
2506 2191 2603 2244 hos
2624 2200 2803 2245 sancta
2827 2193 3018 2246 cohors
3042 2193 3326 2245 secundum
3351 2193 3614 2261 eloquium

2053 2280 2258 2333 Domini
2284 2281 2514 2348 postulat
2540 2282 2718 2352 dirigi,
2762 2283 2850 2351 qui
2882 2294 3085 2337 rectum
3118 2286 3217 2338 iter
3241 2293 3539 2339 monstrant
3564 2295 3619 2340 et

2053 2369 2302 2421 mandant
2334 2370 2556 2439 ingredi.
2589 2371 2657 2424 Et
2687 2389 2788 2425 non
2828 2373 3123 2425 dominetur
3149 2375 3246 2426 mei
3276 2372 3460 2444 [Edit..
3490 2384 3614 2427 ut...

2050 2457 2102 2510 in
2123 2457 2218 2529 eis]
2249 2459 2544 2527 injustitia;
2585 2460 2738 2513 scivit
2763 2462 2903 2514 enim
2935 2462 3075 2529 quod
3103 2461 3155 2514 in
3200 2463 3298 2515 hac
3326 2463 3429 2515 vita
3466 2463 3617 2531 peni«

2052 2557 2139 2601 tus
2176 2548 2384 2602 excludi
2433 2564 2536 2602 non
2581 2559 2807 2616 poterat,
2856 2551 3008 2619 cujus
3058 2550 3304 2604 videlicet
3345 2551 3617 2605 dominum

2053 2635 2202 2707 [Ms.,
2233 2636 2548 2708 dominium]
2578 2639 2788 2692 sibimet
2811 2640 3036 2692 subdere
3069 2647 3332 2708 precatur.

2125 2725 2282 2779 Vens.
2317 2726 2435 2784 134.
2465 2754 2535 2764 —-
2565 2724 2779 2778 Redime
2808 2743 2887 2780 me
2931 2745 2964 2781 a
3011 2728 3285 2781 calumniis
3331 2729 3615 2792 hominum,

2052 2825 2104 2868 ut
2135 2817 2420 2870 custodiant
2460 2818 2705 2870 mandata
2733 2829 2841 2872 tua.
2882 2819 2958 2872 Tu
2987 2835 3084 2889 age
3113 2819 3304 2890 [Edit.,
3335 2820 3510 2892 tange]
3536 2821 3617 2876 in-

2052 2906 2169 2962 fuso
2197 2909 2385 2977 spiritu
2414 2920 2521 2969 tuo,
2567 2923 2634 2962 ne
2666 2925 2749 2963 me
2776 2909 3051 2964 calumniae
3096 2911 3367 2964 hominum
3399 2912 3618 2966 terrori-

2049 2997 2146 3050 bus
2172 2997 2404 3059 vincant,
2453 3005 2506 3050 et
2538 3012 2567 3048 a
2603 2997 2708 3050 tuis
2755 2999 3018 3052 mandatis
3046 2999 3206 3068 373
3241 3001 3307 3052 ad
3335 3015 3431 3054 sua
3477 3000 3616 3054 mala

1971 3061 2016 3123 ο
2047 3084 2285 3138 facienda
2325 3084 2478 3156 [.lls.,
2528 3085 2693 3158 facta]
2727 3088 3024 3142 traducant.
3161 3061 3314 3142 enim
3360 3091 3460 3145 hoc
3504 3106 3616 3144 me—

2047 3191 2167 3229 cum
2202 3177 2396 3244 egeris,
2439 3178 2579 3231 inter
2621 3177 2764 3247 ipsas
2793 3178 3089 3232 calumnias
3124 3179 3420 3233 custodiam
3465 3196 3614 3234 man—

2046 3265 2169 3317 data
2198 3273 2304 3318 tua.

2116 3355 2276 3408 Vsus.
2308 3353 2423 3407 133.
2455 3385 2524 3394 —-
2556 3352 2788 3420 Faciem,
2818 3358 3008 3425 inquit,
3030 3366 3172 3410 tuam
3196 3357 3434 3410 illumina
3458 3374 3612 3427 super

2044 3463 2242 3499 servum
2271 3457 2436 3508 tuum,
2462 3445 2513 3499 id
2550 3455 2652 3508 est,
2674 3456 2816 3500 tuam
2847 3448 3147 3512 manifesta,
3175 3449 3534 3503 subveniendo
3554 3456 3610 3503 ct

2045 3541 2374 3610 opitulando,
2405 3543 2766 3609 praesentiam.
2803 3541 2871 3594 Et
2918 3544 3045 3596 doce
3097 3560 3176 3596 me
3208 3543 3610 3611 justiﬁcationcs

2046 3640 2194 3691 tuas;
2225 3629 2375 3688 doce,
2405 3628 2588 3696 utique
2616 3638 2672 3682 ut
2703 3631 2920 3684 faciam.

2118 3717 2276 3770 Vens.
2309 3716 2428 3770 136.
2458 3747 2526 3756 -——
2569 3717 2754 3771 Exitus
2805 3737 3060 3788 aquarum
3105 3720 3424 3773 deduxerunt
3474 3720 3610 3772 oculi

2046 3809 2167 3871 mei,
2194 3809 2316 3876 quia
2346 3824 2447 3860 non
2470 3808 2820 3861 custodierunt
2848 3808 3008 3878 legem
3035 3819 3198 3861 tuam.
3235 3810 3431 3864 Veram
3465 3824 3606 3864 sem-

2045 3912 2142 3966 per
2169 3897 2280 3966 agit
2305 3897 2674 3966 pmniteutiam
2704 3898 2791 3951 hic
2821 3906 3061 3961 sanctus,
3093 3908 3270 3953 etnon
3291 3907 3469 3953 cessat
3514 3898 3612 3953 llu—

2046 3985 2183 4037 entis
2207 3983 2567 4052 laetymarum
2591 3987 2807 4052 antiqua
2836 3987 3028 4039 delicta
3057 3987 3279 4050 diluere,
3293 3995 3352 4039 ut
3376 3996 3428 4040 tu
3453 3987 3608 4040 intel-

2045 4074 2198 4144 ligas,
2230 4074 2330 4127 nisi
2361 4089 2542 4127 veram
2569 4075 2934 4142 paenitentiam
2965 4076 3160 4144 egeris,
3196 4078 3288 4130 tibi
3322 4075 3479 4132 facile
3503 4094 3606 4132 non

2046 4165 2238 4219 dimitti
2269 4179 2386 4234 qua:
2415 4166 2670 4235 gesseris.
2702 4167 2835 4219 V'era
2857 4175 2942 4220 est
2965 4167 3106 4220 enim
3130 4169 3431 4236 pmnitentu
3467 4169 3609 4238 jugi—

2048 4264 2128 4310 ter
2156 4255 2365 4310 ﬂetibus
2395 4258 2682 4310 commissa
2718 4258 2942 4321 diluere,
2970 4265 3020 4311 et
3053 4257 3230 4311 abluta
3250 4273 3353 4312 non
3385 4267 3600 4312 iterare.

389 4346 531 4398 ducit
558 4347 624 4398 ad
649 4346 774 4398 vitia
798 4361 812 4410 ;
857 4357 1000 4399 recta
1031 4355 1204 4400 autem
1228 4348 1505 4410 virtutum,
1534 4363 1651 4416 quae
1680 4349 1832 4402 nobis
1857 4349 1942 4402 in-
1973 4393 2023 4448 υ

1916 4379 1942 4389 ’
1973 4393 2023 4448 D
2116 4366 2276 4418 Vsus.
2304 4365 2568 4428 137,138.
2598 4365 2872 4418 -Justus
2921 4383 2998 4430 es,
3039 4366 3277 4425 Domine,
3327 4375 3376 4419 et
3414 4377 3602 4420 rectum

389 4432 705 4501 dulgentiam
736 4444 789 4488 et
809 4436 1036 4488 salutem
1072 4436 1276 4488 tribuit.

458 4521 615 4577 Vens.
647 4524 765 4579 129.
809 4555 877 4564 --
920 4523 1186 4577 Mirabilia
1228 4526 1516 4578 testimonia
1548 4535 1656 4587 tua,
1705 4524 1942 4589 Domine,

391 4610 502 4662 ideo
523 4624 748 4666 scrutata
780 4625 852 4667 est
871 4631 932 4668 ea
960 4615 1134 4667 anima
1157 4632 1288 4667 mea.
1321 4615 1452 4668 Vide
1483 4614 1536 4667 in
1569 4615 1650 4668 bis
1673 4614 1813 4668 aliud
1839 4616 1942 4685 agi,

392 4701 528 4755 aliud
564 4701 797 4774 figurari.
825 4705 1072 4774 Ideoque,
1124 4707 1262 4774 quod
1294 4705 1420 4761 mihi
1453 4706 1642 4760 mirum
1677 4715 1776 4769 est,
1828 4706 1945 4760 dili-

390 4792 597 4860 gentius
625 4802 956 4863 perscrutor,
1010 4803 1066 4847 ut
1093 4805 1280 4848 cuncta
1333 4803 1382 4848 te
1409 4795 1713 4849 declarante
1753 4811 1946 4866 cogno-

389 4897 531 4937 δειιιιι

458 4974 550 5026 νει
578 4992 612 5028 5.
647 4976 766 5028 130.
807 5005 876 5015 -
905 4975 1200 5027 Declaratio
1246 4992 1538 5030 sermonum
1575 4988 1779 5030 tuorum
1825 4977 1944 5028 illu-

388 5062 545 5113 minat
573 5079 672 5125 me,
727 5074 767 5116 οι
812 5064 1122 5118 intellectum
1150 5063 1238 5116 dat
1270 5066 1521 5132 parvulis.
1573 5066 1767 5131 Sancta
1797 5066 1944 5134 plebs

388 5153 512 5205 dicit
536 5167 592 5207 se
619 5153 968 5208 illuminatam
997 5156 1350 5210 declaratione
1374 5171 1677 5221 sermonum
1710 5157 1939 5221 Domini,

369 5243 565 5311 'utique
592 5246 965 5312 prophetarum
994 5246 1220 5309 Domini,
1245 5249 1334 5316 qui
1359 5248 1444 5300 diu
1468 5251 1761 5303 absco‘nditi
1791 5265 1936 5304 sunt:

392 5329 456 5383 L't
479 5343 597 5385 est:
632 5332 765 5388 Ecce
791 5334 932 5402 virgo
957 5339 1222 5404 concipiet,
1250 5349 1350 5393 etc.
1383 5339 1537 5409 (lsa.,
1575 5356 1668 5401 vn,
1703 5343 1808 5412 H.)
1839 5345 1935 5396 Et:

401 5420 588 5475 Videbit
632 5427 798 5478 omnis
836 5442 956 5477 caro
991 5428 1218 5480 salutare
1262 5431 1355 5481 Dei
1377 5472 1389 5493 ,
1436 5440 1536 5483 etc.
1568 5431 1713 5496 (Luc.
1748 5451 1827 5495 ιιι,
1862 5436 1934 5503 6).

388 5509 531 5564 Nunc
559 5526 651 5579 per
696 5514 976 5566 adventum
1011 5515 1236 5578 Domini,
1289 5518 1390 5571 illis
1436 5519 1769 5573 sermonibus
1805 5525 1938 5578 actis

386 5601 752 5670 etcumpletis,
793 5602 1082 5657 illuminata
1117 5606 1284 5657 cernit
1311 5611 1504 5674 omnia,
1556 5610 1783 5663 Verbum
1823 5628 1928 5665 car-

2039 4454 2300 4523 judicium
2328 4464 2490 4507 tuum.
2522 4455 2784 4508 Mandasti
2807 4457 3066 4524 justitiam
3102 4457 3392 4509 testimonia
3423 4465 3536 4520 tua,
3559 4469 3605 4510 ct

2045 4547 2464 4599 ueritatemtuam
2489 4546 2659 4599 nimis.
2693 4546 2880 4615 Magna
2910 4555 2994 4600 est
3016 4547 3157 4600 enim
3189 4547 3240 4600 in
3266 4555 3493 4615 utroque
3518 4548 3604 4616 ju-

2044 4635 2188 4687 stitia
2229 4635 2345 4698 Dei,
2388 4645 2697 4703 rectumque
2739 4636 3020 4703 judicium,
3077 4650 3184 4703 quo
3231 4644 3284 4688 et
3331 4639 3601 4705 peccaturi

2043 4736 2198 4788 pmna
2220 4723 2545 4784 decernitur,
2577 4732 2631 4774 et
2663 4722 2939 4790 ptenitenti
2959 4723 3275 4790 justilicatio
3297 4740 3401 4777 non
3442 4724 3604 4778 dene-

2043 4817 2218 4877 gatur.
2241 4808 2410 4860 Nimis
2429 4811 2493 4860 ad
2515 4818 2798 4875 utrumque
2819 4811 3070 4875 pertinet,
3097 4811 3206 4863 sive
3231 4813 3297 4864 ad
3316 4811 3598 4879 justitiam,

2042 4903 2152 4953 sive
2184 4901 2248 4953 ad
2273 4901 2570 4954 veritatem.

2113 4992 2271 5044 Vens.
2301 4991 2417 5045 139.
2449 5021 2519 5031 --
2541 4991 2814 5045 Tabescere
2835 5009 2913 5045 me
2934 4989 3054 5055 fecit
3078 4993 3213 5046 zelus
3239 4994 3421 5046 domus
3471 5005 3598 5056 tum,

2040 5082 2159 5149 quia
2184 5080 2326 5134 obliti
2355 5090 2474 5134 sunt
2509 5081 2655 5133 verba
2685 5091 2774 5133 tua
2797 5083 2993 5135 inimici
3016 5085 3133 5135 mei.
3162 5083 3318 5135 Zelus
3337 5083 3436 5136 iste
3457 5098 3601 5135 amo-

2043 5173 2113 5224 ris
2136 5181 2240 5235 est,
2263 5187 2366 5225 non
2395 5172 2590 5225 laboris
2619 5187 2631 5223 :
2666 5181 2852 5225 sancta
2876 5174 3017 5226 enim
3044 5173 3382 5228 :emulatione
3421 5176 3599 5228 inimi-

2040 5276 2132 5314 cos
2166 5277 2290 5315 suos
2313 5262 2426 5313 vult
2451 5275 2566 5313 esse
2607 5269 2917 5324 correctos;
2974 5261 3158 5316 dolens
3204 5271 3260 5316 et
3297 5264 3598 5326 tabescens,

2040 5352 2178 5416 quod
2206 5351 2350 5404 obliti
2376 5351 2482 5402 sint
2510 5348 2791 5403 verborum
2821 5350 2934 5405 Dei.

2111 5438 2267 5490 Vens.
2298 5438 2413 5490 HO.
2447 5468 2516 5476 -—
2541 5436 2768 5505 Ignitum
2804 5439 3059 5507 eloquium
3089 5453 3232 5493 tuum
3262 5439 3593 5500 uehementer,

2036 5537 2080 5577 et
2111 5541 2283 5577 servus
2305 5536 2424 5576 tuus
2454 5525 2634 5578 dilexit
2666 5528 2816 5579 illud.
2841 5528 2973 5591 Quia
2995 5531 3132 5581 sicut
3162 5538 3437 5597 peccatum
3469 5544 3593 5583 con-

2038 5615 2218 5674 sumit,
2249 5614 2320 5667 ita
2352 5624 2684 5681 peccantem,
2718 5619 2760 5668 si
2786 5625 3145 5676 convertatur,
3183 5618 3457 5671 illuminat.
3487 5617 3591 5671 late
