4286 6202
600 288 701 346 (illi

1447 284 1504 338 Β.
1545 285 1602 339 ι’.
1646 284 1868 338 ALBINI
1910 284 2036 339 SEU
2075 280 2346 346 ALCUINI
2387 280 2665 351 υρειιωι
2707 280 2881 349 PARS
2918 278 2976 349 11.

3730 278 3832 347 uie

602 401 739 471 ignis
762 411 938 453 sermo
962 396 1156 451 Clu-isti
1183 390 1288 459 c'st,
1313 396 1377 451 de
1406 412 1513 465 quo
1531 397 1662 451 dicit
1685 416 1696 449 :
1721 394 1900 467 Ignem
1922 398 2031 451 ι·εηὶ
2046 399 2163 449 mit-
2195 400 2237 454 Α
2265 392 2340 445 ris
2377 390 2562 447 beatos
2584 393 2731 459 facit,
2768 410 2832 447 ex
2863 392 3086 462 captivis
3114 391 3331 455 liberos,
3354 408 3416 444 ex
3465 392 3705 454 mortuis
3754 409 3829 451 vn,

568 488 569 491 “
599 502 706 543 tere
734 491 788 543 in
812 499 1038 553 terram;
1084 477 1208 558 quid
1230 497 1400 541 autem
1418 486 1550 552 colo,
1581 488 1681 542 nisi
1709 496 1761 540 ut
1792 490 1973 541 ardeat
2008 484 2155 571 (Luc.

599 580 846 651 xrt,49)?
874 578 1026 636 llunc
1057 581 1231 650 ignem
1262 580 1389 645 dicit
1410 595 1468 635 se
1508 579 1779 645 dilexisse,
1830 581 1953 650 quia
1996 580 2157 635 vitam

599 669 825 736 confert,
876 680 933 729 et
984 671 1241 731 honorem
1263 670 1664 739 remediumque
1682 669 1867 741 generi
1903 670 2155 724 humano.

668 762 827 820 Vens.
861 762 980 816 141.
1002 789 1073 817 -——
1097 759 1483 820 Adolescentior
1508 777 1621 814 sum
1651 776 1742 828 ego
1756 769 1801 812 et
1817 770 2158 828 contemptus,

589 850 988 922 justi/icationer
1009 862 1124 905 tuas
1154 866 1255 903 non
1282 866 1396 909 sum
1422 848 1629 908 oblitus.
1661 848 1804 901 Bene
1830 849 1917 902 hic
1936 849 2159 902 duorum

596 940 911 1011 papulorum
936 939 1244 1010 intelligitur
1277 936 1595 1008 signiﬁcatio
1624 954 1637 989 :
1664 938 1789 1005 quia
1830 938 2013 1007 juniqr
2062 952 2159 1007 po-

594 1030 751 1100 pulus
781 1039 1119 1100 contemptus
1147 1036 1231 1083 est
1252 1042 1283 1081 a
1320 1029 1540 1097 majore,
1569 1028 1659 1098 qui
1686 1036 1887 1091 tamen,
1915 1027 2009 1093 Dei
2040 1042 2163 1097 gra-

596 1120 670 1174 tia
697 1121 948 1183 donante,
981 1119 1232 1173 mandata
1264 1119 1379 1188 ejus
1402 1133 1507 1171 non
1529 1126 1613 1172 est
1634 1116 1849 1171 oblitus.

667 1212 827 1274 Vens.
863 1210 985 1267 142.
1007 1240 1079 1250 -
1108 1208 1328 1265 Iustitia
1355 1218 1446 1261 tua
1469 1207 1680 1278 justitia
1717 1208 1772 1261 in
1816 1217 2084 1271 internum,
2114 1214 2161 1258 et

594 1304 678 1357 lea:
705 1314 797 1363 tua
835 1298 1041 1361 veritas.
1072 1298 1293 1354 Iustitia
1336 1297 1544 1352 Domini
1587 1306 1766 1349 manet
1797 1296 1849 1349 in
1878 1304 2157 1356 aeternum,

594 1402 649 1448 et
672 1392 764 1462 qui
792 1390 1025 1453 custodit
1043 1390 1159 1460 ejus
1188 1389 1489 1450 veritatem,
1518 1395 1717 1441 aeterna
1750 1384 2004 1440 felicitate
2028 1400 2160 1456 gau-

595 1479 758 1535 debit.
803 1478 953 1543 lianc
990 1476 1216 1548 populus
1244 1476 1582 1533 Christianus
1628 1474 1905 1542 intellexit,
1942 1484 1997 1528 et
2045 1476 2163 1529 ideo

594 1572 822 1625 veritate
849 1570 1143 1638 completus
1176 1574 1279 1632 est,
1308 1581 1428 1637 quae
1454 1575 1537 1631 est
1592 1565 1841 1629 Christus
1884 1565 2159 1631 Dominus,

596 1659 685 1730 qui
726 1657 861 1721 dixit
892 1674 903 1708 :
948 1655 1061 1725 Ego
1089 1671 1205 1709 eum
1240 1656 1341 1718 nia,
1380 1655 1566 1709 veritas
1586 1664 1632 1707 et
1656 1656 1779 1708 vita.

2263 497 2378 536 vos.
2414 481 2713 538 Secundum
2751 483 3011 553 judicium
3045 493 3212 547 tuum,
3259 498 3362 551 quo
3409 481 3836 552 supplicantibus

2260 575 2439 642 parcis
2472 594 2482 626 :
2517 575 2775 630 vivificari
2801 577 2941 629 enim
2968 591 3071 629 non
3102 584 3297 645 potest,
3329 576 3431 629 nisi
3457 577 3548 643 qui
3570 576 3622 630 in
3637 591 3835 646 sepro-z

2260 664 2434 732 priam
2473 680 2575 719 non
2604 666 2764 721 habet
2781 667 2967 721 vitam.

2336 755 2495 807 Vens.
2522 755 2643 808 150.
2672 786 2744 796 -ο
2770 757 3322 826 Appropinquaverunt
3368 765 3724 825 persequentes
3752 773 3835 810 me

2260 848 2528 918 iniquitati
2574 848 2726 921 [1118.ἱ
2749 850 3065 923 iniquitate],
3088 869 3120 904 α
3144 851 3251 922 lege
3278 861 3450 905 autem
3472 862 3561 904 tua
3578 850 3726 921 longe
3751 851 3837 920 [a-

2262 937 2329 989 cti
2352 948 2489 991 sunt.
2514 938 2665 997 Tunc
2692 940 3119 1009 appropinquant
3150 936 3599 1011 [persequentes],
3620 939 3834 1007 quando

2262 1043 2430 1099 usque
2461 1030 2526 1083 ad
2554 1045 2774 1085 carnem
2796 1029 3144 1085 cruciandam
3174 1030 3608 1101 perimendamve
3645 1043 3835 1099 perve-

2263 1118 2415 1171 niunt
2439 1137 2449 1171 :
2485 1121 2580 1174 sed
2609 1129 2810 1189 quanto
2838 1121 3125 1177 Viciniores
3154 1129 3280 1175 sunt
3316 1129 3696 1195 persequentes
3724 1121 3834 1193 isti,

2264 1213 2413 1261 tanto
2437 1207 2704 1278 longiores
2735 1217 2859 1263 sunt
2897 1224 2928 1263 a
2949 1210 3064 1280 lege
3084 1210 3327 1280 justitiaz.

2342 1302 2502 1356 Vens.
2537 1300 2657 1357 151.
2689 1330 2759 1341 ——
2788 1300 2962 1371 Prope
2992 1318 3045 1356 es
3074 1312 3151 1366 tu,
3189 1302 3431 1369 Domine,
3458 1314 3504 1358 et
3534 1323 3713 1371 antae;
3735 1309 3834 1361 viae

2263 1404 2366 1448 tute
2386 1392 2594 1446 veritas.
2624 1390 2822 1444 Contra
2848 1391 2992 1445 illam
3009 1393 3406 1462 proximitatem
3417 1396 3833 1467 persecutionis,

2264 1483 2592 1544 vicinitatem
2618 1481 2829 1539 Domini
2855 1483 2957 1537 sibi
2974 1484 3118 1558 dicit
3142 1484 3459 1547 remedium,
3487 1486 3627 1540 unde
3647 1487 3834 1546 salutis

2266 1575 2522 1629 auxilium
2552 1580 2776 1626 noverat
2799 1580 3105 1636 venturum,
3136 1572 3833 1645 non[per]itinerislocum,

2270 1665 2362 1719 sed
2388 1678 2485 1734 per
2510 1662 2791 1720 veritatem
2823 1662 3200 1726 mandatorum
3224 1664 3315 1718 Dei
3342 1666 3593 1720 cordibus
3622 1677 3838 1723 sancto-

671 1748 828 1802 Vnns.
853 1747 974 1802 145.
1006 1777 1075 1787 -—
1112 1745 1397 1800 Tribulatio
1425 1755 1473 1799 et
1490 1747 2048 1816 angmtiainrenerunt
2062 1764 2161 1814 me,
2201 1737 2243 1793 Β
2270 1770 2387 1809 rum
2412 1754 2678 1823 illapsam.

597 1838 847 1892 mandata
868 1848 958 1890 tua
985 1836 1252 1890 meditatio
1284 1853 1399 1889 mea
1424 1847 1520 1889 est.
1551 1834 1775 1890 Saevitia
1824 1837 2163 1903 inimicorum

597 1927 759 1991 infert
780 1926 1115 1997 huicjuniqri
1146 1926 1564 1997 tribulationem,
1597 1927 1691 1981 sed
1704 1942 1808 1981 non
1823 1928 2019 1988 amittit
2038 1929 2165 1991 chao,

598 2020 831 2084 ritatem.
864 2016 1138 2086 Meditatiq
1166 2017 1309 2087 enim
1339 2016 1506 2088 ipsius
1544 2016 1793 2085 mandata
1844 2025 1971 2071 sunt
2025 2018 2116 2072 Dei
2147 2036 2159 2071 ε

598 2125 667 2169 ex
702 2110 894 2180 quibus
945 2110 1049 2174 his,
1103 2109 1196 2184 qui
1242 2124 1367 2169 eum
1417 2109 1665 2177 oderunt,
1714 2108 2051 2163 dilectionem
2081 2125 2166 2163 ro-

600 2202 813 2270 pendet.

670 2293 833 2348 Vt-zns.
860 2290 981 2346 144.
1006 2322 1075 2333 -ο
1104 2291 1348 2364 liquitur
1368 2294 1660 2361 testimonia
1682 2304 1773 2347 tua
1799 2296 1854 2348 in
1894 2305 2163 2361 trtcrmmt,

538 2436 541 2439 .
606 2382 920 2446 intellectum
942 2382 1012 2436 da
1027 2383 1176 2448 mihi,
1198 2393 1244 2436 et
1267 2383 1452 2441 vivam.
1472 2380 1701 2439 Pulchre
1729 2394 1850 2455 post
1871 2383 2024 2456 [Με.,
2042 2400 2170 2439 con-

602 2471 708 2545 tra]
736 2471 1104 2532 tribulationes
1135 2480 1190 2526 et
1211 2467 1504 2548 angustias,
1540 2489 1660 2543 quae
1686 2473 1997 2544 temporalia
2023 2484 2165 2537 sunt,

602 2565 778 2635 posita
805 2572 889 2620 est
934 2564 1158 2634 aequitas
1216 2564 1272 2618 in
1322 2572 1580 2643 aeternum
1635 2579 1757 2619 esse
1796 2565 2168 2619 mandatorum

606 2652 799 2725 [Edit.,
856 2651 1190 2725 mandatum]
1244 2652 1359 2717 Dei,
1409 2661 1470 2706 ut
1517 2652 1613 2707 tali
1657 2668 1752 2725 spe
1802 2655 2170 2724 unusquisque

606 2750 999 2809 contemneret,
1026 2757 1144 2813 quae
1175 2742 1488 2814 temporalia
1511 2758 1631 2798 esse
1659 2745 1903 2799 sentiret.
1944 2742 2020 2797 Da
2042 2744 2169 2800 mihi

601 2832 937 2903 intellectum,
963 2834 1167 2904 utique,
1197 2842 1257 2887 ut
1277 2834 1457 2893 mundi
1513 2834 1668 2889 istius
1710 2834 1950 2903 pericula
1988 2844 2168 2888 trans-

607 2926 749 2981 itura
777 2934 834 2980 et
862 2933 1206 2995 temporanea
1226 2925 1536 2995 intelligam.
1560 2924 1777 2983 Viviflca
1800 2942 1907 2991 me,
1941 2935 2035 2995 spe
2060 2926 2171 2981 sci-

606 3014 729 3069 licet
752 3016 947 3069 futurae
963 3014 1342 3082 retributionis.

2336 1844 2500 1898 Vens.
2526 1844 2645 1897 152.
2674 1874 2745 1885 -
2774 1844 2936 1898 Initio
2951 1848 3166 1916 cognovi
3183 1847 3248 1900 de
3261 1849 3838 1921 testimoniistuie,quia

2269 1938 2321 1989 in
2341 1946 2588 1992 a'ternum
2626 1936 2857 2005 fundasti
2886 1953 2968 1991 ea.
3013 1938 3142 2003 Quae
3190 1948 3314 1997 sunt
3358 1940 3459 1995 ista
3506 1943 3835 2007 testimonia,

2268 2025 2370 2080 nisi
2401 2026 2594 2094 quibus
2622 2034 2849 2087 testatus
2873 2036 2958 2081 est
2994 2028 3157 2093 Deus,
3212 2030 3463 2098 daturum
3503 2048 3562 2087 se
3608 2031 3836 2107 [regem]

2270 2130 2598 2186 regnumque
2623 2115 2746 2171 ﬁliis
2775 2115 2932 2189 [suis]
2960 2121 3396 2189 sempiternum?
3439 2122 3505 2176 Et
3548 2124 3668 2185 ideo
3722 2126 3835 2195 ipsa

2272 2207 2576 2259 testimonia
2610 2206 2664 2260 in
2690 2215 2951 2261 aeternum
2998 2207 3220 2263 fundata
3252 2228 3266 2263 :
3294 2212 3549 2281 quaniam
3596 2214 3649 2272 id
3696 2217 3839 2285 quod

2270 2295 2535 2364 promisit,
2565 2304 2822 2355 aeternum
2848 2306 2958 2362 est;
2991 2300 3243 2369 quoniam
3274 2299 3679 2360 fundamentum
3709 2320 3837 2375 pro-

2273 2383 2539 2441 missionis
2566 2392 2650 2438 est
2666 2381 2934 2451 Christus,
2984 2387 3039 2441 in
3068 2402 3173 2455 quo
3212 2389 3373 2459 hujus
3400 2392 3515 2461 spei
3531 2394 3838 2448 testimonia

2272 2490 2399 2529 vera
2437 2483 2595 2539 sunt,
2635 2490 2753 2544 quae
2778 2475 2865 2531 hic
2906 2476 2975 2531 ab
3010 2477 3165 2534 initio
3207 2483 3523 2552 cognovisse
3570 2498 3631 2539 se
3684 2484 3837 2549 dicit,

2274 2566 2399 2635 quia
2427 2566 2606 2620 verbis
2627 2566 3161 2637 Ecclesiazjoqnitur,
3183 2586 3302 2639 qum
3328 2572 3397 2626 ab
3422 2572 3577 2628 initio
3625 2576 3839 2644 generis

2274 2655 2492 2708 humani
2527 2665 2713 2710 exorta
2736 2656 2893 2713 nullis
2912 2659 3345 2729 generationibus
3369 2661 3555 2718 defuit.

2344 2746 2506 2801 Vens.
2534 2746 2649 2801 155.
2699 2778 2770 2789 -
2812 2746 2939 2804 Vide
2990 2750 3330 2807 humilitatem
3380 2771 3569 2822 meum,
3618 2760 3841 2829 etpripc

2274 2852 2374 2904 me,
2404 2838 2527 2909 quia
2553 2836 2713 2908 legem
2733 2848 2876 2898 tuam
2908 2858 3011 2896 non
3037 2860 3153 2897 eum
3184 2844 3396 2899 oblitus.
3417 2844 3567 2912 Quod
3581 2849 3681 2904 .hie
3703 2850 3837 2919 uide,

2275 2926 2371 2991 ait,
2400 2927 2467 2994 ad
2492 2936 2757 2998 martyres
2783 2931 3014 2997 pertinet
3043 2930 3193 3003 μη,
3217 2934 3359 3004 quod
3386 2934 3474 2988 hie
3510 2935 3721 2993 videtur
3770 2939 3842 2993 ad

2279 3025 2545 3087 martyres
2573 3018 2889 3090 pertinere],
2913 3036 3140 3090 quorum
3163 3038 3357 3094 corpus
3390 3026 3640 3097 allligitur
3676 3039 3737 3083 ut
3761 3032 3842 3089 vi:

571 3136 574 3140 λ
676 3104 836 3161 Vens.
860 3104 983 3159 M5.
1004 3135 1077 3146 --
1098 3104 1330 3161 διαπιαυί
1356 3107 1414 3161 in
1440 3117 1546 3162 toto
1596 3109 1749 3162 corde
1786 3125 1920 3172 meo,
1982 3112 2172 3164 exaudi
2201 3089 2244 3149 Ε
2277 3110 2399 3164 litas
2437 3111 2721 3180 pecudum.
2756 3089 3048 3181 Sequitur:
3083 3114 3149 3169 Et
3177 3089 3315 3187 eripe
3330 3089 3591 3183 tamunde
3605 3120 3837 3184 scilicet,

606 3209 709 3258 me,
731 3192 972 3261 Domine,
982 3194 1389 3264 iustiﬁcationes
1411 3206 1528 3251 tua:
1555 3201 1835 3271 requiram.
1866 3197 2017 3253 Hunc
2067 3199 2178 3253 cla—

608 3299 813 3340 morem
835 3299 941 3340 non
969 3300 1242 3356 corporeae
1267 3288 1433 3353 vocis,
1462 3289 1555 3344 sed
1583 3290 1778 3344 mentis
1791 3291 2044 3360 spiritalis
2058 3306 2179 3346 esse

518 3436 521 3437 ν
608 3391 751 3447 saepe
768 3378 1205 3442 memoravimus,
1236 3393 1333 3450 per
1360 3379 1660 3450 quemjusti
1689 3396 1721 3434 a
1748 3380 1857 3435 Deo
1881 3384 2177 3437 exaudiun-

611 3477 704 3522 tur
730 3484 744 3521 :
782 3469 873 3537 qui
899 3468 1168 3539 praecipue
1193 3484 1378 3524 eorum
1402 3469 1555 3542 μὴ,
1582 3470 1665 3525 vel
1695 3471 1783 3525 ille
1808 3473 2057 3540 precibus
2087 3489 2179 3528 eo—

616 3552 759 3628 rum]
780 3556 929 3625 pium
956 3556 1143 3627 pandit
1161 3556 1431 3612 alfeetum.
1459 3557 1879 3615 iustificationes
1904 3572 2081 3618 autem
2097 3565 2177 3617 di-

613 3646 712 3709 cit,
738 3660 843 3699 non
874 3647 1056 3701 saeculi
1076 3647 1291 3702 divitias
1315 3663 1389 3714 se
1409 3650 1721 3718 exquirere;
1754 3666 1926 3720 neque
1954 3653 2022 3706 ad
2056 3668 2178 3706 uos-

612 3734 811 3790 cendas
862 3742 1091 3802 tantum,
1117 3737 1215 3792 sed
1239 3738 1306 3793 ad
1331 3738 1625 3808 implendas
1661 3754 1775 3794 eas.

688 3822 845 3879 Vens.
878 3823 998 3879 146.
1023 3855 1094 3867 --
1119 3823 1352 3882 Clamavi
1375 3828 1443 3880 (id
1467 3838 1550 3891 te,
1576 3827 1776 3882 salvum
1828 3846 1910 3882 me
1964 3831 2070 3899 fac,
2124 3842 2177 3883 ut

618 3910 909 3967 custodiam
939 3912 1188 3965 mandata
1206 3921 1317 3966 tua.
1351 3912 1503 3968 Nunc
1529 3915 1865 3969 demonstrat
1886 3918 2177 3973 clamorem

616 4000 862 4070 superius
889 4000 957 4055 ad
987 3999 1154 4056 Deum
1193 4000 1443 4067 effusum,
1471 4003 1573 4058 hoc
1593 4012 1694 4069 est,
1725 4013 1782 4059 ut
1801 4005 2034 4062 animam
2073 4008 2182 4063 sal-

617 4103 683 4141 va
710 4088 833 4144 tldei
852 4089 1059 4145 ratione
1088 4090 1386 4154 roboraret,
1416 4099 1473 4146 et
1498 4093 1712 4162 corpori
1736 4103 2017 4163 praestaret
2037 4097 2180 4150 sani-

620 4185 808 4241 tatem,
834 4191 1024 4232 revera
1048 4178 1256 4248 utique,
1276 4187 1338 4233 ut
1360 4179 1567 4239 Domini
1616 4184 1868 4250 mandata
1910 4189 2180 4241 custodire

620 4266 808 4333 possit.

691 4355 847 4414 Vens.
875 4355 994 4426 147.
1021 4388 1091 4402 -
1110 4356 1344 4417 Prieneni
1384 4360 1439 4415 in
1471 4363 1791 4433 maturitate,
1831 4374 1879 4417 et
1935 4365 2176 4430 clamavi,

590 4482 593 4483 ν
625 4447 678 4509 in
701 4446 851 4499 verba
870 4456 967 4501 tua
984 4452 1359 4520 aupereperaui.
1378 4451 1742 4509 lmmaturitas
1754 4456 1937 4526 itaque
1956 4469 2179 4514 noctur-

628 4552 754 4597 num
781 4546 988 4609 tempus
1014 4548 1117 4607 est,
1144 4542 1285 4610 quod
1323 4558 1426 4598 non
1452 4552 1535 4599 est
1566 4553 1858 4613 maturum,
1887 4549 1939 4609 id
1967 4559 2050 4605 est
2080 4566 2177 4622 op-

621 4632 927 4694 portunum,
958 4638 1019 4683 ut
1041 4639 1203 4703 agant
1254 4631 1453 4703 aliquid
1498 4635 1782 4706 vigilando,
1824 4641 1967 4707 quod
2016 4641 2180 4695 etiam

626 4714 779 4785 vulgo
811 4715 916 4776 dici
937 4718 1091 4786 solet,
1118 4722 1249 4776 hora
1279 4723 1602 4793 importuna.
1629 4725 1821 4789 Vetera
1850 4729 1978 4787 vitia
2024 4730 2177 4797 pudi-

622 4802 753 4878 uitia
773 4803 993 4872 juvenili
1015 4804 1423 4892 praevenit,‘qui
1439 4830 1539 4884 per
1565 4817 1930 4873 maturitatem
1981 4820 2182 4878 vivacis

627 4901 788 4955 animi
817 4917 1089 4973 nunquam
1118 4919 1265 4974 spem
1289 4922 1443 4962 suam
1466 4924 1496 4963 a
1527 4910 1706 4965 verbis
1732 4910 1824 4966 Dei
1856 4926 2111 4969 removet.

699 4990 856 5044 Vens.
893 4991 1465 5049 148.—Prteveuerunt
1494 4997 1631 5049 oculi
1657 5001 1757 5055 mei
1776 5000 1845 5053 ad
1872 5002 2181 5068 tediluculo,

629 5089 683 5132 nt
715 5080 993 5136 meditarer
1020 5082 1225 5153 eloquia
1258 5094 1369 5141 tua.
1394 5084 1510 5141 Non
1571 5103 1695 5143 eum
1739 5090 1825 5145 lux
1875 5104 2181 5162 soporatum

633 5169 849 5239 reperit,
875 5172 969 5226 sed
1000 5173 1305 5244 vigilantem
1327 5184 1560 5243 strenue,
1585 5187 1639 5236 et
1660 5181 1808 5235 circa
1859 5182 2034 5238 divina
2072 5186 2187 5251 clo—

633 5260 778 5328 quia,
801 5260 1077 5317 oculorum
1105 5265 1423 5335 spiritalium
1464 5270 1775 5336 intentione,
1821 5273 2182 5330 meditantem.

702 5347 863 5421 37EI
890 5350 1049 5405 Vens.
1078 5352 1197 5408 N9.
1228 5385 1300 5396 —
1323 5411 1327 5415 ,
1348 5355 1532 5411 Vocem
1560 5377 1727 5414 meam
1757 5364 1969 5427 “audi,
2001 5364 2183 5419 Domi-

640 5450 722 5499 ne,
742 5439 1019 5493 secundum
1044 5440 1451 5497 misericordiam
1479 5456 1641 5511 tuam,
1667 5459 1714 5503 et
1742 5451 2024 5506 secundum
2036 5454 2188 5523 judi-

642 5522 774 5576 rinm
800 5535 945 5580 tuum
969 5528 1167 5597 ririﬁra
1204 5546 1303 5585 me.
1329 5530 1523 5591 Definit
1570 5535 1622 5591 in
1647 5538 1791 5593 nullo
1819 5522 2045 5597 homine
2065 5558 2187 5597 esse

644 5617 1087 5683 pra‘sumendum,
1113 5613 1211 5674 nisi
1235 5622 1285 5675 in
1306 5620 1420 5674 ‘sola
1445 5621 1533 5677 Dei
1560 5625 1776 5693 pietate,
1804 5643 1921 5698 qua:
1934 5644 1999 5685 ex
2026 5633 2185 5687 mise-

2276 3199 2379 3254 nisi
2403 3202 2467 3253 de
2490 3215 2771 3273 pinnarum
2808 3204 3112 3272 urgentium
3152 3207 3471 3262 necessitate
3518 3210 3664 3265 etde
3700 3213 3844 3280 peri-

2277 3290 2398 3344 culo
2424 3294 2648 3346 mortis?
2669 3294 2862 3364 Legem
2891 3312 3019 3352 vero
3042 3299 3130 3353 hic
3154 3300 3301 3354 illam
3322 3304 3644 3357 sententiam
3686 3306 3841 3378 dicit,

2276 3397 2394 3451 qua:
2422 3384 2496 3437 ait
2520 3402 2531 3435 :
2564 3382 2744 3440 Omnis
2772 3389 2862 3456 qui
2888 3405 2943 3442 se
2962 3393 3180 3455 exultat,
3202 3392 3586 3459 humiliabitur,
3611 3405 3657 3449 et
3676 3397 3768 3467 qui
3787 3413 3844 3450 se

2275 3474 2534 3539 huiniliat,
2561 3475 3047 3552 exultabant-(Luc.
3070 3498 3184 3547 xw,
3201 3483 3309 3554 11).
3335 3482 3486 3540 lianc
3499 3501 3557 3541 se
3574 3486 3708 3542 dicit
3734 3503 3842 3544 non

2275 3565 2498 3619 oblitum
2544 3582 2713 3636 usque
2730 3570 2782 3623 in
2805 3570 2964 3624 linem
2993 3573 3135 3627 vita).

2347 3655 2509 3711 Vens.
2546 3656 2665 3711 154.
2700 3689 2767 3698 -
2804 3658 2998 3715 Judica
3024 3663 3303 3733 judiciuny
3327 3684 3516 3733 meum,
3568 3679 3617 3723 et
3650 3674 3845 3735 redime

2276 3760 2376 3807 me,
2398 3756 2609 3817 propter
2626 3747 2890 3819 eloquium
2925 3760 3074 3804 tuum
3103 3752 3303 3820 viviﬁca
3331 3771 3430 3809 me.
3463 3755 3705 3815 Iudicavi
3744 3777 3843 3831 ego

2278 3831 2410 3887 nihil
2437 3848 2523 3887 me
2546 3836 2688 3889 scire
2711 3836 2816 3896 nisi
2838 3835 3066 3910 [Iesum]
3094 3838 3493 3913 Christum,qui
3525 3847 3594 3901 ad
3628 3848 3841 3905 redem-

2276 3923 2513 3991 ptionem
2542 3925 2725 3981 mundi
2752 3928 2935 3983 venire
2960 3931 3261 3999 promissus
3273 3942 3357 3988 est
3384 3953 3397 3988 :
3418 3937 3569 4006 juxta
3592 3938 3695 3995 hoc
3715 3955 3845 4012 ergo

2272 4010 2530 4079 judicium
2557 4030 2655 4085 ego
2691 4031 2723 4069 a
2754 4026 2802 4071 te
2824 4018 3062 4075 viviﬂcer
3121 4021 3177 4077 in
3204 4021 3431 4094 eloquiis
3459 4027 3583 4083 tuis.
3632 4010 3844 4086 Redime

2276 4119 2380 4167 me,
2395 4119 2552 4172 quem
2572 4107 2835 4163 redimere
2847 4124 2952 4181 non
2976 4120 3213 4192 poteras,
3238 4115 3339 4169 nisi
3353 4117 3682 4192 credentem.
3707 4118 3843 4188 Pro-

2276 4204 2392 4264 pter
2403 4196 2661 4266 eloquium
2675 4209 2822 4254 tuum
2836 4203 3036 4271 eiei/ica
3058 4189 3157 4257 me.
3181 4204 3313 4258 Illud
3334 4189 3840 4281 sciliceteloquium,

2280 4286 2368 4340 ubi
2411 4290 2716 4357 promittit:
2767 4289 2871 4355 Qui
2898 4292 3060 4347 credit
3092 4295 3147 4348 in
3177 4311 3257 4349 me
3282 4337 3297 4361 ,
3346 4313 3450 4353 non
3494 4302 3747 4358 morietur
3788 4305 3843 4358 in

2286 4387 2553 4433 trtcrnum.
2614 4428 2617 4431 λ

2357 4469 2515 4561 Vens.
2684 4505 2755 4514 —-
2777 4472 2948 4547 Longe
2973 4487 3050 4533 est
3075 4496 3108 4532 a
3131 4483 3485 4561 peccatoribus
3510 4485 3675 4552 salue,
3719 4491 3845 4561 quia

2276 4555 2677 4625 justiﬁcationes
2704 4569 2823 4616 tuas
2851 4580 2956 4617 non
2977 4560 3354 4636 “quisierant.
3385 4570 3500 4625 Hoc
3537 4555 3845 4642 specialiter

2286 4644 2682 4718 intelligendum
2705 4653 2914 4706 aestimo
2934 4654 2999 4707 de
3024 4653 3246 4722 Judmis,
3273 4659 3366 4728 qui
3392 4660 3643 4730 salutem,
3670 4666 3723 4721 id
3737 4678 3842 4731 est.

2285 4736 2567 4793 Dominum
2592 4740 2947 4807 Salvatorem,
2984 4757 3016 4796 a
3046 4759 3103 4798 se
3143 4745 3353 4817 longius
3398 4750 3695 4809 ell‘eceruut
3739 4771 3843 4812 non

2284 4830 2554 4884 credendo
2580 4831 2661 4896 ei;
2689 4833 2779 4901 qui
2803 4834 3121 4891 testimoniis
3155 4854 3261 4894 non
3281 4843 3645 4909 crediderunt,
3660 4846 3713 4901 in
3726 4847 3846 4916 qui-

2283 4918 2383 4973 bus
2411 4920 2783 5006 przeliguratns
2830 4930 2916 4977 est
2955 4924 3214 4985 adventus
3270 4929 3481 4988 Domini
3524 4932 3841 5007 Salvatoris.

2284 5002 2457 5063 ldeo’a
2488 5011 2828 5081 salutelonge
2866 5011 2993 5070 facti
3016 5025 3163 5079 sunt.
3197 5021 3290 5087 qui
3313 5022 3635 5091 respuerunt
3661 5002 3846 5083 aucto;

2283 5114 2399 5153 rem
2422 5100 2627 5157 salutis.
3240 5101 3250 5110 ’

2357 5189 2518 5243 Vens.
2546 5188 2668 5243 156.
2702 5219 2773 5231 -
2800 5192 3178 5252 Misericordia
3220 5207 3325 5253 tute
3355 5201 3552 5261 multra.
3600 5204 3843 5272 Domine,

2286 5279 2567 5331 secundum
2592 5278 2853 5347 judicium
2878 5291 3026 5337 tuum
3059 5285 3259 5354 nini/ica
3297 5305 3394 5345 me.
3448 5290 3844 5364 [Miserationes

2288 5376 2413 5421 sunt
2442 5365 2671 5435 Domini,
2698 5388 2795 5442 per
2820 5387 2957 5442 quas
2982 5372 3192 5431 afﬂictis
3218 5388 3274 5433 et
3308 5382 3563 5436 sauciatis
3615 5383 3845 5445 diversis

2288 5455 2459 5511 modis
2483 5456 2766 5516 subvenire
2787 5460 3035 5532 dignatus
3073 5466 3201 5540 est.]
3240 5466 3538 5526 Secundum
3577 5473 3846 5543 judicium

2287 5556 2435 5641 tuum
2460 5548 2657 5617 eiuiﬁca
2675 5566 2773 5641 me.
2807 5550 3069 5611 Indicium
3099 5559 3281 5629 utique
3324 5568 3426 5625 est,
3480 5565 3623 5633 quod
3659 5575 3847 5641 potero

2290 5633 2564 5702 debemus,
2585 5638 2801 5709 quando
2832 5640 3144 5701 humilitatis
3189 5647 3559 5709 satisfactione
3580 5633 3678 5707 nos
