4286 6208
624 277 728 329 (519

1459 282 1519 335 n.
1557 282 1619 336 ιε’.
1658 284 1883 339 suum
1920 252 2051 344 SEU
2087 275 2360 357 ALCUIN!
2394 267 2675 342 cessum
2707 284 2884 344 psus
2914 285 3001 342 ιιι

3735 291 3839 347 ωο

694 390 852 443 Vens.
884 388 1003 445 175.
1032 419 1102 436 ν-
1124 376 1253 444 Ρίαί
1271 408 1454 445 manus
1477 404 1585 456 tua,
1616 405 1673 447 ut
1717 397 1875 450 satvet
1912 412 2010 460 me,
2060 412 2188 466 quo-
2213 400 2261 458 Α
2282 396 2489 465 judicia
2512 405 2604 451 tua
2632 397 2952 466 adjuvabunt
2975 415 3073 452 me.
3106 398 3182 457 Ad
3210 403 3380 469 ipsum
3402 399 3656 470 loquitur,
3677 417 3837 474 quem

623 495 761 533 mam
783 480 1029 533 mandata
1062 490 1153 533 tua
1182 480 1328 550 elegi.
1358 480 1489 535 Cum
1517 483 1681 541 dicit:
1715 482 1841 539 Fiat
1859 502 2044 540 manus
2059 494 2172 549 tua,

620 568 863 637 designat
887 566 1169 623 Dominum
1195 570 1550 637 Salvatorem,
1572 575 1662 642 qui
1701 572 1875 629 factus
1899 590 1963 629 ex
2010 577 2176 631 semi-

619 672 684 709 ne
712 655 879 711 David
908 658 1199 713 secundum
1224 674 1466 723 carnem,
1511 676 1607 729 per
1648 677 1808 731 quem
1856 663 1997 718 facta
2054 672 2179 719 sunt

619 745 886 811 universa,
919 754 975 801 et
1003 756 1276 818 reguntur.
1328 748 1541 802 Manum
1583 752 1726 804 enim
1771 751 1859 806 hic
1902 752 2177 805 dexteram

616 833 871 889 debemus
891 835 1153 904 accipere.
1181 836 1419 891 Postulat
1432 846 1611 893 autem
1624 840 1803 895 venire
1818 839 2175 906 Salvatorem,

616 938 713 991 per
740 939 899 991 quem
926 942 983 979 sc
1008 936 1232 980 noverat
1261 928 1595 1005 salvandum.
1619 928 1769 995 Quod
1797 939 1976 985 autem
1999 933 2132 987 dicit
2161 952 2172 986 :

615 1012 765 1082 Elegi
784 1015 1032 1070 mandata
1053 1025 1164 1081 tua,
1186 1018 1365 1071 omnia
1394 1033 1453 1073 se
1484 1019 1722 1089 pericula
1744 1021 1915 1075 amori
1963 1021 2174 1075 Domini

615 1102 979 1171 postposuisse
1001 1111 1243 1159 testatur.

688 1189 847 1243 Vsus.
875 1191 994 1247 174.
1025 1191 1389 1265 —Concupivi
1408 1194 1638 1249 salutare
1667 1206 1835 1262 tuum,
1858 1195 2098 1263 Domine,
2125 1208 2175 1251 et

617 1278 698 1331 (ex
726 1289 813 1331 tua
834 1280 1101 1334 meditatio
1131 1300 1244 1335 mea
1286 1294 1379 1335 est.
1413 1284 1585 1353 Ipsum
1630 1286 1811 1340 videre
1850 1288 2174 1356 concupive-

615 1383 751 1434 ram,
774 1385 932 1438 quem
956 1371 1022 1424 de
1040 1378 1192 1425 utero
1220 1373 1462 1443 virginali
1488 1374 1591 1429 illis
1617 1374 1791 1448 adhuc
1836 1374 2168 1443 temporibus

611 1461 894 1517 credebam
918 1476 1037 1516 esse
1056 1470 1365 1538 venturum;
1396 1472 1451 1518 et
1468 1472 1528 1519 ut
1548 1464 1653 1519 sibi
1702 1466 1843 1519 hanc
1892 1465 2175 1519 scientiam

614 1550 678 1602 dc
704 1548 995 1619 Scripturis
1022 1552 1217 1606 divinis
1265 1555 1576 1622 pervenisse
1616 1553 2030 1620 demonstraret,
2091 1569 2177 1609 se-

613 1639 793 1705 quitur
823 1658 833 1692 :
867 1640 934 1693 Et
956 1639 1041 1695 lex
1069 1651 1160 1695 tua
1181 1643 1449 1698 meditatio
1503 1662 1616 1699 mea
1660 1656 1754 1701 est.
1804 1646 1861 1701 1n
1901 1646 2176 1716 prophetis

2276 486 2545 541 desiderat
2571 486 2787 551 intueri,
2807 488 3123 556 promittens
3146 489 3379 543 animam
3399 506 3551 545 suam
3598 492 3651 546 in
3676 502 3837 549 cter-

2278 590 2405 629 num
2434 576 2616 629 vivere
2640 614 2656 640 ,
2698 591 2859 645 quam
2911 576 3199 631 salubriter
3248 588 3469 634 noverat
3516 581 3832 637 credidisse.

2278 662 2535 716 Laudabit
2560 672 2629 728 te,
2659 664 2869 718 cantico
2890 664 3096 718 scilicet
3115 680 3252 720 novo
3276 682 3371 736 per
3416 667 3575 723 ﬁdem
3619 686 3832 740 puram.

2275 752 2484 808 iudicia
2503 763 2681 808 autem
2710 755 2862 819 dicit,
2890 770 3009 825 quae
3033 757 3247 813 famulis
3292 760 3404 814 suis
3426 760 3684 819 Dominus
3725 763 3837 820 die-

2278 850 2458 895 turum
2478 856 2536 895 se
2553 838 2835 911 promittit,
2872 852 2932 899 ut
2958 853 3041 899 est
3070 863 3083 898 :
3126 844 3324 913 Venite,
3346 848 3618 905 benedicti.

2347 931 2507 986 Vsus.
2539 932 2657 987 l76.
2674 964 2743 973 —
2768 934 2957 989 Επαυὶ
2984 936 3117 990 sicut
3143 940 3273 1003 ovis,
3298 956 3415 1010 qua:
3436 936 3587 1011 periit
3613 961 3635 1008 ;
3661 962 3835 1017 quiere

2276 1037 2481 1075 servum
2505 1031 2673 1088 tuum,
2715 1023 2952 1089 Domine,
2979 1027 3103 1095 quia
3140 1029 3389 1083 mandata
3443 1041 3534 1085 tua
3584 1050 3690 1087 non
3716 1051 3833 1090 sum

2277 1110 2484 1164 oblitus.
2512 1110 2629 1166 Una
2652 1114 2790 1178 ovis,
2820 1123 2903 1169 est
2926 1118 3267 1187 congregatio
3291 1130 3599 1177 sanctorum
3620 1134 3677 1179 et
3706 1125 3833 1182 ﬁde-

2277 1200 2445 1267 lium;
2477 1209 2531 1256 et
2551 1218 2685 1257 unus
2712 1213 2794 1258 est
2819 1214 3004 1274 pastor
3030 1206 3287 1263 Dominus
3331 1208 3579 1268 Christus
3624 1229 3830 1272 eorum.

2276 1290 2344 1343 Et
2371 1292 2578 1361 respice
2597 1307 2758 1362 quam
2780 1293 2975 1361 inﬁmae
2997 1296 3074 1349 rei
3094 1300 3387 1367 comparati
3414 1309 3537 1355 sunt
3562 1303 3827 1370 homines,

2275 1380 2488 1450 quando
2508 1380 2708 1436 Christi
2755 1383 2981 1453 gratiam
3009 1384 3265 1441 deserunt
3291 1406 3304 1441 :
3353 1390 3441 1444 ovi
3466 1392 3715 1449 videlicet
3740 1410 3831 1450 er-

2276 1471 2439 1533 ranti,
2486 1486 2605 1540 qua:
2653 1471 2891 1541 pericula
2934 1473 3133 1542 patitur
3166 1472 3319 1545 μη,
3366 1479 3632 1547 ικει-ἰσιιιιίεΔ
3658 1484 3831 1556 patet]

2275 1558 2560 1629 luporum;
2592 1567 2646 1613 et
2677 1560 2813 1615 bene
2841 1561 3043 1616 dictum
3070 1572 3173 1627 est,
3197 1580 3313 1633 qua:
3364 1568 3609 1635 perierat,
3662 1579 3721 1624 ut
3744 1586 3836 1627 co-

2276 1662 2559 1719 gnosceres
2578 1648 2945 1707 misericordia
2962 1650 3171 1705 Domini
3190 1650 3355 1709 fuisse
3371 1664 3656 1725 repertam.
3684 1657 3831 1733 [Ipsi]

608 1728 749 1782 cnim
770 1731 1152 1805 concupiverat
1176 1731 1448 1789 Christum
1475 1736 1757 1792 Dominum
1808 1738 2163 1802 nasciturum,
2200 1735 2245 1797 Β
2268 1738 2580 1809 gloriacum
2601 1747 2805 1795 aeterno
2830 1739 2992 1815 Patre
3024 1750 3079 1796 et
3109 1742 3315 1813 Spiritu
3345 1755 3530 1802 sancto
3558 1748 3611 1803 in
3639 1728 3853 1805 saecula:

609 1817 673 1871 «ιε
699 1833 804 1886 quo
831 1818 913 1871 lex
935 1826 989 1872 et
1014 1821 1285 1891 praphetae
1312 1822 1686 1893 loquebantur.

676 1908 836 1963 Vens.
870 1909 989 1963 175.
1012 1941 1082 1950 -
1114 1909 1255 1966 Vivet
1283 1915 1461 1967 anima
1487 1931 1601 1969 mea
1622 1956 1636 1980 ,
1677 1925 1725 1969 et
1756 1915 1991 1969 laudabit
2027 1924 2099 1982 te,
2123 1928 2175 1973 et

2278 1828 2615 1884 saeculorum.
2640 1828 2832 1883 Amen.

901 2027 3796 2060 ——————'_——————————

1532 2112 1917 2174 MAGISTRI
1952 2112 2221 2174 ALBlNI
2265 2112 2543 2174 FLACCI
2582 2113 2904 2175 ALCUINI

850 2247 1207 2307 EXPOSITIO
1243 2250 1312 2306 IN
1347 2250 1661 2309 PSALMOS
1698 2250 2133 2317 GRADUALES,
2165 2250 2285 2318 QUI
2319 2250 2408 2306 ET
2446 2249 2797 2308 CANTICUM
2832 2251 3172 2310 GRADUUM
3213 2254 3581 2315 DlCUNTUR.

674 2430 882 2486 Gradus
929 2437 1053 2483 sunt
1101 2430 1502 2485 ascendentium
1561 2430 1643 2487 vel
1685 2430 2164 2487 descendentium:

605 2522 698 2577 sed
725 2519 781 2574 hi
807 2518 1004 2589 gradus
1047 2534 1114 2572 xv
1163 2518 1565 2575 ascendentium
1592 2530 1749 2587 sunt,
1793 2537 1953 2591 quem
1983 2536 2170 2576 nume-

605 2630 743 2679 rum,
780 2613 834 2667 id
860 2620 940 2665 est
973 2608 1253 2681 [quintum
1300 2610 1624 2683 decimum],
1670 2612 1716 2667 si
1744 2628 1775 2666 a
1800 2613 1974 2682 primo
2000 2628 2169 2681 usque

603 2706 669 2757 ad
692 2703 939 2755 ultimum
982 2708 1255 2768 computes
1282 2740 1298 2766 ,
1347 2700 1479 2755 ﬁunt
1523 2701 1717 2772 [Edit.,
1763 2701 1911 2774 sunt]
1948 2710 2160 2758 centum

604 2790 811 2859 viginti.
853 2788 1023 2857 Super
1063 2804 1221 2857 quem
1268 2805 1548 2844 numerum
1590 2790 1822 2861 Spiritus
1863 2801 2079 2847 sanctus
2106 2793 2158 2845 in

2269 2439 2352 2486 tes
2374 2430 2624 2487 saeculum
2652 2431 2941 2497 dimittere,
2973 2448 3079 2488 non
3099 2443 3252 2505 potes
3274 2445 3383 2491 tam
3414 2448 3617 2496 arctam
3642 2440 3830 2518 [viam]

2266 2527 2321 2575 et
2348 2528 2458 2575 tam
2485 2530 2763 2592 angustam
2787 2530 2997 2592 portam
3024 2525 3246 2593 ingredi.

2337 2609 2498 2664 Vnus.
2538 2610 2593 2663 4.
2618 2640 2688 2651 --
2715 2609 2935 2680 Sagitta:
2960 2615 3179 2682 potentis
3198 2624 3366 2668 acuta:
3386 2632 3502 2669 cum
3522 2619 3829 2676 carbonibus

2266 2696 2609 2751 desolatoriis.
2632 2697 2690 2752 Id
2713 2706 2815 2763 est,
2845 2700 2986 2767 quod
3012 2701 3066 2754 in
3095 2701 3386 2773 Evangelio
3405 2704 3600 2759 dicitur
3630 2724 3643 2759 :
3676 2708 3829 2779 Apud

2265 2786 2495 2839 homines
2524 2787 2621 2840 hoc
2644 2787 2957 2858 impossibile
2978 2798 3071 2854 est,
3104 2790 3243 2860 apud
3280 2791 3445 2845 Deum
3469 2796 3643 2848 omnia
3666 2799 3830 2866 possi-

602 2880 876 2936 ccenaculo
897 2920 911 2943 ,
959 2880 1010 2933 id
1042 2888 1123 2933 est
1148 2919 1161 2942 ,
1206 2879 1323 2935 loco
1366 2881 1694 2935 ascensionis
1719 2882 1886 2946 venit,
1929 2889 1989 2936 ut
2010 2882 2163 2936 nobis
2199 2944 2233 2951 _
2266 2874 2391 2929 ὺίιὶα
2414 2884 2533 2929 sunt
2582 2875 2791 2946 (Matth.
2824 2892 2934 2941 nx,
2970 2877 3082 2949 26).
3138 2878 3358 2949 Sagitta:
3384 2884 3616 2951 potentis
3665 2887 3830 2942 verba

603 2978 941 3035 monstraret,
972 2984 1066 3038 per
1090 2971 1187 3024 hos
1211 2986 1278 3023 xv
1306 2971 1498 3040 gradus
1525 2971 1592 3025 ad
1631 2986 1851 3026 summa:
1872 2944 2162 3041 ﬁperfectio—
2187 2944 2234 3007 ο
2264 2964 2359 3018 Dei
2378 2974 2521 3030 sunt.
2677 2965 2999 3036 transﬁxum
3021 2968 3180 3023 corda
3202 2980 3383 3024 nostra
3400 2973 3467 3026 ad
3486 2984 3829 3032 contemnen-

602 3060 682 3113 nis
703 3059 1037 3113 altitudinem
1076 3061 1469 3115 ascendendum
1510 3076 1648 3116 esse.
1704 3062 1824 3117 Ideo
1848 3062 1988 3117 Deus
2022 3046 2160 3134 [Πε.

2261 3054 2388 3108 dum
2410 3055 2681 3121 saeculum,
2711 3067 2766 3109 et
2785 3057 2851 3110 ad
2878 3057 3166 3113 amandum
3192 3059 3357 3114 Deum
3387 3078 3400 3113 :
3423 3076 3488 3116 ex
3514 3063 3707 3132 quibus
3739 3081 3829 3121 sa-

601 3149 887 3222 llominus]
927 3150 992 3203 de
1015 3152 1153 3205 ctelo
1175 3152 1447 3205 descendit
1491 3151 1558 3205 ad
1610 3168 1708 3207 nos
1760 3154 1814 3206 in
1844 3161 2077 3218 terram,
2105 3160 2164 3207 ut
2258 3146 2407 3217 Bittis
2461 3161 2610 3201 amor
2654 3147 2957 3212 emittitur.
2994 3163 3100 3203 non
3158 3148 3409 3204 interitus
3459 3162 3823 3222 comparatur.

600 3255 698 3294 nos
726 3241 791 3295 de
818 3249 960 3293 terra
991 3241 1339 3293 ascendamus
1362 3240 1415 3293 in
1441 3241 1654 3295 caelum.
1694 3242 1817 3296 ideo
1836 3241 1923 3296 ille
1948 3243 2164 3297 descen-

600 3332 678 3382 dit
706 3330 760 3383 in
786 3328 979 3382 vallem
1006 3329 1364 3399 lacrymarum
1399 3340 1699 3384 nostrarum
1718 3371 1732 3396 ,
1765 3341 1824 3383 ut
1842 3345 1939 3385 nos
1974 3343 2162 3384 ascen-

598 3424 784 3475 damus
824 3420 877 3473 in
905 3420 1285 3474 beatitudinem
1316 3420 1511 3474 laetitia:
1541 3420 1701 3474 illius.
1754 3418 1858 3473 Sed
1885 3419 2164 3473 audiamus

600 3511 738 3564 unde
764 3510 889 3573 iste,
911 3509 1002 3576 qui
1026 3509 1125 3561 hos
1168 3507 1399 3576 psalmos
1426 3510 1581 3563 nobis
1625 3508 1691 3562 ad
1720 3507 1947 3563 salutem
1968 3508 2163 3563 decan-

599 3602 751 3667 tavit,
780 3602 989 3656 initium
1015 3603 1333 3657 ascendendi
1355 3602 1637 3667 inchoarit,
1668 3604 1750 3657 vel
1777 3602 2041 3673 quomodo
2063 3616 2162 3655 nos

597 3692 883 3746 ascendere
909 3691 1154 3746 voluerit.
1175 3691 1448 3760 Siquidem
1472 3692 1674 3761 primus
1685 3692 1881 3762 gradus
1895 3690 2164 3744 ascensio-

598 3781 679 3834 nis
712 3789 907 3834 nostra’.
920 3790 1002 3835 est
1015 3779 1311 3843 humilitas,
1330 3786 1389 3831 ut
1422 3778 1780 3847 intelligamus
1800 3792 1897 3832 nos
1911 3786 2157 3847 peccato-

596 3884 707 3935 res,
720 3878 773 3926 et
783 3871 849 3926 ad
863 3870 955 3925 Dei
970 3871 1195 3940 gratiam
1209 3869 1362 3923 nobis
1377 3868 1761 3923 convolandum
1772 3884 1905 3933 esse,
1926 3870 2044 3924 ideo
2054 3870 2129 3923 ait
2144 3887 2155 3921 :

1102 3994 1418 4050 PSALIUS
1465 3994 1648 4050 CXIX.

670 4106 831 4157 Vens.
874 4105 923 4157 l.
954 4132 1023 4142 —
1050 4103 1129 4156 Ad
1159 4101 1460 4168 Dominum,
1488 4120 1606 4156 cum
1630 4102 1925 4167 tribularer,
1958 4062 2156 4158 clama-

598 4199 667 4261 ui,
694 4207 741 4249 et
768 4196 1030 4249 exaudivit
1058 4212 1157 4249 me.
1212 4196 1506 4250 Tribulatio
1530 4208 1613 4250 est
1647 4196 1761 4250 btec
1786 4196 1912 4261 vita,
1936 4210 2002 4249 ex
2028 4211 2157 4265 qua,

2261 3237 2391 3291 Cum
2418 3224 2724 3291 carbonibus
2762 3236 3087 3291 desolatoriis
3117 3277 3131 3303 ,
3171 3238 3224 3293 id
3249 3247 3332 3294 est
3360 3243 3684 3297 vastatoriis.
3718 3243 3826 3300 Sed

2261 3326 2307 3379 si
2334 3338 2520 3395 parum
2540 3332 2624 3378 est
2645 3324 2823 3379 verbis
2852 3326 3125 3395 sagittare,
3162 3325 3389 3382 suillciat
3424 3330 3683 3398 exemplis
3728 3332 3822 3385 de-

2261 3422 2586 3468 monstrare.
2632 3412 2733 3479 Qui
2760 3412 2973 3468 fuerant
2993 3412 3142 3485 [Hs.,
3175 3412 3397 3486 iuerint]
3420 3418 3657 3484 peccatis
3687 3419 3827 3489 nigri

2260 3511 2315 3558 et
2334 3502 2533 3574 frigidi,
2548 3505 2743 3559 iterum
2766 3504 3033 3559 charitate
3050 3504 3144 3558 Dei
3168 3506 3377 3560 accensi
3403 3515 3749 3562 vastaverunt
3771 3518 3829 3564 et

2260 3593 2639 3668 destruxerunt
2660 3608 2824 3663 opera
2845 3593 3043 3648 diaboli
3075 3594 3131 3647 in
3158 3595 3407 3649 cordibus
3435 3596 3567 3661 suis,
3606 3606 3666 3652 ut
3686 3613 3825 3668 pra:-

2259 3666 2516 3753 pararent
2567 3682 2947 3737 habitationem
2998 3683 3109 3739 Deo
3152 3684 3207 3738 in
3253 3680 3583 3754 semetipsis,
3610 3696 3666 3741 et
3687 3666 3827 3758 post

2261 3772 2428 3826 multa
2446 3779 2667 3842 peccata
2688 3772 2910 3826 multum
2926 3760 3228 3827 dilexerunt
3244 3772 3409 3827 Deum
3427 3791 3441 3827 :
3458 3774 3576 3829 ideo
3598 3777 3824 3832 multum

2259 3860 2561 3914 dimittetur
2581 3858 2708 3930 [κδ.
2722 3859 2889 3913 multa
2910 3860 3267 3933 dimittuntur]
3281 3863 3378 3917 eis.
3396 3862 3649 3933 Sequitur
3659 3881 3817 3922 vero:

2333 3950 2492 4004 Vens.
2520 3948 2575 4013 5,
2607 3949 2659 4003 6.
2685 3948 2893 4003 —'Heu
2923 3951 3035 4004 nte!
3070 3953 3193 4021 quia
3223 3951 3479 4007 incolatus
3523 3971 3671 4009 meus
3706 3973 3823 4026 pro-

2258 4038 2499 4109 iongatus
2542 4048 2648 4103 est,
2676 4039 2901 4094 habitavi
2930 4057 3046 4094 cum
3082 4041 3429 4095 habitantibus
3454 4040 3642 4109 Cedat,
3680 4045 3823 4099 usui-

2259 4139 2367 4181 tum
2398 4128 2567 4197 incola
2595 4129 2694 4197 {ait
2714 4130 2891 4183 anima
2914 4146 3048 4184 mea.
3085 4130 3223 4191 Ecce
3259 4133 3358 4185 iste
3381 4146 3412 4184 a
3436 4131 3610 4202 lingua
3638 4134 3822 4192 dolosa

2259 4218 2515 4272 liberatus
2535 4224 2563 4280 ,‘
2592 4219 2755 4271 verbo
2784 4218 2878 4270 Dei
2903 4218 3210 4286 sagittatus,
3247 4220 3505 4289 exemplis
3532 4221 3822 4282 multorum

598 4287 689 4355 qui
728 4286 999 4341 humiliter
1037 4287 1105 4340 ad
1147 4286 1315 4341 Deum
1358 4286 1616 4349 clamant,
1665 4287 1804 4341 sicut
1836 4286 2156 4341 Publicanus
2185 4272 2233 4331 ο
2261 4322 2290 4358 ι..

2129 4303 2156 4341 ³
2185 4272 2233 4331 D
2261 4306 2559 4371 roboratus,
2599 4306 2724 4375 quid
2771 4272 3047 4375 proﬁciat,
3076 4323 3247 4377 quove
3277 4272 3567 4366 asceudere
3591 4320 3819 4381 quant,

598 4379 689 4447 qui
720 4379 794 4431 ait
828 4397 840 4430 :
896 4376 1037 4430 Deus
1080 4377 1331 4447 propitius
1378 4386 1487 4429 esto
1534 4376 1661 4428 mihi
1702 4374 1957 4442 peccatori
2002 4374 2150 4444 (Luc.

598 4484 750 4533 xvm,
795 4469 918 4537 15),
962 4468 1335 4521 exaudiuntur.
1411 4463 1517 4519 Sed
1562 4465 1832 4518 videamus
1887 4464 2014 4534 quid
2058 4466 2156 4519 iste

601 4561 865 4627 internitens
890 4558 1117 4614 clamet:

668 4671 827 4724 Vsus.
867 4669 920 4722 2.
942 4699 1011 4708 —
1042 4668 1280 4733 Domine,
1311 4667 1470 4739 libera
1502 4665 1752 4737 [animam
1781 4666 1972 4738 meam]
2020 4684 2053 4720 a
2077 4666 2157 4720 la-

598 4762 691 4813 biis
717 4760 929 4829 iniquis,
967 4770 1013 4812 et
1059 4777 1090 4811 a
1133 4760 1311 4827 lingua
1354 4757 1555 4811 dolosa.
1606 4756 1767 4837 Labia
1798 4758 1981 4828 iniqua
2008 4768 2151 4823 sunt,

600 4866 716 4918 qua:
746 4863 841 4901 nos
862 4848 1188 4917 suggerendo
1214 4847 1279 4900 ad
1304 4845 1640 4914 iniquitatem
1666 4846 1951 4901 sollicitare
1977 4847 2155 4901 nitun-

602 4949 717 5002 tur;
750 4938 925 5007 lingua
961 4935 1137 4989 dolosa
1166 4943 1270 4999 est,
1298 4950 1416 5003 qua:
1438 4949 1534 4988 nos
1568 4943 1807 4989 avertere
1834 4934 1947 4989 vult
1970 4937 2036 4990 de
2068 4936 2155 4990 via

595 5026 832 5091 justilize.
876 5026 964 5079 Illa
989 5041 1084 5078 nos
1113 5024 1179 5078 ad
1214 5025 1541 5092 peccandum
1573 5024 1889 5094 suggerunt;
1920 5016 2031 5081 ista
2058 5041 2157 5081 nos

599 5130 629 5163 ι
659 5115 1033 5168 bcnelaciendo
1056 5112 1298 5167 retrahit.
1338 5111 1442 5166 Sed
1470 5112 1888 5179 consideremus,
1910 5115 2035 5183 quid
2065 5130 2158 5169 no-

602 5204 682 5258 bis
712 5207 775 5255 ad
803 5204 899 5257 bas
930 5220 1112 5272 preces
1135 5200 1450 5270 respondeat
1478 5203 1750 5256 Dominus.

679 5294 832 5347 Vens.
866 5293 919 5345 5.
948 5320 1015 5332 -
1037 5292 1193 5361 377
1224 5290 1361 5355 Quid
1387 5291 1536 5344 detur
1572 5293 1663 5345 tibi
1690 5333 1703 5357 ,
1733 5302 1822 5345 aut
1849 5292 1974 5361 quid
2000 5310 2159 5362 appo-

603 5395 758 5435 natur
786 5383 874 5435 tibi
898 5381 964 5434 ad
1007 5381 1233 5448 linguam
1263 5380 1537 5434 dolosam?
1572 5382 1706 5437 Ecce
1730 5384 1854 5452 quid
1890 5383 1981 5437 tibi
2004 5384 2157 5438 dabi-

604 5483 689 5525 tur
717 5474 783 5525 ad
821 5471 1243 5541 respondendum
1283 5472 1474 5545 lingua:
1497 5469 1711 5537 dolosze,
1738 5488 1856 5544 qua
1877 5473 2031 5537 solet,
2054 5487 2160 5526 non

608 5564 933 5620 consulendo
954 5566 1068 5631 tibi,
1098 5566 1188 5621 sed
1206 5563 1562 5621 subvertenda
1588 5571 1656 5628 te,
1679 5565 1855 5619 dicere
1885 5584 1895 5618 :
1924 5562 2038 5619 Non
2066 5579 2160 5633 po-

2258 4397 2551 4450 videamus.
2584 4397 2698 4451 Heu
2723 4399 2834 4451 me!
2864 4398 3053 4465 inquit,
3070 4400 3211 4467 quod
3237 4400 3502 4455 incolatus
3522 4416 3673 4455 meus
3694 4416 3820 4469 pru-

2256 4490 2499 4557 iongatus
2519 4490 2631 4543 est!
2666 4489 2778 4543 Vox
2806 4490 3033 4545 dolentis
3058 4499 3115 4544 et
3136 4490 3409 4545 miseriam
3441 4489 3638 4561 [suam]
3668 4490 3819 4561 plan-

2256 4580 2445 4649 gentis,
2469 4579 2611 4648 quod
2628 4579 2717 4633 diu
2736 4578 2835 4651 [in]
2850 4580 3280 4649 peregrinatione
3301 4578 3463 4646 hujus
3476 4579 3818 4640 mortalitatis

2257 4668 2519 4722 incolatus
2540 4667 2655 4736 ejus
2674 4669 3033 4737 prolongetur.
3048 4666 3222 4720 incola
3249 4681 3375 4721 vero
3398 4669 3592 4737 estqui
3618 4676 3821 4724 terram

2257 4758 2487 4813 alienam
2505 4757 2649 4811 colit.
2676 4755 2825 4811 Unde
2852 4758 2953 4810 iste
2976 4770 3034 4809 se
3060 4756 3283 4826 plangit,
3312 4766 3367 4811 et
3384 4756 3452 4811 ad
3479 4758 3710 4826 patriam
3727 4770 3817 4809 su-

2256 4846 2467 4915 spirans
2502 4846 2699 4910 redire,
2729 4846 2930 4901 addidit
2961 4863 2972 4898 :
3022 4844 3264 4900 Ilabitavi
3312 4863 3439 4899 cum.
3467 4844 3818 4899 habitantibus

2256 4936 2445 4992 Cedar.
2474 4936 2645 4992 Cedar
2667 4937 2903 4992 tenebrae
2927 4938 3367 5007 interpretantur.
3402 4934 3683 5006 Signiﬁcat
3718 4949 3816 4987 au.

2258 5034 2363 5080 tem
2382 5035 2713 5096 peccatores,
2738 5026 2880 5079 inter
2901 5040 3037 5096 quos
3065 5026 3120 5079 in
3148 5027 3250 5079 hoc
3276 5024 3471 5091 saaculo
3506 5018 3640 5093 justi
3660 5038 3817 5095 pere-

2256 5116 2556 5188 grinantur,
2579 5117 2804 5170 necdum
2829 5126 3071 5171 extremo
3106 5112 3292 5181 iudicii
3338 5114 3635 5169 ventilabro
3663 5129 3815 5180 area,

2258 5208 2310 5262 id
2330 5214 2413 5261 est
2438 5205 2699 5269 Ecclesia,
2727 5212 2953 5274 purgata
2972 5212 3029 5258 et
3055 5211 3333 5275 segregata
3368 5220 3379 5255 :
3410 5203 3552 5258 unde
3586 5204 3691 5258 iste
3722 5202 3814 5257 der

2257 5296 2500 5352 sidcrans
2546 5294 2836 5347 ascendere
2864 5293 2940 5346 ait
2986 5311 2997 5345 :
3041 5293 3263 5347 Initum
3291 5291 3461 5345 incola
3496 5293 3599 5361 [uit
3634 5290 3813 5345 animo

2257 5402 2392 5439 mea.
2421 5385 2627 5454 Corpus
2660 5383 2811 5447 locis,
2839 5392 2893 5439 et
2921 5384 3098 5437 anima
3122 5380 3396 5437 affectibus
3417 5379 3809 5452 peregrinatur.

2260 5474 2409 5529 Unde
2440 5475 2541 5528 istc
2560 5475 2760 5545 sagitta
2788 5472 3065 5527 charitatis
3088 5470 3396 5525 vulneratus
3420 5477 3531 5526 toto
3549 5469 3813 5527 desiderio

2260 5565 2327 5620 ad
2358 5565 2632 5621 caelestem
2655 5563 2872 5620 anhelat
2894 5562 3143 5631 patriam.
3176 5558 3464 5629 Sequitur:
