4230 6186
384 352 477 406 021

1140 351 1539 407 EXEGETICA.
1570 382 1639 391 -—
1671 351 2031 407 EXPOSITIO
2067 350 2132 405 ΙΝ
2171 350 2361 406 PSAL.
2402 352 2825 411 GHADUALES.

3495 361 3600 416 62?.

452 468 611 523 Vens.
637 465 687 519 7.
714 496 782 506 -—
812 466 940 519 Cum
964 466 1044 519 his
1061 468 1149 536 qui
1169 467 1388 521 oderunt
1408 483 1607 536 pacem,
1631 482 1773 520 eram
1791 465 1935 537 paci-
1962 473 2009 524 Α
2035 471 2178 518 stare
2199 463 2386 518 aeterni
2412 462 2633 529 Judicis,
2657 473 2713 519 et
2737 463 2922 520 audire
2950 464 3355 521 desiderabilem
3382 475 3600 525 senten-

381 556 543 624 ﬁcus,
579 572 695 609 cum
753 556 999 625 loquebar
1030 555 1164 617 illis,
1207 557 1576 626 impugnabant
1625 572 1707 609 me
1748 556 1934 625 gratis.

381 646 481 711 Qui
504 653 629 699 sunt
653 646 742 713 qui
784 645 1013 699 oderunt
1034 660 1239 714 pacem,
1276 646 1376 701 nisi
1419 646 1511 715 qui
1540 646 1792 700 scindunt
1817 647 1939 700 uni-

381 741 543 789 tatem
590 733 842 788 Ecclesia:
865 774 879 798 ,
905 734 1143 788 volentes
1171 734 1417 790 doctores
1453 735 1697 789 veritatis
1744 734 1936 799 videri,

378 836 500 877 cum
528 822 637 877 sint
652 822 894 891 magistri
916 824 1159 877 erroris?
1184 823 1322 877 Dum
1347 823 1594 894 loquebar
1618 823 1741 885 illis,
1770 824 1937 893 impu-

376 912 602 982 gnabant
637 929 718 965 me
738 913 919 981 gratis.
945 910 1049 977 Qui
1071 914 1382 983 impugnare
1406 912 1732 967 contendunt
1757 913 1939 967 docto-

381 1016 467 1055 res
489 1000 863 1058 ecclesiasticae
888 1001 1030 1065 ﬁdei,
1056 1008 1112 1054 et
1134 1003 1238 1056 hoc
1257 1002 1424 1072 gratis
1462 1017 1478 1055 :
1519 1002 1647 1070 quia
1681 1002 1800 1057 illos
1822 1016 1940 1057 cor-

380 1091 551 1160 rigere
578 1098 823 1158 quaerunt
843 1128 858 1153 ,
886 1098 943 1143 et
981 1092 1175 1145 unitati
1205 1090 1400 1161 [Edit.,
1428 1090 1709 1162 unitatem]
1740 1099 1939 1146 sancta

379 1179 629 1234 Ecclesiae
655 1179 996 1249 conjungere.

901 1267 1217 1325 PSALMUS
1245 1268 1406 1324 CXX.

447 1355 658 1409 Primus
684 1358 881 1427 gradus
903 1360 1231 1414 ascensionis
1258 1360 1596 1432 ασθαι-τεμεῖ]
1618 1361 1937 1415 humilitatis

378 1451 572 1497 nostra:
592 1445 983 1509 contribulatio,
1011 1449 1273 1501 secundus
1293 1455 1377 1501 est
1391 1447 1542 1502 ﬁdes.
1568 1449 1636 1501 Et
1659 1450 1937 1504 sciendum

378 1532 621 1599 estquod
641 1531 924 1586 nihilaliud
947 1542 1071 1586 sunt
1091 1534 1143 1585 hi
1157 1534 1353 1602 gradus
1377 1536 1702 1591 ascensionis
1721 1545 1935 1603 nostrae,

379 1621 480 1673 nisi
529 1621 715 1674 salutis
757 1630 953 1676 nostrae
996 1622 1306 1690 profectus;
1348 1625 1466 1678 ideo
1514 1627 1565 1679 in
1597 1626 1681 1679 his
1714 1628 1937 1681 canticis

378 1709 631 1763 docemur
644 1710 956 1774 ascendere,
979 1712 1070 1765 sed
1086 1712 1373 1767 ascendere
1398 1715 1451 1768 in
1471 1716 1653 1781 corde,
1680 1716 1734 1770 in
1745 1716 1937 1772 aﬁ‘ectu

1972 1314 1980 1322 .
2038 1285 2158 1340 quae
2190 1272 2278 1326 hic
2301 1270 2437 1324 luna:
2476 1273 2691 1327 nomine
2721 1273 3117 1345 demonstratur
3166 1294 3178 1328 :

2043 553 2171 606 tiam
2198 570 2212 605 :
2259 549 2456 617 Venite,
2486 554 2736 607 benedicti
2759 555 2935 609 Patris
2954 557 3072 619 mei,
3103 558 3344 627 percipite
3366 574 3601 631 regnum,

2040 651 2096 697 et
2121 644 2341 713 reliqua.
2365 645 2553 699 Adhuc
2571 646 2725 714 quasi
2747 648 3006 715 qumrenti
3028 648 3397 717 respondetur,
3420 650 3472 705 in
3498 669 3604 722 quo

2040 733 2304 787 custodiet
2324 748 2449 787 eum
2478 735 2771 789 Dominus?
2804 756 2805 759 η
3258 748 3261 751 ⁷

2113 825 2273 879 Vsus.
2303 824 2355 877 6.
2382 854 2451 863 -—
2481 824 2584 879 Per
2611 826 2747 879 diem
2772 826 2850 880 sol
2885 844 2988 881 non
3025 841 3136 882 uret
3162 840 3209 883 te
3233 870 3247 894 ,
3289 848 3448 901 neque
3475 833 3603 888 luna

2043 930 2137 985 per
2174 923 2393 967 noctem.
2428 912 2730 985 [Dominus]
2754 917 3018 970 custodiet
3058 926 3127 981 te,
3185 920 3235 972 id
3274 929 3391 986 est,
3422 923 3475 976 in
3504 921 3605 978 ﬁcie

2040 1010 2187 1056 recta
2215 1002 2449 1056 sertabit
2477 1010 2528 1057 te
2547 1042 2561 1065 ,
2590 1002 2702 1056 sive
2735 1004 2787 1057 in
2818 1006 3029 1058 aeternis
3055 1045 3068 1068 ,
3109 1007 3219 1059 sive
3261 1008 3310 1060 in
3340 1016 3607 1079 tempora-

2037 1089 2205 1154 libus;
2254 1090 2368 1143 sive
2393 1089 2447 1144 in
2484 1089 2587 1144 ﬁde
2616 1099 2815 1145 sanctae
2849 1092 3147 1158 Trinitatis,
3178 1110 3295 1163 quin
3341 1098 3429 1151 hic
3475 1099 3604 1152 solis

2040 1180 2255 1234 nomine
2283 1179 2630 1249 designatur;
2677 1183 2791 1236 sive
2828 1183 2882 1235 in
2936 1182 3040 1238 ﬁde
3096 1195 3295 1240 sanctae
3332 1187 3604 1251 Ecclesite,

3231 1286 3289 1330 lli.
3331 1293 3435 1331 non
3461 1290 3607 1334 erret

2039 1362 2122 1415 vel
2150 1362 2548 1417 scandalizetur
2594 1362 2726 1417 ﬁdes
2752 1370 2862 1416 tua.
2904 1362 3038 1417 Nam
3086 1366 3251 1420 motio
3293 1365 3408 1438 [Ρη
3438 1370 3602 1442 ustio]

2038 1451 2347 1506 scandalum
2374 1450 2658 1520 signiﬁcat.
2693 1450 2846 1522 [Item
2884 1453 2989 1506 duo
3027 1461 3153 1507 sunt
3179 1466 3443 1526 praecepta
3470 1460 3601 1513 cha-

2039 1542 2235 1605 ritatis,
2261 1543 2314 1596 id
2347 1550 2431 1596 est
2462 1542 2557 1596 Dei
2578 1551 2632 1595 et
2658 1542 2933 1613 proximi.]
2979 1542 3232 1613 Quisquis
3266 1546 3431 1615 igitur
3458 1557 3607 1603 errat

2040 1632 2092 1684 in
2121 1631 2235 1701 ipsa
2262 1632 2560 1686 substantia
2583 1634 2848 1699 veritatis,
2872 1648 2902 1687 a
2922 1634 3032 1688 sole
3046 1637 3250 1700 uritur;
3270 1646 3325 1690 et
3344 1651 3442 1707 per
3462 1639 3603 1693 diem

2036 1723 2242 1786 uritur,
2276 1723 2400 1790 quia
2432 1723 2484 1775 in
2510 1723 2624 1792 ipsa
2652 1724 2910 1793 sapientia
2946 1733 3108 1778 errat.
3144 1727 3395 1795 Quisquis
3417 1728 3470 1780 in
3496 1729 3600 1782 Ec-

373 1798 535 1862 bono,
560 1800 609 1852 in
638 1797 740 1852 ﬁde
766 1812 821 1853 et
846 1814 939 1869 spe
966 1809 1020 1853 et
1046 1801 1325 1867 charitate,
1361 1813 1415 1858 et
1438 1805 1491 1858 in
1520 1806 1783 1860 desiderio
1807 1822 1928 1876 per-
1968 1794 2007 1851 Β
2033 1807 2195 1861 clcsia
2227 1817 2282 1863 et
2311 1824 2473 1865 carne
2500 1810 2719 1875 Christi,
2753 1812 2841 1878 qui
2871 1820 2954 1865 est
2980 1821 3142 1882 caput
3189 1794 3461 1879 Ecclesiae,
3491 1832 3600 1871 non

378 1888 648 1955 pctuitatis
662 1900 716 1943 et
736 1892 860 1945 vita:
881 1899 1108 1945 πίθηκε.
1136 1892 1286 1948 Unde
1314 1893 1367 1945 in
1392 1894 1495 1948 hoc
1517 1904 1773 1963 sequente
1788 1897 1927 1965 psal‘

378 1991 466 2029 mo
499 1977 636 2030 dixit
658 1996 671 2031 :

446 2064 606 2119 Vens.
640 2066 690 2118 l.
725 2066 908 2121 Levavi
929 2067 1106 2121 oculos
1128 2085 1267 2122 meos
1292 2071 1344 2122 in
1365 2080 1563 2124 montes
1578 2112 1591 2134 ,
1615 2073 1751 2125 unde
1770 2075 1931 2127 veniet

379 2154 629 2207 auxilium
655 2155 801 2207 mihi.
832 2155 1037 2211 Montes
1081 2158 1190 2224 isti,
1220 2161 1387 2215 sancti
1412 2169 1552 2215 sunt
1578 2163 1629 2215 in
1658 2164 1933 2219 altitudine

378 2241 553 2309 positi,
581 2241 821 2297 claritate
848 2244 1161 2310 illuminati,
1212 2248 1304 2301 sed
1344 2248 1411 2302 ab
1445 2249 1537 2303 illo
1587 2251 1677 2318 qui
1725 2260 1808 2305 est
1841 2252 1933 2306 lux

378 2344 526 2391 vera,
572 2345 691 2397 quoe
733 2322 993 2385 illuminat
1041 2349 1241 2389 omnem
1287 2336 1542 2390 hominem
1571 2340 1848 2394 venientem
1878 2344 1933 2396 in

378 2418 512 2471 hunc
539 2421 806 2475 mundum.
838 2422 991 2479 Unde
1034 2435 1422 2495 consequenter
1452 2444 1547 2497 per
1584 2429 1741 2484 ﬁdem
1772 2432 1930 2503 nitel-

377 2503 501 2561 lexil
539 2507 640 2563 iste
680 2522 934 2567 ascensor
967 2516 1035 2569 ab
1072 2517 1175 2570 hoc
1223 2525 1404 2571 monte
1441 2516 1636 2588 [Edit.,
1671 2521 1737 2573 ad
1789 2522 1931 2577 hunc

375 2596 648 2668 montem],
683 2601 773 2668 qui
796 2610 881 2654 est
916 2618 1074 2672 super
1103 2606 1355 2659 verticem
1388 2608 1647 2661 montium
1672 2609 1929 2677 elevatus,

376 2687 627 2742 auxilium
664 2691 765 2745 sibi
799 2708 918 2748 esse
947 2696 1261 2763 petendum,
1301 2700 1622 2767 sperandum
1668 2702 1932 2773 accipien-

376 2776 636 2846 dumque;
660 2780 779 2835 ideo
800 2784 876 2836 ait
903 2801 916 2837 :
1686 2794 1688 2797 ’

450 2863 603 2921 Vens.
627 2867 680 2922 2.
706 2898 776 2909 -
807 2871 1073 2926 Auxilium
1100 2891 1266 2929 meum
1308 2895 1340 2930 a
1366 2878 1588 2935 Domino
1613 2920 1629 2945 ,
1687 2883 1775 2951 qui
1812 2880 1930 2951 fecit

377 2952 555 3007 calum
589 2966 636 3009 et
663 2966 872 3011 terram.
902 2962 967 3013 Et
991 2962 1305 3031 subsecutus
1329 2966 1588 3035 adiunxit,
1612 2969 1833 3039 loquens
1862 2973 1931 3026 ad

377 3042 521 3097 illum
581 3054 812 3102 montem
868 3064 898 3103 a
952 3065 1059 3120 quo
1111 3049 1221 3114 sibi
1274 3057 1488 3114 unicum
1542 3062 1781 3130 speravit
1828 3078 1924 3118 au-

376 3131 559 3187 xilium
586 3152 599 3186 :

445 3221 604 3279 Vens.
622 3225 675 3279 5.
700 3254 767 3265 -
790 3227 912 3282 Non
933 3230 1022 3284 des
1051 3232 1103 3285 in
1126 3236 1516 3289 commOtionem
1538 3237 1717 3307 pedem
1738 3257 1928 3307 meum,

377 3326 536 3379 neque
568 3312 808 3399 dormitet
830 3319 923 3387 qui
945 3322 1169 3373 custodit
1202 3332 1267 3376 te.
1299 3322 1404 3377 Fac
1432 3324 1644 3380 ﬁrmum
1671 3336 1816 3383 stare
1841 3346 1933 3399 pe-

374 3396 493 3450 dem
520 3396 672 3468 [Ms.,
694 3416 780 3454 me
803 3400 955 3458 ﬁrmo
985 3414 1131 3459 stare
1152 3408 1310 3481 p’ede]
1337 3427 1511 3465 meum
1530 3414 1585 3466 in
1616 3396 1933 3472 ascensione

375 3486 563 3574 salutis
605 3503 755 3569 meat,
800 3482 860 3544 in
892 3493 1206 3549 humilitatis
1243 3498 1326 3551 vel
1369 3508 1531 3554 rectae
1567 3501 1691 3557 ﬁdei
1741 3506 1927 3574 gradu.

376 3572 455 3662 ad
475 3575 852 3641 proﬁciendum
882 3582 1118 3638 charitas
1154 3586 1344 3653 pedem
1393 3597 1574 3644 movet
1602 3590 1694 3662 [ad
1728 3572 1932 3649 caden-

378 3656 502 3712 dum
540 3662 785 3729 superbia
821 3668 1039 3739 movet].
1072 3669 1238 3725 Recte
1275 3686 1404 3744 ergo
1453 3676 1554 3731 iste
1592 3656 1836 3745 audiens,
1875 3690 1934 3736 ut

380 3753 629 3806 ascendat
645 3761 702 3809 et
724 3771 828 3809 non
868 3758 1043 3823 cadat,
1066 3768 1129 3814 ut
1166 3763 1338 3818 incola
1393 3766 1444 3818 in
1470 3766 1609 3821 valle
1636 3768 1786 3838 [Ms.,
1816 3781 1877 3824 ut
1900 3789 1930 3826 a

378 3841 633 3913 convalle]
656 3843 966 3911 plorationis
1006 3846 1268 3917 proﬁciat,
1304 3869 1409 3908 non
1432 3856 1485 3909 in
1512 3864 1716 3912 tumore
1738 3875 1928 3930 super-

377 3926 485 3980 biae
510 3929 741 3996 deﬁciat,
770 3936 847 3987 ait
874 3936 1099 3992 Domino
1154 3958 1167 3993 :
1222 3941 1305 3995 Ne
1342 3943 1431 3997 des
1458 3946 1513 3998 in
1543 3926 1930 4006 commotionem

378 4012 590 4087 [Ms.,ad
613 4020 939 4093 movendum]
982 4026 1160 4091 pedem
1186 4044 1373 4081 meum.
1411 4032 1476 4083 Et
1516 4032 1657 4088 Deus
1680 4032 1757 4089 ait
1794 4037 1870 4092 illi
1913 4059 1925 4093 :

378 4102 556 4173 Neque
585 4105 821 4162 dormitet
847 4112 934 4177 qui
968 4114 1204 4171 custodit.
1224 4124 1273 4167 te
1314 4132 1333 4168 :
1371 4121 1528 4174 crede
1574 4122 1629 4175 in
1668 4139 1791 4179 eum
1839 4131 1930 4198 qui

376 4207 646 4262 nunquam
670 4198 920 4252 dormitat
963 4200 1113 4271 [δίδη
1141 4204 1389 4278 dormiet]
1418 4206 1493 4279 [et
1534 4210 1622 4264 ille
1669 4218 1930 4271 custodiet

376 4279 471 4351 te].
506 4283 635 4348 Quis
662 4295 746 4340 est
771 4288 859 4341 ille
886 4290 1048 4360 378
1072 4293 1161 4359 qui
1207 4310 1477 4363 nunquam
1500 4298 1781 4367 dormitat,
1827 4306 1929 4359 nisi

376 4368 465 4422 ille
514 4370 579 4428 de
633 4387 739 4440 quo
801 4376 1086 4444 Apostolus
1122 4382 1198 4434 ait

1953 3103 2000 3164 C

2033 1897 2451 1963 scandalizatur,
2481 1915 2511 1953 a
2539 1901 2660 1954 luna
2702 1918 2809 1957 non
2845 1902 3039 1956 uritur.
3072 1902 3177 1957 Per
3200 1905 3336 1958 diem
3375 1905 3454 1960 sol
3496 1921 3600 1960 non

2033 1996 2145 2040 uret
2166 1996 2235 2051 te,
2269 2005 2429 2058 neque
2457 1988 2581 2043 luna
2614 2006 2705 2059 per
2726 2000 2943 2044 noctem.
2969 1992 3188 2057 Quare?
3217 1993 3350 2061 Quia

2100 2079 2260 2135 Vens.
2285 2078 2336 2131 7.
2364 2110 2434 2119 —
2456 2080 2707 2134 Dominus
2734 2081 2955 2134 custodit
2977 2090 3025 2135 te
3053 2083 3115 2135 ab
3146 2085 3287 2136 omni
3321 2085 3481 2149 malo,
3508 2103 3597 2139 cu-

2031 2167 2221 2219 stodiat
2261 2169 2653 2223 animamtuam
2681 2169 2957 2224 Dominus.
2996 2169 3037 2223 Δ
3067 2172 3337 2227 scandulis
3380 2173 3434 2225 in
3464 2173 3599 2239 sole,

2032 2264 2134 2309 cta
2162 2258 2430 2311 scandulis
2458 2258 2510 2311 in
2534 2258 2679 2312 luna.
2710 2259 2792 2312 Ab
2814 2259 2960 2312 omni
2991 2260 3130 2314 malo
3156 2267 3211 2315 te
3254 2260 3505 2327 custodit,
3549 2262 3603 2315 id

2031 2352 2134 2407 est,
2160 2346 2393 2399 animam
2423 2354 2570 2400 tuam
2598 2346 2665 2400 ab
2684 2347 2829 2401 omni
2870 2347 3206 2412 inﬁdelitate,
3233 2357 3306 2408 ut
3354 2349 3468 2419 ipsa
3496 2366 3603 2405 non

2032 2435 2189 2487 cedat
2209 2435 2532 2501 inﬁdelibus,
2563 2452 2667 2490 non
2692 2436 2969 2507 frangatur
2990 2438 3435 2494 tribulationibus.

2103 2524 2263 2579 Vens.
2305 2526 2357 2580 8.
2391 2556 2461 2565 —
2487 2526 2742 2579 Dominus
2784 2527 3041 2579 custodiat
3067 2528 3335 2582 introitum
3366 2524 3510 2582 tuum
3554 2540 3603 2584 et

2030 2614 2223 2666 exitum
2240 2622 2405 2677 tuum,
2424 2630 2485 2667 ea:
2501 2614 2597 2666 hoc
2617 2631 2751 2668 nunc
2773 2624 2819 2667 et
2843 2616 3068 2685 usquein
3092 2617 3359 2670 saeculum.
3378 2618 3600 2685 Quando

2027 2700 2321 2765 'tentamur,
2377 2702 2678 2767 intramus;
2733 2703 2946 2772 quando
2991 2704 3253 2757 vincimus
3319 2703 3597 2776 [tentatio-

2031 2790 2197 2861 nem],
2224 2792 2432 2844 eximus
2455 2789 2647 2861 [Edit.,
2676 2806 2706 2843 a
2728 2791 3027 2846 tcntatione
3051 2792 3281 2865 eximus]
3300 2812 3312 2847 :
3328 2796 3596 2849 custodiat

2030 2892 2157 2947 ergo
2194 2893 2291 2932 nos
2321 2879 2582 2933 intrantes
2611 2879 2902 2945 ad'ﬁdem,
2930 2882 3195 2937 custodiat
3218 2897 3316 2937 nos
3340 2892 3598 2953 exeuntes

2032 2967 2098 3021 ad
2117 2969 2359 3035 prtemia,
2391 2976 2447 3022 et
2472 2967 2571 3023 hoc
2604 2967 2657 3021 in
2684 2968 2934 3024 saeculum
2971 2970 3061 3025 ubi
3109 2971 3282 3024 sancti
3324 2973 3599 3043 regnaturi

2032 3063 2157 3109 sunt
2174 3068 2292 3108 cum
2320 3051 2571 3109 Christo.

2507 3152 2826 3209 PSALMUS
2865 3152 3046 3208 CXXI.

2096 3243 2347 3296 Pervenit
2360 3243 2542 3311 itaque
2561 3243 2642 3296 vir
2660 3243 2761 3296 iste
2782 3244 2848 3297 ad
2874 3244 3085 3298 tertium
3113 3245 3443 3301 ascensionis
3462 3262 3584 3317 gra-

2028 3331 2186 3394 dum,
2222 3332 2274 3385 id
2299 3342 2380 3386 est
2410 3332 2462 3384 in
2491 3331 2809 3385 desiderium
2862 3332 3093 3385 ctelestis
3129 3330 3479 3396 Hierusalem,
3522 3338 3590 3389 al

2028 3434 2188 3487 quam
2219 3418 2319 3491 [in]
2342 3434 2436 3488 spe
2456 3420 2745 3475 ascendere
2777 3434 2835 3475 se
2861 3421 3145 3490 gaudebat,
3164 3421 3289 3477 licet
3312 3423 3487 3479 adhuc
3506 3425 3593 3479 hic

2029 3509 2084 3561 in
2116 3500 2342 3563 terrenis
2365 3509 2661 3574 laboraret;
2705 3508 2826 3563 ideo
2846 3511 2919 3563 ait
2948 3527 2963 3563 :

2099 3599 2257 3653 Vens.
2286 3600 2337 3651 1.
2359 3630 2429 3638 -
2451 3598 2678 3653 Ltetatus
2698 3614 2812 3653 sum
2828 3601 2882 3653 in
2905 3600 2985 3655 his
3004 3617 3119 3672 quoe
3137 3601 3278 3655 dicta
3300 3612 3420 3656 sunt
3439 3605 3587 3669 mihi,

2028 3690 2082 3741 in
2101 3687 2310 3741 domum
2330 3688 2541 3741 Domini
2568 3674 2775 3743 ibimus.
2802 3689 3033 3745 Ltetatus
3062 3707 3178 3745 sum
3208 3690 3261 3745 in
3290 3689 3586 3762 prophetis,

2029 3776 2236 3829 lzetatus
2259 3790 2375 3829 sum
2400 3776 2451 3828 in
2477 3776 2750 3844 apostolis,
2779 3778 2887 3831 imo
2920 3788 2974 3831 et
2997 3779 3050 3831 in
3087 3780 3337 3834 omnibus
3361 3781 3582 3845 sanctis,

2028 3867 2119 3935 qui
2149 3866 2277 3919 mihi
2305 3866 2523 3919 dicunt:
2557 3863 2623 3920 In
2648 3866 2858 3920 domum
2898 3865 3106 3921 Domini
3128 3868 3347 3932 ibimus;
3392 3871 3482 3939 qui
3508 3873 3589 3926 di-

2029 3962 2177 4018 cunt,
2198 3954 2417 4017 currite,
2455 3952 2705 4009 festinate
2738 3956 2791 4008 in
2820 3957 3031 4010 domum
3063 3956 3289 4021 Domini,
3317 3958 3369 4013 id
3395 3967 3500 4026 est,
3529 3960 3581 4014 in

2028 4041 2297 4095 caelestem
2330 4041 2658 4098 Hierusalem
2686 4054 2987 4114 properate.

2097 4129 2257 4184 Vsus.
2295 4130 2347 4183 2.
2391 4161 2461 4169 —
2499 4130 2708 4185 Stantes
2735 4142 2883 4185 erant
2928 4133 3080 4202 pedes
3117 4138 3283 4189 nostri
3310 4139 3377 4191 in
3428 4142 3578 4194 atriis

2029 4220 2153 4283 tuis,
2186 4218 2532 4273 Hierusalem.
2564 4219 2795 4285 Stantes,
2838 4218 2903 4276 id
2927 4232 3009 4277 est
3037 4234 3449 4291 permanentes;
3496 4246 3584 4297 pe-

2029 4307 2117 4359 des
2138 4308 2321 4372 nostri,
2346 4308 2398 4361 id
2419 4316 2523 4372 est,
2542 4309 2760 4376 praemia
2781 4311 3041 4365 bonorum
3066 4327 3287 4380 operum
3318 4333 3330 4367 :
3357 4316 3411 4369 in
3436 4320 3585 4373 atriis

1261 4402 1272 4435 :
1326 4384 1469 4439 Mors
1523 4388 1599 4441 illi
1636 4390 1773 4445 ultra
1826 4398 1929 4449 non
1955 4416 2004 4476 υ
2029 4396 2151 4457 tuis,
2187 4393 2513 4448 Hierusalem
2538 4436 2555 4461 ,
2589 4397 2641 4450 id
2666 4406 2775 4463 est,
2805 4399 2859 4452 in
2888 4401 3195 4461 ccelestibuo
3239 4405 3584 4462 habitationi-

378 4456 727 4558 dominabitur
758 4462 933 4533 (Rom.
978 4482 1060 4531 vr,
1110 4469 1211 4540 9)?
1256 4472 1379 4528 Ideo
1415 4490 1798 4547 consequenter
1833 4485 1927 4538 ad-
1955 4456 2003 4476 υ
2027 4483 2144 4535 bus.
2175 4480 2327 4535 Atria
2375 4483 2503 4537 dicit
2539 4456 2744 4554 plurali
2760 4456 2995 4542 vnumero
3020 4528 3035 4554 ,
3090 4456 3203 4558 ipsa

278 4596 281 4597 ,
382 4546 513 4602 didit
543 4566 555 4601 :

447 4638 607 4692 Vens.
644 4640 697 4694 4.
735 4672 802 4682 -
840 4643 974 4699 Ecce
999 4664 1100 4701 non
1133 4650 1451 4716 dormitabit,
1482 4662 1657 4724 neque
1684 4658 1920 4724 dormiet,

378 4726 467 4793 qui
496 4730 717 4781 custodit
748 4731 933 4787 Israel.
980 4737 1106 4792 Esto
1140 4738 1322 4803 Israel,
1388 4742 1441 4795 id
1476 4751 1559 4796 est
1612 4745 1694 4797 vir
1737 4747 1923 4802 videns

377 4813 543 4867 Deum
561 4854 575 4879 ,
606 4816 663 4868 in
691 4817 793 4872 ﬁde
819 4829 873 4873 et
893 4825 1155 4889 charitate
1178 4866 1191 4891 ,
1224 4837 1280 4883 et
1305 4847 1573 4898 nunquam
1615 4834 1754 4889 illius
1799 4836 1923 4891 dor-

377 4904 504 4957 miet
526 4906 695 4997 gratia
732 4922 762 4960 a
802 4912 1053 4965 custodia.
1070 4924 1158 4968 tua
1189 4936 1200 4968 :
1229 4928 1283 4972 et
1309 4923 1463 4987 quasi
1504 4923 1602 4979 iste
1626 4925 1922 4997 interroga-

378 5004 457 5046 ret
491 5008 550 5049 se
575 4994 727 5066 [Hs.,
754 4999 1174 5075 interrogasset],
1200 5009 1321 5074 quis
1347 5020 1433 5064 est
1455 5014 1545 5079 qui
1580 5030 1683 5068 non
1724 4994 1921 5071 dormi-

378 5082 981 5149 tatiDictumestei:

628 5170 684 5221 ό.
709 5202 779 5211 -
802 5174 1057 5233 Dominus
1100 5183 1321 5237 custodit
1346 5194 1411 5239 te.
1454 5187 1520 5241 Et
1538 5195 1803 5257 quomodo
1827 5210 1921 5249 cu-

378 5254 571 5347 stodiet
614 5260 707 5312 te!
768 5260 1023 5321 Dominus
1064 5273 1308 5338 protectio
1364 5285 1451 5329 tua
1499 5254 1652 5347 super
1709 5299 1921 5337 manum

379 5344 598 5402 dmum
621 5356 741 5401 tuor.
786 5350 973 5408 Ianus
1018 5365 1335 5426 potestatem
1358 5402 1373 5427 ,
1407 5344 1627 5420 dextera
1660 5379 1920 5427 sternam

382 5431 684 5495 felicitatem
710 5442 993 5513 signiﬁcat.
1026 5448 1279 5507 Dominus
1300 5454 1418 5529 [est]
1440 5462 1683 5528 protectio
1709 5473 1799 5516 tua
1833 5483 1920 5520 su-

383 5535 471 5585 per
484 5536 688 5578 menum
706 5529 929 5583 dexteris
957 5541 1078 5595 tute,
1110 5534 1162 5586 id
1184 5548 1283 5603 est,
1319 5544 1360 5596 si
1388 5545 1674 5598 credideris
1703 5548 1753 5600 in
1774 5564 1915 5615 eum,

384 5617 617 5677 proteget
654 5622 705 5668 te
725 5656 739 5678 ,
766 5629 825 5672 ut
856 5628 1172 5687 potestatem
1212 5626 1405 5685 habeas
1431 5634 1484 5687 in
1529 5634 1744 5689 dextera
1766 5649 1917 5703 parte

2023 4582 2174 4628 cente
2209 4594 2220 4628 :
2253 4574 2318 4629 In
2349 4578 2500 4656 domo
2530 4579 2703 4637 Patris
2759 4586 2859 4638 mei
2896 4585 3070 4639 multa:
3118 4597 3236 4641 sunt
3291 4590 3581 4643 mansiones

2025 4664 2202 4733 (Joan.
2228 4683 2341 4731 xiv,
2370 4667 2446 4740 2).
2479 4669 2641 4735 Quasi
2673 4672 2774 4726 iste
2822 4684 3030 4731 amator
3071 4691 3323 4744 quaerat,
3349 4694 3468 4747 qua:
3509 4681 3579 4733 sit

2022 4752 2122 4806 ista
2145 4755 2471 4810 Hierusalem
2498 4798 2512 4822 ,
2544 4759 2745 4813 dictum
2771 4769 2854 4815 est
2881 4762 2930 4816 ei
2966 4777 2979 4815 :

2090 4844 2251 4899 Vens.
2288 4847 2341 4900 3.
2379 4878 2450 4887 -
2487 4848 2813 4911 Hierusalem
2832 4869 2946 4921 qua:
2965 4853 3331 4921 wdiﬁcaturut
3365 4856 3577 4920 civitas,
3608 4862 3617 4869 ’

2020 4932 2168 4998 cuius
2203 4938 2524 5007 participatio
2563 4941 2675 5009 ejus
2715 4943 2769 4995 in
2802 4943 3045 5014 idipsum.
3081 4944 3432 5011 Hierusalem,
3459 4963 3580 5016 qua

2020 5036 2082 5073 ex
2108 5022 2241 5095 vivis
2266 5022 2529 5093 lapidibus
2549 5032 2906 5096 construitur;
2924 5047 3044 5101 quae
3066 5031 3359 5086 aediﬁcatur
3369 5041 3428 5087 ut
3447 5036 3578 5089 civi-

2020 5118 2121 5174 tas,
2153 5126 2258 5166 non
2286 5117 2487 5170 terreni
2511 5119 2670 5186 regis,
2696 5121 2787 5175 sed
2811 5121 3072 5185 caelestis;
3118 5137 3223 5177 non
3244 5126 3575 5193 temporalis,

2020 5196 2111 5253 sed
2143 5210 2340 5257 aeterna
2385 5204 2736 5262 Hierusalem.
2791 5210 2955 5279 Cujus
3000 5213 3327 5283 participatio
3366 5216 3483 5285 ejus
3518 5218 3577 5273 in

2018 5289 2259 5358 idipsum.
2293 5292 2443 5359 Quod
2486 5311 2695 5364 semper
2728 5298 2867 5353 idem
2893 5310 2993 5366 est,
3043 5302 3269 5372 idipsum
3298 5312 3397 5359 est.
3440 5305 3574 5373 Quis

2018 5385 2120 5441 est,
2148 5381 2239 5448 qui
2273 5386 2482 5451 semper
2498 5385 2637 5439 idem
2664 5396 2748 5441 est
2767 5388 3085 5460 [Edit.Quid
3107 5398 3189 5446 est
3208 5393 3572 5465 quodsemper

2019 5466 2146 5538 est],
2172 5470 2275 5523 nisi
2301 5472 2457 5536 Deus,
2483 5474 2573 5542 qui
2596 5474 2761 5530 dixit:
2794 5468 2906 5548 Ego
2931 5495 3043 5533 sum
3068 5481 3157 5550 qui
3183 5497 3327 5544 sum;
3360 5483 3450 5552 qui
3477 5482 3571 5537 de-

2020 5558 2244 5621 scendit,
2272 5568 2334 5614 ut
2371 5564 2810 5634 ascenderemus;
2858 5570 2946 5640 qui
2995 5571 3333 5639 participavit
3374 5580 3572 5630 nostra:

2021 5646 2327 5703 mortalitati
2343 5649 2508 5748 illa,
2554 5662 2733 5709 nostra
2780 5660 3125 5731 mortalitate]
3164 5660 3310 5733 (nam
3345 5660 3569 5720 Verbum
