4230 6214
612 362 730 417 .893

1443 362 1503 415 Β.
1543 361 1604 415 F.
1644 358 1867 414 Al..le
1908 353 2035 411 SEU
2078 350 2349 409 ALCUINI
2386 353 2666 412 OPERUM
2704 357 2881 414 PARS
2911 358 2972 415 ll.

3744 359 3851 414 (ἶξᾶ

628 494 749 530 curo
768 477 963 547 factum
989 486 1062 529 est
1082 516 1096 539 ,
1149 488 1195 529 et
1225 452 1467 528 habitarit
1496 478 1551 528 in
1587 476 1753 544 nobis)
1789 484 1846 528 ut
1875 472 2194 543 participare
2223 472 2271 529 Δ
2302 469 2405 525 illis
2424 474 2709 547 quatenus]
2736 476 2871 531 hanc
2894 490 3079 546 pacem
3097 476 3413 546 percipiant,
3440 485 3494 531 et
3509 483 3859 545 permaneant

628 581 903 635 possemus
962 581 1071 622 sua:
1124 567 1406 621 aeternitati
1464 566 1618 632 [Ms.,
1673 582 1768 620 sua
1827 559 2189 631 aeternitate]?
2291 564 2344 617 in
2369 565 2481 619 illa.

634 654 762 710 Nam
800 653 884 709 de
910 654 1241 726 plenitudine
1287 654 1403 723 eius
1445 670 1635 710 omnes
1699 655 2022 724 accepimus.
2088 650 2188 716 Qui

629 754 752 803 sunt
803 755 978 801 autem
1036 747 1127 816 qui
1178 746 1451 804 aacensuri
1508 754 1633 800 sunt
1680 747 1733 799 in
1786 744 1943 798 istam
2000 743 2187 797 civita-

2362 656 2521 711 Vuas.
2556 658 2609 712 9.
2637 688 2708 699 —
2736 657 2955 730 Propter
2980 661 3191 713 domum
3228 658 3436 712 Doiuini
3471 658 3566 714 Dei
3593 660 3692 713 inci
3717 675 3885 735 σιω-γ

2290 746 2385 798 sivi
2433 744 2569 799 bona
2602 748 2713 800 tibi.
2770 747 2826 802 ld
2855 757 2959 812 est,
2999 757 3058 803 ut
3109 756 3371 817 augeatur
3418 763 3673 803 numerus
3718 742 3861 804 ﬁlio-

632 849 757 900 tcm,
797 837 863 893 ad
897 836 1055 892 istam
1099 833 1595 907 participationem,
1624 842 2015 903 consequenter
2036 846 2193 902 expo-
2292 850 2410 888 rum
2443 842 2679 901 tuorum,
2702 846 2959 893 utomnes
2987 839 3054 893 ad
3085 846 3137 892 te
3166 848 3408 902 currant,
3436 849 3491 894 et
3524 839 3668 894 dicat
3690 856 3861 895 unus-

630 927 752 989 suit.
785 925 970 982 dicens
1001 942 1016 979 :

702 1015 859 1070 Vens.
899 1014 953 1068 4.
989 1046 1061 1055 -
1105 1014 1242 1070 Illuc
1274 1015 1413 1069 enim
1433 1015 1771 1069 ascenderunt
1816 1014 1999 1077 tribus,
2030 1012 2193 1066 tribus

2292 925 2518 994 quisque
2556 926 2759 981 alteri:
2789 943 2974 982 eamus
3012 929 3064 982 in
3112 930 3329 983 domum
3371 929 3582 984 Domini
3632 928 3807 1004 [item]
3841 947 3858 986 :

2307 1013 2501 1080 Venite,
2531 1017 2964 1071 ascendantnsad
3014 1028 3239 1072 montem
3291 1018 3529 1085 Domini,
3575 1028 3623 1074 et
3670 1020 3739 1073 ad
3768 1020 3863 1074 do-

634 1108 837 1161 Donu'ni
851 1146 868 1171 ,
908 1108 1256 1163 testimonium
1292 1105 1461 1160 Israel
1506 1108 1572 1160 ad
1624 1106 1969 1175 conﬁtendum
2001 1104 2194 1156 nomini
2294 1122 2433 1159 nsum
2459 1104 2553 1159 Dei
2572 1106 2759 1170 Iacob,
2784 1118 2831 1161 et
2850 1109 3052 1163 docebit
3080 1126 3171 1163 nos
3194 1112 3302 1164 vias
3326 1128 3469 1174 suas,
3496 1113 3619 1182 quia
3640 1112 3703 1165 de
3731 1112 3864 1167 Sion

634 1195 861 1249 Domini.
902 1194 1017 1250 Non
1053 1196 1225 1250 tribus
1262 1204 1417 1249 terrze
1445 1236 1459 1259 ,
1496 1194 1563 1249 de
1591 1195 1788 1265 quibus
1812 1193 2009 1247 dicitur
2062 1209 2073 1244 :

632 1286 872 1355 plangent
902 1300 1021 1339 eum
1044 1302 1217 1339 omnes
1246 1285 1410 1339 tribus
1438 1295 1611 1348 terrm,
1644 1286 1735 1338 sed
1764 1286 1932 1339 tribus
1965 1283 2195 1345 Domini,

634 1392 767 1445 quas
794 1377 1073 1433 duodecim
1116 1377 1341 1446 apostoli
1378 1376 1668 1446 iudicaturi
1698 1385 1854 1429 erunt
1875 1416 1887 1437 ,
1921 1374 2083 1444 379
2116 1388 2199 1428 sc—

632 1481 915 1526 cernentes
959 1486 1055 1526 eos
1087 1472 1153 1527 ab
1184 1471 1321 1533 illis,
1384 1458 1521 1541 qua!
1562 1483 1684 1525 sunt
1744 1472 1913 1526 tribus
1960 1470 2195 1525 diaboli:

638 1565 828 1617 harum
858 1563 999 1617 enim
1025 1564 1385 1634 testimonium
1422 1566 1475 1618 in
1528 1564 1709 1628 Israel,
1758 1565 1810 1618 id
1851 1572 1953 1626 est,
1994 1564 2047 1617 in
2096 1562 2203 1616 illis

638 1655 726 1724 qui
747 1655 924 1709 vident
941 1655 1127 1709 Deum.
1143 1654 1225 1710 Ad
1246 1657 1373 1724 quid
1400 1656 1723 1719 ascendunt?
1743 1655 1823 1709 Ad
1840 1654 2200 1709 conﬁtendum

638 1746 835 1800 nomini
862 1755 974 1810 tuo,
1005 1746 1228 1802 Domine
1260 1763 1272 1798 :
1299 1746 1437 1801 sicut
1460 1746 1660 1800 dictum
1690 1755 1772 1801 est
1803 1761 1817 1799 :
1860 1745 2124 1813 Confessio
2153 1755 2201 1797 et

636 1833 965 1901 pulchritudo
988 1836 1041 1887 in
1064 1845 1335 1907 conspectu
1361 1836 1474 1905 ejus
1509 1835 1680 1906 (Psal.
1712 1851 1834 1900 xcv,
1873 1836 1949 1907 6).

707 1947 865 2001 Vsus.
892 1947 943 2001 5.
969 1979 1037 1988 —
1060 1947 1195 2013 Quia
1219 1948 1327 2002 illic
1348 1949 1586 2003 sederunt
1611 1949 1756 2003 sedes
1771 1951 1825 2002 in
1840 1947 2065 2017 judicio,
2122 1962 2200 1999 se-

636 2037 725 2091 des
754 2055 907 2108 super
933 2040 1143 2093 domum
1175 2038 1360 2093 David.
1423 2040 1551 2107 Quae
1597 2048 1720 2095 sunt
1764 2041 1847 2095 ha:
1876 2039 2048 2100 sedes,
2096 2037 2199 2091 nisi

639 2128 809 2183 sancti
857 2129 1081 2197 apostoli
1124 2137 1179 2183 et
1227 2129 1603 2197 pradicatores
1654 2131 1853 2193 mundi.
1915 2130 1967 2184 in
2009 2129 2203 2198 quibus

641 2220 789 2274 sedet
822 2221 934 2288 ipse
968 2220 1109 2275 Dens
1157 2222 1223 2275 ad
1272 2220 1621 2290 judicandum
1676 2221 1896 2278 orbem?
1931 2221 2063 2276 Nam
2092 2223 2203 2290 ipse

644 2313 783 2365 Dens
817 2312 949 2365 dixit
979 2331 989 2364 :
1022 2312 1365 2367 Caluin'tnilti
1392 2312 1537 2367 sedes
1558 2322 1631 2366 est
1669 2312 1803 2383 (Act.
1848 2329 1943 2378 vn,
1998 2312 2110 2384 b9).
2138 2313 2205 2368 Et

644 2404 697 2456 in
726 2402 936 2456 Psalmo
963 2402 1087 2456 Gali
1114 2412 1358 2456 enarunt
1384 2401 1603 2472 glorians
1629 2402 1725 2457 Dei
1748 2403 1917 2475 (Psal.
1936 2420 2091 2470 xvnl,
2120 2404 2201 2474 l):

646 2494 760 2559 Qui,
774 2502 898 2546 sunt
928 2493 1016 2547 isti
1044 2492 1185 2556 caeli,
1220 2493 1322 2547 nisi
1370 2493 1540 2547 sancti
1582 2496 1827 2565 apostoli,
1860 2511 2087 2565 quorum
2124 2512 2209 2549 so-

650 2598 749 2635 nus
788 2582 952 2635 exivit
981 2582 1033 2636 in
1056 2584 1239 2637 orbem
1266 2582 1453 2638 terrae?
1493 2583 1642 2639 Unde
1679 2585 1877 2640 dictum
1906 2595 2007 2652 est,
2032 2588 2209 2640 anima

644 2671 771 2737 justi
825 2671 1389 2741 sedescstsapientiaa,
1440 2672 1493 2726 id
1519 2676 1701 2738 est,ln
1754 2676 1929 2729 anima
1969 2675 2100 2744 justi
2128 2694 2213 2731 sa-

646 2763 841 2829 pientia
880 2762 1046 2816 sedet.
1090 2763 1212 2816 llaec
1240 2763 1499 2832 sapientia
1526 2764 1663 2819 Deus
1694 2776 1775 2820 est
1814 2767 1903 2835 qui
1934 2767 2071 2821 dixit
2100 2783 2113 2823 :
2145 2769 2213 2822 Et

645 2852 887 2905 habitabo
919 2853 971 2905 in
996 2851 1123 2915 illis,
1165 2864 1212 2906 et
1234 2852 1313 2907 illi
1340 2856 1463 2908 mihi
1485 2866 1632 2910 erunt
1682 2859 1735 2911 in
1756 2858 1993 2928 populos,
2049 2870 2098 2914 et
2122 2878 2213 2931 ego

646 2958 733 2995 ero
757 2940 861 2995 illis
883 2943 935 2995 in
959 2942 1119 2996 Deum
1160 2942 1243 3013 (11
1268 2944 1388 2998 Cor.
1411 2960 1462 3007 v,
1491 2944 1597 3017 16).
1628 2946 1787 3002 Sedes
1828 2966 1981 3019 super
2003 2952 2213 3007 domum

653 3028 843 3096 David,
876 3031 928 3086 id
964 3040 1066 3096 est,
1095 3050 1255 3103 super
1282 3034 1537 3089 familiam
1564 3036 1728 3091 David
1762 3037 1914 3110 [Ms.,
1943 3040 2166 3112 Christi]
2198 3056 2210 3093 :

648 3124 837 3176 domus
860 3123 1023 3177 David
1053 3124 1287 3178 Ecclesia
1315 3135 1415 3180 est.

720 3233 877 3287 Vsus.
910 3231 971 3285 6.
993 3264 1056 3273 --
1083 3233 1279 3302 Rogata
1304 3251 1420 3305 qua
1447 3236 1516 3291 ad
1544 3254 1720 3306 parem
1742 3250 1858 3294 sunt
1890 3240 2200 3305 Jerusalem,

649 3330 696 3370 ct
728 3320 1045 3373 abundantia
1068 3321 1397 3391 diligentibus
1426 3336 1492 3379 te.
1545 3326 1768 3398 Rogate,
1805 3331 2010 3385 duobus
2036 3332 2207 3386 modis

652 3409 962 3478 intelligitur
993 3429 1005 3465 :
1036 3414 1115 3466 vel
1145 3414 1484 3485 interrogate,
1536 3419 1619 3472 vel
1670 3423 1991 3489 precamini;
2023 3424 2076 3478 id
2103 3433 2207 3488 est,

654 3504 974 3573 interrogate
1021 3504 1101 3559 vel
1148 3509 1458 3576 precamini,
1482 3513 1748 3580 quomodo
1776 3516 1990 3584 possitis
2014 3518 2211 3572 habere

655 3606 839 3658 pacem
861 3592 912 3645 in
938 3592 1250 3651 Jerusalem.
1308 3598 1396 3653 Vel
1439 3599 1506 3653 ad
1545 3601 1664 3657 illas
1696 3606 1848 3660 sedes
1873 3622 2052 3661 sermo
2080 3608 2205 3664 diri-

652 3680 813 3749 κὶιω.
837 3688 897 3736 ιιι
1014 3686 1071 3739 in
1084 3683 1287 3751 judicio
1308 3688 1636 3757 interrogent
1661 3694 1750 3759 qui
1774 3705 1895 3747 sunt
1926 3697 2015 3763 qui
2037 3698 2105 3751 ad
2126 3696 2214 3751 ιε.

658 3769 891 3827 malum
949 3772 1269 3837 pertineant,
1331 3775 1393 3828 de
1428 3778 1620 3844 quibus
1665 3781 1864 3835 dictum
1895 3793 1978 3837 est
2019 3802 2030 3836 :
2064 3786 2213 3840 Beati

656 3857 881 3925 paci/lci,
921 3862 1163 3929 quoniam
1179 3863 1286 3931 ﬁlii
1314 3865 1409 3918 Dei
1437 3870 1753 3924 vocabuntur
1790 3872 2002 3944 (Matth.
2032 3893 2084 3942 v,
2133 3880 2209 3948 9).

656 3948 849 4001 lterum
881 3964 1057 4005 sermo
1081 3953 1148 4006 ad
1171 3954 1314 4007 illam
1337 3956 1582 4025 dirigitur
1602 3958 1897 4016 Jerusalem
1921 3979 1935 4016 :
1958 3964 2026 4017 Et
2050 3967 2215 4019 abun-

656 4040 839 4094 dantia
856 4041 1185 4109 diligentibus
1213 4056 1280 4108 te,
1310 4049 1360 4100 id
1382 4058 1485 4112 est,
1514 4052 1752 4106 omnium
1774 4056 2033 4111 bonorum
2055 4059 2220 4113 abun-

660 4134 893 4188 dantiam
912 4135 1128 4199 habent,
1179 4140 1269 4206 qui
1304 4142 1575 4198 caelestun
1611 4144 1839 4217 diligunt
1875 4148 2170 4207 Jerusalem
2202 4174 2212 4207 :

660 4224 747 4276 hic
776 4224 1176 4281 abundantiam
1206 4230 1260 4283 in
1298 4248 1410 4300 spe,
1468 4236 1574 4291 illic
1621 4239 2001 4298 abundantiam
2058 4248 2109 4300 in
2142 4265 2214 4304 re.

668 4314 817 4371 Unde
844 4330 1231 4388 consequenter
1256 4324 1331 4378 ait
1364 4344 1376 4378 :

732 4426 887 4483 Vens.
910 4429 963 4483 7.
984 4462 1054 4471 -—
1079 4433 1202 4488 Fiat
1226 4455 1333 4507 pax
1362 4441 1414 4493 in
1436 4445 1617 4498 virtute
1654 4456 1761 4510 tua,
1816 4460 1863 4502 et
1894 4452 2215 4508 abundantia

661 4608 802 4663 enim
991 4630 1025 4667 ο
1057 4612 1372 4684 Jerusalem,
1429 4620 1717 4681 dilectione
1750 4628 1841 4683 Dei
1898 4641 1952 4684 et
1990 4635 2223 4702 proximi

660 4709 873 4753 constat
917 4700 1075 4773 μαι,
1094 4705 1305 4763 dilectio
1329 4720 1413 4765 est
1436 4711 1528 4767 Dei
1550 4723 1605 4768 et
1629 4719 1881 4790 proximi]
1913 4700 2045 4789 :pér
2065 4724 2221 4778 istam

664 4802 870 4854 pacem,
911 4800 1083 4858 etper
1137 4794 1293 4849 istam
1346 4800 1595 4858 virtutem
1644 4807 1967 4866 abundantia
2020 4817 2121 4869 erit
2167 4818 2220 4871 in

662 4878 900 4931 turribus
945 4880 1069 4943 tuis,
1123 4882 1174 4935 id
1224 4895 1324 4951 est,
1366 4889 1417 4941 in
1472 4895 1697 4949 excelsis
1753 4900 1877 4963 tuis,
1924 4904 2012 4971 qui
2064 4908 2222 4974 paulo

665 4980 786 5027 ante
807 4972 957 5025 sedes
988 4973 1314 5032 dicebantur.
1341 4980 1485 5037 Multi
1516 4996 1637 5039 sunt
1670 4989 1723 5041 in
1752 4990 1969 5046 dextera
1998 4972 2219 5065 stantes,

666 5064 761 5118 sed
788 5068 939 5136 pauci
968 5072 1021 5123 in
1051 5070 1249 5139 judicio
1275 5074 1537 5131 sedentes.
1564 5079 1822 5136 Sedentes
1843 5083 1961 5141 ideo
1982 5084 2035 5139 in
2064 5064 2224 5142 turri-

664 5155 762 5207 bus
791 5158 919 5221 tuis,
958 5175 990 5211 ο
1039 5158 1353 5227 Jerusalem,
1395 5167 1528 5221 dixit
1576 5166 1733 5237 hujus
1785 5174 1933 5241 pacis
1987 5184 2041 5229 et
2067 5177 2223 5247 hujus

669 5247 901 5304 civitatis
919 5260 1127 5306 amator
1154 5269 1169 5307 :

732 5356 893 5416 Vens.
922 5361 973 5417 8.
1006 5392 1073 5402 —-
1103 5361 1317 5435 Propter
1343 5368 1529 5437 fratres
1554 5387 1690 5424 tueos
1710 5376 1759 5426 et
1797 5378 2057 5443 prosintos
2084 5394 2223 5433 meos

667 5446 915 5515 loquebar
938 5456 1194 5522 pacemde
1220 5467 1286 5511 te.
1320 5456 1434 5513 Non
1457 5471 1680 5529 propter
1723 5480 1828 5529 me,
1860 5480 1969 5520 nou
2004 5479 2223 5538 propter

667 5542 905 5593 terrenos
944 5542 1194 5609 honores,
1246 5560 1351 5607 non
1373 5560 1586 5618 propter
1619 5555 1831 5613 divitias
1863 5559 2062 5624 ωωιὶ,
2130 5564 2222 5617 sed

668 5633 881 5711 βτρνιετ
935 5630 1131 5687 fratres
1183 5647 1332 5689 meos
1371 5646 1426 5689 et
1488 5644 1761 5708 proximos
1807 5662 1976 5711 meos,
2020 5650 2226 5705 scilicet

2128 1190 2195 1243 Et
2295 1196 2453 1249 exibit
2507 1196 2611 1261 lex,
2674 1208 2720 1250 et
2750 1199 2953 1252 verbum
2995 1200 3205 1254 Domini
3250 1202 3315 1255 de
3362 1202 3656 1257 Jerusalem
3706 1201 3863 1273 (lsai.

2298 1290 2449 1359 11,3).

2818 1378 3139 1437 PSALMUS
3161 1379 3366 1471 εχχιι.

2371 1488 2677 1554 Videamus,
2708 1491 2835 1559 quid
2868 1492 2969 1545 iste
2996 1488 3249 1547 ascensor
3271 1493 3325 1546 in
3356 1493 3515 1547 domo
3557 1493 3652 1549 Dei
3696 1501 3867 1559 stans,

2300 1568 2353 1634 et
2384 1582 2436 1633 in
2462 1590 2711 1650 quartum
2741 1582 2936 1653 [Edit.,
2959 1583 3239 1655 quantum]
3270 1584 3471 1639 ﬁduciae
3494 1588 3717 1655 gradum
3745 1602 3871 1657 pcr-

2302 1670 2523 1725 veniens
2559 1670 2694 1725 dixit
2724 1689 2737 1723 :

2375 1759 2535 1813 Vens.
2564 1757 2613 1811 l.
2644 1790 2712 1798 —
2752 1761 2831 1813 Ad
2851 1770 2900 1815 te
2931 1761 3091 1817 levavi
3119 1764 3295 1819 oculos
3335 1781 3495 1830 meos,
3546 1766 3633 1836 qui
3666 1765 3871 1827 habitas

2300 1849 2354 1901 in
2394 1849 2538 1903 εωιο.
2584 1850 2841 1907 Levemus
2874 1854 3059 1909 oculos
3096 1863 3307 1910 nostros
3341 1871 3371 1909 a
3398 1856 3631 1911 terrenis
3658 1857 3725 1911 ad
3757 1872 3872 1911 cm-

2302 1940 2474 2005 lestia,
2504 1957 2533 1996 a
2556 1943 2710 1997 nobis
2735 1944 2802 1997 ad
2838 1943 3122 2001 Dominum
3168 1946 3552 2020 [Ms.,Deum];
3595 1947 3875 2016 displicea-

2302 2048 2422 2087 mus
2442 2034 2615 2098 nobis,
2653 2042 2709 2087 ut
2746 2036 3052 2104 placeamus
3091 2038 3229 2103 Deo,
3279 2038 3370 2108 qui
3401 2039 3607 2093 habitat
3631 2038 3682 2093 in
3710 2039 3870 2101 cmlo,

2305 2123 2408 2178 hoc
2456 2132 2558 2188 est,
2618 2126 2670 2180 in
2732 2128 2933 2187 unitate
2971 2139 3298 2183 sanctorum.
3355 2127 3508 2183 Sicut
3556 2127 3873 2199 Spiritaliter

2303 2214 2487 2269 oculos
2526 2215 2722 2282 levare,
2770 2216 2844 2270 ita
2880 2218 3191 2286 spiritaliter
3215 2219 3409 2274 ctelum
3457 2218 3754 2288 intelligere
3774 2217 3871 2271 dc-

2306 2308 2513 2361 bemns.
2560 2307 2656 2363 Ubi
2704 2309 3109 2375 habitatpeus,
3134 2311 3205 2365 ibi
3235 2310 3253 2382 [
3279 2302 3445 2383 oculi]
3474 2311 3653 2367 cordis
3696 2309 3871 2365 nostri

2310 2396 2362 2449 in
2393 2397 2658 2452 charitate
2681 2398 2890 2452 levandi
2926 2398 3118 2470 [Edit.,
3146 2401 3219 2454 ibi
3267 2400 3431 2455 corda
3479 2410 3662 2455 nostra
3694 2400 3877 2454 levan-

2310 2486 2399 2559 da]
2454 2497 2597 2549 sunt.
2628 2488 2764 2561 [Hoc
2787 2499 2845 2543 ut
2868 2490 3076 2547 ﬁrmius
3102 2493 3455 2563 intelligatur,
3502 2491 3746 2562 exemplo
3774 2492 3880 2547 iste

2311 2594 2519 2638 amator
2546 2598 2603 2637 se
2631 2582 2951 2654 roboravit.]

2382 2672 2541 2727 Vens.
2574 2672 2627 2726 2.
2653 2703 2719 2713 -—
2758 2673 2891 2727 Ecce
2919 2674 3049 2727 sicut
3080 2674 3217 2727 oculi
3238 2692 3503 2729 servarunt
3556 2677 3608 2729 in
3640 2666 3880 2728 inanibus

2313 2765 2639 2819 dominorum
2662 2781 2871 2819 suorum
2908 2782 2924 2818 :
2961 2776 3006 2819 et
3029 2767 3161 2819 sicut
3211 2766 3347 2839 oculi
3405 2764 3611 2819 ancilla
3671 2766 3725 2820 in
3773 2782 3877 2819 tua-

2314 2856 2466 2909 ns'bus
2502 2856 2725 2909 domina:
2754 2871 2893 2920 sine,
2944 2856 3031 2911 ita
3066 2855 3203 2910 oculi
3272 2858 3433 2909 nostri
3491 2857 3560 2909 ad
3597 2856 3880 2910 Dominum

2315 2926 2481 3000 Deum
2525 2956 2781 3009 nostrum,
2811 2946 2973 3000 donec
3021 2948 3329 3000 misereatur
3377 2948 3559 3001 nostri.
3587 2946 3721 3001 Cum
3753 2964 3883 3017 ergo

2318 3036 2470 3089 audis
2490 3036 2785 3099 Christum,
2818 3036 2929 3089 leva
2953 3036 3138 3091 oculos
3171 3045 3293 3091 tuos
3317 3036 3384 3091 ad
3418 3038 3699 3091 Dominum
3714 3038 3881 3093 Deum

2239 3164 2285 3223 Ο
2321 3133 2469 3178 tuum
2502 3142 2513 3176 ε
2548 3140 2667 3178 cum
2705 3124 2856 3178 audis
2904 3125 3207 3190 Dominum,
3252 3126 3365 3180 leva
3402 3127 3585 3181 oculos
3652 3137 3771 3183 tuos
3813 3130 3879 3181 ad

2317 3213 2457 3285 [Dei]
2503 3215 2817 3283 sapientiam
2853 3224 2907 3269 et
2935 3215 3027 3269 Dei
3074 3216 3345 3270 virtutem.
3377 3217 3516 3271 Leva
3539 3218 3725 3272 oculos
3761 3225 3881 3272 tuos

2307 3307 2375 3361 ad
2412 3307 2679 3361 dominam
2718 3316 2884 3371 tuam,
2929 3307 3055 3376 quia
3078 3296 3264 3362 servus
3301 3316 3354 3362 et
3412 3308 3607 3363 ancilla
3634 3324 3695 3363 es
3726 3323 3881 3363 :ser-

2309 3412 2425 3460 vus,
2481 3398 2607 3466 quia
2652 3397 2880 3467 pepulus
2926 3412 3013 3463 es;
3062 3398 3273 3463 ancilla,
3337 3401 3462 3469 quia
3501 3400 3742 3455 Ecclesia
3797 3415 3876 3453 es.

2314 3486 2420 3543 Sed
2459 3487 2573 3555 ipsa
2622 3487 2815 3542 ancilla
2876 3504 3069 3558 sponsa
3106 3489 3249 3547 facta
3294 3501 3397 3547 est.
3450 3491 3599 3547 Unus
3624 3491 3882 3561 loquitur,

2310 3586 2365 3633 et
2390 3594 2582 3633 omnes
2602 3578 2655 3633 in
2700 3594 2808 3634 uno
2833 3579 3143 3647 loquuntur,
3194 3582 3317 3649 quia
3350 3597 3538 3636 clunes
3564 3598 3725 3637 unum
3757 3590 3883 3638 sunt

2315 3669 2369 3723 in
2421 3668 2636 3723 Christo
2666 3686 2678 3721 :
2707 3685 2843 3724 unus
2870 3672 3109 3740 populus,
3140 3689 3243 3727 una
3273 3674 3534 3740 Ecclesia,
3582 3662 3719 3729 unus
3752 3690 3882 3743 grex

2315 3759 2381 3813 ad
2432 3776 2595 3813 unum
2651 3769 2919 3829 pastorem
2954 3765 3247 3833 pertinens.
3294 3762 3458 3836 380
3516 3766 3692 3819 Donec
3730 3766 3883 3819 inise-

2317 3859 2491 3903 reatur
2514 3852 2697 3917 nostri,
2726 3851 2776 3906 id
2804 3862 2906 3918 est,
2938 3854 3108 3909 donec
3134 3856 3201 3909 ab
3232 3855 3388 3917 hujus
3415 3856 3539 3909 vita:
3582 3856 3885 3909 tribulatio-

2317 3938 2495 4004 nibus,
2541 3948 2595 3994 et
2647 3942 2714 3994 ab
2756 3942 2916 4009 hujus
2954 3944 3053 3997 vite
3076 3944 3339 4003 molestiis
3373 3946 3563 4000 liberet
3600 3962 3716 4010 nos,
3747 3957 3801 4001 et
3828 3948 3882 4001 in

2317 4030 2713 4099 aeternapatria
2739 4032 3050 4096 constituat,
3096 4049 3232 4102 quos
3275 4035 3362 4089 hic
3416 4051 3510 4105 per
3560 4038 3883 4092 tentationes

2319 4119 2493 4172 varias
2537 4121 2751 4175 erudire
2798 4137 2903 4176 non
2926 4122 3142 4177 desinit.
3170 4124 3237 4178 Et
3263 4125 3393 4194 quid
3431 4127 3532 4181 iste
3568 4127 3764 4181 clamet
3785 4140 3883 4181 au-

2319 4210 2548 4266 diamus.
2570 4247 2590 4288 -_
2950 4226 2951 4235 ‘
3152 4238 3157 4243 λ

2389 4305 2552 4358 Vsus.
2580 4305 2634 4357 5.
2675 4333 2745 4343 —
2777 4304 3026 4359 Miserere
3052 4308 3215 4360 nostri
3238 4306 3387 4378 [δίδη
3420 4308 3615 4381 nobis],
3644 4308 3881 4373 Domine,

2319 4392 2559 4443 miserere
2576 4394 2756 4453 nostri,
2781 4394 2904 4461 quia
2921 4394 3141 4447 multum
3156 4397 3329 4466 repleti
3351 4414 3528 4451 sumus
3542 4399 3878 4468 despectione.

2249 4478 2574 4563 Dbliserere
2613 4483 2801 4548 nostri,
2826 4491 2883 4535 ut
2926 4483 3083 4538 iidem
3124 4496 3325 4541 rectam
3379 4496 3686 4553 teneamus;
3724 4491 3885 4543 mise-

2314 4751 2405 4819 jus
2445 4755 2624 4809 seculi
2655 4757 3063 4813 mutationibus.

2360 4890 2368 4897 .
2394 4846 2554 4899 Vnus.
2588 4845 2641 4896 4.
2670 4874 2739 4884 --
2768 4845 2835 4900 Et
2860 4845 3125 4919 [multum]
3160 4848 3350 4918 repleta
3376 4862 3450 4905 est
3498 4852 3677 4905 anima
3704 4859 3879 4905 nostra

2321 4934 2649 5000 opprobrium
2692 4935 3072 4991 abundantibus
3128 4948 3177 4992 et
3221 4940 3477 5009 despectio
3521 4940 3774 5009 superbis.
3818 4939 3884 4994 Et

2322 5024 2412 5090 qui
2462 5034 2587 5077 sunt
2639 5024 2730 5091 qui
2782 5028 3126 5095 opprobrium
3180 5028 3382 5100 [nobis]
3431 5030 3653 5094 faciunt,
3699 5040 3884 5085 conse-

2324 5122 2546 5180 quenter
2588 5116 2852 5182 exponit:
2905 5118 3249 5185 opprobrium
3307 5119 3707 5174 abundantibus
3775 5117 3885 5192 [his

2323 5204 2413 5271 qui
2446 5202 2601 5271 hujus
2649 5206 2829 5260 seculi
2859 5205 3199 5261 felicitatibus
3226 5208 3507 5280 gaudent];
3534 5220 3588 5263 et
3612 5210 3882 5283 despectio

2326 5294 2588 5361 superbis,
2641 5296 2728 5363 qui
2778 5296 2831 5347 in
2879 5295 3080 5349 divitiis
3115 5297 3227 5351 suis
3281 5297 3617 5368 [superbiunt
3652 5297 3728 5371 et]
3788 5299 3882 5353 de-

2324 5383 2552 5449 spiciunt
2575 5400 2834 5454 pauperes
2867 5385 3084 5448 Christi,
3118 5387 3185 5440 de
3226 5389 3419 5456 quibus
3458 5390 3658 5445 dicitur
3686 5407 3700 5443 :
3734 5390 3883 5444 Beati

2326 5486 2592 5538 pauperes,
2633 5474 2877 5541 quoidam
2912 5476 3239 5542 ipsorumch
3277 5493 3487 5546 regnum
3511 5477 3773 5531 mulorum.

2810 5650 3132 5709 ΡδΑωιεε
3156 5653 3381 5709 CXXIII.

668 5708 809 5765 alios
840 5704 956 5772 tuos
988 5718 1147 5792 [hanc
1172 5736 1357 5793 pacem
1380 5704 1587 5794 loquor,
1618 5704 2243 5821 han-patenti;
2354 5794 2357 5797 ,
2382 5747 2458 5819 ,μ
2477 5750 2679 5827 “anno
2703 5704 3128 5819 Graduumihvoc
3150 5761 3250 5818 est,
3287 5753 3337 5807 in
3376 5756 3643 5824 patienti:
3692 5754 3878 5810 solidi-
