4286 6198
390 350 492 405 023

1120 342 1524 402 EXEGETICA.
1563 373 1632 382 —
1667 339 2021 396 EXPOSlTlO
2059 337 2124 391 IN
2165 336 2353 391 PSAL.
2396 325 2823 395 GllADiIALES.~

3494 334 3600 391 ϐπ

393 474 518 526 tate,
577 469 784 516 amator
837 463 936 516 istc
997 470 1166 524 stans,
1220 461 1333 514 hac
1374 450 1601 513 dicendo
1657 457 1946 511 decantat:
1976 457 2021 511 Α
2053 450 2483 504 servavimus:et
2503 447 2690 503 melius
2713 463 2823 516 quoi

1990 457 2021 509 ι
2053 450 2410 504 servavimus:
2431 456 2483 502 et
2503 447 2690 503 melius
2713 448 2851 516 quod
2877 446 3024 519 μη,
3052 446 3232 520 quam]
3252 443 3599 517 'perdldimus,

460 554 620 608 Vsus.
648 553 699 615 Ι,
735 553 787 605 2.
815 582 888 593 -ο
923 552 1042 606 Nisi
1084 553 1207 621 quia
1255 551 1506 630 Dominus
1543 556 1651 603 erat
1677 549 1731 600 in
1783 546 1947 609 nobis,

393 644 531 696 dicat
555 659 688 697 nunc
717 642 905 703 Israel,
961 643 1059 696 nisi
1102 643 1225 712 quia
1248 641 1501 696 Dominus
1555 646 1662 692 erat
1688 638 1740 690 in
1781 636 1947 689 nobis.

396 729 993 808 Vosistasanctorum
1043 734 1156 787 sive
1202 741 1514 801 martyrum,
1567 729 1679 782 sive
1729 727 1952 780 tribula-

395 821 569 875 tiones
589 820 642 874 in
678 821 777 874 hoc
803 820 997 875 saeculo
1023 820 1336 890 patientium
1370 818 1585 880 existit;
1633 815 1953 883 quasi‘dice-

397 916 521 964 ret:
561 909 664 964 nisi
704 909 959 964 Dominus
985 909 1139 963 nobis
1163 916 1306 962 esset
1347 906 1575 974 adjutor,
1617 920 1952 972 nequaquam

396 997 493 1055 has
517 1001 905 1066 tribulationes,
957 1008 1012 1055 et
1050 1001 1148 1054 bas
1172 997 1469 1068 passiones,
1496 1002 1549 1074 ct
1582 995 1681 1048 bas
1706 1007 1955 1062 persecu-

397 1092 570 1148 tiones
617 1093 882 1147 sustinere
933 1091 1329 1160 potuissemus;
1373 1087 1466 1142 sed
1490 1085 1613 1155 quia
1650 1084 1737 1138 ille
1762 1083 1814 1138 in
1859 1098 1956 1138 no-

397 1185 478 1239 bis
522 1191 624 1247 est,
672 1180 827 1236 facile
863 1182 1042 1235 omnia
1081 1179 1407 1248 pertransire
1443 1177 1702 1239 valemus,
1754 1189 1873 1243 qum
1899 1174 1954 1228 in

397 1274 498 1328 hoc
523 1270 715 1328 saeculo
742 1271 876 1325 dura
899 1270 1166 1324 videntur.
1193 1269 1305 1323 Hoc
1337 1269 1481 1323 dicat
1517 1267 1701 1331 lsrael,
1733 1266 1832 1319 hoc
1849 1272 1952 1328 est,

394 1363 480 1418 vir
497 1364 681 1418 videns
705 1362 871 1416 Deum
933 1361 1034 1416 hoc
1067 1349 1285 1431 (uigilet,
1325 1361 1449 1430 quia
1476 1360 1617 1414 Deus
1654 1359 1766 1412 huic
1792 1370 1952 1426 opera

396 1453 549 1526 [Ms.,
595 1455 697 1507 hoc
743 1451 927 1524 opere]
974 1453 1024 1507 in
1077 1451 1168 1507 illo
1225 1452 1474 1520 complet.
1535 1450 1671 1504 Dum
1719 1449 1953 1518 insurge-

395 1553 504 1597 rent
555 1545 784 1598 homines
841 1543 896 1595 in
953 1559 1064 1606 nos,
1107 1541 1240 1610 forte
1290 1541 1424 1596 vivas
1469 1539 1798 1610 degiutiss’ent
1838 1554 1948 1591 nos.

393 1633 472 1688 Ad
495 1633 855 1688 devorandum
883 1648 998 1696 nos,
1052 1641 1106 1686 et
1131 1632 1282 1700 quasi
1322 1633 1472 1687 vivos
1520 1631 1850 1702 glutiendum
1875 1631 1954 1684 in-

392 1723 700 1791 surgebant.
741 1721 872 1789 Quis
899 1722 1089 1776 horum
1119 1729 1225 1774 tam
1255 1721 1515 1775 immanes
1540 1730 1595 1774 et
1617 1729 1725 1774 tam
1776 1721 1952 1774 immi-

2052 540 2252 594 inventi
2281 554 2484 602 sumus,
2513 539 2626 608 ipsa
2651 539 2858 594 dicente
2889 539 3121 593 Veritate
3151 557 3162 590 :
3193 536 3294 603 Qui
3321 539 3602 609 perdiderit

2052 626 2280 680 animam
2328 642 2476 680 suam
2496 635 2702 696 prapter
2726 627 2803 677 nte
2833 627 3050 679 inveniet
3076 643 3209 680 eam.
3239 625 3305 681 Et
3328 625 3485 696 hujus
3506 627 3599 682 atl-

2051 717 2367 771 liortationis
2395 725 2449 771 et
2475 717 2760 786 patientiae,
2809 726 2863 770 et
2895 718 3103 772 roboris
3172 718 3291 786 quis
3311 725 3393 773 est
3416 727 3603 775 auctor

2054 805 2204 878 μίση
2265 806 2436 876 actor]
2497 807 2654 877 381
2713 808 2763 860 in
2815 808 2987 870 nobis,
3037 808 3136 862 nisi
3195 808 3286 863 ille
3331 809 3418 878 qui
3473 807 3599 864 fecit

2051 897 2246 951 coelum
2255 905 2307 950 et
2334 896 2569 951 terram?
2593 894 2709 964 ipse
2723 897 2814 966 qui
2832 895 2976 962 fecit,
3004 897 3116 968 ipse
3144 900 3394 965 redemit;
3422 908 3474 955 et
3495 900 3609 971 ipse

2052 987 2142 1056 qui
2167 987 2405 1049 redemit,
2431 986 2541 1054 ipse
2569 994 2872 1040 remunerat
2905 1004 2916 1038 :
2967 987 3064 1056 ipsi
3092 989 3317 1042 dicimus
3354 1003 3608 1059 semper:

2054 1076 2391 1145 Adjutorium
2425 1085 2658 1129 nostrum
2701 1075 2756 1130 in
2810 1076 3013 1129 nomine
3061 1075 3291 1140 Domini,
3350 1079 3437 1147 qui
3485 1079 3603 1146 fecit

2055 1164 2234 1220 calum
2293 1175 2341 1219 et
2393 1175 2581 1218 terram
2599 1165 2749 1235 (vers.
2775 1165 2849 1235 8).

2541 1253 2859 1312 PSALMUS
2892 1255 3119 1311 CXXIV.

2123 1346 2276 1399 Modo
2319 1346 2502 1415 incipit
2540 1347 2604 1399 de
2630 1344 2917 1398 stabilitate
2939 1354 3150 1400 eterna
3197 1345 3489 1402 Jerusalem
3531 1349 3645 1402 ἀμ’

2053 1449 2196 1498 cere,
2227 1442 2280 1487 et
2307 1435 2372 1488 de
2398 1433 2611 1487 illorum
2628 1433 2820 1488 fiducia
2845 1441 2901 1487 et
2921 1432 3209 1490 stabilitate
3247 1433 3399 1509 μισ..
3432 1437 3613 1492 solidi-

2053 1525 2207 1596 tate],
2240 1526 2329 1594 qui
2361 1526 2426 1579 ad
2451 1539 2566 1578 eam
2598 1532 2718 1579 toto
2747 1524 3012 1579 desiderio
3040 1522 3310 1588 festinant,
3341 1526 3612 1582 dicentes:

2124 1617 2283 1671 Vens.
2319 1615 2367 1667 l.
2397 1646 2464 1662 .——
2498 1614 2610 1680 Qui
2641 1614 2906 1683 conﬁdunt
2942 1615 2996 1667 in
3041 1613 3259 1667 Domino
3299 1616 3430 1668 sicut
3467 1631 3614 1669 mons

2055 1705 2204 1770 Sion,
2247 1721 2348 1757 non
2378 1703 2774 1757 commovebitur
2803 1703 2857 1755 in
2899 1712 3145 1756 mternnm
3169 1743 3183 1766 ,
3214 1704 3301 1773 qui
3329 1703 3527 1757 habitat
3562 1706 3616 1757 in

391 1823 474 1869 tes
499 1815 897 1885 persecutiones
947 1815 1252 1876 sustineret,
1276 1813 1376 1866 nisi
1410 1812 1664 1865 Dominus
1711 1811 1946 1878 adjuvis-
1979 1810 2023 1867 Β
2050 1796 2358 1851 Ῑεηιεαίεηιο
2387 1795 2543 1849 Fides
2567 1810 2684 1864 (111ίὲ
2703 1793 2958 1885 εάγθθυῐη
2984 1802 3086 1856 δεῖν
3111 1793 3353 1849 ﬂabilem
3382 1793 3510 1885 ίέοἶῑ
3533 1796 3615 1848 Vl‘

392 1913 474 1960 set
514 1920 626 1970 eos,
678 1905 769 1975 qui
798 1919 1069 1973 nunquam
1121 1902 1440 1972 derelinquit
1486 1909 1761 1971 sperantes
1786 1901 1837 1953 in
1863 1901 1954 1953 se?

391 1999 566 2069 igitur
584 1997 639 2051 in
679 1996 854 2066 primo
887 1994 1090 2064 psalmo
1119 1993 1393 2049 Graduum
1435 1993 1502 2048 de
1543 1992 1724 2048 dolosa
1776 1991 1950 2060 lingua

392 2097 447 2140 et
483 2086 680 2142 blanda
703 2085 1017 2141 seductione
1042 2099 1098 2138 se
1130 2084 1414 2138 liberatum
1440 2098 1559 2138 esse
1587 2091 1810 2139 testatus
1838 2089 1948 2147 est;

393 2192 534 2231 nunc
561 2184 739 2229 autem
773 2173 874 2247 [in]
899 2174 1002 2230 hoc
1038 2173 1244 2244 psalmo
1263 2173 1328 2229 de
1358 2182 1540 2242 aperta
1582 2175 1956 2242 persecutione

394 2275 451 2315 se
475 2260 804 2330 redemptum
828 2274 947 2314 esse
980 2275 1078 2329 per
1100 2259 1193 2313 Dei
1217 2267 1271 2314 et
1300 2258 1508 2312 Domini
1533 2259 1955 2327 misericordiam

393 2361 627 2419 enarrat,
665 2361 928 2424 quatenus
955 2365 1007 2406 et
1043 2352 1327 2420 spiritales,
1377 2359 1432 2406 et
1478 2352 1783 2420 corporales
1840 2351 1955 2403 vin-

392 2453 539 2500 ceret
560 2443 982 2516 persecutiones,
1016 2442 1096 2495 vel
1125 2442 1178 2495 in
1205 2442 1414 2497 occulta
1443 2442 1756 2503 teutatione,
1786 2440 1871 2494 vel
1901 2440 1954 2498 in

393 2543 577 2604 aperta
631 2534 1017 2606 persecutione.
1078 2530 1228 2598 Quod
1257 2545 1387 2584 vero
1435 2532 1486 2584 in
1523 2530 1957 2586 antecedentibus

395 2627 619 2696 psalmis
646 2627 797 2695 quasi
819 2640 926 2680 una
953 2638 1181 2694 persona
1202 2621 1437 2690 loquitur
1485 2619 1636 2690 μη,
1661 2618 1953 2688 loquatur],

392 2716 482 2772 hic
506 2730 634 2771 vero
680 2715 872 2785 plurali
908 2728 1132 2769 numero
1166 2714 1294 2769 dicit
1321 2731 1333 2766 :
1359 2711 1486 2767 illud
1534 2709 1797 2778 significat
1832 2724 1958 2780 pro-

392 2789 787 2876 pterju‘nitatem
815 2804 1055 2872 corporis
1073 2803 1272 2858 Christi
1297 2817 1312 2855 :
1341 2804 1442 2857 hoc
1463 2801 1643 2864 etiam,
1668 2799 1790 2869 quia
1821 2798 1956 2852 mul-

398 2908 452 2952 ta
483 2904 606 2953 sunt
637 2896 872 2951 membra
903 2894 972 2949 ad
1013 2902 1172 2964 caput
1196 2893 1346 2958 illud,
1399 2892 1539 2962 quod
1569 2899 1649 2947 est
1689 2889 1953 2956 Christus,

399 2984 744 3055 pertinentia.

420 3078 701 3139 ~Vsas.3,
730 3075 783 3128 4.
835 3105 902 3114 -
949 3073 1085 3128 Dum
1137 3074 1446 3127 irasceretur
1494 3071 1642 3140 furor
1686 3087 1862 3124 eorum
1903 3072 1957 3123 in

2053 1895 2190 1950 tam;
2222 1901 2320 1940 nec
2348 1885 2465 1938 ullis
2491 1884 2870 1939 tentationibus
2892 1884 3092 1938 moveri
3115 1890 3312 1955 potest,
3335 1883 3426 1955 qui
3455 1897 3616 1955 supra

2052 1977 2258 2030 ﬁrmam
2279 1985 2485 2046 petram
2500 1992 2653 2030 suam
2677 1976 2940 2030 construit
2959 1976 3194 2031 domum.
3215 1974 3345 2043 Quis
3365 1985 3448 2031 est
3467 1990 3618 2032 mons

2054 2068 2180 2123 Sion
2209 2068 2308 2121 nisi
2336 2066 2600 2129 Christus,
2632 2065 2721 2138 qui
2747 2072 2829 2118 est
2852 2066 2907 2117 in
2930 2066 3114 2118 vertice
3140 2065 3414 2128 montium,
3445 2074 3492 2118 et
3511 2065 3616 2119 ete-

2053 2158 2255 2213 cabitur
2297 2172 2449 2225 super
2475 2154 2660 2218 colles,
2693 2163 2740 2207 et
2785 2155 2942 2223 ﬂuent
2981 2153 3048 2206 ad
3087 2169 3202 2207 eum
3246 2169 3418 2208 omnes
3446 2161 3617 2223 gentes

2055 2250 2207 2320 (Isai.
2243 2266 2300 2311 ιι,
2331 2247 2423 2318 2)?
2453 2246 2578 2302 Sion
2601 2254 2684 2300 est
2708 2244 2969 2308 Ecclesia,
2999 2245 3052 2298 in
3076 2259 3179 2314 qua
3204 2242 3475 2314 speculum
3495 2243 3618 2298 vita:

2052 2349 2108 2392 et
2133 2339 2446 2392 aeternitatis
2475 2337 2629 2398 visio,
2671 2334 2822 2402 cujus
2858 2343 3018 2405 caput
3060 2343 3143 2389 est
3178 2333 3443 2390 Christus.
3482 2335 3620 2390 Ecce

2054 2428 2244 2498 quaerit
2268 2427 2366 2480 iste
2392 2438 2648 2478 ascensor
2670 2423 2988 2492 spiritalium
3030 2424 3312 2492 graduum,
3330 2489 3336 2496 .
3353 2423 3525 2493 qualis
3553 2424 3623 2478 sit

2057 2521 2158 2574 ista
2179 2516 2494 2579 Jerusalem,
2523 2515 2576 2568 in
2609 2529 2713 2584 qua
2741 2521 3051 2568 sanctorum
3089 2513 3287 2567 chorus
3313 2514 3539 2577 habitat,
3567 2525 3622 2567 et

2056 2611 2406 2678 respondetur
2438 2607 2487 2660 ei
2517 2621 2530 2659 :

2129 2701 2288 2755 Vsus.
2317 2700 2370 2752 2.
2393 2693 2694 2752 —-—‘Montes
2720 2699 2775 2752 in
2805 2699 3023 2751 circuitu
3048 2697 3178 2768 ejus,
3211 2707 3258 2750 et
3287 2695 3536 2750 Dominus
3566 2697 3620 2747 in

2057 2791 2274 2846 circuitu
2298 2787 2474 2859 populi
2500 2787 2600 2849 sui,
2628 2803 2690 2840 ex
2719 2789 2813 2839 hoc
2847 2803 2983 2840 nunc
3007 2798 3055 2840 et
3088 2803 3246 2856 usque
3272 2787 3326 2839 in
3355 2782 3618 2840 scculutn.

2056 2883 2146 2938 isti
2201 2889 2410 2936 montes
2453 2887 2578 2934 sunt
2621 2876 2794 2945 angeli
2841 2875 2989 2948 [sunt
3027 2876 3293 2947 apostoli],
3339 2889 3461 2932 sunt
3497 2893 3624 2947 μου

2057 2976 2260 3044 phette,
2301 2979 2355 3025 et
2387 2969 2762 3041 praedicatores
2805 2967 3010 3031 sancti,
3053 2967 3144 3036 qui
3186 2967 3434 3020 muniunt
3463 2967 3623 3020 istam

2057 3061 2372 3118 Jerusalem.
2413 3060 2477 3114 Et
2511 3073 2588 3127 ne
2629 3059 2732 3114 boc
2771 3059 2862 3113 tibi
2889 3071 3112 3128 parvum
3137 3056 3441 3120 videretur,
3483 3057 3623 3125 quod

395 3183 506 3230 nos,
553 3166 776 3235 forsitan
827 3181 962 3233 aqua
1024 3162 1176 3234 [Ms.,
1229 3161 1360 3217 velut
1381 3159 1565 3232 aquas]
1617 3159 1959 3214 absorbuisset
1985 3155 2031 3216 C
2064 3151 2197 3206 tales
2220 3158 2430 3205 montes
2457 3147 2620 3208 habet
2645 3148 2698 3203 in
2737 3147 2985 3212 CirwitII.
3011 3147 3192 3202 statim
3222 3145 3524 3217 Subiunxit:
3556 3144 3624 3199 Et

395 3274 507 3312 nos.
567 3257 681 3311 Vox
748 3254 1000 3323 martyris
1050 3261 1134 3307 est
1178 3252 1534 3308 truculentum
1592 3248 1954 3321 persecutoris

395 3347 630 3401 animum
643 3343 972 3402 ostendentis
991 3360 1004 3395 :
1022 3341 1245 3398 forsitan
1266 3344 1411 3398 velut
1433 3359 1571 3414 aqua
1594 3341 1748 3415 [Hs.,
1766 3339 1951 3412 aquas]

395 3437 760 3492 absorbuisset
792 3450 907 3490 nos.
944 3434 1095 3504 Aqua
1143 3434 1396 3503 populum
1422 3435 1645 3505 impium
1670 3433 1954 3505 significat,

396 3531 488 3599 qui
537 3530 729 3602 quaerit
782 3527 934 3601 μὴ,
987 3541 1154 3596 aquas
1187 3526 1275 3580 bic
1324 3527 1546 3597 pepulos
1579 3527 1862 3596 impiorum
1885 3525 1957 3579 si-

400 3620 638 3692 gniﬁcat,
669 3620 758 3689 qui
800 3617 1069 3690 quierunt]
1118 3624 1331 3673 sanctos
1362 3617 1639 3671 devorare.

467 3711 624 3766 Vnus.
649 3711 702 3764 5.
741 3740 812 3750 —
837 3709 1135 3763 Torrentem
1175 3708 1500 3778 pertransirit
1545 3707 1720 3761 anima
1759 3716 1954 3772 nostra,

399 3801 619 3870 forsitan
643 3801 1002 3870 pertransisset
1028 3799 1204 3852 anima
1247 3808 1424 3853 nostra
1452 3814 1639 3868 aquam
1666 3797 1961 3871 intolerabi-

397 3890 516 3946 lem.
546 3889 958 3945 immanitatem
1003 3888 1388 3958 persecutionis
1423 3888 1688 3958 signiﬁcat
1709 3889 1960 3944 torrentis

400 3983 634 4040 nomine.
675 3983 880 4053 Aquam
929 3979 1338 4043 intolerabilem,
1369 3979 1475 4034 boc
1519 3987 1622 4043 est,
1676 3980 1962 4036 incredibi-

398 4075 501 4130 lem
551 4076 755 4130 rabiem
781 4075 1083 4144 iniquorum
1115 4071 1353 4143 perpessi
1397 4086 1608 4136 smnus;
1637 4078 1689 4126 et
1717 4072 1822 4126 nisi
1852 4072 1958 4128 Do-

399 4169 576 4225 minus
611 4176 754 4222 esset
804 4168 856 4222 in
896 4169 1068 4232 nobis,
1123 4164 1421 4220 nullatenus
1447 4165 1674 4220 evadere
1703 4165 1962 4236 potuisset

400 4259 662 4332 fragilitas
705 4265 883 4312 nostra
939 4259 1036 4312 has
1086 4257 1500 4313 immanissimas
1545 4256 1958 4328 persecutiones.

399 4350 479 4404 Ad
501 4349 709 4405 laudem
733 4346 833 4422 [se]
864 4347 1168 4402 liberatoris
1197 4347 1284 4401 sui
1327 4347 1428 4422 ista
1462 4347 1655 4403 victrix
1707 4348 1960 4403 adversa-

401 4441 600 4496 riorum
623 4440 837 4514 [cohors
857 4437 1324 4512 convertit(Edit.,
1348 4441 1683 4498 concorditer
1704 4457 1961 4500 conversa

401 4529 562 4601 est)],’
575 4530 757 4585 dicens
788 4550 801 4585 :

474 4621 636 4678 Vsus.
665 4619 717 4674 6.
767 4653 836 4662 ——
882 4623 1188 4679 Benedictus
1225 4622 1498 4685 Dominus,
1539 4624 1626 4694 qui
1681 4639 1781 4676 non
1821 4624 1963 4676 dedit

405 4727 496 4765 nos
517 4711 572 4766 in
593 4711 879 4788 captionem
932 4712 1168 4768 dentibus
1205 4731 1411 4768 eorum.
1458 4712 1778 4769 Benedictus
1822 4710 1964 4765 Deus

405 4800 494 4868 qui
513 4799 647 4856 vicit
668 4795 922 4854 mundum
941 4814 959 4862 ;.
979 4813 1074 4867 per
1093 4815 1251 4866 quem
1280 4817 1377 4855 nos
1395 4802 1672 4866 vincimus,
1688 4816 1780 4871 per
1803 4814 1961 4869 quem

406 4905 502 4946 nos
526 4889 736 4946 liberati
759 4903 943 4944 sumus
968 4903 998 4940 a
1029 4897 1427 4957 pet-secutorum
1453 4891 1736 4946 dirissimis
1767 4889 1959 4962 [Edit.,

403 4993 434 5029 a
462 4980 832 5046 persecutione
853 4987 907 5033 et
936 4977 1240 5049 dirissimis]
1271 4978 1557 5034 dentibus:
1586 4990 1641 5035 et
1668 4982 1789 5045 hoc,
1837 4982 1962 5051 quia

407 5064 545 5120 Deus
576 5077 692 5119 erat
718 5068 770 5120 in
822 5068 993 5122 nobis.

474 5157 633 5212 Vsus.
660 5157 710 5207 7.
739 5187 808 5198 -—
828 5158 1015 5212 Anima
1043 5169 1215 5213 nostra
1244 5158 1375 5212 sicut
1403 5173 1581 5228 passer
1606 5169 1778 5228 erepta
1804 5170 1878 5214 est
1902 5161 1966 5214 de

407 5255 586 5320 laqueo
616 5250 927 5304 cenantium.
955 5251 1149 5306 Passer
1188 5252 1288 5304 iste
1328 5247 1570 5304 Christus
1597 5257 1680 5303 est
1704 5267 1719 5303 ι
1745 5259 1797 5304 et
1827 5251 1965 5306 sicut

413 5340 496 5394 ille
521 5340 779 5396 liberatus
803 5349 884 5395 est
915 5341 982 5396 ab
1027 5343 1171 5395 omni
1220 5343 1517 5412 iniquitate,
1540 5349 1592 5396 et
1627 5357 1656 5394 a
1712 5356 1964 5409 persecu-

413 5428 550 5482 tione
574 5427 879 5496 impiorum,
910 5437 964 5482 et
989 5430 1160 5483 victor
1184 5432 1447 5499 gloriosus
1479 5430 1543 5484 ad
1571 5438 1848 5497 paternam
1879 5447 1963 5486 re-

410 5516 709 5572 diitsedem
753 5537 763 5569 :
817 5520 893 5573 sic
942 5535 1038 5573 nos
1074 5532 1170 5588 per
1208 5519 1356 5574 illum
1395 5519 1604 5575 liberati
1657 5534 1862 5582 sumus,
1912 5529 1966 5574 et

412 5621 513 5660 non
539 5621 720 5662 sumus
747 5607 855 5659 dati
886 5609 936 5660 in
969 5611 1182 5677 laqueos
1210 5610 1482 5666 diabolicae
1514 5612 1736 5675 fraudis,
1787 5625 1885 5666 nec
1907 5612 1962 5666 in

410 5712 598 5754 manus
634 5701 959 5754 venantium.
991 5700 1094 5754 Nos
1121 5701 1280 5755 vitam
1308 5704 1648 5768 perdidimus,
1686 5704 1776 5757 sed
1808 5702 1960 5758 ﬁdem

2056 3244 2310 3298 Dominus
2329 3243 2385 3294 in
2413 3240 2635 3295 circuitu
2655 3237 2830 3310 populi
2859 3239 2961 3293 sui.
2993 3238 3132 3294 Ecce
3153 3238 3340 3309 quales
3369 3239 3626 3294 habemus

2055 3349 2256 3399 muros,
2284 3331 2471 3402 quales
2506 3330 2864 3396 munitiones,
2903 3329 3088 3400 quales
3122 3328 3431 3385 defensores
3461 3330 3476 3382 !
3514 3327 3626 3383 lla-

2055 3439 2276 3478 neamus
2305 3423 2444 3476 intra
2478 3429 2629 3490 septa
2653 3418 2970 3486 Jerusalem,
3009 3429 3066 3476 et
3095 3437 3201 3476 non
3234 3422 3521 3477 timeamus
3542 3423 3626 3477 in.

2055 3513 2217 3569 sidias
2240 3511 2458 3575 diaboli,
2489 3525 2587 3565 nec
2610 3511 2835 3579 sagittas
2853 3508 2990 3576 ejus,
3013 3512 3145 3566 tales
3168 3514 3425 3568 habentes
3449 3513 3628 3568 defert.

2055 3620 2244 3668 seres;
2279 3611 2334 3658 et
2360 3603 2462 3658 hoc
2487 3616 2594 3657 non
2629 3602 2696 3656 ad
2725 3610 2953 3671 tempus,
2991 3603 3084 3656 sed
3116 3602 3168 3656 in
3199 3611 3478 3666 asternum,
3502 3604 3625 3658 ideo

2056 3695 2215 3750 dicit:
2250 3692 2333 3748 Ea:
2358 3694 2453 3746 hoc
2482 3709 2616 3746 nunc
2642 3704 2688 3746 et
2719 3710 2878 3762 usque
2903 3693 2958 3747 in
2981 3691 3248 3746 sa'culutn.
3278 3691 3530 3762 Sequitur
3557 3712 3577 3747 τ

2132 3786 2292 3841 Vsus.
2322 3785 2374 3839 '5.
2401 3812 2472 3824 —
2499 3782 2638 3848 Quia
2663 3799 2764 3837 non
2789 3783 3102 3854 derelinquet
3145 3783 3396 3838 Dominus
3426 3785 3625 3854 virgam

2058 3886 2384 3946 peccatorum
2411 3891 2565 3944 super
2588 3883 2774 3928 sortem
2793 3874 3092 3944 justorum:
3129 3884 3181 3928 ut
3221 3891 3323 3929 non
3348 3875 3626 3930 extendant

2050 3971 2185 4040 justi
2228 3970 2296 4022 ad
2328 3969 2647 4038 iniquitatem
2691 3984 2875 4022 manus
2899 3985 3041 4022 suas.
3089 3968 3216 4023 Sors
3238 3968 3510 4039 justorum
3549 3979 3630 4024 est

2061 4070 2206 4116 stare
2221 4059 2295 4133 ad
2317 4059 2593 4115 dexteram
2623 4058 2717 4113 Dei
2756 4059 2809 4112 in
2846 4059 2929 4114 die
2965 4058 3150 4130 judicii
3181 4073 3193 4124 ;
3235 4073 3396 4129 super
3427 4068 3627 4115 sortem

2060 4164 2188 4204 vero
2217 4149 2449 4213 illorum,
2487 4150 2540 4203 id
2566 4157 2669 4212 est,
2695 4164 2854 4217 super
2878 4150 3343 4220 congregatibuem
3382 4149 3590 4204 illorum
3609 4189 3622 4211 ,

2061 4255 2166 4294 non
2195 4240 2341 4293 venit
2365 4238 2511 4308 virga
2549 4239 2829 4307 impiorum
2850 4279 2862 4299 ,
2898 4239 2950 4292 id
2980 4248 3078 4301 est,
3108 4240 3369 4294 sententia
3401 4240 3486 4294 illa
3523 4249 3628 4294 ter—

2061 4329 2228 4386 ribilis
2249 4349 2260 4381 :
2281 4328 2381 4394 Ite,
2399 4328 2682 4393 maledicti,
2699 4330 2752 4382 in
2773 4328 2939 4398 ignem
2962 4337 3227 4382 (eternunt.
3256 4327 3324 4383 Ut
3347 4346 3448 4382 non
3458 4340 3626 4384 exten-

2063 4424 2187 4478 dant
2207 4423 2343 4494 justi
2363 4423 2430 4476 ad
2450 4422 2773 4493 iniquitatem
2803 4439 2986 4476 manus
3023 4439 3165 4477 suas.
3203 4421 3380 4490 Quare
3415 4424 3536 4489 hoc,
3569 4431 3626 4475 nt

1990 4510 2040 4572 Β
2065 4532 2167 4570 non
2208 4514 2482 4569 extendant
2515 4514 2648 4584 justi
2679 4514 2746 4567 ad
2775 4515 3098 4585 iniquitatem
3137 4532 3328 4570 manus
3358 4532 3481 4571 suas
3504 4517 3529 4569 7
3557 4515 3627 4574 Ut

2067 4609 2133 4662 ad
2161 4616 2368 4678 tempus
2397 4607 2571 4663 ferant
2587 4606 2719 4675 justi
2746 4607 2955 4678 iniquos
2977 4608 3331 4674 dominantes,
3357 4617 3411 4664 et
3430 4609 3625 4666 intelli-

2060 4709 2197 4769 gant
2223 4716 2328 4755 non
2353 4716 2472 4756 esse
2510 4701 2933 4770 sempiternum;
2974 4700 3063 4756 sed
3113 4711 3415 4773 praeparent
3457 4719 3514 4760 se
3561 4705 3626 4761 ad

2063 4792 2437 4860 possidendam
2465 4795 2830 4850 hereditatem
2863 4795 3284 4867 sempiternam;
3326 4805 3450 4851 tunc
3485 4797 3625 4852 enim

2066 4885 2369 4938 destruetur
2394 4884 2569 4939 omnis
2595 4893 2836 4954 potestas
2865 4887 3178 4956 iniquitatis,
3203 4895 3260 4938 ut
3281 4887 3350 4939 sit
3375 4887 3630 4942 Dominus

2067 4974 2246 5030 omnia
2268 4975 2321 5028 in
2351 4974 2614 5028 omnibus.
2645 4976 2756 5030 Hoc
2790 4979 3040 5046 cogitent,
3071 4979 3173 5045 qui
3195 4985 3341 5029 recto
3367 4985 3487 5030 sunt
3507 4992 3626 5032 cor-

2067 5067 2132 5121 de
2151 5107 2164 5130 ,
2206 5066 2347 5134 quod
2375 5080 2477 5119 non
2508 5080 2718 5134 semper
2740 5065 3081 5120 dominantur
3120 5063 3300 5132 injuSti
3320 5105 3333 5127 ,
3366 5064 3456 5118 sed
3479 5065 3624 5121 aufe-

2068 5170 2214 5213 retur
2255 5166 2491 5228 potestas
2517 5158 2725 5213 illorum
2771 5158 2839 5213 ab
2869 5158 2977 5222 eis,
3018 5166 3070 5210 et
3100 5157 3342 5226 regnabit
3371 5157 3624 5213 Dominus

2069 5247 2264 5320 [solus]
2290 5263 2448 5317 super
2476 5257 2689 5303 sanctos
2710 5264 2852 5304 suos.

2137 5339 2296 5393 Vens.
2324 5338 2375 5392 ι.
2400 5369 2469 5378 -—
2493 5339 2559 5392 Et
2589 5339 2870 5408 benefaciat
2897 5340 3037 5394 bonis
3063 5349 3109 5392 et
3139 5338 3282 5392 rectis
3306 5335 3473 5390 corde.
3508 5333 3619 5398 ilic.

2066 5439 2124 5482 ut
2154 5431 2207 5482 iu
2240 5430 2342 5485 fide
2369 5440 2423 5484 et
2451 5432 2589 5484 bono
2631 5444 2792 5501 opere
2835 5441 3182 5501 permaneant
3224 5429 3457 5493 stabiles,
3489 5437 3542 5483 et
3568 5430 3623 5483 in

2067 5521 2244 5576 futuro
2267 5521 2490 5592 gloriam
2519 5524 2781 5592 accipiant
2803 5525 3198 5592 sempiternam.

2138 5615 2294 5670 Vens.
2324 5614 2374 5668 5.
2410 5645 2477 5654 ——
2503 5613 2824 5671 Declinantcs
2854 5624 3024 5667 autem
3051 5615 3099 5667 in
3133 5614 3490 5684 obligationcm
3533 5619 3620 5668 ad-

2067 5707 2212 5760 ducet
2232 5706 2480 5760 Dominus
2504 5722 2616 5758 cum
2639 5707 2962 5775 operantibus
2990 5707 3326 5774 iniquitutrm,
3347 5726 3447 5772 pur
3470 5723 3616 5773 super
