4286 6194
673 320 776 375 627

1456 317 1535 373 'B.
1576 319 1639 375 F.
1676 316 1899 373 ALBINI
1938 313 2069 371 SEU
2107 306 2382 397 ALCUIN]
2419 309 2699 368 OPERUM
2738 308 2914 365 PARS
2946 309 3008 365 Π.

3781 309 3886 364 69.8

666 431 855 488 Israel.
897 430 998 498 Qui
1032 440 1323 500 operantur
1369 427 1736 498 iniquitatem,
1780 428 1834 482 id
1862 434 1975 490 est,
2004 438 2233 496 quorum
2259 422 2305 480 Α
2334 438 2409 488 Ix,
2445 421 2534 495 6):
2564 432 2822 492 quantum
2850 422 2992 477 enim
3019 423 3244 492 quisque
3269 414 3528 490 seminat,
3571 432 3771 478 tantum
3800 441 3887 479 re-

668 524 809 579 tacta
837 522 1028 576 imitati
1054 530 1199 588 sunt,
1223 522 1316 592 qui
1341 519 1494 592 (diu,
1523 505 1672 590 quia]
1700 532 1885 572 eorum
1914 522 2233 586 praesentem
2331 512 2511 583 cipiet.
2538 512 2671 567 Nam
2698 513 2809 582 ipsa
2836 514 2966 579 vita,
3011 512 3066 567 in
3109 528 3270 583 quam
3314 515 3646 580 intravimus,
3694 516 3888 570 misera

668 612 905 667 lanitiam
934 619 1269 675 amaverunt,
1295 618 1351 663 et
1370 609 1547 662 futura
1573 608 1832 677 supplicia
1854 621 1959 661 non
1984 601 2229 658 credide-

668 709 814 757 runt.
860 701 960 768 Qui
986 716 1114 771 ergo
1141 701 1275 755 recti
1311 706 1437 754 sunt
1472 697 1663 763 corde,
1692 705 1749 751 et
1774 711 1882 749 non
1927 692 2228 753 declinant,

666 792 795 861 quid
838 791 1152 846 habebunt?
1183 788 1304 844 Jam
1332 788 1612 843 veniamus
1635 786 1703 842 ad
1733 787 1906 857 ipsam
1943 780 2228 837 haredita-

661 892 792 936 tem.
821 880 951 947 Quae
977 889 1063 934 est
1081 880 1168 933 illa
1192 878 1521 933 hznreditas?
1556 877 1667 931 Pax
1696 890 1857 944 super
1885 871 2070 927 Israel.
2102 869 2231 937 Qua:

662 970 805 1040 pax?
832 969 946 1034 Illa,
973 983 1092 1037 quae
1112 974 1401 1037 exsuperat
1427 980 1641 1021 omnem
1664 978 1900 1018 sensum.

1164 1055 1483 1112 PSALMUS
1519 1054 1727 1110 CXXV.

734 1148 976 1203 Psalmus
991 1148 1090 1202 iste
1108 1146 1381 1201 Graduum
1404 1133 1785 1213 redemptionis
1803 1149 1999 1196 nostra:
2019 1138 2229 1193 laudem

665 1247 933 1311 decantat,
960 1246 1226 1315 quomodo
1246 1241 1456 1297 liberati
1481 1256 1667 1295 sumus
1687 1241 1751 1294 de
1777 1238 2086 1308 captivitate
2115 1234 2232 1289 dia-

665 1338 852 1393 bolica:
876 1338 1176 1407 potestatis,
1200 1344 1255 1391 et
1277 1342 1620 1404 peccatorum
1644 1340 1949 1387 nostrorum
1970 1327 2226 1384 vinculis:

666 1436 852 1482 cantat
876 1425 1063 1498 [enim]
1090 1427 1191 1480 iste
1213 1431 1421 1479 amator
1447 1422 1711 1477 libertatis
1740 1428 1968 1473 nostrae:

736 1518 897 1573 Vens.
941 1517 991 1570 l.
1027 1546 1097 1556 —
1128 1516 1195 1568 In
1222 1512 1557 1567 convertenda
1597 1511 1851 1564 Dominus
1887 1508 2229 1577 captivitatem

668 1604 819 1669 Sion,
847 1605 971 1674 {acti
999 1620 1177 1657 sumus
1216 1603 1347 1656 sicut
1376 1599 1661 1663 consolati,
1692 1598 1746 1653 id
1773 1590 1876 1663 est,
1915 1597 2225 1666 gaudentes.

668 1691 796 1748 Sion
835 1694 891 1747 in
937 1692 1140 1764 angelis
1168 1702 1399 1755 aeterna,
1431 1690 1486 1743 iu
1524 1688 1830 1743 hominibus
1873 1687 2084 1754 captiva
2124 1694 2224 1739 est.

2328 610 2431 666 est,
2460 602 2756 673 lacrymosa
2784 610 2903 668 est,
2942 603 3316 672 laboribusque
3356 603 3532 673 plena.
3576 603 3699 660 Ideo
3731 606 3890 661 homo

2329 699 2487 745 natus
2512 690 2639 745 ﬁere
2665 692 2832 756 novit,
2864 691 3041 746 ridere
3064 707 3170 746 non
3195 693 3374 756 novit,
3413 695 3537 762 quia
3561 692 3627 747 ad
3654 694 3889 749 laborem

2328 786 2487 833 natus
2513 786 2618 843 est,
2653 795 2758 834 non
2786 780 2851 834 ad
2880 780 3140 836 laetitiam.

2399 868 2560 924 Vsus.
2592 868 2644 922 6.
2671 900 2743 929 -έ
2771 868 2969 925 Euntes
2998 872 3163 937 ibant,
3190 882 3237 926 et
3265 874 3457 943 ﬂebant
3476 914 3492 940 ,
3522 877 3774 930 mittentes
3811 894 3893 932 se-

2329 959 2472 1012 mina
2496 974 2614 1011 sua.
2641 958 2744 1014 Iste
2768 958 2979 1014 Gradus
3016 962 3345 1015 canticorum
3372 961 3437 1015 ad
3461 978 3623 1032 opera
3662 979 3760 1018 nos
3792 965 3893 1018 mi-

2328 1050 2633 1106 sericordite
2676 1052 3032 1119 exhortatur,
3066 1061 3127 1107 ut
3168 1070 3356 1109 eamus
3387 1064 3442 1109 et
3473 1071 3777 1125 quaeramus
3804 1059 3892 1113 cui

2328 1145 2465 1199 bene
2491 1144 2752 1200 iaciamus
2792 1154 2848 1200 et
2890 1148 3278 1215 compatientes
3300 1149 3469 1203 simus
3496 1150 3729 1205 miseria:
3755 1152 3889 1205 alio-

2331 1247 2480 1298 rum;
2503 1233 2935 1303 sicutApostoltis
2961 1235 3118 1290 dicit:
3142 1235 3295 1309 Flere
3315 1254 3432 1290 cum
3451 1238 3691 1307 ﬂentibus
3707 1238 3883 1310 (Rom.

2332 1337 2428 1387 xu,
2455 1320 2562 1393 l5).
2594 1322 2867 1378 Mittamus
2910 1324 3111 1377 semina
3153 1333 3337 1378 nostra
3366 1339 3526 1393 super
3553 1332 3893 1380 transeuntes

2331 1431 2516 1486 aquas,
2552 1417 2677 1485 quia
2708 1417 2760 1470 in
2791 1416 2957 1470 multo
2990 1425 3229 1486 tempore
3265 1417 3597 1473 inveniemus
3622 1417 3731 1471 illa.
3770 1417 3896 1472 Ideo

2331 1508 2608 1577 sequitur:
2660 1504 2922 1561 Venientes
2959 1516 3131 1561 autem
3174 1510 3371 1563 venient
3413 1509 3468 1563 in
3509 1508 3853 1563 exsultatione
3876 1551 3891 1573 ,

2329 1605 2591 1667 portantes
2618 1594 2913 1666 manipulos
2939 1613 3080 1650 suos.
3121 1596 3237 1662 Quo
3264 1598 3500 1662 venient,
3540 1597 3644 1653 nisi
3670 1598 3723 1652 in
3753 1612 3892 1666 prae-

2331 1686 2555 1740 sentiam
2583 1685 2774 1739 summi
2796 1684 3033 1740 Iudicis?
3062 1684 3243 1757 [Quid]
3272 1687 3523 1757 portant?
3547 1702 3708 1757 opera
3737 1686 3895 1741 mise-

673 1784 821 1841 Unde
840 1749 1086 1854 captiva?
1112 1750 1249 1849 Quia
1270 1749 1558 1834 venundati
1577 1779 1676 1833 sub
1693 1749 2117 1847 peccata—Unde
2139 1792 2234 1830 ve-
2259 1749 2307 1808 Β
2332 1776 2594 1831 ricordiaz.
2628 1776 2842 1830 Esurivi
2865 1779 3019 1841 enim,
3056 1749 3134 1832 ait
3160 1749 3433 1844 Dominus,
3463 1790 3512 1833 et
3533 1749 3745 1834 dedistis
3767 1780 3895 1832 mihi

666 1874 911 1937 nundati,
937 1873 1039 1927 nisi
1073 1869 1465 1926 consentientes
1488 1867 1755 1937 peccato?
1788 1866 1968 1921 Liberi
1994 1866 2123 1921 facti
2142 1884 2232 1921 su-

669 1981 807 2030 mus,
852 1964 947 2019 sed
980 1962 1332 2032 nosmetipsos
1352 1959 1687 2013 vendidimus
1721 1965 1942 2028 peccato
1986 1957 2233 2030 [propter

670 2056 1073 2110 consensionem
1094 2052 1303 2123 peccati
1326 2052 1379 2105 in
1399 2050 1571 2121 primo
1590 2058 1813 2120 parente
1834 2057 2016 2105 nostro
2037 2049 2229 2122 (Edit.,

668 2154 948 2200 consortes
979 2144 1108 2199 lacti
1139 2150 1362 2213 peccato
1396 2142 1553 2211 primi
1580 2142 1821 2211 parentis
1842 2140 2032 2211 nostri)
2056 2139 2097 2211 ].
2126 2138 2231 2195 Sed

668 2239 723 2292 in
750 2239 984 2293 secundo
1003 2237 1210 2293 liberati
1234 2242 1420 2290 sumus
1439 2242 1495 2288 et
1520 2234 1640 2288 ideo
1660 2232 1938 2288 consolati.
1953 2233 2068 2288 Non
2087 2234 2230 2289 enim

667 2345 853 2385 omnes
879 2330 1019 2384 illius
1047 2328 1281 2383 civitatis
1305 2326 1451 2380 cives
1473 2324 1674 2395 captivi
1701 2331 1845 2389 sunt,
1871 2324 1965 2378 sed
1993 2325 2083 2395 qui
2108 2325 2232 2379 inde

666 2422 1094 2490 peregrinantur,
1121 2418 1316 2489 captivi
1341 2425 1466 2473 sunt
1490 2434 1503 2469 :
1544 2414 1838 2471 consolatio
1860 2428 1986 2469 vero
2008 2415 2231 2469 misero-

668 2526 789 2567 rum
809 2518 893 2566 est
916 2518 973 2566 et
993 2512 1319 2581 gementium
1344 2526 1360 2574 ;
1397 2508 1559 2578 382
1589 2507 1682 2561 sed
1709 2506 1869 2560 modo
1894 2494 2014 2560 haec
2035 2521 2230 2561 conso-

668 2600 796 2657 latio
820 2610 904 2654 est
923 2602 976 2654 in
1006 2615 1121 2669 spe,
1145 2607 1272 2652 tunc
1297 2599 1402 2651 erit
1428 2598 1481 2651 in
1512 2612 1591 2662 re,
1622 2597 1746 2651 dum
1771 2596 2067 2651 videbimus
2094 2596 2231 2652 facie

668 2689 736 2742 ad
760 2687 991 2743 faciem:
1031 2701 1200 2758 usque
1227 2701 1370 2741 nunc
1405 2686 1461 2740 in
1497 2683 1604 2740 ﬁde
1644 2684 1935 2752 credimus,
1964 2693 2019 2739 et
2045 2686 2099 2740 in
2137 2701 2230 2756 spe

668 2790 935 2831 amamus.

737 2866 897 2922 Vnus.
935 2866 992 2919 2.
1017 2895 1089 2905 —
1114 2864 1257 2918 Tunc
1280 2862 1525 2933 repletum
1561 2870 1635 2916 est
1660 2861 1853 2932 gaudio
1878 2879 1936 2916 os
1962 2872 2192 2917 nostrum
2212 2902 2227 2928 ,

666 2965 714 3009 et
739 2956 919 3023 lingua
943 2964 1117 3009 nostra
1147 2953 1508 3009 exsultatione.
1536 2955 1593 3008 In
1620 2955 1722 3009 hac
1741 2953 2107 3009 consolatione
2126 2956 2231 3008 hu-

2327 1868 2683 1933 manducare;
2720 1869 2879 1933 silici,
2906 1878 2956 1922 et
2983 1870 3199 1923 dedistis
3235 1872 3363 1923 milii
3388 1872 3575 1925 bibere.
3604 1871 3741 1938 Quid
3763 1887 3893 1942 ergo

2328 1959 2562 2013 audituri
2587 1960 2781 2013 erunt?
2811 1956 3009 2024 Venite,
3033 1959 3282 2014 benedicti
3305 1961 3484 2017 Patris
3508 1963 3628 2026 mei,
3650 1965 3896 2033 percipite

2330 2068 2541 2122 regnum
2577 2051 2712 2123 quod
2734 2052 2872 2106 vobis
2894 2062 3136 2123 paratum
3156 2064 3230 2108 est
3250 2055 3315 2117 ab
3337 2056 3537 2124 origine
3555 2056 3757 2120 mundi,
3781 2064 3889 2111 etc.

2330 2142 2542 2214 (Matth.
2568 2145 2797 2209 xxv,54,
2816 2145 2926 2216 35).
2956 2145 3106 2199 'l‘unc
3128 2146 3233 2200 illis
3254 2146 3356 2201 hoc
3378 2146 3599 2209 dicetur,
3619 2147 3709 2216 qui
3731 2162 3892 2216 opera

2327 2234 2710 2289 misericordiae
2755 2234 2913 2289 modo
2962 2233 3246 2304 diligenter
3294 2234 3478 2290 volunt
3523 2237 3785 2292 seminare
3835 2237 3894 2291 in

2328 2340 2613 2395 pauperes.

2367 2477 2393 2492 ρ
2817 2412 3135 2470 PSALMUS
3170 2414 3397 2473 cxxw.

2398 2502 2523 2559 Haec
2546 2504 2773 2568 cantica,
2802 2512 2862 2558 ut
2888 2520 3025 2573 saepe
3052 2506 3300 2572 diximus,
3324 2506 3724 2561 ascendentium
3746 2513 3888 2561 sunt.

2328 2596 2566 2664 Qualiter
2597 2596 3038 2652 ascendentium?
3077 2595 3296 2651 Scilicet
3316 2597 3545 2653 amando
3566 2597 3756 2655 Deum.
3790 2595 3894 2663 Qui

2327 2689 2496 2745 Deum
2530 2697 2695 2756 amat,
2722 2689 2991 2753 ascendit;
3015 2688 3106 2757 qui
3126 2687 3383 2743 saeculum
3409 2696 3572 2753 amat,
3596 2689 3758 2744 cadit.
3785 2688 3895 2742 Sed

2328 2780 2485 2849 hujus
2507 2779 2696 2850 psalmi
2720 2778 2873 2833 titulo
2900 2778 3138 2833 additum
3166 2785 3285 2833 est:
3314 2776 3590 2833 Canticum
3618 2779 3892 2834 Graduum

2330 2868 2646 2924 Salomonis.
2673 2867 2977 2931 Videamus,
3008 2883 3106 2922 cur
3127 2882 3321 2922 nomen
3361 2866 3662 2925 Salomonis
3694 2868 3749 2923 in
3790 2867 3894 2922 hoc

2328 2956 2693 3011 tantummodo
2736 2953 2895 3027 [loco]
2929 2955 3167 3010 additum
3198 2956 3285 3010 sit.
3335 2955 3586 3011 Salomon
3627 2956 3898 3026 interpreo

658 3045 749 3115 jus
773 3044 1153 3114 redemptionis
1174 3053 1371 3099 nostrae
1390 3044 1651 3113 repletum
1675 3050 1760 3097 est
1781 3059 1844 3098 os
1862 3044 2040 3098 cordis
2058 3045 2230 3099 nostri
2254 3074 2302 3137 ο
2331 3054 2475 3100 tatur
2502 3045 2778 3115 paciﬁcus.
2809 3044 2939 3111 Quis
2974 3043 3099 3116 [est]
3139 3045 3239 3098 iste
3265 3042 3547 3113 paciﬁcus,
3593 3045 3697 3114 nisi
3734 3060 3893 3100 verus

666 3136 862 3206 gaudio
881 3175 896 3199 ,
927 3143 983 3188 et
1019 3135 1200 3204 lingua
1229 3134 1407 3188 cordis
1434 3133 1819 3193 exsultatione:
1862 3151 1925 3191 os
1963 3136 2141 3191 cordis
2175 3147 2231 3193 et
2267 3133 2299 3137 ⁷
2330 3137 2580 3193 Salomon
2604 3136 2859 3192 Dominus
2878 3144 3059 3191 noster
3073 3134 3230 3190 Iesus
3251 3134 3518 3201 Christus,
3543 3138 3636 3207 qui
3655 3138 3892 3193 caelestia

665 3229 847 3299 lingua
871 3229 1067 3293 cordis,
1102 3220 1206 3297 quo
1243 3226 1394 3299 [Ms.,
1441 3226 1590 3299 qua],
1638 3243 1731 3283 ore
1766 3229 1965 3283 carnali
2012 3230 2226 3293 clauso,

666 3319 792 3373 dum
820 3334 1058 3385 oramus,
1088 3320 1381 3375 clamamus
1412 3319 1479 3372 ad
1500 3318 1672 3392 Deum
1699 3336 1711 3371 :
1738 3318 2073 3374 Tuncdicent
2098 3322 2231 3374 inter

666 3423 862 3481 gentes,
892 3412 1241 3481 magniﬁcarit
1266 3410 1517 3463 Dominus
1541 3409 1713 3478 facere
1737 3426 1853 3463 cum
1881 3410 2004 3465 illis.
2036 3411 2091 3466 Id
2123 3421 2226 3478 est,

666 3503 1086 3561 miscricordiam
1125 3501 1300 3555 facere
1338 3516 1461 3555 cum
1502 3501 1749 3556 omnibus
1775 3502 2061 3570 gentibus:
2103 3503 2229 3571 quia

666 3610 774 3649 non
805 3602 1010 3647 tantum
1043 3600 1201 3645 notus
1221 3590 1275 3644 in
1295 3588 1475 3644 Iudaea
1502 3588 1662 3653 Deus,
1684 3590 1776 3642 sed
1799 3604 1830 3642 a
1862 3588 2054 3644 ﬁnibus
2075 3598 2229 3644 terra:

667 3685 850 3737 laudes
874 3682 1171 3734 audivimus
1194 3679 1461 3747 justorum
1481 3679 1718 3733 dicentes
1732 3678 1883 3751 [Ms.,
1894 3679 2023 3749 justi
2050 3681 2229 3735 dicen-

669 3772 757 3844 tis]
785 3791 796 3824 :
834 3770 1044 3824 Exaudi
1069 3786 1182 3834 nos,
1204 3768 1347 3823 Deus
1374 3768 1618 3823 salutaris
1647 3780 1838 3833 noster,
1860 3770 1973 3839 spei
1999 3771 2228 3826 omnium

666 3863 850 3931 ﬁnium
876 3870 1046 3923 terrm,
1080 3869 1126 3912 et
1153 3858 1208 3911 in
1233 3858 1369 3910 mari
1400 3856 1548 3926 longe
1586 3856 1756 3927 (Psal.
1789 3872 1933 3923 LXIV,
1966 3856 2039 3929 6).
2067 3857 2228 3912 Dica-

666 3965 787 4005 mus
823 3947 974 4019 μὴ,
1005 3944 1213 4016 dicunt]
1247 3947 1426 4014 itaque
1452 3959 1640 4000 omnes
1666 3964 1678 3998 :

736 4042 896 4094 Vens.
925 4040 978 4093 3.
1002 4069 1071 4079 —-
1091 4036 1443 4106 Magniﬁcavit
1470 4034 1720 4089 Dominus
1742 4036 1912 4105 facere
1942 4037 2224 4098 nobiscum,

668 4132 791 4199 facti
821 4146 996 4183 sanius
1031 4126 1281 4179 ltetantes.
1305 4125 1723 4179 Misericordiam
1749 4124 1875 4178 fecit
1909 4126 2082 4190 nobis,
2112 4126 2230 4182 ideo

667 4220 795 4274 lacti
822 4233 1007 4273 sumus
1030 4216 1291 4269 laetantes.
1646 4271 1651 4277 ,

736 4313 897 4368 Vens.
920 4308 972 4363 4.
996 4339 1067 4348 —
1094 4308 1359 4361 Convertet
1380 4308 1632 4362 Dominus
1658 4308 1803 4380 [Ms.,
1820 4307 2083 4377 Converte,
2116 4310 2227 4365 Do-

2325 3239 2381 3285 et
2426 3230 2700 3285 terrestria
2748 3228 3050 3298 paciﬁcavit
3093 3228 3148 3282 in
3195 3230 3453 3297 sanguine
3500 3244 3629 3288 suo.
3678 3238 3734 3284 et
3768 3228 3896 3283 fecit

2326 3330 2550 3389 utraque
2574 3334 2768 3383 unum,
2798 3316 2931 3372 duos
2960 3317 3063 3372 sibi
3089 3319 3324 3388 parietes
3358 3317 3687 3388 coniungens
3727 3318 3781 3370 in
3811 3333 3893 3371 se-

2326 3413 2461 3483 ipso,
2485 3426 2692 3466 summo
2712 3408 2952 3480 angulari
2981 3409 3172 3479 lapide.
3198 3408 3331 3463 Nam
3358 3408 3595 3464 Ecclesia
3622 3396 3734 3479 [de]
3759 3410 3890 3463 duo-

2325 3505 2425 3558 bus
2450 3500 2680 3572 populis,
2709 3500 2762 3554 id
2785 3507 2889 3564 est,
2919 3500 3343 3554 circumcisionis
3363 3506 3419 3553 et
3445 3499 3693 3573 praeputii
3720 3514 3888 3569 copu-

2326 3588 2454 3644 lavit
2496 3591 2552 3644 iu
2591 3605 2757 3643 unum
2800 3589 2977 3653 ovile,
3019 3597 3081 3643 ut
3125 3589 3196 3643 sit
3222 3603 3359 3641 unus
3402 3596 3588 3655 pastor
3628 3597 3685 3641 et
3726 3603 3891 3641 unum
3950 3594 3953 3595 '

2326 3682 2481 3736 ovile.
2522 3681 2600 3735 De
2626 3681 2731 3735 isto
2756 3695 2886 3734 vero
2900 3677 3193 3748 Salomone
3232 3677 3288 3731 in
3313 3678 3487 3747 capite
3520 3675 3675 3746 hujus
3702 3677 3891 3747 psalmi

2326 3772 2523 3826 dicitur
2546 3788 2559 3824 :

2394 3858 2556 3916 Vsus.
2587 3861 2638 3913 l.
2668 3890 2741 3900 —
2764 3860 2885 3914 Nisi
2920 3860 3171 3915 Dominus
3195 3858 3527 3927 aediﬁcaverit
3566 3857 3798 3920 domum,
3835 3857 3890 3908 in

2326 3966 2513 4007 vanum
2546 3950 2783 4005 laborant
2820 3950 2940 4022 [Ms.
2968 3991 2983 4015 ,
3028 3949 3449 4019 laboraverunt],
3494 3950 3585 4018 qui
3628 3948 3890 4016 mdiﬁcunt

2326 4057 2459 4094 eam.
2486 4039 2599 4094 Nisi
2623 4040 2879 4095 Dominus
2896 4039 3124 4095 mdiﬁcet
3141 4039 3434 4093 Ecclesiam
3457 4039 3660 4107 absque
3680 4039 3889 4093 macula

2326 4140 2382 4187 et
2425 4147 2576 4204 ruga,
2621 4132 2675 4185 in
2704 4146 2900 4185 vanum
2944 4131 3151 4185 laborat
3189 4130 3367 4185 omnis
3398 4129 3735 4198 praedicator.
3786 4128 3889 4196 Qui

2327 4229 2451 4277 sunt
2476 4222 2567 4292 qui
2597 4221 2652 4274 in
2681 4234 2876 4272 vanum
2914 4219 3176 4284 laborant,
3209 4218 3313 4272 nisi
3349 4220 3586 4274 hazretici
3615 4219 3706 4287 qui
3736 4218 3889 4279 labo-

2326 4321 2451 4368 rant
2467 4311 2760 4367 Ecclesiam
2783 4324 3125 4379 congregare,
3155 4310 3247 4364 sed
3263 4311 3465 4378 absque
3489 4308 3742 4373 Domino;
3766 4307 3887 4361 ideo

667 4401 847 4472 mine],
868 4400 1208 4471 captivitatem
1248 4408 1474 4451 nostram
1520 4399 1650 4452 sicut
1690 4409 1887 4453 torrens
1926 4400 1981 4455 in
2023 4408 2221 4455 austro.
2258 4419 2305 4477 ι)
2327 4419 2522 4460 vanum
2550 4412 2634 4458 est
2653 4418 2787 4473 opus
2808 4403 3035 4467 illorum.
3069 4404 3146 4458 Ex
3183 4417 3288 4471 quo
3314 4402 3538 4470 populus
3566 4401 3739 4458 ﬁdelis
3760 4403 3889 4457 tedi-

669 4491 957 4547 Torreutes
1000 4488 1251 4541 dicuntur
1275 4484 1493 4538 ﬁumina
1540 4486 1824 4549 hiemalia;
1865 4503 2058 4557 magno
2084 4490 2225 4542 enim
2276 4505 2279 4507 ·

669 4583 866 4649 impetu
895 4576 1184 4646 repentinis
1204 4576 1356 4643 aquis
1387 4574 1597 4643 impleta
1624 4584 1860 4629 currunt.
1884 4576 2077 4631 Auster
2103 4594 2229 4633 vero

668 4678 858 4723 ventus
882 4668 1083 4722 calidus
1107 4674 1211 4731 est,
1236 4676 1291 4720 et
1315 4664 1510 4735 glacies
1539 4665 1780 4719 solvens:
1809 4666 2075 4737 signiﬁcat
2100 4683 2227 4723 vero

672 4761 927 4833 Spiritum
966 4768 1209 4812 sanctum
1240 4758 1328 4825 qui
1368 4758 1619 4812 duritiam
1646 4766 1986 4828 peccatorum
2016 4769 2233 4815 nostro-

668 4870 811 4918 rum,
856 4867 974 4922 quae
1009 4850 1122 4903 zelo
1161 4847 1373 4919 [Forte,
1401 4848 1548 4918 gelu]
1581 4848 1905 4903 inﬁdelitatis
1938 4852 2226 4905 constricta

670 4953 767 5006 est,
790 4942 944 4997 solvit
967 4949 1021 4994 et
1048 4940 1235 5003 siccat,
1260 4946 1313 4991 et
1332 4938 1593 4991 convertit
1611 4938 1969 5005 captivitatem
1991 4944 2227 4991 nostram

672 5035 723 5085 in
756 5033 1011 5085 laetitiam.

741 5124 900 5176 Vsus.
940 5120 990 5173 5.
1020 5149 1089 5159 -—
1120 5118 1221 5183 Qui
1265 5122 1517 5172 seminant
1558 5119 1609 5171 in
1650 5120 1924 5188 lacrymis,
1957 5119 2009 5172 in
2035 5118 2225 5189 gaudio

670 5221 872 5265 metent.
908 5210 1054 5263 Beati
1084 5210 1170 5279 qui
1195 5207 1385 5277 lugent,
1414 5208 1655 5275 quoniam
1687 5209 1784 5275 ipsi
1805 5207 2224 5263 consolabuntur.

671 5304 801 5355 ltcm
825 5317 837 5351 :
872 5299 1017 5351 Beati
1045 5298 1415 5360 misericordes,
1439 5297 1678 5365 quoniam
1701 5297 1797 5363 ipsi
1822 5296 2223 5349 misericordiam

672 5395 1043 5457 consanentur
1064 5386 1271 5455 (Matth.
1305 5402 1358 5450 v,
1388 5385 1443 5445 5,
1473 5385 1545 5455 7).
1580 5383 1855 5439 Seminant
1878 5387 1933 5439 in
1955 5385 2222 5456 lacrymis,

673 5479 762 5544 qui
798 5476 977 5545 lugent
1003 5489 1096 5528 sua
1124 5481 1337 5551 peccata
1364 5491 1378 5540 ;
1419 5474 1681 5529 seminant
1705 5469 1757 5528 in
1782 5474 1933 5540 valle,
1956 5476 2044 5545 qui
2068 5477 2225 5530 mise-

674 5566 914 5619 ricordiae
940 5580 1100 5634 opera
1126 5563 1345 5627 faciunt,
1378 5564 1584 5617 dicente
1616 5558 1869 5635 Apostolo
1892 5565 2037 5630 τρυε
2067 5567 2222 5617 semi-

676 5667 760 5709 mt
793 5658 841 5709 in
872 5656 1230 5720 Ιιῖιιρτιὶειὶθιιρ,
1262 5654 1323 5707 de
1350 5654 1693 5709 benedictione
1727 5655 1939 5723 accipiet
1974 5652 2059 5722 (II
2098 5651 2217 5705 Cor.

2328 4495 2517 4551 ﬁcatus
2543 4504 2645 4561 est,
2674 4504 2855 4551 custos
2891 4502 2973 4549 est
3015 4494 3183 4562 ipsius
3211 4492 3466 4546 Dominus
3506 4502 3689 4549 noster
3730 4493 3886 4548 Jesus

2326 4584 2625 4649 Cliristus,.
2644 4586 2735 4653 qui
2767 4582 3013 4644 aediﬁcat,
3058 4581 3148 4649 qui
3176 4590 3485 4645 conservat,
3514 4583 3603 4651 qui
3632 4582 3881 4652 protegit,

2325 4678 2416 4747 qui
2448 4684 2784 4737 mmunerat;
2808 4672 2894 4726 ille
2919 4671 3062 4726 solus
3083 4673 3137 4727 in
3163 4674 3408 4726 omnibus
3428 4682 3481 4727 et
3508 4674 3799 4728 aadiﬁcator
3824 4680 3881 4725 et

2324 4774 2520 4821 custos.
2551 4764 2674 4820 Ideo
2694 4764 2825 4819 dixit
2853 4765 2907 4818 in
2937 4763 3177 4831 sequenti
3206 4777 3364 4817 versu
3388 4784 3400 4815 :
3446 4758 3566 4818 Nisi
3589 4762 3750 4833 383
3772 4762 3878 4815 Do-

2325 4856 2494 4908 minus
2515 4856 2809 4909 custodierit
2838 4855 3113 4927 civitatem,
3137 4852 3330 4920 frustra
3351 4854 3527 4921 vigilat
3553 4853 3641 4921 qui
3661 4852 3879 4905 custodit

2324 4962 2457 4998 eam.
2486 4945 2592 4998 Ista
2612 4952 2694 4999 est
2718 4943 2935 5004 civitas,
2966 4941 3030 4994 de
3066 4956 3169 5010 qua
3199 4944 3387 5010 smpius
3418 4942 3471 4994 in
3498 4942 3583 4995 his
3608 4939 3878 4996 Graduum

2324 5034 2540 5103 psalmis
2571 5040 2837 5092 cantatur,
2863 5030 3114 5099 spiritalis
3137 5033 3317 5097 utique
3341 5028 3658 5084 Jerusalem.

2394 5125 2553 5177 Vens.
2586 5122 2639 5174 2.
2665 5149 2733 5158 ——
2766 5116 2963 5172 Vanum
3002 5128 3075 5172 est
3117 5118 3254 5171 vobis
3297 5117 3416 5188 [Ms.
3438 5158 3452 5182 ,
3497 5120 3550 5171 in
3593 5134 3777 5173 vanum
3802 5126 3877 5171 est

2327 5213 2434 5284 vos]
2461 5222 2580 5265 ante
2604 5210 2768 5263 lucem
2792 5226 3017 5279 surgere.
3043 5207 3100 5260 In
3128 5222 3318 5261 vanum
3347 5220 3430 5262 est
3458 5211 3601 5279 enim
3623 5210 3764 5261 intus
3784 5206 3879 5262 lto-

2324 5301 2453 5355 mini
2483 5300 2683 5367 absque
2710 5301 2885 5354 divina
2912 5298 3081 5368 gratia
3110 5298 3369 5353 laborare.
3409 5295 3726 5369 [Praeveniat
3757 5312 3879 5367 gra-

2324 5391 2421 5454 tia,
2444 5390 2535 5443 sed
2567 5392 2918 5461 subsequatur
2946 5388 3241 5442 obedientia
3263 5430 3275 5453 ,
3308 5396 3432 5441 tunc
3457 5403 3560 5441 non
3589 5388 3795 5444 laborat
3821 5386 3873 5440 in

2324 5479 2561 5553 vanum].
2596 5479 2802 5546 Surgite
2828 5486 3094 5546 postquam
3122 5478 3374 5540 sederitis,
3416 5478 3505 5545 qui
3548 5476 3871 5533 manducetis

2323 5587 2505 5638 panem
2534 5568 2745 5621 doloris.
2793 5565 2848 5619 Si
2893 5567 3049 5623 vultis
3085 5568 3139 5622 in
3169 5566 3379 5621 excelso
3414 5581 3565 5631 esse,
3596 5574 3763 5621 estote
3787 5565 3873 5618 hic

2326 5660 2566 5723 humiles,
2597 5657 2683 5711 ubi
2721 5657 2931 5713 humilis
2971 5657 3070 5712 fuit
3113 5656 3218 5722 ille,
3250 5658 3337 5725 qui
3364 5673 3461 5725 pro
3492 5656 3643 5712 nobis
3673 5670 3874 5725 pauper
