4230 6190
414 387 518 443 629

1161 389 1562 448 amoenas.
1593 420 1665 433 —
1698 389 2055 449 EXPOSITIO
2091 393 2160 450 IN
2195 394 2386 451 PSAL.
2427 366 2854 454 GRADUALES.
3323 402 3333 412 ·
3495 399 3602 450 cso-

412 501 512 555 {uit
541 496 734 569 (alitus,
761 511 820 558 ut
842 502 916 559 ibi
938 502 1133 559 excelsi
1154 505 1289 567 sitis,
1317 507 1406 560 ubi
1427 506 1514 561 ille
1531 507 1679 563 sedet
1695 507 1763 561 ad
1785 508 1960 561 dexte-
1986 510 2037 570 Α
2060 507 2354 563 volentibus
2387 515 2442 563 et
2485 510 2787 566 nolentibus
2819 508 3002 565 audire
3029 511 3246 565 verbum
3277 510 3389 574 Dei,
3437 511 3597 564 etiam

414 608 526 646 ram
561 593 655 647 Dei
692 593 884 648 Patris.
930 591 1201 649 Surrectio
1232 594 1605 652 exaltationem
1653 596 1918 666 signiﬁcat
1939 637 1954 662 ,

411 681 580 738 sessio
607 681 958 736 humilitatem
987 683 1243 753 designat.
1271 684 1401 739 Aliis
1423 684 1554 739 locis
1579 687 1745 740 sessio
1774 685 1961 740 intelli-

413 775 555 843 gitur
580 774 650 828 ab
675 773 874 828 honore
892 772 1184 840 iudicandi,
1216 783 1274 829 ut
1300 773 1439 828 illic:
1477 775 1726 829 Sedebitis
1754 791 1840 828 vos
1871 793 1960 828 su-

413 880 503 930 per
525 863 668 917 sedes
687 863 955 917 duodecim
982 862 1190 934 (Matth.
1221 880 1335 930 six,
1374 863 1487 936 28).
1522 866 1652 918 Item
1673 866 1838 920 sessio
1861 866 1958 920 hu-

415 950 691 1006 militatem
734 950 996 1022 signiﬁcat
1018 989 1034 1015 ,
1065 959 1124 1005 ut
1153 951 1261 1006 illic
1285 971 1298 1006 :
1338 953 1490 1006 Jesus
1514 953 1758 1022 fatigatus
1785 971 1851 1007 ea:
1874 955 1959 1006 iti-

416 1056 532 1094 nere
553 1039 756 1094 sedebat
779 1042 853 1094 sic
879 1057 1032 1110 super
1052 1040 1241 1109 fontem
1265 1038 1440 1109 (Joan.
1466 1055 1542 1104 IV,
1568 1039 1643 1109 6).
1671 1039 1804 1094 Nam
1831 1049 1886 1094 et
1905 1041 1960 1094 in

414 1133 519 1187 alio
542 1131 742 1203 psalmo
768 1131 960 1186 dicitur
983 1151 995 1184 :
1036 1131 1271 1193 Domine,
1302 1140 1355 1183 tu
1376 1131 1653 1199 cognovisti
1684 1131 1954 1186 sessionem

414 1239 602 1287 meam,
632 1222 1120 1276 etresurrectianem
1147 1238 1312 1274 meam
1342 1219 1562 1291 (Psalm.
1589 1238 1823 1276 cxxxvut
1840 1263 1855 1287 ,
1882 1223 1957 1291 2),

417 1309 470 1363 id
504 1319 609 1375 est,
658 1309 1006 1368 humilitatem
1043 1323 1217 1363 meam
1263 1315 1317 1362 et
1363 1310 1734 1364 exaltationem
1765 1325 1956 1365 meam.

417 1397 487 1454 Ut
505 1413 630 1468 ergo
651 1396 1051 1467 intelligeretur,
1081 1397 1147 1452 ad
1167 1411 1324 1466 quam
1344 1399 1632 1466 pertineret
1654 1399 1768 1454 haec
1796 1400 1962 1453 sessio

415 1488 660 1552 formam,
683 1487 882 1542 addidit
916 1488 1095 1542 statim
1118 1505 1132 1542 :
1179 1486 1282 1553 Qui
1304 1488 1629 1544 manducetis
1654 1507 1838 1560 panem
1870 1491 1964 1544 do-

414 1579 560 1633 lor's.
593 1577 908 1632 Manducant
949 1591 1140 1644 panem
1167 1576 1379 1641 doloris,
1421 1577 1511 1646 qui
1538 1589 1753 1648 gemunt
1780 1580 1834 1632 in
1863 1580 1964 1634 hac

414 1665 850 1735 peregrinatione.
881 1662 1162 1719 Ctelestem
1203 1676 1329 1732 ergo
1370 1665 1626 1720 desiderio
1655 1665 1964 1720 anhelemus

413 1757 673 1826 patriam:
705 1756 794 1811 hic
820 1741 1133 1818 humiliatio,
1163 1752 1270 1808 illic
1292 1755 1575 1821 exaltatio;
1610 1756 1698 1810 hic
1723 1756 1960 1826 peregri-

415 1823 578 1911 natio,
605 1844 712 1899 illic
737 1845 927 1913 patria.
951 1842 1300 1898 Humiliemur
1317 1843 1414 1897 sub
1435 1846 1636 1912 potenti
1660 1823 1819 1899 manu
1843 1823 1960 1910 Dei,
1993 1823 2037 1883 θ

417 1944 474 1989 ut
507 1947 606 1987 nos
637 1931 832 1986 exaltet
859 1932 912 1986 in
949 1937 1186 1999 tempore
1209 1929 1545 1985 visitationis.
1569 1931 1732 1996 Quasi
1759 1947 1964 2001 quaere-

417 2030 497 2078 ret
521 2023 621 2076 iste
645 2029 872 2085 amator,
897 2020 1107 2088 quando
1128 2026 1271 2074 esset
1295 2019 1398 2074 ista
1425 2021 1762 2084 resurrectio,
1790 2020 1841 2074 id
1861 2029 1964 2095 est,

417 2113 689 2174 exaltatio,
712 2111 1060 2180 respondetur
1080 2110 1129 2165 ei
1152 2124 1167 2162 :

487 2204 646 2257 Vns.
672 2201 726 2256 3.
751 2229 821 2240 —
841 2197 970 2253 Cum
991 2199 1185 2253 dederit
1205 2199 1403 2254 dilectis
1429 2202 1536 2254 suis
1560 2217 1794 2256 somnum
1809 2243 1824 2266 ,
1853 2218 1966 2255 ecce

417 2291 690 2346 hereditas
715 2287 924 2343 Domini
944 2304 964 2342 :
999 2288 1098 2357 filii
1126 2305 1318 2344 merces
1347 2290 1544 2358 fructus
1571 2294 1777 2346 ventris.
1810 2291 1965 2346 Som-

419 2397 518 2435 nus
540 2381 629 2436 hic
657 2386 879 2435 mortem
907 2377 1192 2447 signiﬁcat.
1232 2376 1426 2450 [Sicut]
1464 2380 1709 2434 Christus
1739 2397 1843 2436 non
1885 2389 1968 2437 est

417 2471 678 2525 exaltatus
705 2470 806 2524 nisi
843 2475 962 2539 post
1005 2474 1265 2532 mortem,
1291 2467 1366 2522 ita
1391 2482 1570 2524 nostra
1591 2470 1841 2526 exaltatio
1861 2487 1968 2526 non

417 2561 521 2615 erit
549 2559 738 2631 [Edit.,
769 2559 894 2631 est],
934 2558 1036 2614 nisi
1078 2566 1198 2627 post
1232 2565 1496 2614 mortem:
1535 2561 1660 2628 quia
1697 2561 1841 2616 illius
1879 2577 1966 2617 re-

418 2651 680 2706 surrectio
713 2665 815 2704 non
843 2649 944 2704 fuit
968 2649 1069 2704 nisi
1097 2656 1252 2701 antea
1288 2656 1586 2704 moreretur
1607 2689 1622 2714 ,
1658 2663 1758 2704 nec
1784 2659 1966 2705 nostra

419 2740 524 2795 erit
569 2739 891 2792 resurrectio
935 2737 1036 2792 nisi
1085 2744 1242 2792 antea
1281 2738 1592 2793 moriamur.
1637 2737 1798 2804 Quasi
1840 2753 1969 2793 vero

421 2842 686 2898 quaereres
705 2827 896 2881 iterum
923 2825 1000 2897 [et
1034 2825 1257 2898 diceres]
1284 2843 1298 2879 :
1337 2825 1538 2893 Quibus
1560 2825 1809 2883 dilectis?
1838 2828 1964 2882 Ait:

424 2915 576 2988 [Hac
605 2914 700 2987 est]
725 2914 997 2969 hereditas
1023 2914 1262 2980 Domini,
1287 2916 1387 2984 ﬁlii
1415 2934 1605 2972 merces
1631 2918 1826 2987 [ructus
1853 2936 1970 2974 ven-

421 3004 534 3057 tris.
570 3003 698 3071 Qua:
721 3012 804 3060 est
836 3002 1116 3058 haereditas
1144 3003 1286 3058 ista?
1319 3006 1408 3059 Illa
1439 3009 1642 3077 utique,
1665 3009 1729 3062 de
1756 3025 1859 3078 qua
1891 3010 1971 3064 di-

2055 597 2242 651 amicis
2274 606 2331 651 et
2373 597 2619 654 inimicis.
2647 598 2735 653 Ille
2759 607 2866 654 stat
2893 597 2969 670 [in
3002 606 3152 668 porta
3180 597 3370 668 (Edit.,
3398 598 3597 666 impor-

2058 683 2226 755 tune)]
2256 695 2316 740 ut
2348 701 2533 741 omnes
2559 688 2794 750 audiant,
2821 697 2875 742 et
2893 704 3079 744 omnes
3100 687 3440 743 aediﬁcentur.

2527 775 2842 832 PSALMUS
2876 777 3126 832 CXXVII.

2127 864 2286 918 Venit
2326 864 2392 918 ad
2435 865 2698 919 canticum
2729 866 3070 922 beatitudinis
3104 869 3328 923 istorum
3358 861 3606 928 ascenwr

2055 949 2363 1018 Graduum,
2411 961 2466 1006 et
2497 954 2603 1018 ait,
2641 955 2780 1010 unde
2812 956 2881 1010 sit
2926 957 3024 1011 ista
3051 958 3321 1012 beatitudo
3366 957 3607 1026 [sibiqua

2058 1039 2225 1111 dixit]
2250 1058 2264 1093 :

2131 1129 2287 1183 Vens.
2327 1129 2376 1181 1.
2402 1159 2469 1169 -
2496 1130 2646 1184 Beati
2665 1148 2856 1197 omnes,
2885 1136 2973 1202 qui
2991 1137 3166 1189 timent
3198 1136 3492 1200 Dominum,
3520 1141 3602 1205 qui

2059 1216 2324 1270 ambulant
2346 1217 2400 1270 in
2419 1219 2509 1271 viis
2539 1220 2670 1288 ejus.
2696 1219 2821 1275 Haec
2842 1237 2963 1274 vera
2988 1221 3138 1293 [Ms.,
3166 1225 3311 1294 vero]
3340 1226 3608 1279 beatitudo

2059 1304 2113 1356 in
2141 1306 2329 1359 timore
2358 1304 2565 1362 Domini
2595 1310 2866 1372 consistit,
2895 1319 2950 1362 et
2975 1311 3027 1363 in
3058 1312 3423 1366 observatione
3463 1329 3601 1382 prte-

2060 1401 2331 1462 ceptorum
2358 1396 2518 1451 illius.
2545 1397 2648 1452 Iste
2675 1406 2758 1452 est
2780 1403 2963 1464 timor,
2987 1399 3052 1453 de
3071 1416 3176 1468 quo
3200 1402 3253 1453 in
3276 1401 3378 1454 alio
3403 1399 3603 1470 psalmo

2060 1483 2288 1536 dicitur:
2332 1483 2506 1537 Timor
2539 1485 2749 1540 Domini
2777 1498 2986 1542 sanctus
3019 1505 3320 1556 permanens
3354 1491 3406 1542 in
3443 1506 3605 1541 sa'cu-

2061 1570 2169 1625 lum
2202 1572 2380 1626 steculi
2406 1573 2573 1644 (Psal.
2603 1591 2757 1640 xvm,
2788 1574 2894 1646 10).
2925 1576 3073 1629 Alius
3102 1585 3184 1630 est
3217 1579 3377 1632 timor
3400 1585 3612 1646 propter

2061 1677 2307 1731 poenam,
2345 1662 2480 1718 alius
2523 1672 2604 1719 est
2631 1664 2863 1735 'propter
2895 1679 3166 1720 amorem:
3207 1665 3370 1735 3“
3407 1667 3505 1719 iste
3535 1674 3614 1719 est

2062 1749 2267 1816 beatus,
2304 1753 2395 1821 qui
2429 1761 2648 1823 propter
2685 1755 2998 1810 charitatem
3037 1755 3186 1809 timet
3228 1754 3532 1818 Dominum,
3561 1765 3614 1808 et

2063 1840 2117 1893 in
2139 1841 2400 1896 charitate
2427 1843 2541 1911 ejus
2565 1853 2825 1914 praecepta
2852 1847 3114 1900 observat.
3153 1845 3222 1900 Ut
3249 1846 3335 1900 ille
3357 1846 3468 1913 ipse
3498 1846 3571 1898 ait
3597 1863 3606 1895 :

2063 1926 2121 1984 Si
2144 1928 2357 2000 diligitis
2382 1947 2479 1995 me,
2512 1933 2758 1986 mandata
2786 1951 2898 1987 mea
2924 1943 3118 1987 servate
3149 1933 3323 2003 (Joan.
3356 1948 3468 1996 xw,
3500 1933 3608 2001 l5).

2131 2018 2291 2085 Vsus.
2321 2019 2376 2074 2.
2402 2050 2473 2061 —
2501 2019 2724 2074 Labores
2751 2022 3016 2089 fructuum
3043 2035 3251 2076 tuorum
3278 2023 3614 2076 manducabis

2063 2110 2210 2181 [Ms.,
2241 2113 2505 2181 fructuum
2545 2125 2793 2166 manuum
2827 2115 3082 2184 tuarum],
3109 2116 3290 2168 beatus
3327 2131 3399 2178 es,
3423 2124 3471 2168 et
3496 2114 3618 2168 bene

2061 2202 2155 2254 tibi
2196 2203 2313 2256 erit.
2359 2203 2474 2258 Non
2511 2203 2720 2259 labores
2751 2203 3036 2258 manducat
3073 2201 3316 2269 quisque,
3351 2204 3444 2256 sed
3477 2205 3618 2270 quod

2060 2306 2126 2345 ex
2154 2292 2333 2347 labore
2355 2294 2622 2358 nascitur,
2654 2293 2708 2348 id
2746 2301 2860 2357 est,
2890 2291 3112 2346 fructus.
3144 2291 3325 2344 Sancti
3352 2299 3614 2358 martyres

2064 2381 2434 2435 laboraverunt
2459 2381 2512 2434 in
2543 2382 2645 2436 hoc
2669 2381 2884 2445 seculo,
2920 2390 2979 2434 ut
3007 2379 3234 2434 fructum
3256 2379 3377 2432 vita:
3401 2386 3614 2431 aeterna

2064 2471 2384 2542 acciperent,
2424 2478 2484 2524 ut
2513 2469 2795 2539 impleatur
2821 2472 2878 2524 in
2921 2473 3025 2526 illis
3045 2513 3058 2534 ,
3089 2473 3228 2540 quod
3256 2471 3454 2526 dictum
3495 2478 3576 2525 est
3603 2491 3612 2522 :

2074 2563 2176 2618 Vos
2216 2563 2358 2628 estis,
2399 2562 2488 2632 qui
2521 2562 2870 2632 pennansistis
2912 2577 3108 2615 mecum
3157 2563 3211 2614 in
3256 2563 3621 2615 tentationibus

2065 2653 2213 2717 meis,
2238 2660 2286 2705 et
2305 2667 2396 2720 ego
2424 2649 2638 2721 dispono
2661 2651 2798 2704 vobis
2819 2666 3047 2720 regnum,
3074 2650 3204 2702 sicut
3223 2649 3472 2718 disposuit
3493 2652 3620 2702 mihi

2067 2740 2229 2793 Pater
2252 2757 2395 2793 meus
2426 2739 2701 2812 [regnum],
2734 2751 2790 2794 ut
2810 2741 2974 2794 edatis
3008 2751 3054 2794 et
3082 2741 3264 2794 bibatis
3301 2757 3453 2809 super
3478 2755 3619 2792 men-

2065 2842 2178 2879 sam
2208 2842 2374 2879 meam
2392 2827 2447 2878 in
2479 2843 2633 2896 regno
2661 2845 2772 2881 meo
2793 2829 2943 2896 (Luc.
2964 2819 3109 2894 lxx",
3137 2829 3247 2901 28).
3275 2829 3462 2884 Beatus
3485 2846 3536 2882 es
3571 2839 3615 2882 et

2067 2917 2190 2970 bene
2214 2915 2306 2968 tibi
2331 2915 2448 2968 erit.
2475 2915 2573 2968 llic
2601 2917 2787 2970 beatus
2812 2917 2863 2969 in
2886 2933 3000 2984 spe,
3024 2919 3131 2972 illic
3150 2920 3286 2972 bene
3315 2920 3408 2972 tibi
3437 2919 3541 2972 erit
3563 2919 3614 2971 in

2071 3022 2145 3069 re,
2171 3006 2295 3060 dum
2325 3004 2526 3059 videbis
2556 3003 2689 3057 facie
2720 3005 2784 3058 ad
2813 3003 3024 3069 faciem,
3073 3022 3230 3074 quem
3269 3009 3355 3061 hic
3389 3022 3538 3061 amas
3569 3008 3618 3061 in

424 3094 600 3148 citur:
643 3092 859 3148 Postulo
897 3111 929 3146 a
954 3109 1055 3158 me,
1081 3103 1127 3148 et
1157 3093 1290 3148 dabo
1315 3095 1406 3147 tibi
1428 3107 1601 3165 gentes
1621 3099 1971 3152 hwreditatem
2000 3141 2043 3165 η
2074 3097 2252 3151 corde.

421 3198 564 3241 tuam
594 3185 773 3256 (Psal.
815 3205 878 3254 ιι,
923 3187 998 3260 8).
1027 3189 1126 3255 Qui
1150 3196 1274 3242 sunt
1303 3187 1402 3256 ﬁlii
1435 3205 1627 3242 merces
1670 3188 1815 3260 [Ms.,
1837 3207 1970 3243 mer-

422 3276 560 3348 cis]?
587 3275 771 3331 Sancti
800 3279 1002 3334 scilicet
1025 3295 1209 3333 omnes
1231 3319 1244 3344 ,
1285 3294 1418 3348 quos
1453 3280 1694 3334 Christus
1728 3295 1824 3334 suo
1852 3295 1974 3334 san-

421 3368 580 3438 guine
604 3365 902 3434 acquisivit.
934 3366 1160 3422 Fructus
1185 3370 1394 3433 ventris,
1418 3369 1472 3423 id
1501 3380 1583 3423 est
1628 3368 1855 3440 [fructus
1881 3369 1976 3424 Ec-

423 3458 617 3514 clesia.
642 3456 933 3513 Haareditas
956 3466 1010 3511 et
1036 3458 1128 3512 ﬁlii
1155 3466 1208 3513 et
1239 3450 1444 3515 fructus
1465 3477 1627 3514 unum
1654 3461 1970 3530 signiﬁcant,

427 3550 479 3604 id
506 3549 631 3622 est],
667 3551 900 3605 omnium
937 3559 1238 3603 sanctorum
1276 3553 1736 3621 congregationem
1768 3552 1934 3623 [Edit.
1956 3593 1971 3616 ,

429 3640 808 3712 congregatio],
838 3638 936 3708 ﬁlii
955 3655 1163 3705 merces,
1195 3639 1392 3696 fructus
1412 3644 1616 3695 ventris.
1651 3642 1849 3696 Deinde
1874 3643 1972 3695 ad-

422 3726 595 3799 jungit
619 3748 632 3783 :

500 3821 657 3872 Vens.
686 3821 740 3871 4.
764 3849 832 3859 —
858 3819 1003 3874 Sicut
1032 3821 1233 3890 sagitta:
1257 3821 1310 3873 in
1335 3836 1491 3874 manu
1523 3820 1760 3890 potentis,
1783 3820 1856 3873 ita
1877 3819 1975 3887 ﬁlii

427 3923 774 3961 excussorum.
800 3906 1014 3977 Sagittae
1034 3911 1255 3978 apostoli
1278 3920 1419 3975 sunt,
1437 3927 1662 3979 quorum
1685 3927 1846 3966 sonus
1863 3911 1976 3965 exi-

427 3997 502 4052 vit
527 3997 581 4052 in
602 4011 811 4051 omnem
833 4003 1053 4063 terram,
1079 3998 1143 4052 de
1163 4013 1318 4051 manu
1345 4001 1576 4067 potentis
1603 4001 1774 4065 missi,
1796 4001 1846 4055 id
1869 4009 1971 4062 est,

423 4088 663 4152 Christi;
701 4086 784 4140 Ita
823 4087 919 4155 ﬁlii
959 4104 1287 4142 escussorum
1337 4087 1432 4158 [illi
1482 4090 1580 4156 ipsi
1625 4093 1848 4158 apostoli
1880 4094 1972 4148 ﬁlii

423 4186 547 4234 sunt
570 4176 958 4248 excussomm],
1001 4177 1050 4230 id
1077 4185 1178 4241 est,
1210 4176 1299 4230 ﬁlii
1337 4178 1735 4247 prophetarum,
1767 4183 1856 4249 qui
1887 4198 1972 4236 se-

424 4275 569 4322 creta
612 4274 667 4321 et
709 4266 958 4336 mysteria
999 4267 1376 4321 incarnationis
1409 4266 1633 4330 Christi,
1675 4274 1729 4321 et
1774 4278 1973 4323 sanctae

425 4363 759 4410 sacramenta
801 4355 1068 4420 Ecclesiae,
1108 4354 1202 4411 Dei
1234 4355 1374 4410 dono
1407 4354 1542 4427 [Ηε.
1563 4397 1578 4422 ,
1609 4356 1674 4411 de
1717 4357 1968 4429 idoneo],

426 4442 657 4498 ccelestis
678 4443 912 4526 thesauri
939 4454 1287 4499 excusserunt
1319 4454 1373 4500 et
1414 4447 1468 4500 in
1505 4446 1675 4502 lucem
1702 4449 1966 4516 produxe-
1993 4471 2049 4532 Ι)

429 4542 556 4588 runt
591 4549 622 4588 a
668 4523 872 4590 saxulis
911 4535 1198 4604 mysteria:
1245 4537 1436 4589 horum
1478 4538 1570 4591 ﬁlii
1615 4548 1739 4594 sunt
1785 4539 1926 4612 [Ms.
1956 4584 1971 4607 ,

429 4623 619 4695 erant]
649 4624 890 4692 apostoli,
930 4621 1051 4693 quia
1077 4624 1216 4694 quod
1241 4623 1313 4678 illi
1342 4624 1394 4678 in
1419 4626 1701 4695 aanigmate
1734 4643 1973 4694 pronun-

433 4715 721 4776 tiaverunt,
751 4716 851 4770 hoc
883 4715 1104 4785 apostoli
1147 4716 1199 4770 in
1239 4713 1452 4769 Christo
1496 4717 1647 4783 quasi
1696 4716 1972 4771 historiam

431 4803 867 4874 pradicaverunt.

501 4892 661 4947 Vens.
682 4889 732 4944 5.
747 4891 1014 4944 -—-Beatus
1039 4889 1115 4977 vir
1133 4896 1220 4961 qui
1241 4893 1460 4962 implevit
1486 4896 1798 4950 desiderium
1827 4915 1975 4952 suum

430 5000 494 5038 ea:
517 4982 680 5056 ipsis:
711 4999 813 5036 non
839 4979 1177 5057 confundetur
1205 4997 1319 5032 cum
1349 4979 1583 5050 loquetur
1616 4987 1835 5040 inimicis
1869 4989 1976 5042 suis

431 5073 485 5124 in
503 5079 671 5142 porta.
701 5069 784 5124 Ex
804 5070 945 5140 ipsis,
974 5069 1024 5122 id
1051 5076 1150 5130 est,
1174 5083 1237 5120 ex
1264 5069 1619 5134 apostolorum
1645 5077 1979 5140 ρηεόίωιίο-

432 5159 608 5223 nibus,
633 5160 721 5228 qui
753 5169 922 5214 totum
963 5173 1113 5212 suum
1150 5157 1464 5212 desiderium
1492 5175 1556 5212 ex
1587 5161 1674 5215 illa
1703 5162 1977 5235 [Ms.,illo-

435 5245 574 5318 rum]
608 5248 980 5316 pmdimtione
1024 5246 1233 5315 implet,
1269 5255 1326 5299 et
1369 5258 1511 5301 amat
1555 5250 1822 5318 coelestia,
1873 5270 1978 5308 non

435 5345 682 5401 terrena;
722 5346 940 5402 interna,
971 5355 1076 5392 non
1107 5337 1432 5407 temporalia.
1485 5339 1587 5394 Iste
1627 5358 1728 5396 non
1758 5343 1979 5397 confun-

438 5426 606 5492 detur,
621 5443 739 5482 cum
759 5426 1002 5494 loquetur
1030 5427 1256 5481 inimicis
1278 5428 1386 5480 suis
1409 5427 1459 5478 in
1483 5439 1653 5495 porta.
1675 5431 1831 5486 Porta
1856 5449 1980 5487 vero

439 5514 677 5574 Christus
705 5529 815 5574 est:
846 5518 932 5585 qui
963 5517 1230 5572 Christum
1260 5518 1537 5586 praedicat,
1568 5521 1656 5588 qui
1693 5522 1744 5574 in
1769 5522 1980 5577 Christo

441 5607 687 5677 loquitur,
715 5611 802 5678 qui
834 5610 884 5662 in
929 5605 1140 5660 Christo
1170 5617 1376 5670 manet,
1406 5623 1509 5660 non
1548 5607 1898 5665 confundetur
1926 5615 1978 5667 in

443 5707 689 5753 aeternum
717 5717 726 5751 :
761 5699 850 5753 sed
877 5695 1125 5765 praedicat
1149 5705 1439 5763 opportune
1463 5698 1781 5766 importune,
1805 5701 1854 5755 id
1877 5712 1976 5767 est,

2144 3187 2302 3240 Vens.
2334 3187 2388 3240 5.
2414 3215 2485 3224 —
2507 3182 2652 3240 Uxor
2673 3194 2762 3238 tua
2786 3185 2915 3238 sicut
2939 3185 3049 3237 vitis
3081 3184 3347 3237 abundans
3370 3187 3423 3236 in
3445 3185 3622 3236 lateri-

2073 3275 2166 3328 bus
2188 3275 2370 3327 domus
2396 3283 2519 3328 tute.
2553 3275 2696 3331 Uxor
2717 3273 2914 3330 Christi
2941 3274 3175 3329 Ecclesia
3211 3285 3291 3327 est
3328 3273 3583 3344 [Ecclesia
3605 3316 3618 3335 ,

2073 3363 2212 3434 quae]
2239 3371 2294 3417 et
2325 3378 2537 3431 sponsa,
2565 3378 2682 3430 quae
2710 3363 2940 3416 abundat
2967 3361 3141 3417 fructu
3173 3364 3296 3416 boni
3319 3363 3510 3430 operis.
3553 3361 3618 3414 In

2072 3454 2318 3508 lateribus
2344 3454 2527 3507 domus
2565 3463 2686 3506 tuae.
2736 3451 2824 3504 Illa
2851 3461 2973 3506 sunt
2999 3452 3163 3505 latera
3209 3454 3261 3506 in
3308 3453 3463 3507 domo
3505 3451 3617 3514 Dei,

2072 3561 2191 3612 quae
2213 3545 2485 3597 adhaerent
2509 3543 2723 3598 Christo
2748 3545 2968 3598 ﬁrmius.
2998 3542 3124 3595 Filii
3143 3543 3219 3595 tui
3243 3545 3376 3596 sicut
3415 3543 3621 3597 novella:

2071 3631 2322 3685 olivarum
2348 3631 2402 3683 in
2429 3632 2647 3683 circuitu
2674 3647 2861 3683 mensa:
2879 3641 3000 3684 tum.
3030 3631 3144 3685 Non
3167 3642 3248 3686 est
3271 3631 3371 3684 alia
3395 3634 3447 3685 in
3472 3632 3622 3687 Chri-

2071 3730 2156 3792 sto
2184 3737 2342 3786 uxor,
2374 3722 2510 3776 alius
2552 3721 2719 3785 ﬁlius,
2751 3721 2843 3775 sed
2882 3736 3067 3776 omnes
3092 3737 3253 3774 unum
3298 3724 3351 3775 in
3390 3723 3621 3778 Christo.

2073 3810 2240 3877 Quam
2270 3822 2392 3867 ante
2428 3827 2646 3885 uxorem
2683 3811 3010 3875 nominavit,
3059 3826 3200 3864 nunc
3243 3811 3536 3867 nominavit
3570 3825 3624 3868 et

2074 3903 2240 3957 ﬁlium
2265 3901 2424 3976 μη,
2465 3899 2657 3973 ﬁlios],
2697 3900 2819 3969 quia
2852 3915 2984 3954 uxor
3028 3908 3084 3957 et
3126 3899 3220 3955 ﬁlii
3265 3901 3498 3958 Ecclesia
3543 3916 3627 3960 est

2074 3995 2292 4050 Christi.
2325 3993 2469 4049 Sicut
2493 3993 2702 4048 novella:
2731 3993 2998 4046 olivarum.
3034 3993 3226 4066 [Oliva]
3259 4009 3441 4064 pacem
3465 3996 3628 4066 signi-

2075 4085 2215 4140 ﬁcat.
2249 4084 2372 4138 Ideo
2405 4083 2498 4138 ﬁlii
2542 4085 2595 4137 in
2639 4085 2871 4137 novitate
2907 4085 3123 4152 spiritus
3152 4099 3256 4140 non
3284 4085 3337 4138 in
3363 4095 3626 4141 vetustate

2072 4174 2263 4226 littera:
2288 4173 2550 4240 inpacem
2573 4173 2769 4228 Christi
2796 4182 3071 4231 transeunt
3100 4171 3249 4245 [Ms.,
3282 4175 3576 4247 transeant]
3608 4196 3618 4227 :

2072 4260 2138 4312 In
2175 4261 2394 4312 circuitu
2422 4277 2610 4313 mensa:
2631 4271 2754 4313 tum.
2785 4261 2960 4315 Mensa
2983 4262 3179 4316 Christi
3207 4261 3480 4333 Scriptura
3503 4281 3623 4319 san-

2073 4359 2156 4406 cta
2183 4359 2284 4413 est,
2306 4351 2443 4405 unde
2465 4350 2750 4418 pascimur,
2783 4351 2921 4404 unde
2950 4352 3309 4416 intelligimus,
3338 4356 3460 4420 quid
3486 4370 3625 4408 amc-

2073 4455 2211 4505 mus,
2231 4447 2280 4494 et
2306 4439 2434 4510 quid
2458 4439 2838 4503 desideremus,
2865 4439 2930 4491 ad
2957 4453 3111 4506 quem
3133 4439 3422 4494 habeamus
3443 4442 3624 4496 oculo.-

2077 4531 2297 4586 levatos.

2145 4624 2304 4679 Vens.
2337 4623 2388 4676 4.
2417 4653 2486 4662 --
2508 4621 2642 4678 Ecce
2677 4624 2751 4676 sic
2780 4622 3102 4676 benedicetur
3126 4625 3288 4676 omnis
3318 4623 3467 4676 homo
3487 4663 3500 4686 ,
3539 4627 3624 4692 qui

2074 4713 2214 4763 timet
2245 4711 2542 4763 Dominum.
2575 4710 2822 4766 Recurrit
2863 4713 2927 4764 ad
2957 4712 3270 4779 principium
3297 4713 3504 4779 psalmi,
3535 4715 3623 4765 ubi

2042 4842 2048 4848 .
2073 4799 2177 4851 ait:
2206 4797 2352 4850 Beati
2373 4813 2566 4861 omnes,
2593 4799 2680 4866 qui
2705 4799 2880 4848 timent
2902 4797 3197 4849 Dominum.
3222 4797 3369 4851 Nunc
3389 4801 3623 4866 exponit,

2074 4905 2192 4957 qua:
2218 4887 2287 4941 sit
2319 4888 2420 4940 ista
2450 4886 2718 4940 beatitudo
2739 4927 2752 4949 ,
2787 4901 2904 4954 qum
2935 4887 3137 4938 timenti
3173 4886 3338 4940 Deum
3370 4889 3622 4949 debetur,

2077 4983 2158 5036 vel
2184 4980 2448 5051 quomodo
2488 4977 2876 5034 benedicendus
2900 4979 2987 5042 sit,
3019 4979 3106 5046 qui
3147 4978 3312 5032 Deum
3343 4981 3508 5032 timet.
3538 4982 3627 5034 Ait

2077 5075 2220 5128 enim
2246 5091 2256 5125 :

2149 5165 2306 5218 Vens.
2334 5163 2384 5216 5.
2417 5193 2485 5202 --
2511 5161 2783 5214 Βαηειίἱειιι
2815 5171 2860 5212 te
2893 5161 3139 5215 Dominus
3170 5178 3228 5215 ea:
3268 5159 3419 5216 Sion.
3460 5172 3506 5212 et
3549 5165 3619 5213 ri-

2079 5255 2222 5317 deas,
2252 5270 2367 5322 quw
2394 5253 2523 5305 bona
2544 5262 2660 5304 sunt
2688 5253 2738 5302 in
2754 5251 3041 5304 Jerusalem
3065 5251 3292 5302 omnibus
3316 5250 3489 5300 diebus
3512 5253 3623 5305 vita-

2079 5354 2200 5395 ωας.
2247 5342 2328 5394 Ex
2369 5339 2526 5404 Sion,
2563 5341 2712 5404 dixit,
2754 5340 3013 5392 benedicat
3060 5350 3106 5391 te
3149 5339 3432 5401 Dominus,
3466 5339 3620 5404 idest

2079 5432 2435 5498 speculatione
2475 5431 2592 5482 vitae
2623 5439 2851 5481 retentae.
2893 5428 2976 5480 Illa
3022 5440 3101 5481 est
3140 5444 3260 5483 vera
3301 5427 3622 5490 benedictio.

2078 5536 2193 5587 quae
2223 5536 2317 5572 nos
2347 5519 2470 5570 facit
2495 5518 2653 5569 vitam
2679 5518 2979 5570 desiderare
3003 5528 3270 5570 :L-ternam.
3301 5517 3420 5569 Ideo
3443 5518 3622 5585 adjun-

2081 5613 2156 5662 xit
2183 5629 2193 5662 :
2239 5607 2302 5660 Ut
2335 5609 2500 5659 videas
2524 5608 2674 5668 bona,
2706 5624 2819 5676 qum
2843 5618 2960 5658 sunt
2989 5609 3039 5658 in
3069 5607 3355 5659 Jerusalem
3391 5609 3621 5660 omnibus

2079 5701 2254 5754 diebus
2285 5700 2392 5753 vita:
2419 5707 2539 5761 τηαν,
2566 5697 2616 5750 id
2636 5707 2733 5762 est,
2763 5709 2955 5753 aeterna
2974 5700 3128 5760 bona,
3159 5715 3258 5751 non
3283 5701 3582 5768 temporalia
3608 5718 3615 5749 :
