4230 6192
595 340 691 395 651

1443 339 1503 393 Β.
1546 341 1607 394 F.
1650 340 1872 395 ALBINI
1913 340 2042 395 SEU
2082 339 2356 400 ALCUINI
2388 346 2669 419 OPEBUM
2710 350 2887 408 PARS
2922 352 2984 407 ll.

3720 351 3827 407 633

592 467 957 542 permansura,
999 469 1104 508 non
1127 452 1455 522 transitoria,
1490 467 1609 523 qua:
1641 462 1765 507 sunt
1785 453 1838 506 in
1862 450 2155 507 Jerusalem
2183 455 2233 514 Λ
2260 456 2570 527 priusquam
2601 460 2655 515 in
2677 460 2882 529 judicio
2908 462 3219 532 puniantur,
3267 464 3560 542 arescunlt
3585 478 3687 518 ηοι.
3719 467 3821 519 ιω-

591 542 814 599 cmlesti.
864 541 1116 598 Omnibus
1143 543 1323 596 diebus
1346 542 1460 596 vita
1496 552 1620 607 tua,
1657 556 1871 612 semper
1896 542 2005 598 eris
2028 557 2155 613 gau-

592 636 743 702 dens,
773 649 984 704 sempcr
1010 633 1214 689 videbis
1254 635 1392 688 bona
1414 674 1428 697 ,
1461 634 1512 693 id
1550 641 1663 699 est,
1708 633 1872 688 totius
1899 634 2157 689 bonitatis

590 734 861 780 auctorem
891 724 1183 780 Christum.

660 816 819 871 Vnus.
849 814 900 869 6.
930 846 1001 855 —
1025 813 1093 868 Et
1120 815 1289 875 rideas
1314 815 1451 884 ﬁlios
1476 815 1705 883 ﬁliorum
1726 824 1955 879 tuorum,
1976 830 2153 885 pacem

559 925 742 986 'sttper
762 907 949 963 Israel.
979 907 1099 963 Filii
1131 909 1203 963 tui
1238 915 1363 963 sunt
1404 924 1567 979 opera
1610 909 1779 973 bona,
1824 923 1942 977 qua:
1982 906 2151 970 facis;

588 997 682 1051 ﬁlii
710 998 937 1053 filiorum
964 1006 1198 1062 tuorum,
1226 997 1431 1053 fructus
1469 1002 1729 1053 bonorum
1763 1012 2009 1066 operum,
2036 1010 2155 1065 quze

526 1112 535 1120 -
586 1086 814 1141 videnda
860 1095 916 1141 et
959 1086 1259 1155 recipienda
1289 1094 1413 1141 sunt
1452 1087 1507 1141 in
1549 1085 1729 1139 futura
1754 1085 1897 1148 vita,
1934 1084 2022 1137 ubi
2049 1097 2153 1151 pax

587 1175 689 1229 erit
733 1189 893 1245 super
938 1190 1125 1231 omnes
1168 1175 1336 1229 Deum
1372 1174 1611 1230 videntes
1636 1193 1671 1227 :-
1688 1181 1744 1228 et
1789 1174 1902 1229 haec
1936 1188 2038 1242 pax
2072 1178 2156 1226 est

587 1261 850 1327 Christus,
886 1278 1007 1332 quae
1043 1271 1329 1332 exsuperat
1374 1278 1587 1317 omnem
1638 1277 1872 1318 sensum.
1920 1260 2009 1314 Illa
2048 1268 2151 1329 pax

586 1351 851 1405 custodiat
879 1352 1039 1406 corda
1069 1362 1253 1404 nostra
1284 1349 1336 1402 in
1361 1359 1695 1421 perpetuum.

1024 1472 1030 1484 α
1050 1440 1368 1496 PSALMUS
1414 1440 1688 1497 CXXVIII.

662 1534 818 1588 Vens.
868 1534 921 1587 I.
952 1564 1021 1573 —
1049 1532 1297 1591 Decimus
1344 1533 1444 1587 iste
1485 1531 1722 1602 psalmus
1764 1530 2035 1587 Graduum
2079 1532 2149 1584 ita

586 1621 811 1690 incipit:
850 1621 998 1693 Scep:
1020 1630 1437 1693 expugnaverunt
1467 1636 1547 1674 me
1573 1638 1603 1673 a
1617 1621 1888 1689 juventute
1914 1636 2049 1683 mea,
2072 1618 2153 1670 di-

585 1723 667 1765 cat
696 1730 832 1767 nunc
870 1711 1058 1767 Israel.
1096 1712 1209 1768 Vox
1248 1720 1333 1767 est
1362 1712 1615 1767 Ecclesia:
1640 1709 1957 1766 sustinentis
1992 1708 2151 1762 falsos

2256 544 2442 602 bentes
2471 548 2749 604 humorem
2777 550 2901 606 boni
2927 552 3122 621 operis.

2328 638 2490 693 Vens.
2523 639 2575 694 7.
2598 671 2667 680 —
2693 641 2770 695 De
2795 659 2897 712 quo
2924 658 3029 695 non
3062 641 3289 711 implebit
3317 659 3528 697 manum
3555 656 3705 698 suam
3730 646 3819 715 qui

2254 738 2425 793 metet,
2449 740 2498 783 et
2514 731 2686 784 sinum
2708 748 2859 785 suum
2879 734 2969 802 qui
2987 730 3280 802 manipulos
3301 731 3525 802 colliget.
3558 731 3822 788 Messores

2254 823 2380 869 sunt
2406 817 2604 887 angeli,
2632 819 2699 874 dc
2722 834 2951 889 quorum
2979 820 3228 891 Operibus
3254 835 3360 875 non
3406 820 3630 890 implent
3670 823 3821 879 sinus

2253 920 2400 971 suos,
2421 908 2547 976 quia
2574 909 2779 963 zizania
2803 918 2942 971 sunt,
2969 918 3021 963 et
3044 924 3147 963 non
3172 910 3407 964 triticum
3430 924 3445 963 :
3473 910 3565 965 sed
3591 910 3642 964 in
3667 909 3823 966 fasci-

2253 997 2402 1051 culos
2426 998 2659 1068 ligantur
2682 1009 2737 1055 et
2761 1001 2881 1070 igne
2907 1002 3294 1055 comburuntur
3318 1010 3535 1056 :eterno.

2324 1089 2484 1143 Vsus.
2516 1092 2568 1145 8.
2594 1120 2667 1130 —
2710 1089 2779 1143 Et
2828 1107 2931 1143 non
2972 1090 3232 1155 dixerunt,
3284 1092 3372 1162 qui
3418 1084 3777 1161 prtrtetierutst
3800 1086 3821 1153 ἐ

2253 1181 2550 1236 Benedictio
2577 1181 2790 1235 Domini
2831 1198 2986 1251 super
3022 1198 3129 1247 vos,
3179 1180 3531 1238 benedide
3578 1183 3719 1237 nobis
3765 1183 3823 1235 in

2252 1274 2460 1325 nomine
2488 1269 2719 1326 Domini.
2775 1270 3138 1337 Transeuntes
3178 1279 3303 1326 sunt
3330 1286 3427 1341 per
3452 1271 3613 1340 hujus
3642 1271 3821 1326 saeculi

2256 1362 2393 1415 viam
2422 1360 2715 1430 prophetae,
2745 1360 3065 1430 patriarchae
3102 1370 3156 1415 et
3178 1358 3401 1430 apostoli
3426 1378 3440 1414 :
3470 1375 3697 1430 quorum
3723 1361 3820 1415 be-

2252 1449 2485 1504 nedictio
2513 1448 2727 1519 proﬁcit
2759 1451 2814 1503 in
2844 1450 2966 1504 ﬁliis
2996 1449 3266 1515 Ecclesia,
3308 1466 3415 1505 non
3446 1450 3500 1506 in
3532 1449 3680 1507 falsis
3708 1450 3820 1506 fra-

2252 1537 2447 1604 tribus,
2491 1538 2583 1608 qui
2628 1547 2936 1609 expugnant
2977 1538 3311 1595 Ecclesiam:
3361 1555 3467 1595 non
3510 1541 3641 1596 dant
3679 1544 3823 1598 enim

2250 1627 2677 1685 benedictionem
2702 1643 2865 1699 super
2888 1629 3176 1699 perituros,
3202 1630 3297 1685 sed
3324 1642 3485 1699 super
3508 1642 3821 1696 mansurus;

2242 1706 2307 1775 ἐι
2330 1734 2493 1790 quam
2515 1718 2946 1775 benedictionem
2972 1719 3137 1773 dant?
3161 1717 3489 1773 Benedlcunt
3518 1718 3736 1791 [inquit]
3767 1722 3823 1777 in

584 1803 799 1867 fratres.
846 1811 902 1857 et
954 1803 1009 1858 in
1049 1803 1300 1872 exempla
1350 1800 1903 1872 priora'respicienlis
1955 1799 2148 1873 [Εάίιον
2181 1788 2471 1867 Βηοιίιίηε
2515 1810 2761 1877 Domini,
2809 1811 2936 1882 quia
2985 1812 3159 1864 omnis
3198 1788 3825 1867 benedictio-etiomnis

584 1893 829 1964 exemplo
852 1933 866 1948 .
899 1934 913 1947 .
945 1934 960 1949 .
985 1892 1333 1965 respiciens],
1378 1902 1431 1947 et
1469 1908 1629 1963 super
1667 1893 1779 1962 ipsa
1814 1891 2151 1965 exhortantis

582 1983 845 2055 exemplis
872 1964 1088 2039 Patrum
1118 1985 1497 2040 invincibiliter
1518 1985 1783 2039 sustinere
1810 2003 1823 2038 :
1865 1984 1989 2054 quia
2022 1964 2157 2040 oliui

583 2082 883 2143 expugnata
910 2072 1035 2147 [est]
1060 2073 1317 2141 Ecclesia,
1345 2082 1399 2129 et
1418 2089 1524 2129 non
1546 2073 1778 2138 noviter,
1802 2074 1897 2128 sed
1920 2090 2149 2145 semper,

584 2166 652 2218 ab
686 2164 859 2231 initio,
895 2180 1002 2235 quo
1045 2166 1209 2235 coepit
1250 2178 1391 2221 esse.
1424 2163 1558 2217 Nam
1603 2162 1735 2217 Abel
1766 2162 2028 2241 Ecclesia.
2054 2149 2155 2219 fuit

582 2256 802 2321 Christi,
830 2256 925 2312 sed
955 2271 985 2311 a
1010 2254 1177 2310 fratre
1198 2262 1534 2325 expugnatus
1558 2262 1675 2319 est;
1716 2255 1962 2310 similiter
1986 2253 2152 2310 Iacob

584 2344 821 2399 Ecclesia
843 2343 1043 2400 Christi
1073 2345 1201 2412 fuit,
1245 2331 1340 2401 sed
1376 2361 1407 2399 a
1443 2343 1612 2399 fratre
1652 2344 1792 2398 Esau
1820 2354 2151 2415 expugnatus

582 2443 696 2500 est;
738 2435 897 2491 etiam
926 2442 981 2489 et
1022 2434 1197 2490 Moses
1241 2436 1294 2489 in
1334 2434 1573 2489 Ecclesia
1617 2432 1819 2490 Christi
1858 2436 2153 2505 saepissine

580 2533 916 2596 expugnatus
953 2533 1036 2580 est
1077 2542 1106 2580 a
1144 2525 1361 2596 populo,
1401 2525 1488 2581 cui
1529 2524 1759 2596 prmfuit.
1801 2522 2023 2580 Occisus
2052 2525 2154 2579 fuit

583 2617 829 2674 Christus
861 2633 891 2673 a
922 2633 1213 2689 synagoga,
1240 2619 1334 2673 sed
1378 2634 1483 2672 non
1510 2624 1794 2686 superatus
1835 2614 2041 2688 [Edit.,
2068 2630 2152 2671 se-

584 2708 844 2781 paratus].
884 2709 1025 2764 Ecce
1048 2710 1191 2763 enim
1216 2706 1475 2777 exemplis
1510 2706 1735 2762 docebat
1772 2722 1870 2761 nos
1894 2706 2152 2763 adversus

583 2800 746 2854 falsos
788 2797 983 2853 fratres
1021 2797 1231 2854 fortiter
1275 2797 1559 2853 sustinere.
1603 2796 1793 2852 Dicant
1829 2812 2017 2853 omnes
2058 2799 2149 2868 qui

584 2892 751 2948 Deum
772 2889 929 2961 pleno
949 2889 1110 2945 corde
1137 2888 1366 2960 diligunt
1401 2889 1676 2959 Deumque
1698 2890 1879 2944 videre
1906 2891 2147 2959 cupiunt,

580 2992 634 3038 et
659 2983 839 3037 dicant
864 2982 1053 3035 iterum
1077 2999 1089 3034 :

2255 1902 2607 1957 sanctificatio
2632 1919 2730 1973 per
2756 1917 2951 1957 nomen
2979 1902 3187 1956 Domini
3217 1903 3502 1957 roboratur
3538 1911 3592 1958 et
3630 1904 3826 1960 confir-

2256 2002 2453 2047 matur.

2742 2081 3061 2138 PSALMUS
3108 2068 3337 2137 chrx.

2326 2172 2488 2225 Vsus.
2512 2172 2538 2225 'I
2552 2211 2567 2224 .
2581 2202 2651 2211 —
2679 2171 2933 2243 Sequitur
2954 2164 3082 2227 vero
3101 2171 3338 2241 psalmus
3355 2171 3653 2238 Graduum,
3674 2172 3827 2242 cujus

2252 2265 2572 2337 principium
2600 2274 2684 2321 est
2707 2285 2719 2320 :
2744 2265 2822 2320 De
2845 2264 3119 2337 profundis
3144 2263 3365 2319 clamavi
3385 2264 3455 2319 ad
3475 2274 3545 2330 te,
3568 2264 3789 2321 Domine
3805 2282 3828 2321 :

2255 2356 2500 2423 Domine,
2527 2357 2718 2411 exaudi
2746 2371 2918 2410 vocent
2944 2371 3136 2409 meam.
3172 2353 3254 2409 Ad
3283 2354 3443 2411 istum
3472 2356 3657 2426 itaque
3681 2356 3829 2425 ωλι-

2253 2463 2401 2503 mum
2429 2446 2584 2519 μίση
2605 2445 2674 2500 ab
2692 2445 2796 2501 isto
2897 2442 3126 2515 psalmo]
3156 2442 3597 2499 considerationis
3625 2445 3829 2515 gradus

2254 2546 2336 2593 est
2353 2578 2367 2602 ,
2399 2546 2456 2592 et
2484 2535 2759 2605 cuiusdam
2785 2534 3018 2604 querelae
3044 2534 3225 2596 statio,
3258 2539 3319 2586 nt
3345 2532 3697 2603 intelligamus
3723 2533 3823 2598 ita,

2256 2631 2313 2685 in
2343 2646 2449 2701 quo
2479 2629 2745 2701 profundo
2774 2642 2959 2681 sumus
2977 2667 2991 2691 ,
3023 2634 3079 2680 et
3107 2624 3247 2679 unde
3275 2624 3509 2678 clamare
3541 2622 3692 2678 nobis
3725 2636 3824 2677 ne-

2254 2737 2403 2777 cesse
2447 2729 2549 2775 est.
2605 2716 2955 2791 [Profundum
2982 2714 3173 2781 (Edit.,
3202 2712 3486 2785 profunda)
3516 2710 3686 2785 enim]
3736 2720 3824 2767 est

2252 2814 2405 2870 nobis
2432 2814 2541 2867 vita
2571 2812 2675 2866 ista
2707 2808 2967 2867 mortalis.
3003 2806 3250 2876 Quisquis
3279 2820 3335 2861 se
3365 2806 3416 2860 in
3446 2803 3709 2876 profundo
3736 2805 3823 2859 in-

2253 2906 2535 2970 tellexerit,
2558 2903 2773 2967 clamet,
2796 2908 2993 2971 gemat,
3016 2900 3266 2969 suspiret,
3288 2898 3457 2953 donec
3478 2896 3543 2952 de
3560 2893 3827 2966 profundo

2252 3006 2495 3065 eruatur,
2525 3005 2581 3052 et
2606 2996 2786 3051 veniat
2813 2995 2879 3050 ad
2906 3009 3048 3057 eum,
3078 2994 3169 3063 qui
3197 3006 3359 3063 super
3386 3003 3573 3045 omnes
3602 2988 3827 3059 abyssos

652 3070 811 3129 Vens.
842 3072 896 3125 2.
935 3101 1007 3112 --
1050 3070 1119 3125 Su
1133 3088 1194 3141 pe
1232 3080 1649 3141 expugnaverunt
1697 3085 1778 3122 me
1814 3087 1846 3121 a
1880 3069 2151 3137 juventute

2256 3092 2438 3157 sedet,
2478 3100 2532 3145 et
2561 3104 2723 3160 super
2744 3088 3032 3144 Cherubim
3060 3094 3116 3141 et
3137 3099 3296 3155 super
3319 3083 3497 3138 omnia
3524 3097 3643 3152 quae
3667 3094 3823 3136 crea~

578 3184 713 3229 mea,
735 3166 921 3222 etenim
949 3179 1052 3216 non
1077 3169 1352 3231 potuerunt
1382 3160 1528 3213 mihi.
1564 3159 1689 3213 Sive
1715 3160 1768 3213 in
1799 3159 2010 3224 Vetere,
2038 3160 2149 3215 sive

579 3260 633 3313 in
653 3257 799 3310 Novo
820 3254 1182 3317 Testamento,
1198 3262 1251 3308 et
1269 3268 1538 3323 nunquam
1555 3259 1845 3325 potuerunt
1861 3254 2153 3322 pravalere

579 3345 731 3408 mihi,
766 3352 823 3398 ut
852 3343 1208 3398 consentirem
1234 3342 1332 3397 eis.

649 3436 811 3492 Vsus.
854 3436 907 3489 3.
942 3464 1013 3474 —
1056 3431 1228 3504 Supra
1281 3433 1496 3486 dorsum
1551 3448 1722 3485 meum
1767 3431 2151 3501 fabricaverunt

578 3543 890 3605 peccatores,
920 3531 1352 3602 prolonganersmt
1388 3528 1683 3599 iniquitates
1711 3544 1854 3581 suas.
1898 3526 2153 3583 Fabrica-

580 3629 770 3678 vcrunt
800 3622 1048 3678 toleranti
1077 3622 1206 3676 mihi
1234 3636 1391 3691 supra
1412 3621 1661 3682 dorsum;
1699 3626 1993 3689 posuerunt
2018 3618 2148 3672 mihi

580 3715 971 3779 tribulationes,
995 3714 1087 3769 sed
1110 3728 1212 3783 ego
1231 3712 1442 3781 portavi
1466 3726 1580 3777 eas,
1598 3711 1767 3765 donec
1787 3710 2147 3780 corrigantur,

576 3818 633 3863 et
657 3809 735 3862 sic
762 3806 1007 3861 desinant
1043 3804 1291 3883 persequi
1328 3819 1432 3868 me,
1468 3811 1523 3859 et
1544 3802 1627 3858 vel
1653 3802 1704 3857 in
1726 3802 1905 3885 385
1918 3802 2024 3885 ﬁne
2051 3818 2149 3856 ex-

577 3901 853 3956 cutiantur
881 3914 911 3953 a
950 3897 1112 3953 dorso
1142 3912 1298 3953 meo:
1336 3912 1435 3966 ego
1471 3912 1639 3967 usque
1674 3896 1727 3949 in
1768 3882 1927 3950 tinem
1956 3882 2147 3958 tolero,

577 3991 673 4047 sed
700 4005 868 4060 usque
889 3990 945 4042 in
965 3990 1125 4043 linem
1145 3996 1552 4057 persequentur.
1578 3986 2028 4057 Prolongaverunt
2050 3986 2151 4040 ini-

575 4086 796 4155 quitates
836 4100 983 4149 suos,
1013 4082 1139 4153 quia
1174 4099 1279 4136 non
1315 4090 1397 4137 est
1440 4090 1648 4152 tempus
1690 4082 1742 4136 in
1778 4082 1881 4137 hoc
1921 4083 2147 4149 saeculo,

578 4191 684 4242 quo
726 4174 964 4230 Ecclesia
1008 4172 1205 4229 Christi
1248 4173 1670 4243 persecutionem
1709 4188 1815 4227 non
1856 4175 2090 4239 patiatur
2118 4189 2149 4227 a

579 4269 728 4323 falsis
753 4268 1027 4322 fratribus.

654 4360 811 4415 Vsus.
840 4358 894 4424 4,
925 4358 976 4413 5.
1006 4389 1075 4399 —
1109 4358 1214 4415 Sed
1254 4357 1507 4412 Dominus
1541 4358 1717 4429 justus
1758 4358 1991 4412 concidet
2029 4376 2145 4413 cer-

2255 3180 2350 3245 vit,
2374 3195 2480 3235 non
2508 3179 2680 3234 solum
2709 3176 3042 3247 temporalia,
3071 3175 3163 3229 sed
3184 3175 3347 3227 etiam
3370 3171 3703 3243 spiritualia:
3731 3172 3828 3226 sed

2254 3270 2379 3325 inde
2402 3286 2571 3339 usque
2595 3270 2664 3323 ad
2686 3267 3009 3338 profundum
3039 3254 3199 3333 hujus
3217 3264 3339 3317 vitae
3362 3260 3623 3332 pervenit,
3644 3270 3704 3317 ut
3725 3275 3829 3316 nos

2255 3360 2510 3416 liberaret
2535 3359 2603 3413 ab
2626 3360 2729 3412 hoc
2754 3354 3019 3429 profundo
3060 3355 3309 3420 miseriae,
3350 3362 3405 3409 et
3442 3370 3541 3410 nos
3561 3353 3831 3409 ‘incitarct

2254 3454 2322 3507 ad
2350 3466 2473 3507 eum
2501 3451 2754 3514 clamare,
2797 3450 2887 3519 qui
2929 3454 3016 3503 est
3043 3446 3289 3502 Salvator
3312 3462 3472 3501 verus
3510 3453 3566 3500 et
3603 3444 3783 3499 dicere
3810 3463 3823 3496 :

2255 3543 2499 3607 Domine,
2528 3541 2765 3605 Domine,
2796 3539 2989 3593 exaudi
3018 3554 3188 3593 uocem
3218 3553 3405 3591 meant.

2330 3635 2487 3688 Vsus.
2518 3631 2570 3685 2.
2596 3662 2667 3671 —
2700 3628 2747 3682 F
2751 3632 2861 3685 iant
2887 3646 3046 3684 aures
3066 3639 3169 3683 tua:
3195 3625 3511 3680 intendentes
3539 3625 3593 3679 in
3620 3623 3822 3677 oratio-
3897 3676 3900 3683 λ

2254 3739 2367 3777 nem
2398 3723 2530 3776 servi
2558 3722 2654 3775 tui.
2706 3721 3009 3777 Geminatlo
3052 3717 3338 3781 clamoris,
3385 3714 3702 3786 significatio
3740 3720 3827 3769 est

2251 3812 2642 3882 deprecationis
2665 3812 2889 3865 intimze.
2923 3807 3178 3877 Sequitur
3200 3822 3329 3862 vero
3353 3820 3366 3859 :

2321 3904 2486 3958 Vsus.
2518 3903 2573 3956 '5.
2600 3929 2670 3939 ——
2719 3898 2778 3954 Si
2823 3898 3121 3967 iniquitates
3167 3896 3532 3960 observaveris,
3580 3891 3822 3955 Domine,

2252 3992 2504 4057 Domine,
2550 3990 2664 4061 quis
2710 3988 3025 4044 sustinebit?
3079 3987 3264 4057 Aperit
3304 3986 3369 4041 de
3408 3999 3516 4055 quo
3555 3978 3822 4060 profundo

2251 4083 2529 4149 clamaret;
2553 4083 2604 4137 id
2633 4089 2737 4146 est,
2758 4080 2823 4135 de
2845 4088 3187 4149 peccatorum
3217 4091 3435 4133 suorum
3467 4074 3679 4145 abysso,

2251 4172 2645 4227 inundaverunt
2687 4184 2846 4238 super
2885 4176 3048 4237 caput
3086 4168 3239 4236 ejus:
3277 4163 3576 4235 intelligens
3607 4178 3824 4227 omnem

2251 4265 2414 4319 vitam
2445 4264 2583 4318 hanc
2615 4258 2996 4315 tentationibus
3027 4256 3260 4326 plenam.
3312 4254 3435 4308 Ideo
3465 4253 3599 4309 dixit
3626 4272 3639 4308 :
3690 4252 3823 4320 Quis

2252 4355 2567 4410 sustinebit?
2616 4351 2673 4406 Si
2711 4350 2975 4418 justitiam
3007 4349 3373 4405 tantummodo
3401 4348 3613 4419 iudicas
3641 4346 3823 4427 nobis,

578 4454 709 4507 rices
737 4459 1099 4522 peccatorum;
1146 4450 1533 4519 confundantur
1574 4461 1620 4503 et
1665 4457 2032 4505 convertantur
2062 4468 2145 4504 re-
2178 4459 2230 4520 ι)
2254 4454 2306 4501 ει
2332 4459 2437 4498 non
2462 4441 2858 4497 miserationem
2882 4446 3121 4511 przestes,
3142 4438 3320 4495 nullus
3339 4449 3420 4495 est
3440 4439 3535 4509 qui
3554 4438 3827 4493 sustinere

578 4554 803 4596 trorsum
834 4557 1028 4603 omnes,
1064 4542 1153 4609 qui
1182 4540 1399 4593 oderunt
1433 4538 1580 4594 Sion.
1625 4538 1681 4592 Id
1707 4548 1810 4602 est,
1840 4540 2145 4607 superbiam

579 4633 792 4686 illorum
821 4636 1079 4685 conteret.
1131 4628 1232 4682 Per
1260 4628 1521 4683 cervicem
1569 4628 1874 4698 superbiam
1924 4629 2146 4684 istorum

579 4723 841 4793 designat.
892 4720 1295 4790 Confundantur
1340 4729 1387 4773 et
1437 4728 1765 4773 revereantur
1804 4736 2010 4782 omnes,
2058 4722 2146 4791 qui

580 4813 801 4865 oderunt
831 4810 980 4866 Sion.
1024 4808 1433 4865 Confundantur
1460 4810 1514 4863 in
1542 4809 1768 4881 judicio,
1797 4819 2147 4866 revereantur
2220 4832 2229 4841 ·

583 4905 636 4956 in
660 4899 957 4973 profundis.
997 4899 1099 4962 Qui
1129 4902 1347 4954 oderunt
1387 4900 1516 4954 Sion
1551 4899 1703 4971 [Sion
1737 4908 1821 4954 est
1841 4900 2104 4971 Ecclesia]
2131 4920 2144 4951 :

582 4994 635 5047 id
672 5003 787 5053 est.
838 4993 928 5063 qui
973 4993 1197 5047 oderunt
1238 4992 1529 5045 Ecclesiam
1559 5032 1573 5050 .
1619 5000 1673 5045 et
1717 4992 1906 5045 nolunt
1930 4993 2149 5047 obedire

584 5084 747 5138 verbo
769 5085 881 5137 Dei.
917 5083 1053 5139 Sunt
1072 5082 1214 5137 enim
1242 5083 1299 5135 in
1322 5081 1577 5145 Ecclesia,
1602 5083 1693 5135 sed
1722 5081 1828 5135 ﬁcti
1860 5080 2072 5147 fratres,
2095 5091 2145 5135 et

464 5216 469 5220 -
584 5176 706 5232 odio
729 5175 922 5231 habent
946 5175 1081 5229 bene
1102 5182 1384 5243 operantes
1407 5174 1459 5227 in
1486 5188 1565 5226 ea.
1594 5172 1748 5245 [Vide
1771 5170 2147 5243 (Edit.,Unde)

583 5266 733 5339 quid]
762 5266 1005 5335 sequitur
1029 5265 1092 5319 de
1118 5264 1219 5327 his,
1252 5265 1343 5331 qui
1362 5262 1925 5318 oderuntEchesiam
1950 5277 1963 5315 :

655 5358 816 5410 Vsus.
848 5356 899 5409 6.
924 5386 994 5396 α·-
1036 5355 1192 5409 Fiant
1228 5364 1479 5423 tanquam
1511 5354 1685 5420 fenum
1715 5363 1983 5414 tectorum,
2011 5350 2150 5421 quod

585 5450 884 5517 priusquam
910 5445 1177 5509 evellatur,
1203 5448 1405 5499 arescit.
1439 5443 1608 5515 [Perit
1626 5443 1766 5497 enim
1788 5441 1963 5495 omnis
1983 5441 2149 5512 gloria

588 5536 1006 5603 superbiendum
1038 5535 1091 5589 in
1121 5535 1223 5587 hoc
1251 5532 1501 5603 saaculoﬂ
1532 5540 1588 5599 et
1606 5532 1743 5593 sicut
1768 5527 1946 5583 fenum
1979 5538 2150 5583 tecto—

589 5638 708 5676 rum
738 5624 851 5679 sine
882 5627 1061 5681 radice
1090 5631 1191 5686 est,
1221 5632 1273 5676 et
1302 5623 1407 5676 cito
1436 5633 1648 5683 aream,
1682 5621 1756 5674 sic
1794 5620 1863 5674 illi
1892 5621 1997 5674 cito
2026 5636 2148 5691 per--

592 5722 752 5767 eum:
804 5716 942 5783 quod
988 5715 1300 5783 priusquam
1344 5710 1619 5775 cvellatur,
1662 5711 1888 5774 arescit;
1940 5711 1989 5761 id
2036 5717 2149 5773 est,

2255 4532 2456 4602 possit,
2494 4530 2617 4601 quia
2648 4544 2836 4584 omnes
2862 4527 3031 4599 [sunt]
3062 4528 3153 4582 ﬁlii
3183 4528 3311 4582 irae:
3344 4526 3439 4580 sed
3469 4525 3643 4595 magis
3669 4522 3825 4579 nobis

2255 4638 2379 4694 spes
2415 4630 2498 4677 est
2534 4622 2599 4676 de
2638 4619 3073 4676 miserationibus
3106 4619 3246 4681 tuis,
3284 4624 3339 4670 et
3374 4630 3480 4670 non
3514 4615 3581 4671 de
3614 4616 3827 4673 meritis

2256 4716 2473 4773 nostris.

2328 4809 2487 4862 Vsus.
2518 4804 2656 4857 5.-
2680 4801 2818 4867 Quia
2845 4802 2987 4872 apud
3016 4810 3063 4854 te
3091 4802 3388 4873 propitiatio
3418 4810 3515 4866 est,
3542 4809 3590 4855 et
3618 4805 3828 4869 propter

2255 4901 2414 4969 tegent
2438 4906 2579 4950 tuam
2601 4894 2826 4949 sustinui
2854 4903 2923 4957 te,
2951 4894 3184 4947 Domine.
3224 4893 3537 4963 Propitiatio
3560 4887 3717 4963 [haec]
3740 4898 3827 4943 est

2256 4989 2471 5059 sanguis
2490 4986 2706 5050 Christi,
2732 4986 2822 5055 qui
2853 4988 2958 5039 nos
2976 4984 3223 5038 liberavit
3246 5000 3277 5039 a
3304 4985 3561 5040 servitute
3591 4981 3821 5047 timoris,

2256 5095 2374 5150 qua:
2404 5080 2455 5134 in
2487 5079 2601 5149 lege
2632 5076 2732 5131 fuit
2758 5074 2948 5130 veteri.
2988 5072 3228 5129 Sustinui
3259 5084 3327 5137 te,
3362 5071 3603 5139 Domine,
3635 5072 3687 5126 id
3718 5060 3851 5139 est,'

2256 5169 2465 5238 speravi
2514 5169 2567 5221 in
2616 5175 2688 5227 te,
2730 5163 2973 5227 Domine,
3005 5164 3143 5217 sicut
3178 5164 3232 5216 in
3272 5161 3377 5215 alio
3413 5160 3618 5230 psalmo
3652 5160 3818 5215 dicit:

2258 5254 2575 5324 Exspectans
2598 5252 2883 5321 exspectavi
2910 5250 3211 5312 Dominum,
3232 5260 3277 5302 et
3303 5252 3519 5319 respexit
3544 5267 3623 5303 me
3650 5243 3821 5317 (Psal.

2258 5360 2442 5407 χχιιι,
2469 5344 2559 5412 2):
2592 5343 2895 5413 exspectavi
2924 5356 3022 5411 per
3046 5354 3218 5409 spem,
3250 5346 3306 5394 et
3331 5339 3562 5409 respexit
3600 5349 3686 5391 me
3724 5349 3822 5407 per

2262 5430 2699 5489 misen’mrdiam.

2329 5523 2488 5578 Vnus.
2518 5522 2569 5577 5.
2597 5554 2665 5564 -—
2698 5519 2961 5577 Sustinuit
2985 5518 3160 5571 animo
3186 5534 3299 5572 mea
3332 5520 3387 5572 in
3425 5516 3629 5571 verbum
3654 5526 3822 5578 tuum,

2260 5617 2497 5679 Domine,
2538 5616 2757 5687 speravit
2804 5613 2977 5666 anima
3026 5628 3140 5665 mea
3187 5612 3241 5663 in
3284 5608 3525 5663 Domino.
3580 5608 3637 5663 In
3681 5602 3823 5675 quod

2264 5708 2478 5762 verbum
2525 5704 2820 5762 sustinuit?
2872 5702 2925 5756 In
2966 5702 3226 5763 Verbum,
3276 5699 3416 5770 quod
3460 5696 3597 5754 caro
3624 5696 3823 5749 factum

3826 6181 3868 6186 -ή-
3932 6178 4027 6187 κ--ιλ
4058 6178 4146 6188 ~——u
