4230 6204
456 366 558 419 633

1209 362 1720 421 ΕΧΕΕΕῘἹΕΑμ-
1759 364 2116 420 EXPOSITIO
2154 365 2216 420 IN
2258 367 2445 422 PSAL.
2486 367 2915 425 GitADUALES.

3547 366 3648 421 634

455 484 572 536 est,
620 472 854 542 speravit
889 472 1064 527 anima
1101 486 1248 535 mea;
1300 488 1395 541 per
1430 473 1570 541 quod
1601 472 1830 532 Verbum
1875 474 2005 526 mihi
2032 478 2078 533 Α
2107 475 2384 535 veritatis;
2435 475 2551 530 ideo
2589 477 2907 531 retribuetur
2938 477 3018 530 eis
3060 477 3112 530 in
3139 477 3431 536 animabus
3457 475 3652 548 [Edit..

454 565 632 618 omnia
676 562 920 617 dimisisti
962 574 1201 633 peccata.
1254 562 1356 619 Sed
1402 565 1573 618 adhuc
1614 574 1795 634 sperat
1826 566 2004 618 anima

455 667 571 706 mea
603 653 657 706 in
685 651 928 706 Domino.
976 651 1110 718 Quid
1141 653 1359 720 sperat?
1403 653 1788 708 Reuxissionem
1815 667 2006 719 pecca-

457 748 632 793 torum
653 740 909 809 recipere.
943 739 1045 793 Sed
1066 740 1228 810 386
1248 740 1418 794 adhuc
1440 742 1600 794 vitam
1627 750 1875 794 aeternam
1902 756 2008 811 non

458 838 611 885 teneo
635 848 647 883 :
678 837 734 884 et
751 830 872 898 quia
897 828 1067 884 fecisti
1091 830 1228 898 quod
1257 831 1566 898 promisisti,
1591 846 1746 900 spero
1770 840 1820 884 te
1843 830 2006 885 factu-

457 936 572 974 rum
603 933 723 975 esse
749 920 890 990 quod
918 921 1093 974 adhuc
1118 929 1311 984 restat,
1338 929 1398 974 ut
1423 928 1542 990 post
1569 922 2008 974 resurrectionem

453 1009 688 1064 omnium
713 1011 879 1064 vitam
904 1019 1156 1064 aeternam
1186 1011 1463 1080 accipiam.

523 1099 682 1152 Vens.
714 1097 766 1152 6.
790 1129 861 1138 —
902 1100 947 1152 A
975 1100 1210 1153 custodia
1236 1100 1490 1152 matutina
1520 1114 1679 1168 usque
1715 1099 1782 1151 ad
1811 1107 2008 1151 noctem

453 1196 616 1256 speret
641 1186 808 1241 Israel
827 1190 884 1241 in
907 1188 1150 1243 Domino.
1189 1188 1437 1242 Custodia
1458 1190 1717 1258 matutina
1741 1187 2010 1258 [Christus

456 1279 746 1333 resurrexit
772 1277 959 1347 (idin,
1001 1287 1084 1332 est
1110 1277 1372 1341 Christus,
1419 1281 1508 1348 qui
1553 1279 1909 1350 resurrexit”,
1956 1281 2007 1331 in

455 1381 560 1435 quo
588 1381 775 1422 omnes
803 1369 1164 1429 resurrecturi
1183 1379 1396 1431 sumus;
1444 1368 1562 1421 ideo
1601 1384 1660 1422 ex
1707 1367 1793 1420 illa
1825 1383 2005 1420 resur-

455 1454 704 1510 rectionis
730 1469 841 1509 suae
868 1455 1044 1524 vigilia
1073 1470 1241 1524 usque
1270 1453 1335 1506 ad
1362 1463 1567 1508 noctem
1586 1494 1599 1515 ,
1637 1455 1688 1508 id
1715 1463 1816 1516 est,
1850 1453 2007 1507 ﬁnem

453 1547 636 1602 mundi
656 1561 841 1600 omnes
865 1547 1039 1600 sancti
1061 1555 1275 1614 sperent
1303 1546 1355 1599 in
1387 1545 1638 1601 Domino;
1671 1554 1725 1597 et
1749 1545 1860 1599 haec
1890 1561 2010 1612 spes

454 1637 574 1691 inde
599 1636 900 1691 certissima
925 1645 1007 1692 est
1022 1677 1035 1697 ,

523 1726 684 1780 Vtilis.
715 1726 767 1782 7.
789 1755 860 1767 --
894 1725 1032 1792 Quia
1057 1726 1195 1795 apud
1223 1725 1501 1779 Dominum
1529 1727 1884 1781 misericordia
1910 1736 2006 1791 est,

2108 562 2371 635 manibus]
2408 564 2654 619 illorum:
2685 564 2820 631 Quia
2847 575 3059 634 propter
3089 565 3451 620 inﬁdelitatem
3486 565 3658 620 schis-

2109 655 2266 708 matis
2292 655 2342 707 in
2368 655 2542 717 anima
2571 664 2906 710 recesserunt
2933 672 2962 709 a
2992 655 3116 720 ﬁde,
3147 657 3264 710 ideo
3292 656 3344 709 in
3368 658 3542 710 anima
3568 669 3655 710 ro-

2107 744 2310 812 cepturi
2338 753 2514 806 erunt,
2541 744 2796 812 quidquid
2823 753 3150 799 meruerunt.

2180 835 2338 888 Vens.
2371 836 2423 889 5.
2447 866 2518 874 -
2549 834 2729 905 Speret
2757 835 2922 891 Israel
2957 836 3009 889 in
3036 836 3278 900 Domino,
3314 837 3403 904 qui
3430 845 3511 891 est
3534 850 3655 903 spes

2107 926 2342 977 omnium
2370 925 2532 978 Deum
2558 926 2869 980 videntium.
2923 925 3007 979 Ex
3033 927 3126 980 hoc
3154 943 3287 980 nunc
3329 939 3375 990 et
3416 942 3572 996 usque
3599 928 3656 980 in

2104 1015 2495 1082 sempiternum,
2526 1012 2577 1068 id
2603 1021 2713 1077 est,
2741 1029 2907 1083 usque
2941 1015 3008 1069 ad
3033 1009 3416 1079 aeternitatem,
3464 1015 3516 1068 in
3554 1031 3654 1084 qua

2109 1102 2423 1167 videbimus,
2453 1103 2504 1155 in
2531 1118 2686 1171 quem
2713 1119 2851 1156 nunc
2879 1118 3175 1170 speramus.

2596 1190 2911 1246 PSALMUS
2948 1190 3178 1247 CXXXI.

2180 1283 2335 1337 Venit
2372 1282 2459 1336 hic
2501 1283 2730 1351 prmvius
2759 1290 2953 1335 nostrae
2983 1280 3131 1352 [Ms.,
3163 1280 3364 1352 noster]
3393 1281 3659 1336 ascemio—

2107 1371 2211 1433 nis,
2243 1378 2295 1424 et
2323 1369 2389 1422 ad
2417 1363 2635 1437 gradum
2668 1370 3106 1432 mansuetudinis,
3143 1370 3194 1422 in
3227 1385 3332 1437 qua
3362 1367 3658 1438 exemplum

2108 1459 2259 1514 nobis
2289 1458 2607 1512 sanctissimi
2639 1456 2802 1510 David
2829 1457 3124 1526 proposuit,
3149 1460 3302 1527 quasi
3332 1475 3398 1513 ex
3423 1475 3518 1513 sua
3543 1473 3661 1529 per-

2108 1566 2237 1605 sona
2267 1549 2449 1604 dicens
2471 1565 2482 1600 :

2178 1639 2336 1691 Vsus.
2368 1639 2418 1690 i.
2446 1667 2513 1676 —
2557 1637 2833 1700 Memento,
2880 1636 3117 1702 Domine,
3164 1636 3352 1701 David,
3400 1647 3446 1690 et
3495 1638 3660 1690 omnis

2109 1728 2518 1782 mansuetudinis
2542 1727 2674 1795 ejus.
2707 1727 2872 1779 David
2897 1742 3054 1780 manu
3083 1725 3235 1781 fortis
3264 1728 3660 1795 interpretatur,

450 1824 498 1868 et
528 1815 735 1884 copiosa
762 1814 903 1884 apud
928 1831 1045 1868 eum
1074 1815 1370 1886 redemptio.
1414 1813 1517 1868 Per
1545 1815 1693 1875 illum
1719 1817 1898 1885 itaque
1927 1831 2012 1870 re-
2044 1815 2086 1877 Β
2111 1819 2202 1888 qui
2239 1818 2388 1887 juxta
2421 1817 2694 1870 historiam
2726 1815 2958 1884 pepercit
2994 1814 3210 1868 inimico
3242 1814 3498 1884 querenti
3538 1813 3659 1868 ani-

452 1903 651 1971 dempti
677 1917 883 1966 sumus,
913 1917 1010 1973 per
1033 1901 1181 1956 illum
1208 1902 1560 1956 resurrecturi
1583 1918 1784 1955 sumus.

523 1993 685 2048 Vsus.
716 1992 769 2047 8.
793 2023 862 2035 -
889 1991 1007 2063 Ipse
1022 1992 1251 2048 ‘redimet
1279 1993 1448 2048 Israel
1475 2011 1538 2049 ex
1563 1995 1796 2049 omnibus
1823 1995 2014 2064 ntiqui-

451 2083 642 2137 tatibus
668 2085 799 2151 suis.
848 2082 974 2156 [Ubi
1007 2084 1458 2152 superabundavit
1491 2073 1791 2157 peccatum]
1824 2100 2012 2157 super-

453 2173 735 2229 abundavit
773 2175 986 2245 gratia;
1021 2174 1192 2245 gratia
1230 2175 1374 2229 enim
1406 2175 1499 2230 Dei
1535 2176 1728 2230 salvati
1765 2183 1891 2230 sunt
1920 2190 2016 2246 per

454 2263 630 2330 ﬁdem,
661 2264 731 2320 ab
755 2264 1006 2320 omnibus
1036 2263 1406 2333 iniquitatibus
1436 2265 1566 2319 suis.
1607 2264 1806 2320 Omnes
1831 2263 2017 2321 ﬁdeles

455 2354 666 2409 nomine
694 2353 847 2425 [Hs.,
879 2353 1096 2425 nomen]
1123 2351 1338 2408 lsraeiis
1363 2351 1636 2422 designat,
1676 2356 2017 2423 quia‘omnes

453 2458 546 2510 per
590 2444 862 2512 copiosam
912 2443 1333 2513 redemptionem
1387 2441 1597 2496 Domini
1643 2440 1768 2495 Jesu
1816 2442 2015 2498 Christi

455 2532 710 2603 redempti
749 2541 876 2586 sunt
911 2533 978 2588 ab
1005 2532 1252 2587 omnibus
1281 2532 1648 2601 iniquitatibus
1684 2531 1813 2585 suis.
1863 2531 2016 2586 Scire

454 2623 706 2683 debemus
733 2623 958 2692 quodin
988 2621 1417 2692 aliquibuslocis
1456 2623 1509 2676 in
1551 2622 1633 2676 his
1673 2620 1890 2690 psalmis
1927 2635 2016 2675 so-

455 2725 584 2788 nant
610 2714 770 2768 verba
793 2713 948 2783 quasi
976 2713 1043 2767 de
1067 2713 1271 2775 multis,
1313 2712 1453 2767 sicut
1485 2711 1572 2766 ubi
1606 2712 1681 2765 ait
1709 2730 1722 2764 :
1771 2710 2015 2765 Miserere

456 2808 616 2870 nostri
660 2801 1036 2882 [Hs.,‘nobis],
1085 2802 1325 2869 Domine,
1374 2805 1616 2858 miserere
1665 2804 1847 2868 nostri,
1892 2803 2015 2874 quia

457 2895 674 2950 multum
722 2895 897 2967 repleti
944 2910 1119 2948 sumus
1164 2892 1483 2964 despectione
1512 2893 1681 2965 (Psal.
1710 2909 1854 2948 cun
1879 2933 1893 2956 ,
1937 2891 2014 2964 5).

459 2987 513 3041 in
541 2988 807 3057 aliquibus
833 2988 968 3043 sicut
995 2987 1061 3042 de
1085 2999 1212 3050 uno,
1242 2984 1330 3039 ubi
1361 2984 1470 3038 ait:
1505 2984 1581 3037 De
1607 2983 1881 3054 profundis
1911 2983 2018 3037 cla-

455 3077 589 3130 maui
615 3075 682 3129 ad
709 3085 778 3141 te,
802 3075 1040 3130 Domine.
1081 3075 1148 3129 Et
1175 3075 1276 3129 hoc
1304 3071 1469 3145 [ideo]
1496 3073 1622 3143 quia
1655 3071 1806 3125 multi
1832 3087 2016 3126 sumus

2113 1924 2255 1964 suam
2285 1922 2474 1963 suam:
2511 1905 2817 1976 signiﬁcans
2846 1903 3116 1958 Christum
3160 1912 3395 1957 nostrum
3440 1901 3662 1958 bellato-

2114 2011 2244 2070 rem,
2273 1996 2364 2064 qui
2389 1994 2826 2070 superbissimum
2851 1990 3060 2050 Goliath
3089 1992 3314 2062 proprize
3343 1989 3666 2047 fortitudinis

2111 2065 2285 2155 lapide
2322 2065 2644 2156 prostravit,
2693 2093 2746 2136 et
2792 2082 2976 2146 nobis,
3020 2099 3141 2139 cum
3179 2082 3379 2138 inimici
3406 2097 3662 2145 essemus,

2112 2183 2421 2229 mansuetus
2456 2182 2539 2228 est
2574 2160 2763 2236 factus,
2813 2181 2871 2226 ut
2915 2187 3012 2227 nos
3058 2171 3174 2240 ejus
3220 2173 3460 2241 exemplo
3493 2173 3665 2230 edocti

2113 2267 2377 2321 mansueti
2400 2267 2568 2322 simus
2590 2274 2644 2320 et
2670 2270 2845 2319 mites.
3303 2329 3320 2342 ο

2186 2357 2346 2415 Vsus.
2382 2358 2503 2414 3-5.
2526 2387 2598 2398 —
2635 2356 2784 2414 Sicut
2815 2356 3012 2427 iuravit
3050 2355 3294 2420 Domino,
3338 2364 3505 2411 notum
3538 2356 3666 2409 norit

2107 2445 2223 2500 .Dso
2251 2446 2434 2501 Iacob.
2472 2443 2664 2500 Jurare
2693 2445 2816 2508 Dei,
2849 2453 2931 2499 est
2958 2445 3324 2514 promissionis
3350 2459 3459 2499 sum
3485 2451 3667 2499 votum

2114 2538 2396 2592 ostendere
2417 2536 2567 2609 [lis.,
2588 2535 2971 2607 promissiones
2991 2551 3115 2591 suns
3134 2522 3458 2607 ostendere].
3487 2533 3670 2590 Votum

2117 2630 2245 2682 vovit
2271 2627 2380 2682 Deo
2403 2627 2588 2683 Iacob.
2621 2627 2760 2695 Quid
2785 2637 2869 2684 est
2895 2636 3074 2683 votum
3100 2626 3332 2692 Christi,
3362 2629 3465 2683 nisi
3492 2636 3552 2682 ut
3580 2643 3667 2683 re-

2113 2715 2343 2772 dimeret
2371 2716 2662 2770 humanum
2701 2716 2907 2786 genus‘?
2959 2715 3109 2770 Unde
3144 2715 3220 2770 ait
3255 2715 3306 2768 in
3344 2715 3668 2784 Evangetio:

2083 2803 2396 2876 0pus387
2411 2806 2787 2868 consummaui,
2809 2805 2946 2874 quod
2972 2790 3157 2857 dedisti
3185 2805 3311 2858 milii
3335 2805 3670 2873 (Joaqust.

2116 2893 2192 2961 4).
2231 2891 2420 2947 Votum
2444 2894 2574 2947 vovit
2603 2892 2708 2947 Deo
2733 2892 2916 2948 Jacob.
2968 2893 3024 2947 in
3064 2893 3408 2962 sequentibus
3447 2892 3661 2952 demeti.

2118 2993 2251 3038 strat
2279 2984 2407 3053 quid
2430 2984 2665 3038 vovisset
2687 2983 2816 3047 Deo,
2857 2982 2910 3036 id
2943 2990 3046 3047 est,
3085 2993 3144 3036 ut
3184 2983 3443 3036 inveniret
3478 2980 3669 3053 [Edit.,

2118 3073 2400 3145 invenerit]
2425 3073 2822 3130 tabernaculum
2849 3073 2956 3127 Deo
2983 3071 3165 3136 Jacol),
3183 3074 3234 3127 id
3257 3082 3359 3148 est,
3380 3072 3670 3128 Ecclesium

459 3170 510 3222 in
548 3167 832 3230 membris,
874 3182 1037 3221 unum
1067 3175 1244 3221 autem
1276 3166 1328 3219 in
1357 3164 1569 3219 Christo
1595 3182 1607 3216 :
1649 3171 1704 3244 et
1735 3176 1920 3216 omnes
1961 3161 2014 3214 in
2043 3151 2090 3212 C
2119 3171 2376 3224 sanctam,
2409 3165 2473 3216 de
2502 3178 2609 3230 qua
2635 3164 2829 3218 dicitur
2859 3164 2911 3218 iu
2941 3163 3044 3218 alio
3071 3164 3306 3232 psalmo:
3340 3161 3504 3228 Quam
3529 3178 3675 3216 ama-

458 3274 562 3310 uno
597 3256 904 3326 loquuntur,
951 3265 1008 3309 et.
1048 3271 1185 3310 unus
1215 3257 1268 3309 in
1293 3253 1540 3310 omnibus
1573 3253 1828 3324 loquitur.
1882 3251 2020 3306 Dicit

455 3346 597 3401 enim
624 3347 725 3401 iste
752 3359 1006 3400 ascensor
1030 3362 1042 3396 :

950 3451 1267 3512 PSALMUS
1311 3455 1521 3511 CXXX.

526 3548 686 3604 Vsus.
720 3549 767 3602 i.
791 3578 863 3588 —
900 3546 1132 3609 Domine,
1165 3561 1267 3597 non
1294 3543 1676 3598 est'cxaltatum
1709 3561 1800 3598 cor
1823 3560 2016 3607 meum,

456 3655 614 3709 neque
632 3639 754 3692 elati
777 3649 896 3692 sunt
918 3637 1053 3692 oculi
1075 3637 1194 3690 mei.
1219 3633 1553 3689 Sacriﬁcium
1574 3635 1684 3688 Deo
1702 3636 2019 3689 humilitatis

456 3726 612 3781 offert
657 3728 710 3780 in
753 3729 838 3784 his
864 3729 1044 3781 verbis
1068 3768 1083 3788 ,
1134 3727 1272 3782 sicut
1311 3727 1363 3780 in
1404 3726 1508 3779 alio
1546 3725 1748 3794 psalmo
1783 3723 2013 3794 legitur:

2120 3254 2244 3306 bilia
2270 3261 2390 3305 sunt
2417 3252 2752 3305 tabernacula
2778 3262 2890 3316 tua,
2913 3253 3130 3312 Domine
3158 3253 3327 3322 (Psal.
3349 3269 3572 3318 Luxus,
3595 3253 3672 3323 2).

2121 3341 2224 3396 Sed
2269 3357 2385 3405 nos,
2437 3341 2484 3395 si
2528 3341 2662 3394 bene
2704 3341 2986 3410 egerimus,
3040 3340 3434 3396 tabernaculum
3476 3343 3678 3398 erimus

2120 3430 2251 3494 Dei,
2303 3438 2358 3484 et
2404 3430 2660 3499 templum
2694 3421 2798 3501 [Dei
2829 3430 2973 3494 vivi,
3025 3430 3162 3484 sicut
3190 3429 3325 3485 dixit
3348 3430 3631 3500 Apostolus
3659 3450 3672 3484 :

2122 3521 2385 3590 Templum
2422 3520 2520 3573 Dei
2558 3523 2678 3575 estis
2719 3526 2824 3576 ros.
2877 3521 3028 3576 Nulla
3059 3537 3157 3576 nos
3186 3519 3380 3592 [Edit.,
3410 3520 3527 3595 vos}
3557 3521 3678 3577 dor-

2118 3608 2346 3670 mitatio,
2377 3606 2516 3660 nulla
2545 3607 2827 3661 oblectatio
2856 3611 3053 3673 carnis,
3085 3609 3226 3663 nulla
3249 3609 3468 3666 ambitio
3497 3612 3677 3669 surculi

2119 3699 2418 3759 deterreat,
2457 3706 2516 3751 ut
2550 3697 2954 3752 tabernaculum
2978 3698 3084 3751 Deo
3114 3713 3220 3753 non
3248 3698 3580 3754 inveniamus
3621 3699 3678 3755 in
3777 3741 3780 3744 «

2122 3789 2537 3858 nobismetipsis.

461 3815 812 3888 [Sacriﬁcium
843 3815 973 3887 Deo]
998 3817 1208 3884 spiritus
1232 3815 1626 3879 contribulatus,
1677 3815 1730 3869 id
1769 3822 1871 3876 est,
1917 3814 2017 3868 hu-

2192 3883 2354 3939 Vsus.
2382 3882 2433 3937 6.
2461 3913 2530 3925 —
2557 3882 2691 3938 Ecce
2717 3882 3007 3947 audivimus
3033 3897 3146 3935 eam
3175 3882 3229 3935 in
3251 3879 3504 3952 prrata,
3533 3882 3676 3937 inre-

460 3907 691 3961 miliatus
717 3904 884 3976 (Psat.
914 3923 960 3967 ι,
993 3907 1100 3977 19).
1135 3906 1300 3976 Magis
1329 3908 1508 3976 itaque
1535 3909 1712 3962 audita
1744 3917 1825 3962 est
1851 3908 2023 3962 humi-

456 3997 636 4053 liantis
661 3972 811 4069 [Als.,
833 3972 1118 4067 humiliati]
1145 3972 1626 4065 publicani—oratio,
1647 4013 1807 4064 quam
1837 4012 2022 4066 super-
2122 3980 2291 4032 πίπιω
2319 3977 2510 4069 “mi”
2536 3977 2730 4069 campi"
2755 3975 2915 4069 ξίίυίεή

2122 3980 2291 4032 nimus
2319 3993 2432 4031 eam
2457 3977 2510 4031 in
2536 3977 2730 4045 campis
2755 3975 2916 4030 silete.
2952 3975 3188 4044 Ephrata
3213 3972 3486 4045 speculum
3513 3975 3680 4030 inter

458 4065 954 4145 hiemis—Pharismi.
998 4065 1176 4160 Neque
1203 4086 1324 4141 elati
1351 4097 1470 4141 sunt
1497 4087 1630 4140 oculi
1661 4089 1780 4140 mei.
1821 4065 2020 4142 Oculos
2119 4077 2393 4138 ντειθιυτς
2439 4068 2491 4122 in
2521 4066 2736 4137 θΡθουιο
2764 4066 2915 4138 ίωειιί

2119 4077 2393 4138 prclatur;
2439 4068 2491 4122 in
2521 4066 2736 4137 speculo
2764 4066 3023 4138 imagines
3050 4065 3477 4136 conspiciuntur;
3517 4065 3682 4137 signi-

458 4181 636 4236 cordis
671 4181 839 4235 elatos
883 4197 986 4236 non
1022 4157 1140 4236 esse
1184 4179 1347 4243 dixit,
1393 4177 1484 4232 sed
1529 4177 1851 4240 humiliatos,
1893 4179 2019 4246 quia
2123 4165 2247 4219 θαι
2277 4161 2589 4233 Propheta.
2637 4160 2729 4228 qui
2777 4173 2870 4226 Pe?

2123 4165 2247 4219 ﬁcat
2277 4161 2589 4233 prepbetas,
2637 4160 2729 4228 qui
2777 4173 2870 4226 per
2917 4159 3200 4229 imaginem
3247 4157 3410 4214 locuti
3452 4166 3575 4213 sunt
3615 4159 3686 4213 de

461 4269 697 4324 omnium
725 4267 986 4322 bonorum
1014 4269 1251 4324 custodia
1277 4277 1358 4324 est
1385 4268 1677 4322 humilitas.
1714 4267 1891 4337 Neque
1912 4283 2021 4320 am-
2123 4255 2297 4309 illum
2327 4254 2483 4307 domo
2515 4251 2634 4312 Dei.
2667 4265 2827 4317 (ιιιιιιη
2861 4249 3162 4305 “venimus
3193 4251 3245 4304 in
3274 4249 3478 4318 επιΡῆ
3511 4249 3674 4313 “me,

461 4360 629 4414 bulari
653 4360 706 4413 in
745 4361 966 4428 magnis,
997 4375 1155 4427 neque
1187 4361 1241 4411 in
1261 4358 1580 4412 mirabilibus
1610 4374 1763 4428 super
1785 4374 1886 4411 me.
1913 4356 2022 4412 Nec
2123 4347 2194 4400 ibi
2223 4343 2523 4399 δυάίνίῐηυε
2560 4340 2626 4393 de
2661 4337 2819 4392 domo
2865 4337 2915 4390 D‘

2123 4347 2194 4400 ibi
2223 4343 2523 4399 audivimus
2560 4340 2626 4393 de
2661 4337 2819 4392 domo
2865 4337 2990 4401 Dei,
3042 4339 3093 4391 id
3137 4347 3252 4402 est,
3298 4339 3348 4390 in
3394 4338 3676 4393 latitudine

460 4451 676 4518 quaesivi
695 4493 710 4515 ,
738 4459 798 4505 ut
825 4465 1046 4520 magnus
1072 4463 1243 4503 essem
1279 4449 1418 4503 inter
1446 4450 1708 4512 homines,
1738 4458 1832 4502 aut
1855 4450 2020 4503 mim-
2053 4497 2097 4520 ,ι
2125 4437 2319 4511 [Edita
2346 4430 2643 4504 altitudine]
2689 4430 2915 4502 gentium

2125 4437 2319 4511 [Edit.,
2346 4430 2643 4504 altitudine]
2689 4430 2924 4502 gentium
2944 4470 2960 4493 ,
2998 4444 3116 4498 quae
3140 4428 3392 4498 vepribus
3425 4435 3481 4483 et
3511 4429 3680 4499 spinis

465 4539 584 4594 bilis
610 4539 851 4596 faciendo
877 4542 1025 4612 signa
1064 4548 1119 4595 et
1155 4539 1408 4594 miracula
1434 4556 1446 4591 :
1479 4539 1602 4607 quia
1629 4539 1776 4607 signa
1805 4547 2022 4607 propter
2053 4520 2098 4553 υ
2124 4535 2464 4596 peccatorum
2492 4523 2678 4578 οὺεὶιω
2714 4531 2874 4576 sunt:
2913 4542 2915 4572 τ

2124 4535 2464 4596 peccatorum
2492 4523 2678 4578 obsita:
2714 4531 2874 4576 sunt:
2913 4522 3005 4576 sed
3052 4520 3123 4576 ibi
3166 4528 3251 4575 est
3293 4520 3450 4574 modo
3491 4521 3684 4576 domus

465 4629 703 4685 inﬁdeles
726 4632 847 4685 data
874 4645 1014 4697 sunt,
1050 4649 1153 4688 non
1182 4641 1399 4703 propter
1428 4630 1631 4696 ﬁdeles,
1662 4639 1719 4682 ut
1748 4643 1843 4699 per
1870 4630 2020 4700 signa

464 4721 775 4785 crederent.
822 4723 912 4791 qui
951 4739 1049 4792 per
1074 4724 1478 4792 praedicationes
1514 4736 1618 4776 non
1656 4718 2017 4774 crediderunt.

470 4811 616 4868 Unde
646 4813 881 4868 subdidit
902 4827 916 4866 :
1171 4855 1177 4889 ,

534 4904 693 4960 Vm
724 4903 778 4958 2.
798 4932 876 4948 --
899 4902 958 4959 Si
989 4918 1090 4957 non
1119 4903 1380 4964 humiliter
1403 4904 1711 4966 sentiebam,
1755 4903 1843 4956 sed
1873 4902 2019 4956 eral;-

466 4992 565 5044 tavi
593 4993 821 5047 animam
851 5009 1055 5046 meum:
1087 4992 1217 5045 sicut
1253 4991 1540 5044 obluctatus
1577 5001 1649 5043 est
1683 5008 1836 5059 super
1861 5003 2025 5045 matre

493 5095 589 5140 ua,
639 5082 712 5132 ita
760 5084 1023 5138 retributio
1056 5084 1110 5136 in
1139 5083 1313 5134 anima
1343 5097 1475 5133 mea.
1518 5079 1778 5135 Videntur
1806 5081 2025 5135 maledi-

466 5169 603 5224 ctior.
636 5185 695 5224 m
726 5186 919 5227 sonare
946 5175 998 5228 bi
1027 5175 1131 5228 duo
1157 5188 1370 5233 versus,
1414 5181 1469 5226 et
1510 5173 1574 5226 ad
1603 5172 1882 5227 hmreticos
1907 5187 2025 5238 per—

469 5258 636 5315 tinere
687 5261 778 5332 qui
812 5276 916 5315 non
945 5265 1127 5317 volunt
1173 5264 1440 5318 humiliari
1487 5263 1540 5316 in
1586 5277 1716 5331 pace
1747 5263 2021 5324 Ecclesim,

469 5349 559 5402 scd
601 5352 823 5406 evitari
871 5352 924 5405 in
969 5354 1202 5406 schisma
1249 5355 1502 5408 doctrina:
1546 5367 1672 5405 sum.
1728 5351 2024 5407 Noluerunt

476 5441 656 5492 nutris
684 5441 933 5497 ecclesia:
979 5442 1114 5496 lacte
1144 5444 1370 5507 nutriri,
1398 5452 1455 5498 ut
1482 5443 1545 5495 ad
1572 5441 1797 5496 solidum
1824 5444 2021 5506 cibum,

475 5526 559 5594 qui
587 5525 833 5583 Christus
860 5541 958 5593 est,
991 5529 1351 5601 pervenirent.
1398 5532 1520 5591 Ideo
1543 5529 1790 5584 ablactati
1822 5538 1946 5584 sunt
1973 5540 2027 5584 et

478 5627 505 5664 a
534 5627 697 5672 matre
725 5618 950 5687 repulsi,
997 5620 1118 5687 quia
1151 5633 1178 5669 a
1209 5618 1342 5671 lacte
1367 5620 1578 5688 pietatis
1608 5619 1797 5673 nutriri
1840 5619 2023 5673 nolue-

483 5711 626 5756 runt:
655 5714 702 5755 rt
727 5715 843 5757 sunt
871 5707 950 5759 (ιω
972 5715 1113 5760 tores
1140 5707 1355 5768 erroris,
1380 5721 1497 5758 eum
1529 5723 1628 5762 non
1655 5707 1756 5760 sint
1781 5707 2020 5777 discipuli

2127 4623 2248 4686 Dei,
2285 4631 2340 4674 et
2367 4619 2604 4674 Ecclesia
2632 4616 2828 4671 Christi
2848 4657 2860 4678 ,
2894 4615 2960 4670 de
2987 4630 3090 4683 qua
3117 4613 3390 4683 propheta:
3416 4612 3680 4682 prtedixe-

2123 4727 2221 4766 run
2229 4721 2266 4764 ι.

2193 4804 2353 4858 Vsus.
2400 4800 2452 4853 7.
2497 4829 2568 4842 -—
2611 4798 2948 4852 Introibimus
3000 4795 3054 4847 in
3103 4795 3493 4849 tabernaculum
3544 4796 3677 4865 ejus.

2123 4890 2324 4961 Cujus?
2359 4891 2452 4944 Dei
2473 4887 2654 4942 Iacob.
2687 4884 2963 4953 Quomodo
2985 4885 3341 4941 introibimus.
3377 4887 3479 4942 Per
3497 4887 3675 4940 ﬁdem.

2125 4985 2467 5040 Adorabimus
2498 4983 2552 5035 in
2584 4981 2717 5044 loco,
2746 4979 2830 5032 ubi
2860 4988 3104 5032 steterunt
3131 4978 3282 5048 pedes
3306 4978 3437 5046 ejus.
3467 4976 3682 5045 Cujus?

2123 5077 2319 5132 Christi
2365 5073 2575 5129 Domini
2625 5071 2825 5132 nostri,
2878 5070 2967 5124 ubi
3012 5071 3233 5138 vestigia
3279 5064 3676 5136 conspiciuntur

2123 5170 2257 5237 ejus,
2281 5178 2335 5222 et
2358 5168 2428 5222 ibi
2458 5165 2710 5219 miracula
2734 5164 3202 5221 illiusmantur,
3223 5167 3275 5213 et
3301 5159 3678 5226 redemptionis

2125 5267 2320 5311 nostra:
2349 5257 2570 5309 ﬁrmitas
2595 5272 2605 5304 :
2643 5254 2766 5319 quia
2795 5250 2993 5315 absque
3022 5245 3178 5315 huius
3204 5247 3390 5301 domus
3417 5245 3679 5301 c‘haritate

2126 5347 2268 5399 Salus
2299 5345 2486 5416 [Edit.,
2517 5339 2684 5409 solus]
2728 5355 2831 5393 non
2875 5339 3241 5394 inveniretur:
3277 5339 3349 5393 ibi
3380 5339 3681 5394 adorandUS

2126 5436 2276 5507 [Ms.,
2298 5431 2646 5502 adorandum]
2670 5439 2773 5494 est,
2803 5432 2890 5485 ubi
2921 5432 3050 5484 ﬁdes
3077 5438 3220 5484 recta
3250 5444 3366 5485 esse
3395 5430 3677 5484 diceretur.

2115 5565 2128 5578 .
2195 5528 2350 5579 Vrzns.
2381 5525 2431 5578 8.
2456 5554 2527 5563 —
2567 5522 2822 5591 Exsurge,
2864 5521 3103 5582 Domine,
3145 5524 3196 5574 in
3240 5519 3460 5589 requiem
3505 5530 3679 5578 tamn,

2125 5631 2179 5674 tu
2222 5629 2265 5672 et
2311 5635 2431 5670 arca
2474 5615 2896 5681 sanctiﬁcationis
2941 5625 3059 5666 tum.
3117 5613 3328 5668 Christo
3362 5612 3576 5674 dicitur,
3629 5623 3684 5664 ut

2124 5717 2370 5776 exsurgat
2406 5724 2432 5760 a
2467 5706 2710 5768 mortuis,
2753 5713 2806 5758 et
2846 5705 3003 5758 intret
3040 5705 3089 5757 in
3130 5704 3364 5771 requiem
3396 5719 3582 5757 suam:
3631 5704 3681 5755 id
