4286 6220
585 365 693 419 635

1453 363 1513 417 Β.
1550 362 1613 416 F.
1653 358 1874 415 ALBINI
1912 358 2042 414 SEU
2069 355 2353 451 .ALCUINI
2390 354 2673 413 OPERUBI
2709 353 2887 417 PARS
2924 354 2977 410 lI.

3701 354 3805 410 656

580 481 681 537 est.
712 482 833 544 post
861 474 1098 529 laborem
1127 472 1390 544 passionis
1419 474 1474 527 in
1502 473 1743 542 requiem
1769 471 2004 528 cmlestis
2029 469 2143 541 glo-
2173 474 2221 543 Α
2246 470 2330 523 hic
2348 468 2607 534 habitabo,
2630 469 2877 540 quoniam
2898 468 3029 540 elegi
3051 484 3185 541 eam.
3219 468 3321 526 Ista
3346 470 3439 527 Dei
3463 470 3626 526 verba
3650 480 3806 536 sunt;

582 554 697 617 rite.
748 560 827 616 Tu
871 572 919 616 et
966 579 1093 616 arca
1135 562 1560 631 sanctiﬁcationis
1605 572 1728 616 tute.
1777 560 1917 615 Arca
1951 559 2151 615 Christi

489 708 492 712 .
590 650 826 708 Ecclesia
853 662 936 707 est
959 652 1181 707 Christi.
1211 652 1554 707 Resurrectio
1573 651 1849 721 precessit
1877 652 1930 705 in
1956 649 2148 718 capite,

584 756 704 809 qua:
720 742 967 796 secutura
992 739 1182 811 [Edit.,
1204 738 1413 810 secuta]
1436 739 1540 793 erit
1567 739 1622 792 in
1651 737 1930 801 membris,
1952 745 2013 790 ut
2036 735 2152 801 flat,

587 832 729 900 quod
757 832 871 901 ipsa
898 832 1111 887 Veritas
1137 831 1248 888 ait:
1289 828 1438 895 Volo,
1469 829 1648 894 Pater,
1676 837 1731 882 ut
1754 827 1840 882 ubi
1876 844 1969 897 ego
2003 842 2118 881 sum
2136 867 2151 891 ,

585 931 634 975 et
661 922 748 975 isti
774 922 877 975 sint
905 923 1123 974 mecum.
1182 918 1189 921 ⁷

658 1010 820 1065 Vens.
844 1009 896 1064 9.
913 1038 978 1049 —
1010 1008 1315 1063 Sacerdotes
1336 1008 1412 1061 tui
1435 1007 1725 1061 induantur
1746 1004 1891 1078 [Ms.,
1908 1005 2152 1079 induant]

577 1100 862 1169 justitiam,
895 1109 940 1163 et
971 1098 1138 1152 sancti
1162 1098 1240 1150 tui
1268 1096 1526 1151 la'tentur.
1562 1094 1869 1152 Sacerdotis
1897 1103 1981 1149 est
2001 1094 2157 1161 justi-

588 1189 716 1242 tiam
746 1187 1060 1257 praedicare,
1102 1194 1158 1241 et
1199 1186 1460 1255 exemplis
1486 1182 1805 1251 ostendere;
1851 1183 2031 1254 populi
2075 1192 2159 1241 est

589 1278 822 1349 gaudere
871 1277 925 1331 in
968 1276 1218 1345 iustitia,
1282 1284 1338 1329 et
1387 1276 1728 1331 sacerdotum
1778 1273 2157 1344 praedicatione

592 1368 786 1439 [Edit.,
833 1368 1085 1438 gaudium
1112 1402 1220 1422 .....
1249 1364 1602 1438 praedicatio].
1657 1366 1786 1420 Item
1817 1384 1830 1419 :
1870 1366 2160 1419 induantur

589 1458 897 1512 sacerdotes
920 1457 1021 1512 ﬁde
1044 1466 1098 1511 et
1120 1472 1236 1526 spe,
1258 1457 1536 1526 sanctique
1559 1456 1809 1510 laetentur
1828 1472 1848 1522 ;
1869 1456 1995 1525 quia
2022 1455 2161 1509 sicut

587 1548 835 1603 Christus
864 1548 1097 1602 surrexit
1124 1548 1175 1601 in
1202 1546 1393 1615 gloria,
1421 1548 1495 1599 ita
1521 1554 1575 1599 et
1603 1544 1773 1599 sancti
1802 1558 1925 1597 cum
1944 1542 2161 1598 Christo

587 1642 884 1697 surrecturi
910 1649 1037 1695 sunt
1060 1642 1112 1694 in
1138 1640 1326 1711 gloria.
1398 1698 1425 1711 ν

658 1730 819 1786 Vsus.
848 1730 1020 1784 l0.—
1044 1728 1457 1807 PropterDarid
1481 1744 1684 1783 meum
1711 1737 1859 1802 tuum
1888 1744 1992 1782 non
2015 1744 2160 1781 arer-

2250 559 2366 614 hazc
2401 559 2627 628 requies
2652 572 2798 621 mea,
2846 557 2935 613 hic
2972 559 3267 627 requiesco.
3317 557 3586 625 Quantum
3614 557 3808 632 [Edit.,

2250 645 2525 719 quoniam]
2568 661 2668 702 nos
2706 654 2852 701 amat
2888 646 3031 702 Deus
3061 644 3322 719 [fratres],
3355 655 3414 702 ut
3437 649 3563 717 quia
3592 663 3693 704 nos
3723 665 3809 706 re-

2251 737 2595 807 quiescimus,
2624 752 2684 793 se
2704 737 2849 793 dicat
2874 737 3230 808 requiescere.
3264 736 3377 792 Non
3405 738 3548 795 enim
3581 739 3693 809 ipse
3717 740 3814 795 ali-

2251 828 2463 897 quando
2488 818 2754 893 turbatur,
2784 834 2877 881 aut
2905 828 2986 882 sic
3011 827 3339 897 requiescit:
3377 827 3472 899 sed
3501 827 3575 883 ibi
3601 843 3661 884 se
3685 829 3818 885 dicit

2253 915 2608 983 requiescere,
2636 916 2763 985 quia
2790 930 2889 971 nos
2914 915 2969 971 in
3008 915 3099 970 illo
3126 916 3365 986 requiem
3392 916 3677 974 habemus.
3715 916 3815 973 llic

2252 1006 2571 1072 inhabitabo,
2595 1010 2842 1077 quoniam
2866 1005 2996 1077 elegi
3022 1022 3156 1060 eam.

2324 1096 2486 1151 Vsus.
2518 1094 2602 1150 l5.
2628 1125 2699 1137 -
2735 1093 2959 1150 Viduam
2994 1096 3111 1166 ejus
3148 1095 3449 1151 benedicens
3487 1096 3817 1163 benedicam,

2252 1201 2501 1257 pauperes
2523 1184 2635 1254 ejus
2658 1184 2901 1257 saturabo
2924 1184 3164 1257 panibus.
3204 1184 3390 1241 Omnis
3416 1187 3593 1241 anima
3616 1203 3737 1257 qua:
3761 1204 3821 1244 se

2255 1248 2500 1357 intelligit
2525 1248 2793 1330 desertam
2821 1248 2904 1331 lab
2924 1248 3085 1331 'omni
3115 1276 3336 1341 auxilio,
3367 1276 3469 1330 nisi
3499 1248 3667 1332 solius
3694 1277 3785 1332 Dei
3805 1319 3822 1338 .

2255 1366 2415 1421 vidua
2455 1374 2540 1420 est
2574 1365 2864 1420 secundum
2894 1366 3182 1429 seculum,
3234 1366 3358 1435 quia
3405 1365 3658 1421 saeculum
3704 1381 3822 1421 eam

2255 1454 2489 1509 deserit.-
2523 1469 2629 1509 non
2658 1461 2837 1510 tamen
2863 1455 3058 1511 exinde
3083 1455 3242 1509 vidua
3270 1462 3376 1521 est,
3405 1468 3525 1525 quae
3550 1453 3822 1510 Christum

2256 1544 2419 1600 habet
2457 1544 2670 1609 virum;
2719 1542 2920 1599 idcirco
2970 1551 3156 1598 sancta
3196 1543 3435 1599 Ecclesia
3480 1545 3535 1599 in
3578 1546 3826 1600 omnibus

2257 1636 2515 1691 membris
2558 1635 2671 1690 suis
2706 1632 2865 1689 vidua
2908 1643 3021 1701 est,
3064 1651 3096 1689 a
3135 1635 3329 1690 saeculo
3370 1635 3625 1692 derelicta
3663 1642 3826 1705 atque

2259 1733 2565 1795 contempta
2585 1765 2601 1790 ,
2641 1739 2674 1779 a
2712 1721 2928 1779 Christo
2953 1732 3132 1779 autem
3160 1724 3330 1781 electa
3358 1735 3413 1780 et
3439 1735 3709 1795 sponsata.
3756 1727 3825 1781 Et

587 1832 669 1875 tas
708 1822 897 1891 {aciem
939 1820 1133 1875 Christi
1176 1820 1273 1873 tui.
1325 1819 1443 1874 Vox
1485 1826 1570 1874 est
1616 1818 1683 1872 ad
1732 1818 1900 1872 Deum
1947 1818 2161 1872 Patrem
2194 1815 2238 1875 Β
2263 1830 2517 1886 pauperes
2560 1814 2676 1885 ejus
2719 1814 2964 1869 saturabo
3011 1814 3251 1884 panibus.
3312 1814 3583 1885 Pauperes
3627 1815 3825 1873 Christi

588 1911 925 1980 deprecantis
965 1909 1279 1982 [Ecclesimz
1331 1924 1436 1963 non
1478 1916 1687 1962 avertat
1731 1906 1921 1961 faciem
1960 1906 2162 1962 Christi

586 1999 704 2062 sui,
747 2007 965 2068 propter
990 1998 1270 2053 victoriam
1300 2011 1459 2067 quam
1497 1996 1625 2051 fecit
1656 1997 1723 2052 de
1759 1996 1993 2052 inimicis
2026 1996 2158 2061 suis,

588 2088 643 2143 id
671 2097 786 2156 est,
826 2098 886 2144 ut
919 2090 1112 2144 avertit
1140 2104 1259 2143 eam
1293 2104 1325 2142 a
1353 2086 1582 2143 Judaais-
1614 2087 1666 2162 ]:
1703 2094 1759 2142 et
1784 2097 1907 2158 post
1932 2089 2165 2158 plenitu-

587 2181 767 2235 dinem
802 2181 1038 2254 gentium
1069 2183 1243 2237 omnis
1280 2181 1458 2238 Israel
1486 2182 1669 2237 salvus
1699 2181 1822 2248 fiet,
1868 2183 1961 2252 qui
2005 2184 2165 2239 modo

585 2270 743 2345 [Ms.,
768 2288 875 2343 quo
900 2272 1079 2344 modo]
1119 2272 1174 2327 in
1201 2271 1458 2342 apostolis
1482 2279 1539 2326 et
1562 2270 1784 2342 reliquis
1810 2271 1992 2328 salvus
2015 2281 2119 2329 est.

661 2365 822 2419 Vens.
852 2365 940 2418 11.
966 2394 1037 2404 ---
1062 2363 1270 2422 Iurabit
1303 2363 1559 2417 Dominus
1588 2361 1759 2417 Dauid
1792 2363 2087 2431 veritatem,
2116 2373 2164 2419 et

592 2471 697 2519 non
716 2454 1055 2524 frustrabitur
1074 2471 1211 2508 eum.
1242 2450 1450 2508 Juralio
1472 2453 1679 2508 Domini
1704 2452 2166 2509 continuationem

589 2545 864 2599 sententia:
889 2544 1175 2614 signiﬁcat,
1196 2559 1296 2598 nec
1316 2543 1516 2599 frustra
1534 2545 1703 2614 jurat,
1726 2561 1828 2599 nec
1848 2546 1965 2600 sine
1986 2544 2164 2600 fructu

586 2636 693 2689 erit
719 2634 871 2707 με...
899 2651 999 2690 nec
1025 2635 1283 2689 frustrum
1312 2634 1439 2706 erit]
1468 2636 1609 2705 quod
1635 2635 1919 2705 promittit,
1952 2636 2050 2691 sed
2076 2651 2168 2691 ve-

591 2724 807 2807 ritatem
846 2724 1035 2795 jurans
1060 2724 1343 2779 veritatem
1390 2724 1610 2795 implet,
1657 2725 1782 2795 quia
1816 2725 2017 2781 veritas
2054 2725 2166 2782 falli

592 2831 698 2870 non
728 2825 923 2886 potest.
964 2816 1038 2871 De
1065 2816 1240 2886 fructu
1266 2817 1459 2872 ventris
1488 2818 1566 2871 tui
1592 2834 1782 2887 ponam
1810 2834 1967 2888 super
1993 2818 2167 2873 sedem

585 2914 739 2960 tuam
766 2905 909 2979 [Ms.,
944 2906 1162 2978 meam],
1206 2907 1258 2960 id
1284 2916 1369 2961 est
1386 2948 1398 2970 ,
1432 2907 1497 2961 de
1525 2916 1681 2962 utero
1708 2892 1953 2980 virginali
1980 2925 2167 2965 nasce-

588 3006 699 3059 tur,
741 3009 900 3061 quem
930 3010 1122 3063 ponam
1165 3010 1325 3065 super
1362 2998 1540 3051 sedem
1583 3011 1778 3050 meam.
1832 2997 1984 3052 Exiet
2020 2998 2167 3067 virga

584 3088 655 3141 de
686 3088 859 3141 radice
884 3088 1053 3153 Iesse,
1085 3098 1133 3142 et
1167 3090 1263 3157 ﬂos
1292 3089 1355 3142 de
1390 3090 1565 3143 radice
1593 3090 1707 3158 ejus
1739 3091 1976 3144 ascendet
2005 3090 2160 3161 (Isai.

591 3192 668 3239 xu,
697 3176 772 3244 1).
814 3176 976 3245 Virga
1010 3176 1076 3229 de
1110 3177 1291 3231 radice
1318 3178 1639 3247 patriarcha:
1666 3179 1838 3243 exiet,
1880 3190 1932 3234 et
1960 3180 2076 3246 ﬂos,
2111 3182 2165 3235 id

584 3254 699 3323 est.
729 3262 974 3319 Christus
1003 3266 1067 3319 de
1096 3274 1283 3321 ventre
1310 3268 1530 3335 virginis
1560 3270 1831 3324 ascendet.
1877 3270 2030 3342 [Sed]
2060 3272 2164 3326 alia

590 3353 750 3407 habet
780 3354 1058 3408 translatio
1084 3374 1095 3407 :
1129 3355 1339 3409 Iurabit
1369 3356 1644 3420 Dominus,
1686 3367 1734 3411 et
1776 3376 1877 3419 non
1904 3360 2167 3429 paenitebit

539 3516 546 3523 ι
589 3461 728 3499 eum.
763 3444 880 3500 Non
909 3444 1134 3512 alicujus
1157 3446 1324 3500 Deum
1353 3448 1597 3517 pmnitet,
1629 3446 1720 3502 sed
1751 3448 1949 3519 aliquid
1978 3451 2167 3506 immu-

592 3545 709 3622 tare
750 3551 873 3591 eum
918 3536 1218 3607 significat,
1267 3538 1393 3592 dum
1441 3538 1657 3604 dicitur,
1706 3543 1930 3611 pmnitet
1974 3542 2163 3598 Deum.

590 3628 797 3681 Iurabit
825 3627 1094 3693 Dominus,
1121 3638 1167 3682 et
1196 3646 1297 3683 non
1321 3630 1578 3698 paenitebit
1604 3648 1743 3695 eum,
1770 3632 1823 3686 id
1846 3641 1948 3697 est,
1975 3634 2167 3688 immu-

592 3716 755 3771 tabile
784 3717 901 3769 vult
928 3732 1271 3781 conservare,
1302 3719 1441 3787 quod
1473 3717 1600 3773 facit
1640 3718 1792 3791 μὴ..
1837 3721 1974 3792 fiat],
2023 3724 2167 3792 quod

593 3808 783 3863 statuit
810 3823 931 3863 cum
963 3808 1125 3862 David
1156 3824 1311 3863 servo
1337 3825 1453 3864 suo.
1852 3818 1869 3831 ‘
1982 3798 1987 3801 ’

664 3897 825 3951 Vens.
856 3896 942 3950 12.
983 3927 1055 3936 —
1100 3895 1156 3950 Si
1201 3899 1538 3950 custodierint
1565 3897 1663 3965 ﬁlii
1692 3900 1769 3952 tui
1804 3908 2164 3955 testamentum

595 4001 787 4049 meum,
834 3994 884 4038 et
930 3986 1223 4038 testimonia
1267 4004 1380 4040 mea
1424 3987 1555 4053 hinc,
1586 4005 1703 4059 quis
1731 3990 1921 4044 docebo
1945 4007 2048 4045 eos.
2098 3991 2165 4044 Et

595 4074 697 4141 ﬁ'ii
730 4091 909 4129 eorum
949 4092 1110 4146 usque
1149 4076 1204 4129 in
1239 4076 1489 4132 swculum
1524 4078 1771 4131 sedebant
1806 4094 1961 4148 super
1993 4080 2166 4134 sedem

597 4181 785 4219 meam.
833 4163 1029 4233 Utique
1071 4173 1125 4218 et
1170 4165 1261 4218 filii
1291 4164 1391 4236 [tui
1422 4174 1477 4220 et
1506 4164 1621 4236 filii]
1654 4165 1884 4221 ﬁliorum
1914 4175 2161 4234 tuorum,

594 4252 639 4306 si
671 4253 1023 4307 custodierint
1049 4239 1314 4321 pracepta
1344 4268 1484 4319 mea,
1512 4255 1772 4309 sedehunt
1798 4270 1956 4325 super
1982 4256 2164 4311 sedem

595 4342 936 4399 beatitudinis
979 4353 1122 4398 tuae:
1163 4346 1287 4413 quia
1330 4360 1519 4400 omnes
1545 4345 1729 4400 ﬁdeles
1758 4345 1854 4399 filii
1898 4343 2067 4416 [sunt]
2112 4347 2165 4400 in

593 4432 811 4492 Christo
833 4434 996 4489 David
1021 4443 1075 4489 et
1095 4435 1186 4489 ﬁlii
1207 4436 1493 4499 Abraham,
1518 4436 1583 4489 de
1603 4435 1797 4504 quibus
1820 4436 1934 4504 ipsa
1951 4436 2162 4492 Veritas

597 4521 763 4580 dicit:
810 4521 999 4576 Potens
1044 4532 1117 4576 est
1165 4522 1303 4576 Deus
1345 4523 1409 4576 de
1451 4522 1709 4592 lapidibus
1755 4524 1869 4578 istis
1911 4527 2163 4580 suscitare

595 4610 736 4679 ﬁlios
763 4612 1025 4665 Abraham
1055 4610 1267 4667 (Matth.
1297 4629 1380 4678 III,
1409 4612 1483 4681 9).

670 4702 828 4757 Vens.
859 4705 939 4758 l5.
963 4704 1301 4769 —Quoniam
1329 4705 1476 4774 elegit
1500 4705 1752 4760 Dominus
1775 4704 1925 4772 Sion,
1950 4708 2163 4779 pra’ele-

598 4792 672 4860 git
691 4808 806 4845 eam
818 4793 872 4845 in
884 4793 1253 4848 habitationem
1268 4795 1385 4849 sibi.
1414 4794 1540 4849 Sion
1555 4795 1873 4850 universalis
1884 4806 1965 4852 est
1977 4798 2164 4854 Eccle—

2262 1914 2408 1972 sunt,
2437 1906 2528 1977 qui
2557 1922 2665 1962 non
2691 1914 2877 1961 amant
2905 1905 3007 1959 hoc
3033 1905 3316 1970 saeculum,
3348 1907 3461 1962 sive
3488 1908 3721 1963 habeant
3747 1910 3828 1964 di-

2216 2012 2219 2013 '
2262 1997 2439 2062 vitias,
2486 1997 2598 2051 sive
2624 2011 2730 2051 non
2759 1995 3014 2051 habeant.
3060 1995 3341 2065 Aliquibus
3366 1998 3511 2052 enim
3540 1998 3678 2053 datae
3704 2007 3827 2053 sunt

2262 2085 2462 2141 divitia:
2504 2084 2574 2139 ad
2614 2084 3028 2155 dispensandum
3059 2087 3241 2157 egenis
3266 2126 3282 2151 ,
3333 2102 3439 2141 non
3477 2096 3655 2142 autem
3693 2088 3829 2144 data

2262 2181 2387 2242 sunt
2410 2173 2491 2230 eis
2515 2175 2584 2229 ad
2608 2173 3019 2245 possidendum:
3053 2190 3225 2244 neque
3248 2191 3398 2248 Spem
3425 2178 3479 2231 in
3508 2177 3613 2234 illis
3636 2179 3832 2234 debent

2264 2276 2484 2333 ιιοιιενε,
2503 2279 2604 2321 nec
2623 2265 2924 2320 satietatem
2950 2265 3003 2319 in
3028 2265 3135 2319 illis
3160 2266 3390 2332 habere;
3420 2267 3514 2323 sed
3540 2269 3591 2323 in
3618 2270 3832 2324 nomine

2261 2337 2463 2415 tm.
2491 2358 2792 2423 confidere,
2837 2364 2891 2413 et
2918 2357 2970 2411 in
2992 2356 3235 2426 iustitia,
3280 2359 3416 2414 etin
3443 2359 3705 2414 cbaritatc
3732 2358 3828 2414 Dei
3880 2396 3891 2400 μ

2263 2456 2318 2502 ει
2340 2447 2611 2518 proximi:
2643 2449 2759 2505 haec
2778 2456 2861 2504 est
2888 2448 3141 2503 saturitas
3166 2456 3495 2514 sanctorum,
3522 2465 3625 2504 non
3649 2450 3831 2505 saeculi

2264 2539 2481 2595 divitiae.
3654 2602 3664 2606 _

2333 2632 2498 2686 Vnus.
2530 2629 2615 2684 16.
2639 2660 2709 2670 --
2739 2627 3042 2686 Sacerdotes
3079 2630 3194 2701 ejus
3233 2630 3449 2684 induam
3490 2631 3742 2697 salutari,
3785 2643 3834 2686 et

2264 2721 2432 2774 sancti
2460 2719 2577 2790 eius
2603 2720 2947 2775 exsultatione
2972 2720 3323 2775 exsultabant.
3376 2721 3477 2789 Qui
3509 2730 3635 2779 sunt
3658 2739 3835 2779 sacer-

2264 2812 2457 2868 dotes?
2504 2812 2597 2882 qui
2642 2810 2845 2881 seipsos
2885 2810 3192 2865 obtulerunt
3240 2810 3393 2882 [Hs.,
3423 2812 3676 2885 offerunt]
3722 2813 3837 2868 Deo

2265 2908 2496 2963 hostiam
2524 2908 2724 2973 vivam,
2753 2905 2863 2961 Deo
2890 2907 3207 2977 placentem.
3241 2908 3309 2963 Et
3338 2910 3553 2964 induam
3582 2912 3825 2974 salutari,

2266 2996 2317 3050 id
2348 3003 2463 3061 est,
2500 2995 2713 3052 Christo
2740 2995 2896 3063 Iesu,
2938 2998 3027 3067 qui
3054 3006 3133 3053 est
3165 2998 3306 3054 salus
3335 3001 3573 3053 omnium
3605 2999 3826 3055 creden-

2268 3088 2398 3142 tium
2448 3098 2507 3142 ut
2553 3086 2838 3157 Apostolus
2887 3090 2963 3143 ait
3002 3108 3014 3142 :
3069 3088 3331 3165 Quotquot
3378 3089 3627 3165 baptisati
3671 3092 3792 3146 estis
3818 3133 3834 3156 ,

2266 3177 2532 3233 Christum
2562 3178 2803 3243 induistis
2832 3177 2974 3249 (Gal.
3004 3194 3082 3239 In,
3110 3160 3247 3249 27)..
3275 3177 3345 3233 Et
3388 3160 3554 3234 sancti
3591 3182 3705 3251 ejus
3740 3198 3835 3236 ea:-

2264 3265 2547 3320 sultatione
2574 3265 2923 3319 exsultabant.
2978 3266 3036 3319 In
3077 3282 3183 3335 quo
3223 3268 3605 3324 exsultabunt?
3658 3269 3836 3324 Ut‘in-

2266 3355 2502 3408 duantur
2527 3354 2770 3420 Christo;
2802 3356 2924 3410 ideo
2949 3357 3180 3426 subjecit
3205 3376 3218 3409 :

2335 3446 2496 3500 Vsus.
2528 3446 2613 3499 17.
2642 3476 2714 3486 --
2752 3445 2886 3499 Illuc
2924 3428 3208 3515 producam
3242 3464 3405 3503 cornu
3434 3447 3626 3513 David,
3656 3452 3837 3519 paravi

2264 3536 2533 3589 lucernam
2562 3535 2768 3591 Christo
2802 3553 2932 3590 meo.
2995 3537 3066 3594 Ut
3109 3539 3175 3593 de
3222 3538 3438 3593 Christo
3488 3539 3833 3611 intelligatur.

2264 3641 2369 3680 non
2404 3626 2470 3680 de
2502 3626 2615 3682 solo
2650 3641 2814 3696 regno
2841 3626 2997 3699 μη,
3027 3637 3088 3683 ut
3117 3630 3182 3683 de
3207 3628 3423 3684 Christo
3450 3638 3832 3700 praesumatur,

2265 3736 2371 3774 non
2397 3719 2464 3775 de
2490 3719 2729 3792 steculo].
2766 3720 2943 3776 Cornu
2972 3734 3195 3790 regnum
3233 3728 3288 3775 et
3311 3720 3640 3776 altitudinem
3662 3722 3835 3793 signi-

2264 3810 2417 3875 ﬁcat;
2436 3809 2601 3864 David
2620 3825 2799 3880 regem
2817 3809 3107 3864 Christum.
3133 3809 3324 3864 Paravi
3347 3809 3613 3865 lucernam
3628 3810 3833 3865 Christo

2250 3916 2396 3952 meo.
2453 3898 2571 3966 Ipsa
2600 3898 2811 3953 Veritas
2862 3897 2915 3952 in
2964 3898 3253 3969 Evangelio
3299 3898 3364 3952 de
3412 3896 3617 3952 Joanne
3663 3898 3832 3952 dicit:

2266 3988 2366 4042 Ille
2390 3999 2503 4043 erat
2536 3989 2746 4043 lucerna
2781 3989 2969 4044 ardens
2998 3999 3044 4044 et
3074 3989 3248 4043 lucens
3267 4030 3281 4052 ,
3319 3988 3408 4042 ille
3433 3996 3649 4057 paratus
3677 3986 3777 4055 fuit
3804 4005 3837 4041 a

2264 4079 2372 4133 Deo
2400 4079 2578 4145 Patre,
2608 4090 2666 4133 ut
2688 4080 2895 4149 prwiret
2920 4080 3105 4148 faciem
3130 4078 3326 4132 Christi
3354 4078 3457 4139 sui,
3484 4078 3615 4129 sicut
3640 4076 3837 4131 dictum

2264 4178 2339 4223 est
2369 4173 2402 4223 ,ὲ
2437 4168 2572 4223 Ecce
2603 4184 2695 4239 ego
2731 4170 2879 4223 mitto
2908 4167 3147 4237 angelum
3178 4181 3368 4230 meum,
3405 4165 3497 4236 qui
3524 4166 3837 4236 prcrparabit
3906 4218 3911 4220 _

2265 4259 2401 4313 viam
2428 4268 2572 4312 tuam
2599 4267 2718 4315 ante
2742 4266 2808 4311 te.

2333 4348 2493 4403 Vens.
2524 4349 2609 4404 l8.
2629 4376 2702 4387 —
2735 4345 2983 4400 Inimicos
3006 4346 3117 4415 ejus
3144 4346 3361 4400 induam
3388 4343 3712 4413 confusione,
3742 4359 3831 4397 su-

2264 4455 2355 4507 per
2389 4439 2557 4507 ipsum
2596 4446 2771 4490 autem
2817 4436 3057 4507 eﬂlorebit
3092 4436 3440 4505 sanctificatio
3474 4449 3610 4487 mea.
3664 4431 3838 4502 Super
3932 4440 3937 4445 ”

2266 4527 2457 4595 ipsum,
2486 4527 2539 4581 id
2562 4523 2664 4593 est,
2694 4526 2995 4588 Christum,
3014 4523 3275 4581 efﬂorebit
3303 4522 3661 4580 sanctiﬁcatio
3688 4538 3829 4577 mea.

2259 4616 2319 4673 In
2356 4619 2522 4689 ipsius
2548 4635 2677 4675 vero
2709 4618 3029 4686 baptismate
3063 4617 3307 4672 remissio
3341 4622 3685 4684 peccatorum
3711 4622 3796 4668 est
3816 4652 3830 4673 .

2262 4718 2317 4765 et
2339 4709 2691 4764 sanctificatio
2716 4717 2770 4763 et
2797 4707 3029 4778 Spiritus
3054 4707 3223 4763 sancti
3250 4708 3466 4772 donum,
3496 4708 3610 4775 ipso
3631 4704 3835 4759 Joanne

2263 4808 2551 4856 attestante
2582 4798 2693 4871 [qui
2724 4800 2819 4872 ait]
2845 4816 2858 4853 :
2893 4800 2993 4852 Hic
3020 4809 3125 4861 est,
3167 4799 3254 4869 qui
3285 4799 3511 4870 baptisat
3546 4799 3604 4850 in
3634 4794 3833 4864 Spiritu

599 4880 701 4945 sia,
727 4882 778 4935 in
790 4881 996 4951 angelis
1015 4882 1192 4947 beata,
1209 4883 1261 4936 in
1280 4884 1673 4939 habitatoribus
1693 4883 1885 4955 [Edit.,
1905 4887 2191 4940 habitatio-
2271 4901 2468 4955 sancto,
2505 4901 2551 4945 et
2580 4908 2672 4961 ego
2697 4892 2823 4956 uidi,
2861 4900 2909 4945 et
2946 4891 3293 4944 testimonium
3321 4888 3576 4960 perhibui,
3600 4887 3724 4957 quia
3748 4885 3832 4939 hic

598 4970 777 5043 nibus]
803 4979 961 5026 terra;
986 4973 1285 5042 peregrina,
1315 4988 1433 5039 qua:
1454 4981 1509 5027 et
1526 4973 1639 5040 ipsa
1671 4975 1723 5026 in
1761 4983 1916 5043 parte
1944 4985 2167 5030 ventura

595 5068 681 5110 est
715 5058 868 5129 [Ms.,
894 5076 1020 5129 pars
1051 5060 1225 5113 futura
1275 5059 1377 5130 est]
1417 5061 1763 5117 beatitudinis
1789 5064 2057 5133 angelicas.
2101 5065 2169 5119 Et

601 5152 715 5205 haec
744 5162 816 5205 est
847 5155 1107 5209 habitatio
1133 5156 1224 5210 Dei
1256 5154 1421 5225 388
1448 5155 1499 5208 in
1527 5164 1806 5210 aeternum.
1836 5156 1980 5223 Quos
2007 5156 2170 5228 elegit

604 5242 657 5294 in
682 5240 896 5295 Christo
920 5243 1080 5309 Deus,
1107 5244 1399 5314 pmelegit,
1423 5246 1475 5299 id
1501 5255 1600 5308 est,
1626 5246 2028 5315 pnedrstinavit
2044 5260 2168 5303 ante

602 5333 1033 5388 constitutionem
1071 5335 1249 5389 smculi
1279 5333 1434 5402 juxta
1464 5337 1781 5403 apostolum,
1816 5336 2162 5410 [dicentem]:

603 5416 740 5483 Quia
759 5438 885 5488 quos
910 5425 1132 5490 vocarit,
1148 5426 1239 5478 hos
1260 5433 1305 5477 et
1326 5424 1708 5493 pra'destinavit
1726 5424 1895 5495 (Rom.
1914 5442 2028 5493 vm,
2052 5428 2162 5495 50).

674 5512 833 5567 Vsus.
870 5506 946 5567 l4.
972 5543 1043 5569 -τ-
1081 5514 1207 5569 Ηαέ
1238 5515 1433 5586 requies
1470 5529 1583 5568 mea
1611 5515 1666 5567 in
1692 5513 1941 5569 saxulum
1966 5519 2161 5575 sa'culi.

2271 4993 2345 5037 est
2371 4980 2544 5037 Filius
2572 4982 2670 5037 Dei
2697 4982 2875 5050 (Ioan.
2904 4980 2966 5049 I).

2746 5069 3062 5127 PSALMUS
3097 5067 3352 5127 CXXXII.
3744 5112 3749 5113 ,

2341 5161 2589 5217 Pervenit
2622 5159 2735 5228 jam
2775 5160 2841 5214 ad
2878 5158 3137 5228 psalmum
3177 5154 3379 5226 [quarti
3416 5155 3607 5211 decimi
3631 5151 3837 5222 (εδει,

2267 5262 2514 5322 quartum
2539 5252 2827 5319 decimum)
2849 5242 3087 5323 gradus],
3120 5246 3173 5299 in
3201 5261 3306 5316 quo
3332 5247 3591 5305 unitatem
3620 5251 3829 5300 sancto-

2269 5357 2385 5395 rum
2424 5339 2606 5396 laudat
2641 5342 2741 5397 iste
2774 5337 3103 5397 ascensionis
3138 5346 3346 5393 amator
3374 5356 3387 5397 ;
3434 5332 3631 5405 gaudet
3666 5348 3725 5389 se
3760 5331 3828 5386 ad

2268 5430 2532 5485 unitatem-
2550 5430 2802 5486 f‘raternm
2825 5426 3425 5495 charitatispervenire,
3452 5423 3570 5477 ideo
3595 5422 3705 5476 ait:
3728 5446 3731 5455 ι

2340 5519 2495 5577 Vens.
2531 5521 2581 5575 1.
2604 5551 2673 5561 -
2696 5519 2831 5572 Ecce
2858 5533 3013 5589 quant
3042 5516 3234 5575 bonum
3261 5524 3307 5568 et
3332 5529 3489 5583 quam
3507 5510 3826 5583 jucundum,

677 5642 908 5720 “ﬁdit;
960 5645 1303 5720 Deprecantis
1348 5664 1445 5718 pro
1489 5645 1760 5703 Ecclesia:
1810 5651 1926 5707 Non
1959 5660 2159 5706 avertas
2198 5652 2382 5720 facient
2404 5652 2595 5710 Christi
2618 5652 2713 5715 tui,
2736 5657 2951 5719 propter
2972 5646 3245 5703 victoriam
3294 5660 3452 5717 quam
3498 5642 3623 5697 fecit
3663 5636 3829 5693 David

605 5711 668 5765 de
698 5715 923 5770 inimicis
948 5711 1079 5784 suis,
1106 5728 1286 5775 averte
1316 5711 1448 5774 iram
1477 5737 1505 5774 a
1531 5720 1745 5776 Iudaeis.
