4230 6188
471 327 573 382 637

467 435 701 489 habitare
723 430 909 501 fratres
936 428 992 482 in
1014 442 1193 480 unum.
1232 424 1365 501 Quid
1389 422 1663 492 pulchrius
1689 429 1790 485 est,
1819 420 2012 489 quidve
2036 423 2087 481 Α

368 558 371 565 ς
461 521 747 595 jucundius
768 528 868 584 est,
900 520 1005 573 imo
1031 518 1158 588 quid
1182 515 1391 580 melius,
1416 529 1576 584 quam
1603 514 1781 567 unitas
1807 519 1862 566 et
1885 511 2033 566 clis-7

470 617 601 670 ritas
629 615 684 668 in
706 610 906 693 Christi
935 608 1206 674 membris,
1229 622 1348 676 qua:
1374 605 1569 660 fratres
1593 605 1870 683 nominare
1890 602 2008 670 pla-

467 706 613 770 cuit;
658 691 716 757 et
753 702 838 756 cui
879 700 955 754 rei
984 697 1172 755 similis
1197 697 1266 751 sit
1289 698 1404 750 haec
1431 695 1637 759 unitas,
1682 694 1738 747 in
1765 691 2007 760 sequenti

467 794 828 866 pand'ngmate
851 788 1114 860 exposuit,
1140 786 1356 840 dicens:

452 908 459 923 ’
540 908 698 962 Vens.
724 905 779 958 2.
802 932 871 945 -ο
897 901 1042 955 Sicut
1078 907 1391 968 unguentum
1426 895 1483 947 in
1517 892 1710 962 capite,
1747 890 1885 961 quod
1919 890 2013 943 de-

466 995 661 1057 scendit
678 996 733 1047 in
752 993 983 1055 barbam,
1000 988 1211 1043 barbam
1224 986 1418 1040 Aaron.
1432 984 1574 1049 ‘Quis
1590 989 1673 1036 est
1693 982 1791 1034 iste
1806 979 2015 1032 Aaron?

470 1082 663 1152 Utique
680 1081 944 1143 Christus,
971 1078 1061 1147 qui
1097 1075 1241 1130 solus
1267 1073 1484 1128 intravit
1504 1072 1558 1127 in
1586 1071 1781 1126 Sancta
1804 1076 2015 1123 sancto-

471 1190 589 1229 rum
616 1175 672 1228 in
695 1172 969 1242 sanguine,
998 1183 1103 1223 non
1131 1167 1324 1229 alieno,
1364 1163 1456 1217 sed
1488 1162 1722 1232 preprio,
1755 1163 2015 1215 interces-

473 1280 630 1322 surus
657 1278 756 1334 pro
783 1261 937 1316 nobis
974 1259 1113 1329 apud
1146 1259 1308 1329 Deum
1335 1255 1568 1309 Patrem.
1614 1253 1756 1309 Sicut
1784 1269 2017 1323 unguen-

473 1364 582 1409 tum
608 1355 665 1408 in
688 1353 850 1423 capite
872 1368 890 1405 :
926 1350 1261 1420 Unguentum
1287 1347 1390 1401 hoc
1418 1346 1649 1414 Spiritus
1676 1353 1890 1399 sanctus
1913 1352 2016 1406 est,

468 1444 611 1512 quod
644 1457 674 1496 ε
710 1440 885 1511 capite
907 1432 1106 1494 Christi
1143 1434 1352 1499 deﬁnit;
1404 1448 1530 1487 nam
1575 1442 1734 1501 caput
1780 1439 2019 1486 nostrum

469 1534 713 1589 Christus
736 1539 837 1587 est.
874 1528 1148 1585 Descendit
1180 1528 1235 1580 in
1260 1523 1499 1589 barbam,
1538 1523 1591 1577 id
1615 1531 1727 1587 est,
1766 1521 1932 1575 fortes
1968 1528 2022 1573 et

471 1622 801 1677 invincibiles
820 1626 1145 1691 pugnatores
1166 1632 1259 1686 pro
1282 1614 1479 1670 Christi
1502 1613 1730 1672 nomine,
1756 1608 2023 1678 apostolos

468 1712 701 1783 primum
737 1718 792 1765 et
826 1707 1246 1763 sanctiﬁcatores
1273 1703 1424 1775 [Μέη
1453 1699 1835 1770 sanctiﬁcatos]
1872 1714 2016 1752 inar-

473 1811 645 1873 tyres,
686 1809 742 1856 et
785 1801 865 1855 sic
909 1800 963 1854 in
1008 1811 1194 1852 omnes
1237 1794 1418 1850 ﬁdeles
1454 1793 1731 1863 pervenit,
1776 1790 1895 1844 ideo
1923 1790 2017 1842 ad-

464 1891 678 1960 junxit:
714 1888 866 1954 Quod
910 1885 1168 1941 descendit
1213 1885 1269 1937 in
1315 1899 1460 1938 oram
1504 1881 1805 1936 vestimenti.
1857 1877 2022 1945 Hujus

470 1982 844 2036 vestimentum
868 1976 1159 2057 sacerdotis
1185 1983 1365 2030 sancta
1388 1972 1515 2045 [est]
1539 1971 1797 2035 Ecclesia,
1824 1985 1941 2039 qua:
1967 1969 2021 2022 in

474 2072 632 2126 ﬁnem
675 2070 859 2125 mundi
900 2070 1018 2139 ejus
1060 2068 1314 2138 sanguine
1357 2074 1667 2122 consecrata
1706 2071 1824 2129 est,
1874 2071 1928 2115 et
1969 2062 2021 2115 in

474 2169 673 2214 vestem
702 2159 801 2213 sibi
827 2165 1095 2212 contexta.
1130 2155 1253 2212 Ideo
1279 2155 1410 2210 dixit
1439 2155 1490 2207 in
1516 2168 1666 2209 oram
1691 2150 2021 2213 vestimenti,

475 2248 903 2317 subjungensque
944 2248 1020 2301 ait
1059 2245 1218 2300 aliain
1255 2243 1652 2300 similitudinem
1697 2242 1796 2297 sub
1839 2239 2024 2295 eadem

475 2337 861 2409 signiﬁcatione
889 2354 902 2388 :

542 2445 706 2515 389
740 2445 899 2500 Vens.
938 2445 992 2499 '5.
1028 2473 1100 2483 —
1137 2440 1283 2497 Sicut
1325 2458 1407 2495 ros
1436 2440 1683 2503 Hermon,
1708 2440 1797 2509 qui
1819 2439 2029 2492 descen-

474 2534 550 2586 dit
576 2535 633 2587 in
662 2542 883 2587 montem
920 2532 1069 2588 Sion.
1108 2531 1337 2585 Hermon
1375 2530 1566 2584 dicitur
1603 2529 2025 2595 interpretatum,

476 2637 669 2676 nomen
691 2624 1009 2686 exaltatum,
1036 2621 1175 2691 quod
1200 2628 1283 2677 est
1304 2619 1545 2676 Christus
1569 2619 1623 2672 in
1650 2632 1807 2671 cruce
1827 2617 2029 2670 exalta-

477 2722 583 2781 tus,
610 2721 665 2768 et
689 2721 872 2782 postea
902 2713 953 2766 in
975 2712 1166 2768 caelum
1189 2712 1443 2773 elevatus,
1467 2708 1616 2776 cujus
1638 2707 1825 2778 gratia,
1852 2706 1904 2759 id
1925 2714 2027 2770 est,

479 2822 570 2863 ros
589 2807 745 2871 illius,
774 2806 1044 2861 descendit
1069 2806 1122 2858 in
1161 2812 1392 2858 montem
1421 2801 1569 2866 Sion,
1599 2800 1649 2854 id
1677 2808 1779 2863 est,
1815 2807 2033 2851 sanctus

479 2904 533 2950 et
555 2895 820 2965 perlectus
844 2895 896 2948 in
923 2892 1161 2947 Ecclesia
1181 2890 1396 2945 Christi.
1422 2889 1571 2955 Quod
1599 2888 1738 2943 enim
1761 2886 1925 2941 barba
1950 2884 2034 2939 vel

477 2998 571 3038 ora
600 2983 901 3038 vestimenti
925 2981 1207 3048 signiﬁcat,
1234 2980 1335 3033 hoc
1362 2977 1522 3031 etiam
1545 2991 1696 3029 mons
1718 2975 1843 3027 Sion
1867 2974 2033 3041 signi-

1208 312 1611 372 EXEGETICA.
1646 341 1720 355 —
1752 308 2113 367 EXPOSI'I‘IO
2145 306 2215 364 IN
2248 305 2441 363 PSAL.
2483 302 2912 361 GRADUALES.

3563 298 3663 355 638

2574 408 2889 466 ΡεΑωυε
2928 407 3200 467 CXXXIII.

2176 505 2338 560 Vens.
2375 505 2427 559 l.
2463 534 2534 544 ——
2574 502 2703 556 Ecce
2729 517 2865 581 nunc
2884 499 3161 554 benedicite
3180 496 3668 561 Dominum,onmes

2105 600 2239 677 serui
2262 597 2489 652 Domini.
2521 596 2661 651 Ecce
2690 608 2851 658 nunc,
2881 590 2935 646 id
2970 599 3074 654 est,
3113 590 3167 644 in
3198 589 3301 645 hoc
3330 596 3587 658 tempore,
3614 588 3668 642 in

2108 675 2215 757 quo
2243 686 2585 756 congregavit
2609 698 2705 739 nos
2729 682 2985 736 Dominus
3004 695 3101 749 per
3127 678 3452 749 unigenitum
3478 675 3669 730 Filium

2108 792 2261 831 suum
2287 776 2340 828 in
2368 776 2581 829 domum
2609 770 2901 827 dilectionis
2922 784 3061 833 suas,
3092 766 3469 821 benedicamus
3495 764 3674 818 Domi-

2109 879 2258 925 num,
2281 876 2384 915 non
2411 856 2718 912 transitoria
2747 856 2840 911 sed
2865 853 3232 925 permanseria
3268 851 3444 914 laude,
3477 850 3673 904 alteru-

2112 963 2253 1007 trum
2281 952 2577 1012 hortantes,
2605 962 2701 1000 nos
2725 955 2869 1000 stare
2892 956 2948 999 et
2974 958 3285 1015 permanere
3306 944 3358 996 in
3379 940 3536 995 laude
3554 940 3670 994 Dei.

2097 1038 2216 1109 .Qui
2246 1042 2393 1095 statis
2420 1041 2475 1094 in
2511 1039 2662 1091 domo
2693 1036 2920 1098 Domini,
2956 1036 3010 1087 in
3047 1034 3193 1086 atriis
3228 1033 3411 1085 domus
3450 1030 3544 1083 Dei
3582 1046 3675 1082 no-

2115 1132 2227 1185 stri.
2258 1130 2313 1185 Id
2344 1136 2446 1189 est,
2484 1127 2574 1197 qui
2602 1123 2924 1194 permanetis
2956 1122 3009 1175 in
3033 1120 3293 1175 catholica
3322 1118 3446 1183 ﬁde,
3470 1118 3523 1170 in
3551 1117 3673 1170 uni-

2116 1227 2226 1273 tate
2251 1217 2547 1279 cliaritatis,
2577 1228 2695 1283 quze
2741 1210 2865 1265 atrii
2901 1209 3114 1263 nomine
3149 1209 3201 1261 in
3237 1207 3340 1261 hoc
3374 1204 3492 1259 loco
3534 1203 3675 1257 desi—

2116 1315 2327 1380 gnatur.
2355 1305 2564 1358 Atrium
2593 1308 2769 1354 autem
2797 1299 2934 1351 latus
2961 1305 3047 1351 est
3083 1297 3255 1360 locus,
3287 1303 3342 1349 et
3368 1300 3584 1364 apertus
3610 1291 3679 1345 ad

2118 1398 2285 1454 solem
2312 1415 2325 1450 :
2354 1397 2426 1450 ita
2453 1409 2605 1449 mens
2630 1399 2832 1455 nostra,
2859 1387 3138 1441 latitudine
3166 1384 3444 1439 charitatis
3481 1381 3676 1436 illumi-

2121 1496 2267 1550 nata,
2301 1482 2548 1539 omnibus
2577 1488 2761 1551 aperta
2788 1478 2945 1533 debet
2970 1488 3090 1529 esse
3118 1472 3184 1527 ad
3217 1468 3673 1526 benefaciendum.

2118 1575 2335 1629 Addidit
2357 1591 2371 1627 :

2191 1664 2351 1718 Vens.
2390 1661 2443 1714 2.
2481 1690 2553 1699 -
2590 1658 2655 1711 1η
2683 1656 2916 1711 noctibus
2945 1651 3170 1706 extollite
3192 1665 3377 1703 manus
3407 1660 3595 1702 vestras
3624 1646 3679 1697 in

2053 1760 2095 1819 Β
2119 1762 2319 1819 sancta,
2343 1761 2389 1805 et
2417 1748 2694 1804 benedicite
2717 1745 3014 1799 Dominum.
3037 1728 3231 1794 Noctes
3256 1739 3436 1805 itaque
3459 1732 3678 1791 tribula—

2123 1844 2295 1899 tiones
2319 1838 2619 1912 signiﬁcant
2644 1834 2802 1905 hujus
2829 1831 3037 1896 smeuli,‘
3063 1831 3117 1885 in
3145 1826 3337 1907 quibus
3366 1824 3681 1879 admonetur

2123 1949 2313 1990 manus
2350 1931 2418 1986 ad
2456 1931 2599 1985 bona
2633 1942 2796 1998 opera
2836 1925 3034 1987 levare,
3061 1927 3116 1976 et
3148 1918 3429 1992 Dominum
3461 1912 3679 1968 benedi-

2122 2036 2264 2087 cere,
2292 2035 2396 2074 non
2434 2018 2605 2072 solum
2635 2015 2832 2090 verbis,
2868 2012 2960 2066 sed
2997 2018 3052 2065 et
3084 2007 3331 2078 operibus
3364 2004 3536 2058 bonis.
3576 2000 3682 2055 Fa—

2124 2109 2225 2166 cile
2248 2116 2331 2162 est
2354 2106 2523 2159 Deum
2559 2104 2611 2157 in
2651 2087 2922 2172 prosperis
2961 2095 3298 2154 benedicere,
3336 2089 3427 2144 sed
3462 2087 3684 2141 multum

2126 2198 2488 2256 necessarium
2511 2201 2613 2257 est,
2652 2205 2773 2246 eum
2810 2189 2863 2243 in
2906 2184 3145 2240 adversis
3170 2180 3388 2235 laudare
3416 2191 3535 2231 cum
3561 2173 3681 2237 Job,

2128 2292 2218 2362 qui
2238 2288 2486 2345 omnibus
2513 2283 2703 2339 ablatis
2730 2294 2848 2352 quae
2881 2277 3080 2333 habere
3112 2270 3300 2344 potuit,
3333 2268 3409 2322 ait
3436 2281 3451 2320 :
3483 2266 3564 2320 Sit
3594 2280 3686 2317 no-

2128 2398 2246 2437 men
2273 2376 2483 2433 Domini
2508 2373 2825 2428 benedictum
2851 2385 2914 2423 επ
2933 2368 3028 2421 hoc
3059 2379 3192 2418 nunc
3227 2369 3275 2415 et
3306 2374 3461 2429 usque
3496 2357 3551 2411 in
3588 2370 3688 2409 sa:-

2130 2470 2303 2525 culum
2334 2465 2473 2543 (Job.
2504 2479 2545 2528 l,
2569 2462 2681 2533 Ἡ).
2713 2458 2965 2529 Sequitur
2993 2473 3006 2508 :
3117 2542 3123 2543 γ
3343 2438 3383 2543 ξ’

2200 2532 2362 2611 Vens.
2402 2554 2455 2608 3.
2493 2582 2564 2593 -—
2600 2548 2876 2604 Benedicat
2903 2554 2951 2600 te
2973 2542 3226 2598 Dominus
3252 2553 3315 2592 ex
3334 2534 3483 2599 Sion,
3503 2532 3591 2604 qui
3616 2532 3691 2601 {e-

2130 2651 2200 2703 cit
2227 2646 2408 2702 caelum
2436 2653 2484 2698 et
2524 2654 2735 2697 terram.
2775 2640 2904 2695 Sion
2930 2635 3145 2711 specula
3176 2631 3364 2704 [Edit.,
3394 2624 3689 2699 speculum]

2132 2736 2344 2799 dicitur,
2376 2734 2427 2786 in
2449 2745 2551 2801 qua
2578 2726 2920 2782 benedicendi
2943 2731 3069 2778 sunt
3092 2721 3285 2784 sancti,
3311 2717 3399 2785 qui
3438 2716 3504 2770 ad
3537 2714 3694 2783 quin-

2136 2840 2247 2886 tum
2266 2827 2530 2883 decimum
2550 2822 2769 2894 gradum
2789 2816 3122 2889 perveniunt,
3145 2821 3199 2868 et
3220 2810 3273 2862 in
3294 2802 3568 2862 caenaculo
3587 2803 3689 2855 sub

2136 2928 2359 2977 numero
2390 2914 2563 2974 decies
2598 2908 2923 2967 duodenario
2957 2902 3212 2973 Spiritum
3247 2903 3491 2953 sanctum
3538 2905 3689 2947 rece-

2139 3016 2351 3080 perunt.
2383 3008 2523 3077 Ergo
2556 3004 2604 3058 si
2649 3013 2836 3055 omnes
2883 3008 3131 3050 numeros
3168 2990 3236 3043 ab
3278 3002 3384 3041 uno
3421 2998 3588 3052 usque
3626 2981 3693 3034 ad

479 3072 641 3168 ac?”
666 3074 892 3168 Vide“??-
915 3072 1176 3168 _Seq“i“"
1202 3090 1234 3168 ‘_
1255 3070 1510 3136 Quoniam
1536 3068 1606 3168 ίέί
1632 3065 1893 3168 mand‘am.‘
1932 3064 2107 3168 ξ’ῖνϐ
2136 3064 2435 3168 quindecim
2458 3064 2801 3165 aggregabis,
2832 3088 2966 3142 ﬁunt
2998 3093 3212 3141 centum
3244 3080 3448 3151 viginti,
3479 3076 3569 3146 qui
3598 3090 3695 3127 nu-
3787 3090 3803 3107 ·

478 3162 650 3215 minus
678 3162 1094 3224 benedictionem,
1119 3172 1166 3215 et
1190 3162 1338 3215 vitam
1374 3175 1531 3227 usque
1555 3159 1610 3210 in
1635 3156 1901 3211 steculum.
1933 3153 2035 3207 Ubi

477 3249 781 3304 mandavit?
836 3249 894 3302 In
945 3248 1197 3304 fratribus
1252 3249 1493 3303 videlicet
1543 3247 1633 3316 qui
1686 3229 1927 3300 habitant
1982 3243 2035 3296 in

476 3357 660 3405 unum,
708 3341 778 3396 ibi
823 3326 1071 3409 prmcépit
1104 3339 1552 3402 benedictionem,
1601 3338 1674 3391 ibi
1716 3334 2038 3389 benedicunt

478 3429 777 3496 Deminum,
800 3430 891 3499 qui
918 3429 1154 3483 habitant
1182 3430 1530 3491 concorditer.
1562 3428 1633 3481 ibi
1666 3427 1825 3479 etiam
1860 3432 1915 3477 et
1950 3422 2031 3475 vi-

478 3525 586 3571 tam
611 3526 866 3573 aeternam
887 3518 1185 3588 percipiunt
1205 3514 1355 3587 [Ms.,
1384 3514 1453 3568 ibi
1474 3517 1637 3569 etiam
1657 3516 1765 3567 vita
1788 3509 2029 3581 interna].

548 3626 833 3696 ﬂuensque
868 3643 965 3698 per
1001 3628 1195 3697 gradus
1227 3633 1477 3680 canentes
1513 3621 1931 3677 aseendebamus
1966 3617 2033 3671 ad

477 3714 695 3770 domum
723 3715 836 3769 Dei.
871 3717 1155 3771 Videamus
1180 3717 1305 3786 quid
1327 3716 1586 3786 agendum
1610 3715 1680 3768 sit
1712 3714 1764 3767 in
1790 3727 1872 3766 ea.
1898 3710 2034 3777 Quid

480 3804 670 3875 igitur?
699 3805 799 3858 nisi
828 3804 1109 3858 Dominum
1133 3806 1313 3870 corde,
1332 3814 1386 3859 et
1406 3821 1497 3867 ore
1517 3806 1570 3861 in
1594 3804 1853 3859 cbaritate
1879 3803 2038 3857 bene-

478 3893 678 3959 dicere,
709 3909 829 3949 cum
857 3894 1118 3965 Propheta
1145 3895 1380 3949 dicentes
1411 3912 1423 3945 :

2136 3203 2337 3251 merus,
2366 3186 2533 3240 sancti
2575 3184 2806 3252 Spiritus
2843 3179 3069 3232 adventu
3107 3179 3467 3233 consecratus,
3499 3165 3697 3237 signiﬁa

2134 3290 2240 3345 cat,
2266 3278 2432 3332 veteri
2469 3279 2786 3349 testamento
2824 3282 3021 3322 novum
3048 3262 3337 3332 designari,
3366 3268 3421 3313 et
3450 3272 3584 3311 novo
3607 3272 3698 3309 ve—

2131 3381 2217 3428 tus
2242 3368 2536 3437 adimpleri.
2559 3366 2614 3419 In
2636 3346 2810 3437 primo.
2828 3358 2991 3431 gradu
3018 3352 3249 3409 tribulati
3267 3349 3613 3404 clamavimus
3628 3346 3696 3399 ad

2131 3434 2413 3517 Dominum
2442 3476 2455 3509 :
2488 3458 2540 3510 in
2569 3457 2755 3523 quinto
2779 3434 2984 3515 decimo
3019 3442 3230 3501 liberati
3273 3455 3304 3494 a
3342 3435 3697 3493 tribulationi-

2130 3554 2250 3614 bus,
2292 3549 2572 3603 Dominum
2600 3528 2917 3600 benedicere
2951 3540 3221 3610 jubemur,
3262 3549 3381 3589 non-
3407 3530 3569 3585 alium
3595 3527 3697 3583 nisi

2133 3657 2277 3705 eum,
2316 3638 2407 3707 qui
2448 3634 2574 3689 fecit
2605 3631 2799 3688 coelum
2835 3637 2891 3683 et
2933 3628 3129 3681 terram
3168 3642 3182 3676 :
3214 3622 3409 3675 Caium
3438 3619 3551 3674 ccli
3588 3616 3697 3670 Do-

2136 3705 2553 3791 ntino,_terrant
2611 3730 2781 3775 autem
2828 3717 2968 3772 dedit
3019 3713 3143 3783 [iliis
3188 3709 3453 3764 hominum
3518 3705 3695 3775 (Psal.

2139 3835 2290 3883 eiii",
2325 3815 2433 3887 {6),
2468 3813 2558 3885 qui
2590 3812 2655 3867 de
2682 3808 2907 3866 terrenis
2936 3804 3001 3861 ad
3028 3801 3265 3859 cmlestia
3302 3794 3591 3853 ascendere
3610 3792 3699 3863 ju-

2142 3910 2352 3965 bentur.

491 4003 3685 4053 _______________________________.__———-

1770 4120 2098 4181 HYMNUS
2149 4117 2402 4178 VETUS
2520 4182 2523 4183 ν

1621 4242 1704 4297 DE
1740 4240 1833 4296 XV
1871 4234 2160 4293 PSALMIS
2193 4232 2546 4290 GRADUUM.

1882 4335 2269 4352 —-——_

1816 4420 1939 4459 ΙΟΝΙ
1948 4416 2053 4458 TUI
2094 4412 2338 4454 PREVIUI
2347 4435 2362 4449 .

556 4542 721 4614 Hujus
742 4545 922 4614 hymni
951 4552 1216 4600 auctorem
1238 4532 1349 4614 non
1370 4554 1488 4594 esse
1514 4538 1813 4614 ﬁleuinum,
1855 4536 2083 4614 dixisz
2122 4530 2367 4600 Superius
2395 4527 2447 4614 in

2046 4580 2168 4657 llum
2190 4580 2333 4669 Ἧρίὲ
2370 4580 2619 4649 collocari
2648 4592 2968 4669 censuimus.
2995 4586 3134 4655 quod
3170 4584 3355 4669 saltem
3374 4583 3453 4665 .ab
3477 4580 3698 4636 Alcuino

490 4682 741 4752 scriptus,
765 4682 847 4735 vel
876 4672 1119 4743 dictatus.
1146 4697 1343 4751 suoque
1366 4680 1556 4735 dilecto
1582 4678 1786 4752 Aquila:
1828 4678 2061 4752 directus
2078 4672 2281 4752 _fuerit,
2322 4674 2573 4752 proutﬁex'

491 4604 817 4683 Psalmorum
836 4616 1124 4683 hucusque
1149 4604 1483 4683 recensituin.
1527 4604 1637 4683 Hoc
1665 4608 1996 4683 tamen__loco
2025 4606 2041 4659 i

2486 4521 2865 4593 praenotatione
2906 4517 2973 4572 ad
3012 4512 3696 4593 tritiuni_001iiiii_eii_tariuni

2609 4662 2765 4731 epist.
2809 4658 2906 4731 153
2930 4653 3161 4731 constat.
3196 4654 3346 4731 llu.n__c
3374 4653 3543 4723 ipsum
3562 4666 3700 4731 vero

492 4721 664 4806 locu'in
689 4722 846 4805 eiiam
870 4721 2230 4821 occupa:
2248 4721 2449 4794 nostra:
2479 4736 2537 4789 S.
2563 4721 2904 4788 Einmerami.
2929 4727 3208 4782 Lectiones
3238 4721 3541 4781 diﬁereutes
3561 4721 3703 4781 inter

492 4836 658 4876 uncos
687 4812 1083 4877 inclusimus-ex
1109 4812 1225 4876 cod:
1252 4817 1705 4878 Reicbenaviensi,
1731 4832 1827 4869 seu
1856 4816 2046 4868 Divitis
2072 4812 2274 4881 Augiie.

843 4915 920 4968 Ad
948 4913 1221 4968 Dominum
1253 4913 1609 4971 clamauerunt,
1637 4906 1760 4959 dum
1788 4904 1938 4977 [Cod.
1976 4904 2173 4963 ηεξατ..
2206 4898 2350 4973 cum]
2382 4896 2662 4953 tribulatus
2690 4890 2914 4953 fueram,

790 5004 803 5015 '
839 5005 905 5058 Et
931 5001 1199 5057 exaudivit
1226 5000 1477 5054 Dominus
1506 5010 1715 5054 servum
1742 5008 1896 5047 suum
1926 4992 2262 5062 quantocius.

840 5096 1020 5151 Levavi
1046 5110 1181 5149 meos
1206 5090 1407 5153 oculos,
1427 5091 1604 5144 statim
1638 5086 1710 5142 ad-
1733 5092 1939 5153 montes
1964 5082 2235 5150 pristinos,

841 5180 993 5235 Unde
1021 5183 1124 5236 erit
1151 5179 1405 5234 altissimo
1433 5178 1686 5230 auxilium
1717 5190 1747 5228 a
1774 5172 2016 5226 Domino.

842 5270 1003 5341 390
1030 5269 1255 5327 Lanatus
1285 5282 1395 5321 sum
1421 5266 1475 5317 in
1504 5266 1758 5327 omnibus,
1789 5277 1907 5335 qua:
1930 5259 2061 5313 dixit
2085 5258 2216 5310 mihi
2245 5256 2501 5311 Dominus
2525 5273 2537 5307 ;

845 5364 923 5419 Ad
951 5363 1166 5417 domum
1190 5360 1282 5417 Dei
1310 5359 1441 5432 [ld.,
1474 5354 1705 5425 Domini]
1730 5356 1943 5417 ibimus,
1970 5351 2022 5405 in
2047 5363 2150 5417 qua
2180 5361 2390 5415 semper
2414 5344 2768 5399 manebimus.

835 5457 913 5508 Ad
940 5466 987 5509 te
1014 5462 1150 5507 m‘eos
1172 5451 1327 5506 levavi
1350 5450 1543 5512 oculos,
1567 5446 1762 5503 Orneus
1788 5446 1923 5516 μά..
1954 5439 2281 5509 Dominator]
2314 5440 2452 5493 inter
2481 5451 2591 5498 nos,
2678 5476 2683 5483 .

848 5553 945 5626 Qui
973 5569 1031 5608 es
1060 5553 1110 5607 in
1138 5550 1254 5605 εωΙί
1282 5549 1526 5611 culmine,
1557 5554 1674 5601 eum
1705 5542 2010 5611 angelorum
2042 5540 2266 5610 agmine.

856 5643 968 5697 Nisi
993 5644 1113 5712 quia
1145 5631 1559 5694 altiisimus'nral
1590 5637 1637 5689 iu
1672 5633 1811 5687 nobis
1843 5630 2111 5693 Dominus,
