4230 6228
557 340 659 395 653

1414 337 1473 391 Β.
1516 336 1578 391 r.
1613 334 1835 391 ALBINI
1868 331 2002 390 seu
2032 288 2304 389 Aleum
2335 327 2615 387 OPERUM
2650 328 2831 383 psus
2860 327 2927 381 n:

3637 327 3742 382 6“

556 466 704 508 luunt
730 466 779 506 ι.
816 451 1058 507 Redditio
1082 442 1257 507 causa:
1296 457 1407 516 est;
1456 464 1558 505 non
1597 450 1740 504 enim
1761 428 1964 501 mirum
1999 452 2103 509 est,
2137 448 2180 505 Α
2208 451 2295 496 tur
2318 439 2557 494 tenebrw.
2597 438 2738 493 Dicit
2778 446 2957 493 sancta
2983 436 3216 493 Ecclesia
3246 452 3304 492 se
3326 412 3533 508 nigram
3554 448 3619 493 ut
3634 440 3743 494 Ke-

554 542 599 595 si
634 542 871 595 membra
920 540 1063 594 illius
1086 538 1370 609 unguentis
1408 538 1701 599 redoleant,
1728 550 1850 590 cum
1882 536 1994 604 ipse
2034 534 2101 587 ab

554 639 820 700 unguento
852 643 1047 683 nomen
1074 628 1355 695 acceperit.
1382 626 1429 679 Α
1453 627 1744 681 chrismate
1761 624 2024 685 Christus,
2048 622 2102 677 id

552 730 654 785 est,
705 721 772 774 ab
802 720 1051 773 unctione
1094 724 1304 779 unctus,
1351 714 1491 783 quod
1534 729 1727 768 nomen
1770 728 1892 768 cum
1932 712 2101 779 gratia

554 811 783 879 Spiritus
822 807 994 865 sancti
1041 806 1095 859 in
1140 804 1461 872 baptismate
1501 801 1737 856 funditur
1780 802 1839 855 in
1880 808 2102 856 cunctos

554 892 753 945 ﬁdeles.
784 879 935 945 Unde
955 888 1147 943 Petrus
1170 905 1183 939 :
1213 885 1482 952 Quomodo
1506 885 1651 937 unxit
1678 901 1795 937 eum
1824 884 1957 937 Deus
1983 882 2103 953 Spi-

553 982 657 1033 ritu
699 987 883 1035 sancto
929 987 978 1030 et
1026 978 1211 1030 virtute
1258 976 1392 1043 (Act.
1435 989 1492 1038 x,
1518 974 1629 1042 38).
1672 972 1740 1026 Et
1766 974 1817 1026 in
1843 972 2099 1027 Psalmis:

554 1066 711 1120 L’nzit
740 1076 789 1120 te
814 1064 952 1117 Deus
978 1062 1088 1117 oleo
1116 1062 1294 1131 gaudii
1320 1077 1426 1130 pra:
1456 1060 1773 1112 consortibus
1803 1060 1903 1111 tuis
1931 1056 2098 1126 (Psal.

550 1171 671 1217 xcv,
698 1154 771 1224 7).
820 1152 1005 1208 Oleum
1046 1151 1177 1205 dicit
1214 1168 1228 1202 :
1274 1164 1377 1203 non
1406 1148 1682 1211 stillatum,
1720 1148 1811 1201 sed
1850 1148 2101 1215 e/fusum;

552 1261 656 1299 non
682 1246 824 1298 enim
853 1245 943 1299 dat
970 1243 1021 1297 ei
1063 1243 1203 1296 Deus
1232 1241 1296 1295 ad
1328 1255 1632 1293 mensuram
1680 1240 1947 1307 spiritum,
1979 1239 2103 1307 quia

551 1339 664 1406 ipse
710 1346 795 1390 est
834 1334 1021 1403 plenus
1048 1332 1251 1403 Spiritu
1292 1338 1495 1386 sancto.
1544 1318 1670 1385 Ideo
1711 1330 2105 1384 adolescentqu

551 1423 839 1477 dilexerunt
866 1431 934 1475 te.
963 1421 1019 1482 Id
1041 1429 1143 1485 est,
1174 1420 1464 1477 electorum
1492 1419 1683 1473 animae
1707 1419 1876 1486 gratia
1904 1417 2105 1486 baptis-

554 1512 711 1566 matis
736 1519 1024 1565 renovatae.
1957 1577 1961 1581 _

620 1602 780 1656 Vens.
827 1603 881 1655 5.
928 1630 996 1640 -
1034 1599 1198 1653 Trahe
1227 1615 1307 1651 me
1332 1608 1444 1670 post
1472 1608 1520 1652 te
1544 1598 1594 1652 ιι.
1639 1597 1918 1669 Synagoga
1948 1598 2105 1668 prius

552 1690 716 1744 Deum
742 1690 943 1755 venire,
969 1697 1022 1743 et
1048 1689 1284 1744 osculum
1313 1690 1458 1759 pacis
1502 1687 1601 1744 sibi
1642 1688 1835 1744 offerre
1861 1689 2099 1757 postula-

2202 535 2317 595 dar,
2346 532 2469 600 quia
2504 528 2875 584 afﬂictionibus
2911 530 3199 584 inﬁdelium
3230 524 3302 583 ita
3328 538 3411 585 est
3425 530 3739 595 '0bscurata,

2199 620 2356 690 quasi
2403 618 2567 687 totius
2610 616 2791 671 mundi
2836 617 2986 671 Iicret
3023 616 3255 671 inimica.
3289 616 3537 673 Salomon
3567 626 3745 679 etno-

2201 709 2362 773 mine,
2396 716 2460 762 et
2501 708 2611 762 vita
2656 706 2908 777 paciﬁcus
2951 714 3084 770 erat,
3122 708 3214 775 qui
3257 707 3356 762 sibi
3406 695 3630 763 tentoria
3675 709 3746 765 de

2200 805 2531 861 mortuorum
2561 797 2869 869 animalium
2900 795 3124 866 pellibus
3160 795 3418 863 faciebat;
3461 797 3538 869 ita
3566 797 3745 858 Domi-

2199 902 2300 940 nus
2326 886 2620 942 Ecclesiam
2645 886 2711 940 de
2738 886 2843 940 illis
2865 886 3178 945 animalibus
3203 872 3302 951 sibi
3327 896 3475 947 creat
3495 904 3615 957 qua:
3650 890 3756 944 de-a

2200 977 2392 1031 sideria
2440 978 2617 1032 carnis
2658 979 2711 1031 in
2741 993 2800 1032 se
2836 977 3189 1042 mortificant;
3232 993 3361 1046 ergo
3404 979 3761 1037 estEcclesia‘

2200 1066 2387 1120 similis
2421 1067 2572 1134 pellis
2601 1068 2899 1136 Salomonis
2928 1067 2970 1119 ί.

2269 1157 2431 1211 Vens.
2464 1156 2514 1208 5.
2531 1187 2609 1199 -λ
2623 1156 2796 1209 Nolite
2824 1172 2901 1209 me
2928 1157 3271 1218 considerare,
3293 1157 3430 1226 quod
3454 1157 3600 1225 fusca
3620 1160 3741 1223 sint,

2198 1247 2322 1313 quia
2347 1244 2656 1300 decoloravit
2685 1262 2765 1298 me
2801 1244 2917 1299 sol.
2942 1246 2996 1299 Id
3024 1254 3126 1311 est,
3163 1246 3324 1300 nolite
3362 1247 3550 1311 mirari
3576 1248 3621 1302 si
3649 1249 3746 1302 bo-

2201 1335 2434 1389 minibus
2460 1334 2706 1403 despecta
2732 1336 2854 1409 sim,
2885 1336 3007 1403 quia
3031 1344 3194 1390 estus
3215 1336 3391 1390 nimia:
3421 1338 3746 1410 persecutio—

2202 1421 2303 1485 nis,
2345 1420 2428 1474 vel
2454 1436 2606 1475 amor
2630 1408 2833 1477 Christi
2857 1437 2941 1476 me
2973 1420 3294 1482 decoloraiit
3321 1422 3365 1475 Β.
3410 1416 3536 1487 Filii
3560 1408 3745 1480 matris

2201 1526 2329 1563 mea:
2363 1520 2714 1582 pugnaverunt
2753 1521 2932 1565 contra
2971 1528 3050 1564 me
3077 1528 3094 1565 :
3120 1523 3399 1581 posuerunt
3445 1529 3526 1571 me
3574 1522 3747 1567 custo-

2200 1600 2315 1652 dem
2338 1600 2393 1653 in
2409 1601 2602 1663 vineis;
2634 1601 2827 1653 tineam
2857 1617 3020 1654 meam
3050 1617 3153 1654 non
3179 1602 3449 1654 custodiri.
3471 1600 3747 1655 Acerbitas

2200 1688 2584 1756 persecutionis
2624 1688 2849 1743 ﬁliorum
2899 1689 3187 1760 Synagogaa
3229 1687 3493 1760 meJecit
3536 1690 3744 1744 vineam

552 1782 668 1842 bat;
701 1796 840 1836 nunc
868 1780 1101 1836 Ecclesia
1121 1780 1230 1848 jam
1260 1758 1479 1844 venisse,
1502 1780 1613 1849 jam
1642 1781 1707 1835 ad
1736 1780 1897 1834 etelos
1926 1780 2099 1834 sciens
2133 1761 2173 1820 Β
2201 1776 2578 1845 Hierosolymis
2624 1791 2729 1830 non
2776 1758 3061 1839 cdstodire,
3111 1776 3205 1829 sed
3247 1758 3532 1829 multarum
3581 1772 3742 1848 [esse]
3822 1785 3827 1788 ’

551 1873 791 1938 rediisse,
822 1882 882 1927 ut
908 1873 1055 1928 illum
1082 1874 1249 1942 possit
1286 1873 1455 1940 sequi,
1492 1870 1773 1926 desiderat.
1801 1869 1949 1936 Quod
1976 1870 2100 1939 quia

550 1976 650 2030 per
694 1978 750 2019 se
792 1963 959 2033 ipsam
1004 1962 1224 2032 implere
1262 1977 1367 2017 non
1414 1968 1605 2030 potest,
1654 1961 1790 2030 ejus,
1831 1959 1899 2013 ad
1941 1974 2100 2027 quem

551 2052 732 2106 venire
768 2053 933 2121 cupit,
972 2052 1186 2107 ductum
1230 2049 1494 2119 implorat.
1539 2049 1704 2102 Trahe
1753 2065 1832 2101 me
1869 2056 1981 2117 post
2029 2057 2098 2101 te.

552 2141 606 2194 Id
629 2148 730 2203 est,
752 2141 875 2209 quia
896 2131 1015 2194 sine
1041 2148 1091 2193 te
1116 2138 1248 2193 nihil
1275 2153 1555 2206 possumus
1579 2137 1773 2200 facere,
1799 2150 2098 2207 precamur,

554 2243 649 2282 nos
682 2228 747 2281 ad
781 2238 830 2281 te
855 2236 1127 2283 currentes
1164 2236 1265 2281 tua:
1291 2227 1637 2296 protectionis
1668 2228 1856 2282 dextra
1895 2214 2101 2281 susten-

553 2313 651 2373 tes.
710 2310 940 2375 Currere
1008 2319 1152 2372 enim
1195 2318 1278 2372 Vel
1327 2312 1541 2373 cursum
1586 2331 1956 2375 consummare
1998 2332 2101 2371 non

554 2427 852 2479 possumus,
883 2410 982 2465 nisi
1021 2418 1071 2463 te
1098 2410 1227 2465 duce
1254 2418 1308 2464 et
1343 2406 1583 2478 adiutare
1619 2426 1914 2465 curramus.
1953 2409 2104 2466 Unde

556 2500 751 2555 Paulus
778 2519 789 2553 :
822 2499 948 2553 Plus
973 2499 1078 2553 illis
1103 2499 1335 2553 omnibus
1380 2499 1627 2564 laboravi,
1658 2517 1759 2553 non
1789 2510 1959 2553 tamen
1988 2516 2101 2569 ego,

555 2589 643 2642 sed
671 2590 839 2658 gratia
865 2587 1056 2641 Christi
1086 2587 1140 2658 (Ι
1163 2585 1283 2642 Cor.
1306 2604 1396 2655 xv,
1422 2588 1531 2661 10).
1560 2586 2023 2653 Curremussimul
2050 2590 2105 2642 in

556 2680 763 2733 odorem
802 2686 1178 2749 unguentorum
1223 2689 1448 2733 tuorum.
1513 2679 1569 2733 Id
1614 2688 1698 2733 est
1778 2668 2105 2733 incremento

559 2770 817 2824 donorum
848 2766 1081 2836 Spiritus
1124 2767 1290 2821 sancti
1331 2767 1466 2821 bene
1507 2767 1774 2836 Operando
1807 2775 2003 2831 tecum,
2038 2765 2106 2819 ad

557 2859 882 2913 consortium
928 2856 1158 2911 cmlestis
1196 2853 1488 2910 Jerusalem
1542 2856 1890 2920 festinemus,
1942 2862 2000 2909 ut
2053 2863 2107 2908 te

558 2947 931 3002 ascendentem
958 2948 1009 3001 in
1033 2947 1225 3001 coelum
1250 2962 1552 3016 sequamur.
1598 2947 1892 3001 Introduxit
1918 2962 1997 2998 me
2019 2962 2109 2999 rex

559 3040 615 3091 in
653 3036 863 3091 cellaria
905 3054 1019 3089 sua.
1066 3035 1122 3089 Id
1163 3042 1271 3101 est,
1316 3037 1367 3089 in
1413 3034 1602 3105 gaudia
1651 3035 1881 3090 ctelestis
1922 3035 2107 3105 patriae

560 3133 759 3180 :eterna
789 3136 836 3178 ο.
864 3124 1083 3180 Cellaria
1114 3127 1254 3197 regis
1278 3126 1459 3180 aeterni
1487 3127 1675 3196 gaudia
1720 3134 1845 3180 sunt
1872 3126 2109 3181 caelestis

564 3217 768 3287 patriae,
798 3213 849 3269 in
885 3230 1002 3285 quze
1041 3231 1179 3270 nunc
1207 3216 1441 3269 Ecclesia
1486 3216 1783 3269 introducta
1812 3224 1896 3269 est
1918 3231 2015 3285 per
2042 3216 2107 3270 li-

565 3303 706 3367 dem,
736 3303 1113 3357 introducenda
1137 3302 1342 3372 plenius
1360 3315 1457 3370 per
1485 3316 1616 3358 rem.
1649 3300 2036 3357 Exsultabimus
2061 3312 2109 3357 et

566 3391 858 3447 lattabimur
884 3392 939 3443 in
976 3400 1051 3455 te,
1088 3407 1332 3445 memores
1364 3391 1575 3445 uberum
1613 3401 1819 3444 tuorum
1859 3408 2013 3461 super
2040 3392 2113 3445 vi-

567 3498 709 3535 uum.
735 3480 793 3535 In
822 3489 891 3544 te,
922 3496 1026 3535 non
1073 3482 1127 3535 in
1152 3481 1325 3544 nobis,
1350 3494 1613 3534 memores
1641 3494 1739 3549 per
1766 3479 1944 3533 omnia
1990 3478 2112 3533 ﬁdei

566 3570 795 3638 gratiam
834 3584 1013 3638 super:
1035 3570 1167 3639 legis
1204 3570 1497 3624 doctrinam
1521 3569 1569 3633 ἀ,
1598 3569 1739 3638 quod
1784 3576 1866 3624 est
1901 3569 2107 3624 dicere:

569 3666 902 3727 nequaquam
960 3672 1056 3712 nos
1111 3658 1176 3711 de
1223 3659 1486 3727 perceptis
1534 3658 1865 3721 extollimus,
1904 3657 2008 3712 sed
2059 3658 2112 3711 in

568 3750 756 3813 omni,
807 3749 949 3818 quod
995 3749 1129 3802 bene
1174 3749 1434 3811 vivimus,
1496 3748 1560 3802 de
1606 3755 1697 3801 tua
1748 3746 2114 3801 misericordia

571 3836 967 3899 cxsultabimus,
988 3834 1267 3899 niemores,
1291 3843 1487 3904 quanta
1506 3835 1701 3905 pietate
1727 3850 1823 3889 nos
1848 3846 2115 3895 recreare,

496 3982 499 3983 ν
575 3925 803 3991 qualiter
842 3926 1204 3978 austeritatem
1251 3926 1400 3993 legis,
1432 3926 1601 3995 gratia
1641 3924 1957 3995 evangelica:
1996 3923 2116 3978 fidei

575 3998 823 4083 dignatus
867 4027 927 4067 es
969 4013 1228 4081 mitigare.
1274 4012 1417 4066 Recti
1457 4014 1679 4084 diligunt
1719 4025 1786 4068 te.
1836 4013 2020 4069 Nullus
2065 4024 2118 4069 te

575 4103 745 4172 diligit
784 4103 885 4156 nisi
924 4113 1131 4158 rectus:
1178 4111 1234 4158 et
1269 4102 1444 4159 nullus
1478 4111 1563 4158 est
1594 4112 1774 4159 rectus
1808 4104 1911 4158 nisi
1939 4104 2030 4170 qui
2068 4113 2120 4157 te

578 4193 766 4261 ἀδικία.

648 4287 807 4339 Vens.
840 4286 891 4338 ι.
910 4316 981 4326 —
1003 4286 1167 4357 Nigra
1195 4302 1330 4351 sum,
1363 4287 1451 4340 sed
1487 4287 1732 4356 formosa,
1765 4286 1889 4355 ﬁlice
1908 4287 2121 4341 Jerusa-

2200 1866 2508 1931 vinearum,
2555 1867 2608 1920 id
2651 1873 2734 1921 est
2762 1866 3116 1929 Ecclesiarum
3142 1905 3156 1930 ,
3198 1881 3295 1934 per
3336 1867 3521 1924 orbem
3568 1876 3747 1926 custo-

2201 1956 2321 2009 dem
2344 1955 2397 2010 ι.
2447 1955 2616 2009 Mater
2642 1955 2922 2023 primitiva:
2944 1954 3193 2008 Ecclesize
3221 1953 3502 2026 Synagoga
3527 1963 3627 2018 est,
3658 1956 3745 2009 cui

2198 2059 2295 2115 per
2319 2046 2633 2115 prophetam
2667 2045 2861 2099 dicitur
2891 2062 2903 2097 :
2932 2044 3078 2108 Sion,
3110 2054 3165 2097 tu
3192 2045 3447 2099 vocaberis
3471 2034 3745 2112 ciritas,‘let

2200 2141 2362 2185 mater
2394 2133 2657 2186 civitatum
2687 2131 2867 2203 (Zach.
2899 2149 3017 2198 VIII,
3046 2134 3123 2203 ὅ).

2269 2238 2430 2295 Vens.
2457 2238 2509 2293 6.
2534 2269 2605 2279 —
2638 2240 2822 2295 Indica
2846 2242 2992 2305 mihi,
3021 2258 3169 2311 quem
3199 2241 3369 2311 diligit
3402 2242 3579 2295 animo
3606 2240 3745 2307 mea,

2201 2328 2288 2381 ubi
2313 2328 2517 2400 pascas,
2554 2330 2641 2383 ubi
2663 2332 2812 2385 cubes
2854 2332 2909 2385 in
2935 2333 3165 2397 meridie,
3202 2349 3265 2386 ne
3299 2333 3474 2402 vagari
3501 2332 3747 2401 incipiant
3780 2380 3785 2383 .

2200 2428 2313 2488 post
2348 2436 2522 2490 greges
2545 2421 2801 2475 sodalium
2831 2432 3054 2476 tuorum.
3103 2424 3277 2478 Indica
3318 2424 3447 2478 mihi
3471 2430 3741 2491 pastorem

2203 2522 2400 2573 meum,
2425 2524 2581 2577 quem
2630 2517 2740 2564 tota
2766 2512 2940 2565 anima
2967 2512 3144 2581 diligo,
3174 2522 3226 2567 et
3256 2514 3307 2566 in
3337 2494 3527 2581 quibus
3551 2525 3747 2581 pascua

2203 2596 2358 2668 [Cod.
2389 2595 2533 2662 ναι,
2561 2598 2833 2671 pascuam]
2876 2608 2930 2654 et
2970 2602 3207 2668 requiem
3233 2602 3452 2672 habeat,
3497 2615 3566 2654 ne
3611 2609 3787 2676 :estuk

2205 2686 2565 2741 tentationum.
2582 2688 2811 2753 turbata,
2841 2699 2958 2758 post
2983 2689 3258 2755 sodalium,
3289 2691 3340 2744 id
3363 2700 3449 2744 est
3472 2692 3750 2751 haeretico-

2206 2790 2327 2830 rum
2356 2776 2744 2841 conventicula,
2769 2792 2891 2831 eum
2915 2792 3152 2846 quaerere
3176 2778 3440 2846 incipiam.

2274 2887 2435 2941 Vsus.
2476 2889 2528 2941 7.
2556 2918 2625 2929 —
2659 2887 2719 2943 Si
2765 2890 2972 2958 ignoras
3016 2900 3084 2953 te,
3136 2907 3181 2961 or
3207 2890 3549 2958 pulcherrima
3588 2888 3746 2960 [Cod.

2207 2974 2351 3037 Vat.,
2380 2974 2618 3047 pulchra]
2663 2978 2798 3029 inter
2840 2977 3098 3039 mulieres,
3146 2977 3383 3045 egredere
3424 2986 3472 3031 et
3511 2977 3595 3029 abs
3637 2988 3775 3047 post

2134 3073 2178 3135 (ς
2212 3063 2420 3131 uestigia
2444 3078 2671 3135 gregum.
2709 3064 2763 3117 Si
2809 3065 3019 3135 ignoras
3049 3074 3100 3120 te
3128 3068 3223 3121 sub
3246 3064 3545 3134 huiusmodi
3582 3073 3753 3119 tema-

2210 3154 2370 3208 tionis
2396 3155 2595 3209 ditione
2624 3154 2740 3225 [F.,
2770 3155 3090 3227 conditione]
3121 3156 3249 3210 mihi
3279 3170 3397 3210 esse
3424 3162 3749 3223 sponsatam,

2208 3245 2461 3314 egredere
2489 3260 2519 3298 a
2544 3260 2663 3300 meo
2686 3246 2972 3309 consortio,
3004 3253 3057 3299 et
3080 3245 3256 3298 varios
3283 3243 3576 3299 errantium
3604 3252 3755 3297 actus

2211 3348 2450 3400 sequere.
2482 3333 2551 3386 Et
2575 3350 2726 3403 pasce
2754 3335 2928 3387 haedos
2956 3349 3092 3387 meos
3129 3334 3279 3400 iuxta
3304 3332 3635 3386 tabernacula
3654 3350 3751 3401 pa-

2211 3429 2425 3473 storum.
2468 3419 2526 3474 Id
2548 3428 2650 3484 est,
2675 3420 2910 3489 perditos
2950 3422 3092 3475 nutri
3136 3422 3421 3485 auditores,
3452 3423 3542 3489 qui
3586 3421 3751 3475 secuti

2212 3509 2574 3579 insipientium
2609 3510 2879 3565 doctrinas
2905 3511 3300 3582 magistrorum,
3330 3526 3360 3563 a
3386 3510 3615 3564 sinistris
3648 3518 3755 3565 sta-

2215 3598 2319 3650 turi
2350 3604 2493 3652 sunt.

2290 3682 2445 3737 Vsus.
2501 3682 2554 3737 8.
2590 3712 2659 3722 —
2679 3682 2949 3753 Equitatui
2995 3700 3104 3738 meo
3132 3687 3187 3739 in
3210 3686 3443 3741 curribus
3467 3685 3757 3740 Pharaonis

2216 3770 2496 3825 assimilavi
2530 3781 2611 3836 te,
2659 3774 2825 3826 amica
2871 3790 3003 3828 mea.
3050 3774 3198 3829 Sicut
3236 3776 3464 3844 priorem
3508 3758 3761 3844 populum-

2216 3859 2281 3914 de
2305 3859 2555 3930 Egyptio
2589 3860 2806 3936 liberavi
2844 3862 3063 3925 timore;
3110 3863 3189 3917 sic
3228 3872 3279 3917 te
3303 3902 3321 3927 ,
3369 3877 3559 3931 sponsa
3604 3865 3753 3917 mea!

2219 3948 2282 4002 de
2302 3948 2746 4015 persequentium,
2778 3949 2824 4003 si
2857 3949 2911 4003 in
2936 3964 3021 4004 me
3045 3951 3347 4026 conlideris,
3373 3951 3608 4007 liberabo
3639 3967 3757 4007 ma-

2220 4037 2394 4089 nibus.

2240 4186 2241 4189 η
2291 4128 2449 4182 Vsus.
2494 4128 2547 4183 9.
2572 4159 2641 4168 -
2686 4128 2925 4184 Pulchra:
2948 4140 3063 4184 sunt
3092 4146 3232 4201 gena!
3256 4140 3360 4184 tute
3384 4132 3514 4184 sicut
3541 4130 3759 4192 turtur-is

2222 4215 2373 4287 [Cod.
2402 4218 2545 4283 Vat"
2573 4219 2774 4290 turris].
2826 4220 2994 4274 Tanta
3042 4228 3093 4274 te
3135 4220 3467 4274 verecundia)
3509 4212 3760 4273 salutaris

2222 4306 2415 4359 virtute
2437 4306 2704 4369 demravi,
2735 4316 2793 4358 ut
2826 4307 3118 4361 castitatem
3146 4306 3420 4374 promissa
3454 4305 3583 4358 mihi
3614 4302 3757 4368 fidei,

580 4374 697 4426 lem.
755 4374 913 4444 Nigra
958 4390 1073 4429 sum
1116 4375 1168 4429 in
1211 4377 1470 4445 pressuris
1506 4379 1932 4445 persecutionum
1958 4419 1972 4443 ,
2024 4380 2116 4433 sed

2144 4392 2191 4453 υ
2217 4394 2359 4445 nulla
2402 4408 2688 4461 pravorum
2732 4395 3002 4448 doctorum
3065 4394 3368 4447 seductione
3430 4408 3755 4463 corrumpas.

581 4463 810 4518 formosa
839 4465 891 4519 in
928 4466 1120 4521 decore
1143 4466 1394 4520 virtutum
1427 4478 1471 4519 ο.
1508 4468 1657 4533 Quod
1684 4477 1782 4531 est,
1828 4470 1978 4537 nigra
2004 4469 2122 4537 qui-

581 4555 700 4609 dem
754 4556 821 4609 in.
854 4556 1022 4610 owlis
1072 4558 1503 4624 persequentium
1551 4573 1808 4625 appareo,
1860 4560 1953 4613 sed
1999 4567 2123 4611 ante

585 4647 747 4699 Deum
776 4653 964 4698 ornata
986 4645 1176 4699 decore
1200 4645 1455 4697 virtutum
1494 4644 1747 4714 refulgeo.
1782 4644 1929 4700 Sicut
1958 4646 2125 4700 taber-

586 4734 773 4788 nacula
810 4734 984 4788 Kedar
1008 4734 1158 4805 [Cod.
1189 4736 1330 4799 Vat.,
1362 4733 1574 4805 Cedar],
1615 4736 1748 4788 sicut
1788 4735 1935 4803 pellis
1970 4734 2125 4791 Salo-

588 4824 771 4875 monis.
802 4823 977 4877 Kedar
1002 4824 1142 4878 Illius
1170 4824 1423 4888 lsmaelis,
1454 4825 1596 4893 Quod
1614 4823 1775 4895 θεᾷ
1812 4824 2126 4893 interpreta-

659 4967 683 4995 ⁸
708 4953 837 5019 Cod.
862 4954 1014 5026 ’ναμε
1038 4956 1078 5007 Α
1100 4956 1320 5009 chrisma
1342 4957 1595 5021 Christus,
1618 4956 1872 5026 idegtqttb
1892 4956 2128 5026 unctione

588 5018 790 5085 unctus,
819 5024 955 5094 quod
980 5038 1165 5094 nomen
1185 5040 1299 5075 cum
1326 5026 1498 5094 gratia
1519 5018 1684 5094 sancti
1709 5018 1933 5094 §ptrltus
1962 5018 2015 5073 in
2028 5023 2129 5094 ba-

588 5089 1096 5161 ptismate'funditur
1137 5093 1195 5161 in
1216 5089 1420 5161 cunctos
1464 5090 1660 5161 ﬁdeles.
1706 5089 1909 5145 Ctetera
1935 5090 2127 5145 omissa

588 5159 730 5220 sunt.
754 5159 921 5227 usque
943 5178 955 5213 :
984 5160 1107 5213 Ideo
1133 5159 1535 5214 adolescentulm.

660 5230 688 5269 ι
712 5224 1021 5297 Com—Vua
1051 5228 1118 5281 Ut
1154 5239 1201 5282 te
1221 5230 1571 5297 ascendentem
1610 5228 1671 5297 in
1695 5224 1878 5279 caelum
1912 5236 2128 5297 sequar;
2153 5283 2160 5293 ,

594 5297 713 5349 aliis
738 5296 968 5355 omissis,
997 5311 1183 5363 usque,
1211 5296 1487 5351 Curremus
1515 5294 1691 5351 simul.

664 5376 684 5402 ι
705 5362 835 5435 (ἱρά.
870 5364 988 5435 V_at.
1008 5362 1210 5435 omittit
1226 5381 1287 5419 ea
1302 5381 1418 5433 qua:
1435 5367 1571 5420 hanc
1588 5372 1697 5418 not.
1713 5371 2026 5435 sequuntur,
2047 5377 2132 5417 us-

595 5444 717 5499 que,
745 5432 1151 5486 Exsultabimus.
1319 5432 1333 5433 ί
1404 5456 1409 5463 ·
1468 5458 1471 5465 ·

664 5501 689 5537 ά
715 5500 843 5554 Cod.
875 5502 1020 5554 ναις
1051 5500 1265 5554 Intende
1292 5502 1347 5553 iu
1372 5503 1513 5554 nobis
1541 5518 1734 5555 memor
1758 5518 1849 5572 per
1870 5501 2041 5555 omnia
2058 5501 2133 5569 ﬁ—

597 5566 677 5619 dei
716 5572 934 5619 cratim
964 5587 1118 5619 suner
1161 5568 1283 5619 leais
1320 5569 1625 5619 doctrinam.
1677 5569 1881 5619 Caetera
1924 5571 2133 5619 desunt.

601 5647 767 5711 usque
800 5654 810 5688 :
844 5638 982 5692 Rerti
1009 5638 1226 5706 diligunt
1257 5649 1321 5688 te.

716 5572 934 5639 gratiam
964 5587 1118 5639 super
1161 5568 1283 5633 legis
1320 5569 1625 5623 doctrinam.
1677 5568 1881 5625 (ἔπιθι-α
1924 5568 2155 5633 desuiit,‘

2220 4480 2419 4534 Collum
2448 4494 2592 4537 tuum
2615 4484 2745 4536 sicut
2769 4482 2999 4537 monilia.
3032 4482 3089 4536 In
3113 4483 3243 4537 collo
3269 4483 3435 4538 sancti
3459 4475 3758 4553 pradieato-

2223 4588 2326 4637 res,
2357 4572 2473 4641 qui,
2519 4576 2660 4642 quod
2706 4576 2870 4629 verbo
2913 4574 3121 4639 docent,
3167 4576 3416 4643 operibus
3456 4573 3759 4634 ostendmm

2219 4662 2599 4731 designantur:
2650 4662 2704 4715 in
2732 4663 3003 4716 monilibus
3055 4664 3232 4731 operis
3276 4674 3460 4715 eorum
3500 4657 3756 4727 perfectio

2222 4749 2536 4817 exprimitur
2563 4750 2607 4802 ί.

2292 4838 2451 4893 Vsus.
2472 4835 2569 4890 ιο.
2588 4864 2661 4875 —-
2683 4833 3003 4890 Huranulas
3045 4852 3227 4889 aureas
3258 4834 3509 4903 faciamus
3535 4832 3626 4886 tibi
3650 4846 3759 4884 uer.

2298 4980 2321 5005 ο
2351 4967 2477 5022 Cod.
2502 4966 2623 5020 Vat.
2648 4968 2921 5035 sequentia
2956 4970 3095 5023 hanc
3118 4975 3297 5022 notam
3321 4964 3540 5027 omittit,
3573 4975 3773 5029 usque,

2230 5035 2375 5090 Sicut
2404 5035 2754 5089 tabernacula.
3525 5054 3529 5059 ‘

2302 5103 2321 5141 ί
2352 5104 2481 5158 Cod.
2512 5104 2631 5173 Vat.
2661 5112 2781 5173 post
2807 5112 3007 5159 textum
3037 5102 3147 5173 ζέει
3184 5101 3507 5173 temptatione
3545 5097 3763 5173 obseura

2228 5172 2540 5241 daemonum,
2566 5164 2793 5241 [annosa
2832 5174 2888 5227 in
2913 5168 3269 5235 mortiﬁcando
3284 5164 3526 5224 carnalia
3566 5164 3765 5223 deside—

2230 5240 2331 5304 ria,
2356 5240 2573 5295 caeteris
2588 5241 2818 5295 omissis.
3560 5303 3565 5304 ί
3672 5300 3685 5304 _
3725 5286 3732 5304 τ

2302 5300 2328 5347 ti
2351 5307 2479 5377 (ξφα,
2503 5308 2623 5365 ναι,
2654 5317 2775 5377 post
2809 5314 3006 5377 textum
3031 5324 3043 5358 :
3071 5305 3245 5377 Nolite
3263 5305 3459 5367 mirari,
3481 5304 3525 5359 si

2232 5376 2335 5445 bus
2353 5374 2577 5445 dispecta
2598 5373 2695 5431 sint
2723 5376 2849 5445 {oris
2872 5376 2931 5429 ob
2956 5373 3337 5445 temptationum
3363 5383 3544 5445 aestus.
3639 5373 3733 5445 an:

2300 5422 2327 5514 ᾗ
2350 5422 2848 5514 infixerat;
2868 5422 3205 5514 unum;
3218 5422 3532 5514 gustant;
3549 5422 3763 5514 omittit.

2309 5512 2322 5551 ί
2362 5507 2491 5566 Cod.
2524 5512 2679 5566 Vat.:
2713 5507 2777 5566 In
2806 5511 2935 5566 collo
2972 5510 3201 5564 doctores
3228 5507 3391 5564 sancti
3414 5507 3763 5577 designantur.

2237 5579 2301 5633 In
2328 5579 2600 5635 monilibus
2629 5597 2783 5650 opera
2808 5581 3180 5647 exprimuntur,
3207 5580 3329 5649 quia
3348 5592 3482 5649 qua.
3504 5585 3608 5631 etc.
