4286 6198
438 295 541 354 ϐιὸ

435 407 709 463 miculatas
754 419 983 479 argento.
1033 410 1090 463 lu
1139 411 1446 466 murzenulis
1485 410 1763 480 Scriptura
1806 420 1990 466 sancta
2018 414 2067 471 Α

434 497 752 561 ostenditur,
799 512 917 566 quas
950 513 1082 552 auro
1120 499 1476 567 spiritualium
1522 514 1774 553 sensuum
1827 499 1991 572 fulget

438 588 683 651 interius,
716 596 772 641 et
800 600 1024 659 argento
1061 590 1293 646 cmlestis
1316 592 1510 661 eloquii
1538 593 1691 645 nitet.

486 678 666 733 .Vens.
695 678 779 731 Η.
799 709 870 719 -
888 679 1024 733 Dum
1049 689 1176 735 esset
1204 698 1293 735 rex
1314 683 1369 736 in
1394 683 1630 736 accubitu
1654 699 1769 746 suo,
1796 682 1991 736 nardus

434 781 548 818 mea
569 764 709 818 dedit
728 767 938 821 odorem
963 785 1134 823 suum.
1169 769 1313 840 Rege
1339 769 1555 825 Christo
1583 771 1636 823 in
1663 770 1991 825 beatitudine

436 853 668 909 caelestis
704 856 895 910 secreti
933 858 1238 926 quiescente
1268 857 1419 930 [Cod.
1458 857 1594 924 ναι,
1620 859 1815 929 Regi...
1842 860 1992 927 quie-

435 941 626 1015 scenti]
672 951 983 998 sanctorum
1021 945 1193 999 virtus
1230 948 1282 1000 in
1320 946 1556 1000 Ecclesia
1597 962 1801 1016 magna:
1839 948 1993 1001 nobis

434 1032 664 1102 gratiam
690 1033 967 1087 suavitatis
995 1034 1352 1089 administrat.
1590 1027 1593 1030 ⁴

501 1145 663 1200 Vsus.
686 1144 1177 1201 12.,—-Fasciculus
1200 1148 1660 1217 myrrlucdilectus
1679 1165 1823 1202 meus
1840 1150 1990 1214 mihi,

430 1233 568 1286 inter
610 1233 769 1287 ubera
809 1251 925 1287 mea
975 1224 1396 1289 commorabitur.
1448 1236 1591 1290 Mors
1634 1236 1814 1291 dilecti
1864 1238 1987 1301 mei,

431 1336 592 1389 quam
623 1338 722 1391 pro
758 1338 877 1379 mea
908 1325 1079 1379 salute
1107 1327 1291 1389 subiit,
1322 1342 1533 1397 semper
1560 1327 1615 1381 in
1643 1342 1763 1382 mea
1791 1343 1992 1383 memo-

432 1412 510 1467 ria
539 1417 978 1475 commorabitur.
1410 1406 1414 1409 ⁷

502 1504 658 1560 Vnus.
692 1505 777 1559 15.
800 1508 1083 1563 —Botrus
1124 1508 1282 1580 Cypri
1321 1509 1539 1564 dilectus
1579 1527 1724 1566 meus
1757 1513 1903 1575 mihi,
1935 1513 1990 1567 in

426 1592 584 1647 vineis
598 1594 860 1664 Engaddi.
888 1596 987 1662 Qui
1014 1598 1205 1668 [Edit.,
1232 1599 1382 1675 quid]
1408 1598 1509 1654 fuit
1537 1599 1820 1656 fasciculus
1846 1618 2021 1673 myr—.

427 1681 612 1735 rhze-in
643 1679 993 1743 amaritti'tlme
1014 1688 1295 1755 passionis,
1314 1689 1429 1757 ipse
1452 1698 1536 1744 est
1550 1687 1735 1746 botrus
1748 1692 1906 1761 Cypri
1934 1693 1988 1747 in

427 1770 704 1825 dulcedine
756 1777 1182 1831 resurrectionis.
1232 1779 1444 1848 Myrrha
1487 1780 1767 1841 tristiﬁcat,
1805 1781 1988 1835 vinum

424 1860 675 1916 laetiﬁcat.
692 1863 757 1917 In
772 1866 927 1918 vineis
940 1866 1202 1936 Engaddi,
1217 1878 1435 1938 propter
1449 1872 1773 1924 charismata
1789 1872 1986 1935 divina,

423 1962 681 2021 quai'post
698 1957 1146 2012 resurrectionem
1170 1959 1391 2029 largitus
1409 1969 1492 2014 est
1512 1961 1564 2014 in
1590 1962 1854 2030 baptismo
1878 1965 1989 2019 suis

424 2043 1052 2115 participibus.Engaddi,
1070 2047 1188 2104 l'ons
1197 2047 1354 2115 haedi,
1367 2050 1687 2121 baptismum
1701 2054 1984 2122 signiﬁcat.

492 2150 650 2204 Vsus.
681 2152 769 2204 14.
787 2183 858 2193 -
878 2153 1013 2208 Ecce
1039 2164 1092 2208 tu
1111 2154 1325 2225 puiclira
1349 2174 1422 2224 es,
1447 2161 1616 2213 amica
1637 2177 1771 2232 mea,
1795 2178 1909 2215 ecce
1930 2172 1986 2216 tu

422 2237 640 2303 pulchra
666 2254 741 2293 es.
794 2239 1024 2296 Pulchra
1052 2258 1111 2297 es
1136 2246 1388 2312 operibus
1415 2248 1647 2309 mundis,
1673 2249 1867 2317 quibus
1893 2265 1983 2304 so-

424 2322 539 2378 brie
569 2325 621 2379 in
652 2327 751 2381 hoc
786 2329 979 2384 secqu
1014 2334 1367 2388 conversaris.
1424 2334 1653 2390 Pulchra
1678 2351 1737 2391 es
1775 2339 1827 2391 in
1858 2340 1986 2393 sim-

422 2412 659 2481 plicitate
684 2419 882 2483 cordis,
913 2421 1034 2487 quia
1063 2437 1162 2490 pro
1190 2422 1300 2476 sola
1335 2425 1654 2479 aeternitatis
1696 2427 1986 2484 intentione

423 2501 575 2555 bonis
615 2504 824 2559 actibus
862 2507 1085 2563 insistis.
1130 2509 1281 2563 Oculi
1307 2512 1384 2564 tui
1410 2513 1571 2582 395
1606 2513 1981 2572 columbarum.

420 2587 569 2643 Oculi
613 2593 792 2647 cordis
839 2596 915 2648 tui
956 2599 1138 2651 mundi
1184 2614 1248 2654 ac
1296 2601 1593 2669 simplices,
1635 2611 1691 2656 et
1729 2604 1796 2657 ab
1838 2606 1983 2659 omni

421 2679 732 2748 duplicitate
774 2683 988 2739 fallendi
1029 2687 1323 2755 immunes;
1356 2692 1460 2757 vel,
1489 2706 1678 2747 sensus
1716 2694 1794 2746 tui
1828 2695 1985 2762 spiri-

421 2768 552 2820 tuali
578 2778 705 2823 sunt
735 2771 1007 2827 intellectu
1034 2777 1239 2843 praediti
1271 2790 1317 2832 ι.

490 2856 649 2911 Vens.
688 2859 773 2912 15.
794 2890 864 2911 -,-
884 2861 1019 2916 Ecce
1038 2872 1094 2916 tu
1117 2866 1330 2934 pulcher
1347 2883 1425 2932 es,
1446 2867 1629 2922 dilecte
1672 2871 1799 2923 mihi
1827 2869 1978 2941 [Cod.

423 2946 748 3017 Vat.,mi],et
781 2950 996 3005 decorus
1032 2955 1081 3006 ιι.
1118 2955 1352 3012 Audiens
1376 2965 1559 3012 sancta
1602 2959 1841 3026 Ecclesia
1892 2977 1982 3032 ge-

422 3033 619 3088 minam
645 3036 746 3089 sibi
785 3052 816 3089 a
844 3038 1067 3095 Domino
1094 3044 1565 3111 pulchritudinem,
1590 3050 1768 3116 aperis
1796 3051 1984 3104 videii-
2004 3076 2052 3137 ο

419 3130 506 3177 cet
531 3133 588 3179 et
614 3127 939 3192 intentiOnis,
971 3146 1091 3186 cum
1122 3134 1461 3203 simplicitate
1485 3139 1607 3206 puri
1640 3141 1840 3205 cordis,
1860 3156 1979 3197 esse

420 3213 766 3280 attributam,
810 3218 999 3273 devota
1044 3232 1206 3277 voce-
1230 3227 1513 3295 respondet
1552 3245 1564 3280 :
1599 3228 1709 3298 Ego
1766 3232 1978 3299 quidem

419 3299 673 3401 quidquid
715 3305 1141 3401 pulchritudinis,
1192 3314 1399 3401 παύω,
1446 3315 1823 3386 simplicitatis,
1867 3323 1980 3390 spei

417 3386 622 3455 habeo,
670 3399 723 3446 te
763 3393 1019 3464 largiente
1074 3386 1319 3470 percepi;
1378 3412 1433 3457 tu
1488 3414 1666 3461 autem
1716 3386 1984 3466 veraciter

318 3492 323 3495 ‘
418 3491 473 3535 et
500 3483 617 3537 sine
650 3490 1047 3556 comparatione
1091 3492 1316 3569 pulcher
1351 3509 1435 3559 es,
1459 3505 1513 3550 et
1536 3492 1763 3553 decorus
1790 3502 1981 3557 divina:

420 3574 768 3639 perpetuitate
789 3584 1014 3642 naturae,
1039 3587 1094 3633 et
1126 3590 1410 3649 assumpta:
1439 3586 1785 3651 humanitatis
1813 3591 1979 3645 mira-

419 3661 508 3715 bili
549 3662 839 3732 dignitate.»
879 3666 1118 3723 Lectulus
1156 3681 1331 3725 noster
1376 3674 1614 3741 ﬂoridus.
1670 3677 1979 3746 Requiescit

418 3761 613 3816 sponsa
642 3765 761 3805 cum
786 3767 983 3820 sponso
1009 3756 1327 3823 in/lectulo,
1371 3776 1493 3814 cum
1544 3771 1780 3831 tempore
1828 3768 1980 3833 pacis

420 3835 606 3891 ﬂorido
634 3850 684 3903 ε,
716 3857 819 3909 pax
848 3854 1044 3901 sancta:
1072 3847 1342 3915 Ecclesiae,
1368 3861 1424 3906 et
1445 3853 1732 3908 virtutibus
1775 3859 1977 3913 sanctis

419 3924 672 3993 ﬂorescit,
712 3938 768 3983 et
793 3934 1056 4000 spirituali
1091 3938 1240 4005 prole
1266 3940 1666 4011 multiplicatur.

490 4035 649 4091 Vsus.
691 4037 773 4091 l6.
804 4066 875 4080 -ιι
896 4040 1059 4112 Tigna
1083 4045 1357 4100 densarum
1402 4036 1695 4105 nostrarum
1740 4057 1973 4123 cedrina,

416 4120 683 4190 laquearia
705 4136 881 4181 nostra
904 4134 1213 4199 cypressina.
1240 4133 1407 4204 Tigna
1427 4144 1483 4190 et
1503 4137 1771 4206 laquearia
1794 4120 1975 4199 docto;

418 4223 505 4261 res
528 4220 726 4300 sancta:
750 4214 1022 4282 Ecclesiae,
1065 4230 1281 4290 propter
1304 4224 1575 4300 munimen
1620 4226 1770 4299 [Cod.
1831 4228 1973 4297 Vat,

420 4294 826 4371 munimentum]
865 4313 920 4357 et
963 4306 1246 4375 decorem;
1292 4294 1508 4391 cedrina
1556 4294 1638 4369 et-
1661 4294 1969 4386 cypressina

1267 299 1675 355 EXEGETICA.
1709 329 1779 340 —
1816 296 2263 355 COMPENDI'UM
2298 298 2365 353 IN
2403 298 2603 354 CANT.
2645 296 2839 352 CANT.

3546 305 3650 360 656

2717 408 2941 464 CAPUT
2965 408 3022 461 11.

2162 500 2323 555 Vsus.
2356 502 2403 553 ί.
2427 531 2497 540 ——
2529 500 2639 568 Ego
2667 500 2763 567 ﬂos
2804 500 2971 568 campi
3021 508 3069 550 et
3113 498 3277 550 lilium
3323 498 3649 553 convallium.

2090 590 2200 660 Ego
2220 592 2385 645 decus
2416 591 2620 653 mundi,
2658 598 2713 642 et
2749 590 2914 642 lilium
2942 589 3279 642 convallium.
3311 587 3462 659 [Cod.
3504 587 3652 653 ναι,

2090 681 2199 749 Ego
2223 681 2385 734 decus
2411 682 2589 734 mundi
2618 689 2671 733 et
2704 680 2871 749 gloria
2904 680 3224 750 humilium]
3328 690 3331 693 '

2101 778 2116 793 ‘
2162 770 2317 824 Vens;
2345 770 2398 822 2.
2426 801 2497 808 —
2525 769 2671 823 Sicut
2693 770 2859 822 lilium
2884 771 3017 823 inter
3036 772 3230 835 spinas,
3256 788 3329 823 sic
3346 772 3514 824 amica
3538 788 3653 826 mea

2090 860 2225 910 inter
2243 858 2401 925 ﬁlias.
2438 859 2514 911 Tu
2545 860 2785 927 requiem
2815 860 3009 927 quaeris
3035 868 3089 913 et
3117 860 3300 915 laudes
3326 861 3520 915 lectuli.
3548 862 3653 914 Rc-

2090 947 2317 1000 cordare
2364 948 2505 1015 quod
2550 948 2829 1001 candidior
2873 948 3270 1003 tribulationum
3317 950 3515 1004 aculeis
3544 951 3655 1005 elli-

2090 1034 2275 1096 cieris;
2304 1045 2358 1087 ct
2387 1034 2557 1103 major
2586 1042 2669 1089 est
2692 1034 2900 1089 fructus
2929 1037 3319 1105 prmdicationis
3341 1036 3453 1108 [F.,
3472 1054 3653 1108 perse-

2091 1122 2341 1195 cutionis]
2373 1140 2532 1193 quam
2570 1126 2786 1192 quietis.
3016 1182 3019 1185 ,

2162 1213 2321 1266 Vens.
2346 1213 2396 1266 5.
2426 1243 2493 1254 -
2523 1212 2673 1267 Sicut
2696 1213 2863 1267 malus
2907 1215 3042 1267 inter
3084 1214 3223 1283 ligna
3266 1215 3533 1281 siluarum,
3577 1219 3653 1268 sic

2089 1299 2306 1353 dilectus
2328 1317 2469 1354 meus
2496 1302 2642 1373 inter
2673 1301 2830 1370 ﬁlios.
2863 1302 3014 1356 Sicut
3038 1303 3209 1356 malus
3230 1304 3370 1368 visu,
3398 1305 3561 1358 odore
3595 1315 3652 1358 et

2089 1397 2243 1458 gustu
2273 1391 2538 1444 antecedit
2554 1390 2693 1461 ligna
2721 1391 3005 1456 silvestria,
3022 1393 3100 1446 sic
3120 1392 3364 1447 Christus
3386 1395 3656 1449 antecellit

2089 1491 2278 1530 omnes
2305 1486 2520 1532 sanctos
2546 1477 2698 1549 [Cod.
2742 1477 2855 1531 Vat.
2879 1519 2892 1542 ,
2923 1481 3171 1534 omnibus
3191 1482 3413 1554 sanctis]
3438 1485 3527 1553 qui
3558 1484 3652 1538 lilii

2089 1565 2184 1619 Dei
2229 1566 2474 1620 dicuntur
2501 1583 2565 1621 ex
2598 1567 2748 1637 [Cod.
2792 1566 2933 1633 Vat.,
2973 1569 3088 1641 sed]
3138 1573 3334 1640 gratia,
3383 1573 3469 1627 ille
3509 1573 3656 1628 solus

2090 1666 2301 1711 natura.
2335 1658 2445 1714 Sub
2476 1661 2658 1713 umbra
2685 1660 2846 1725 illius,
2870 1678 3022 1732 quem
3059 1662 3489 1730 desideraveram,
3518 1665 3647 1719 sedi.

2021 1738 2062 1795 Β
2092 1748 2307 1803 ΕοόειῐιΔ
2334 1756 2677 1820 protegente,
2724 1767 2879 1819 quem
2926 1768 3141 1823 semper
3181 1754 3367 1809 adesse
3409 1756 3648 1824 quaesivi,

2088 1840 2325 1907 quiesco,
2352 1847 2407 1892 et
2435 1855 2621 1895 secura
2666 1840 2976 1909 permaneo.
3008 1842 3074 1895 Et
3115 1842 3315 1911 fructus
3348 1844 3463 1914 ejus
3484 1845 3649 1898 dulcis

2087 1930 2283 1997 gutturi
2312 1946 2443 1982 meo.
2477 1929 2609 1995 Quia
2645 1932 2830 2000 gratiae
2875 1946 2984 1986 sua:
3018 1932 3222 1987 cmlesti
3252 1934 3528 1988 dulcedine
3562 1949 3649 1988 me

2088 2016 2261 2072 reiicit
2289 2017 2441 2092 [Cod.
2478 2019 2620 2085 Vat.,
2650 2020 2881 2093 refecit].

2163 2106 2320 2160 Vens.
2348 2106 2400 2158 4.
2421 2138 2490 2146 -
2512 2106 2813 2162 Introduxit
2842 2128 2921 2164 me
2957 2128 3047 2164 rca:
3076 2113 3128 2164 in
3153 2112 3333 2165 cellam
3374 2112 3542 2167 t'inari
3573 2131 3646 2168 m.

2085 2193 2227 2248 Cella
2256 2196 2459 2250 vinaria
2483 2198 2722 2254 Ecclesia
2744 2200 2901 2255 debet
2927 2202 3166 2271 intelligi,
3198 2204 3249 2256 in
3277 2203 3427 2271 cujus
3449 2206 3652 2261 unitate

2085 2282 2418 2339 solummodo
2463 2284 2697 2354 Spiritus
2746 2300 2963 2344 sanctus
3009 2291 3124 2344 dari
3172 2293 3305 2346 solet
3352 2302 3407 2347 et
3458 2296 3648 2365 accipi,

2084 2370 2237 2438 cujus
2277 2373 2449 2439 gratia
2478 2374 2579 2429 hoc
2610 2374 2727 2428 loco
2754 2377 2860 2429 vini
2890 2378 3104 2431 nomine
3130 2380 3459 2449 designatur.
3492 2382 3648 2436 Ordi-

2086 2459 2223 2512 navit
2253 2461 2307 2512 in
2333 2477 2413 2514 me
2436 2463 2740 2515 charitatem
2773 2475 2817 2528 ε,
2850 2464 2902 2516 in
2934 2480 3038 2533 qua
3069 2467 3198 2521 cella
3236 2469 3481 2523 ordinata
3521 2473 3651 2525 cha-

2086 2549 2217 2601 ritas
2254 2556 2356 2612 cst,
2401 2558 2459 2602 ut
2504 2552 2732 2620 quisque
2762 2554 2926 2606 Deum
2968 2563 3079 2610 toto
3125 2558 3306 2622 corde,
3333 2559 3452 2626 plus
3484 2576 3645 2628 quam

2085 2637 2349 2705 seipsum;
2382 2640 2683 2707 proximum
2710 2650 2957 2710 tanquam
2986 2645 3217 2713 saipsum
3240 2646 3443 2717 diligat.

2159 2727 2315 2782 Vens.
2347 2728 2399 2781 5.
2428 2760 2497 2769 —
2528 2727 2734 2785 Fulcite
2761 2750 2839 2786 me
2867 2735 3105 2802 ﬂoribus,
3145 2738 3328 2807 stipate
3358 2756 3437 2793 me
3464 2741 3640 2804 malis.

2082 2817 2204 2884 quia
2230 2832 2405 2871 amore
2431 2817 2670 2889 langueo.
2716 2820 3075 2877 Consolamini
3127 2839 3212 2877 me
3256 2828 3511 2897 exemplis
3552 2845 3645 2884 seu

2083 2905 2476 2974 incipientium,
2507 2922 2599 2961 seu
2631 2900 3054 2965 terminantium.
3097 2914 3249 2967 Viam
3295 2915 3483 2971 salutis
3512 2918 3648 2973 mihi

2084 2999 2372 3065 ostendite,
2398 2999 2526 3059 dum
2554 3001 2727 3057 adhuc
2752 3004 2805 3056 in
2832 3002 2990 3071 hujus
3018 3007 3464 3076 peregrinationis
3489 3009 3647 3064 tmdio

2082 3102 2264 3141 amore
2289 3102 2532 3157 superna:
2559 3090 2783 3143 visionis
2808 3090 3113 3160 languesco.

2148 3176 2311 3249 vnas.
2344 3176 2396 3230 6.
2428 3206 2497 3216 -—-
2524 3175 2675 3231 Laeva
2705 3177 2819 3247 ejus
2843 3179 2937 3231 sub
2964 3180 3128 3249 capite
3163 3196 3274 3233 meo
3296 3220 3311 3245 ,
3346 3189 3394 3234 et
3435 3180 3646 3235 dextera

2077 3242 2220 3315 illiui
2254 3262 2634 3333 amplexabitur
2667 3242 2768 3318 νηὶ.
2812 3266 2867 3319 In
2914 3242 3047 3321 laeva
3091 3242 3306 3323 Christi
3333 3271 3644 3339 temporalia

2077 3350 2192 3419 ejus
2214 3351 2375 3417 dona,
2394 3348 2449 3406 iu
2470 3352 2658 3407 dextra
2671 3362 2941 3423 perpetuae
2954 3357 3076 3409 vitze
3094 3357 3365 3412 beatitudo
3380 3357 3658 3429 signatur,
3743 3404 3755 3417 .

2077 3443 2201 3511 quia
2236 3443 2319 3496 hic
2346 3458 2442 3513 per
2469 3459 2615 3514 spem
2643 3454 2873 3499 mentem
2920 3448 3161 3513 roborat,
3188 3457 3242 3502 et
3271 3449 3378 3504 illic
3408 3466 3505 3520 per
3548 3467 3636 3506 re-

2081 3534 2502 3587 munerationem
2532 3534 2811 3604 gloriﬁcat.

2148 3621 2307 3700 Vens.
2359 3620 2410 3674 7.
2434 3653 2503 3662 —
2529 3624 2731 3693 Adjuro
2780 3642 2887 3689 vos,
2918 3627 3044 3695 ﬁlia:
3067 3628 3381 3695 Jerusalem,
3417 3648 3511 3702 per
3553 3648 3644 3685 ca—

2076 3694 2225 3778 preas
2257 3727 2530 3780 cervosque
2564 3729 2883 3783 camporum,
2919 3732 2980 3768 ne
3016 3714 3315 3783 suscitetis,
3344 3735 3504 3789 neque
3531 3721 3639 3774 evi-

2076 3798 2240 3867 gilare
2268 3801 2473 3869 faciatis
2498 3800 2757 3868 dilectam,
2786 3807 3118 3877 quoadusque
3144 3810 3255 3879 ipsa
3282 3810 3418 3879 uelit.
3446 3808 3641 3868 Conte-

2075 3896 2189 3941 stor
2229 3891 2479 3958 paciﬁcas
2521 3890 2752 3969 ﬁdelium
2811 3896 3015 3950 animas
3057 3914 3152 3966 per
3202 3914 3329 3953 suas
3374 3914 3641 3970 quamque

2077 3974 2229 4045 [Cod.
2276 3974 2418 4042 Vah,
2442 3980 2703 4053 quasque]
2753 3984 2999 4049 virtutes,
3049 4002 3167 4055 qua:
3220 4004 3318 4057 per
3349 3990 3543 4043 munda
3582 3998 3638 4044 et

2074 4066 2397 4119 ruminantia
2426 4061 2591 4137 396
2615 4070 2867 4123 animalia
2894 4074 3115 4141 signata:
3143 4084 3289 4139 sunt,
3321 4090 3386 4129 ne
3416 4077 3503 4145 pia
3530 4077 3637 4131 fra-

2075 4161 2216 4205 trum
2244 4154 2420 4207 studia
2443 4154 2617 4223 aliqua
2648 4156 3049 4225 importunitate
3071 4159 3388 4229 impediant;
3432 4164 3526 4216 sed
3553 4164 3633 4218 sic

2071 4241 2297 4309 quisque
2332 4242 2399 4296 de
2424 4244 2787 4313 proximorum
2826 4240 3066 4315 proiectu
3097 4251 3247 4318 quasi
3278 4251 3341 4305 de
3382 4266 3477 4305 suo
3505 4267 3635 4322 gon-

2072 4328 2195 4382 deat
2222 4329 2265 4383 τ.
2308 4331 2410 4385 Per
2455 4346 2677 4409 capreas
2721 4343 2777 4388 et
2821 4351 3009 4391 cervos
3053 4341 3310 4411 virtutum
3355 4356 3516 4411 opera
3552 4345 3629 4398 si-

421 4392 636 4497 lll‘opter
654 4389 880 4497 eximias
893 4400 1347 4497 eorum-virtutes,
1366 4389 1663 4497 ist-odorem
1680 4409 1830 4464 bonae
1849 4411 1972 4466 vitae
2000 4412 2051 4473 υ
2074 4426 2324 4489 gnantur,
2353 4434 2471 4488 qua:
2498 4389 2759 4488 quantum
2806 4389 3464 4497 munditia’przeeminerrn,
3513 4439 3636 4485 tan-

421 4473 630 4543 signant
653 4475 701 4528 δ.
727 4476 964 4543 Quorum
985 4486 1149 4539 verbo
1167 4496 1221 4539 et
1240 4491 1483 4559 exemplo
1504 4494 1738 4549 Ecclesia
1760 4506 1975 4554 susten-

423 4569 586 4626 tatur,
615 4581 681 4620 ne
706 4568 955 4625 haeretica
976 4578 1245 4641 pravitate
1270 4580 1606 4636 discutiatur.
1640 4585 1786 4640 Odor
1824 4592 1968 4645 cedri

419 4660 692 4741 serpentes
737 4654 906 4724 fugat,
934 4665 1074 4730 quod
1112 4669 1357 4723 convenit
1398 4671 1500 4725 illis
1546 4674 1635 4741 qui
1678 4675 1729 4728 in
1773 4678 1972 4735 virtute

420 4739 565 4835 verbi
586 4741 815 4835 ctelestis
839 4762 1099 4807 venenata
1128 4756 1498 4827 haereticorum
1526 4739 1773 4835 dogmata
1798 4768 1972 4823 solent

418 4829 734 4898 exstirpare.
765 4832 1083 4903 Cypressus,
1122 4860 1241 4912 quae
1282 4863 1391 4903 sua:
1443 4829 1776 4908 venustatem
1804 4873 1970 4913 comae

419 4915 563 4982 nullo
604 4929 880 4978 ventorum
905 4926 1131 4995 impulsu
1155 4933 1390 5001 deponit,
1406 4944 1760 4997 constantiam
1782 4962 1970 5003 eorum

418 5008 668 5074 exprimit
697 5015 788 5080 qui
815 5026 1053 5073 sanctam
1079 5021 1369 5079 Ecclesiam
1398 5029 1677 5089 altioribus
1710 5037 1965 5093 virtutum

416 5102 762 5167 ornante-tis,
792 5106 1160 5177 utlaquearia,
1181 5113 1459 5174 decorant.

487 5244 817 5338 madlyat.
845 5270 877 5338 3
904 5255 1043 5338 Ecce
1060 5271 1119 5338 tu
1146 5262 1359 5338 pulchra
1386 5282 1461 5332 es,
1488 5267 1654 5338 amica
1680 5288 1813 5338 mea,
1854 5292 1967 5329 erce

419 5313 707 5401 ﬁtP-{ﬁlim
729 5313 971 5401 θελοι)ιαὶ
995 5330 1070 5382 tui
1090 5313 1468 5401 26556553.

418 5378 867 5473 Ἠετιεονάξε.
889 5406 930 5473 εξ
962 5378 1468 5473 .Ψάηῶὶῖἴᾶιῖὧῶ
1479 5378 1965 5473 .’ςῖι’ίῖἱ”ο’ἓιὲἓέιὲ”ἱὶἱε

419 5450 675 5537 fit?
698 5467 826 5537 ἔμιξε
850 5459 1183 5530 intelligentia
1479 5450 1493 5469 ’
1528 5450 1647 5473 ⁷⁷⁷⁷-
1682 5450 1859 5465 νν-ν--υ
1888 5450 1961 5487 ,με

491 5516 671 5604 egon.
698 5524 843 5591 Vat"
886 5516 1430 5604 post'testusrsiwiu'
1462 5540 1603 5595 solus
1657 5548 1965 5604 naturaliter

417 5583 644 5651 pulcher,
684 5607 775 5660 ego
809 5583 954 5651 es'te
985 5583 1959 5684 puiéiifneiiiiuiI'JEaiés'ié'iniZ

2078 4516 2187 4561 tum
2224 4508 2485 4564 violentas
2525 4512 2729 4582 antiqui
2773 4514 2941 4569 hostis
2989 4515 3212 4572 insidias
3260 4528 3635 4597 contemnere,

2076 4598 2184 4650 imo
2204 4599 2507 4667 disperdere
2532 4610 2942 4656 consueverunt.
2969 4603 3170 4675 Caprea
3194 4617 3429 4683 montem
3451 4624 3636 4664 ascen-

2074 4688 2170 4751 dit,
2203 4702 2426 4741 acumen
2449 4689 2595 4741 visus
2624 4690 2804 4754 habet,
2833 4693 3050 4747 meliora
3078 4710 3275 4763 pascua
3301 4698 3466 4768 eligit.

2144 4777 2306 4830 Vens.
2335 4779 2387 4832 8.
2408 4808 2479 4816 —
2506 4775 2619 4831 Vox
2653 4778 2826 4833 dilecti
2856 4783 2973 4834 mei.
3013 4782 3361 4852 Subauditur,
3387 4789 3500 4844 haec
3524 4799 3633 4856 est,

2074 4882 2233 4935 quam
2290 4868 2464 4942 audivi
2501 4868 2834 4935 adjurantem
2878 4869 3015 4927 filias
3058 4872 3375 4941 Jerusalem,
3423 4892 3632 4934 neme

2070 4956 2122 5009 in
2148 4954 2264 5021 ejus
2289 4957 2534 5025 amplexu
2567 4959 2929 5026 quiescentem
2974 4961 3315 5017 suscitarent.
3363 4965 3498 5019 Ecce
3526 4968 3631 5021 iste

2069 5044 2202 5095 uenit
2243 5044 2433 5097 saliens
2486 5047 2539 5098 in
2579 5048 2863 5111 montibus,
2912 5050 3208 5104 transiliens
3244 5051 3417 5106 colles.
3470 5054 3631 5111 Tales

2067 5132 2208 5186 enim
2232 5134 2401 5189 saltus
2418 5135 2544 5191 fecit
2568 5137 2792 5192 dilectus
2809 5153 2995 5205 meus;
3025 5142 3091 5195 de
3112 5141 3245 5197 cmlo
3267 5144 3410 5199 venit
3436 5145 3489 5200 in
3506 5156 3626 5201 ute-

2071 5287 2313 5344 Lectulus
2337 5302 2531 5347 noster.

2140 5369 2161 5433 ε
2348 5360 2471 5433 _Vat.
2492 5360 2676 5425 verba,
2699 5360 2991 5433 Requiescit
3014 5379 3226 5432 spem,
3245 5372 3377 5433 εκ..
3398 5367 3621 5421 omittit.

2200 5406 2326 5413 v----
2368 5406 2378 5413 -
2396 5406 2470 5413 -νν
2504 5406 2573 5415 -ν-
2588 5406 2676 5425 --ν
2699 5406 2990 5433 --ντ-ννννντν
3014 5406 3226 5432 *Γνηπνν
3245 5406 3353 5423 ν’·-σ
3399 5406 3619 5421 νισσηυηο

2136 5426 2163 5465 ά
2195 5428 2323 5499 Qum
2350 5428 2688 5499 hancnotam
2717 5439 3028 5499 sequuntur,
3054 5434 3248 5487 omissa
3281 5406 3476 5490 in
3495 5435 3619 5491 Vat.

2140 5507 2163 5574 ξ
2193 5496 2321 5574 Cod.
2350 5496 2465 5574 Eat.
2491 5498 2633 5552 hunc
2660 5508 2713 5553 et
2736 5496 2967 5569 priorem
2992 5510 3195 5561 textum
3210 5502 3406 5574 jungit.

2141 5564 2161 5600 ί
2194 5562 2321 5618 Cod.
2355 5563 2471 5618 Vat.
2499 5579 2559 5618 ea
2586 5582 2705 5637 qua
2735 5562 2913 5622 notam
2943 5562 3240 5639 sequuntur
3256 5562 3473 5629 omittit.
