4286 6198
403 284 504 343 849

1256 275 1656 331 EXECETICA.
1695 305 1765 314 —
1801 274 2243 331 COMPENDIUM
2280 274 2348 328 ΙΝ
2384 275 2580 329 CANT.
2624 274 2821 327 C.\.\'T.

3513 220 3613 325 se

399 411 482 447 ma
510 408 622 445 mea
652 389 884 446 vidistis?
919 390 1113 461 Vigiles
1148 398 1290 453 sunt,
1327 391 1415 458 qui
1438 389 1919 443 custodiuutEcelc
1981 392 2027 451 Α
2054 391 2281 460 gratiam
2309 391 2475 445 sancti
2500 388 2728 457 Spiritus
2751 402 2883 440 nova
2908 387 3174 447 nascitur;
3200 387 3254 439 in
3275 383 3612 453 quibusdam,

352 468 363 477 ’
398 482 551 545 siam,
590 481 810 550 apostoli
837 488 890 534 et
912 480 1175 543 doctores,
1214 481 1302 547 qui
1327 480 1675 548 gentilitatem
1709 490 1953 533 veritatis

397 569 642 638 indagine
670 569 947 622 sollicitam
998 568 1146 637 (Cod.
1190 566 1328 626 ναι..
1367 567 1763 633 sollicitantem]
1807 568 1953 621 inve-

396 665 612 711 nerunt.

466 748 627 802 Vens.
645 748 696 801 4.
719 748 1073 801 —Paululum
1100 766 1212 801 cum
1236 749 1622 817 pertransissem
1649 764 1755 810 eos,
1786 750 1953 801 inveni

398 850 546 903 quem
576 835 744 904 diligit
783 838 956 889 anima
992 852 1124 888 mea.
1170 836 1302 887 Dum
1331 850 1416 888 me
1455 835 1660 887 illorum
1706 836 1951 903 magiste-

395 927 475 981 rio
500 926 709 991 tradidi,
749 943 869 982 mox
900 929 1077 982 lumen
1115 928 1377 989 veritatis,
1422 928 1563 994 quod
1590 927 1677 980 diu
1700 930 1954 995 qumsive-

393 1035 507 1073 ram
554 1018 705 1090 [ϐοά.
743 1018 879 1081 ναι..
915 1022 1054 1090 quod
1077 1019 1349 1090 quresivi],
1385 1020 1581 1073 inveni.
1624 1018 1787 1072 Tenui
1812 1037 1950 1084 eum,

394 1123 485 1159 nec
511 1108 787 1171 dimittam,
819 1109 977 1161 donec
1004 1108 1329 1161 introducam
1358 1108 1504 1159 illum
1526 1108 1577 1161 in
1608 1109 1814 1161 domum
1842 1126 1953 1161 ma-

392 1196 485 1248 tris
518 1212 643 1247 mea:
668 1207 713 1248 et
733 1198 787 1248 in
815 1196 1103 1249 cubiculum
1130 1197 1391 1266 genitricis
1414 1213 1557 1249 mete.
1596 1197 1761 1251 Tenui
1797 1197 1948 1267 [Cod.

400 1280 541 1347 Vat.,
571 1292 725 1339 teneo
746 1285 1004 1355 donec...]
1040 1286 1186 1338 illum
1214 1285 1365 1339 ﬁrma
1396 1285 1497 1340 ﬁde
1526 1296 1579 1339 et
1614 1289 1832 1348 tenebo,
1860 1288 1952 1341 do-

389 1387 489 1427 nec
521 1374 570 1426 in
610 1373 715 1428 ﬁne
745 1376 921 1429 szeculi
960 1390 1057 1443 per
1096 1375 1328 1430 ofﬁcium
1371 1377 1759 1444 praedicationis
1788 1378 1953 1431 intro—

388 1460 579 1517 ducam
624 1464 768 1517 illum
793 1466 843 1518 in
880 1466 1097 1519 domum
1122 1506 1134 1529 ,
1187 1474 1241 1519 et
1270 1466 1442 1519 cubile
1474 1467 1794 1536 Synagogm,
1834 1483 1951 1535 qua:

388 1569 475 1609 me
500 1554 681 1624 genuit
726 1555 778 1607 in
825 1554 1080 1617 Domino,
1114 1563 1167 1608 et
1207 1554 1296 1608 ﬁet
1332 1570 1495 1608 unum
1533 1555 1672 1609 ovile
1710 1567 1762 1609 et
1811 1572 1947 1611 unus

387 1654 587 1715 pastor.

459 1753 617 1808 Vens.
644 1754 695 1807 5.
722 1785 792 1794 -
807 1755 1004 1825 Adjuro
1021 1772 1125 1820 ros,
1148 1756 1272 1825 ﬁlia:
1292 1757 1603 1821 Jerusalem,
1627 1775 1717 1827 per
1737 1775 1947 1827 capreas

387 1860 657 1913 remosque
688 1862 1006 1914 camporum,
1037 1862 1098 1899 ne
1124 1848 1380 1899 suscitetis
1410 1864 1571 1916 neque
1600 1847 1840 1916 evigilare
1872 1848 1949 1915 fa-

385 1934 535 1987 ciatis
560 1933 821 1999 dilectam,
843 1936 1003 1989 donec
1030 1937 1141 2004 ipsa
1160 1935 1295 1989 relit.
1324 1937 1378 1989 In
1404 1937 1768 2005 superioribus
1791 1953 1947 2006 spon-

386 2038 500 2077 sam
535 2039 641 2077 non
676 2024 976 2079 invenimus
1015 2025 1080 2078 ad
1110 2026 1343 2093 quietem
1387 2040 1575 2078 somno
1610 2027 1943 2093 pervenisse;

384 2114 477 2167 sed
502 2115 679 2183 potius
713 2115 777 2169 de
799 2115 992 2169 lectulo
1014 2116 1377 2177 exsitientcm,
1410 2115 1590 2169 labore
1618 2116 1852 2170 maximo
1882 2118 1948 2171 ad

385 2203 740 2267 inventionem
785 2205 960 2259 dilecti
998 2206 1080 2259 sui
1108 2221 1454 2275 properasse;
1499 2215 1553 2258 et
1576 2206 1843 2273 quomodo
1868 2206 1948 2259 di-

383 2292 571 2373 lectus,
603 2308 669 2346 ne
704 2308 821 2347 eam
870 2294 1161 2363 exagitent,
1194 2294 1405 2360 adiurat
1454 2294 1588 2347 ﬁlias
1629 2293 1943 2349 Jerusalem.

384 2379 490 2434 Sed
529 2379 665 2434 forte
697 2382 873 2435 anima
905 2382 991 2435 illa
1018 2380 1157 2435 t‘elici
1198 2383 1367 2451 SOpita
1398 2397 1607 2451 scpore,
1638 2399 1755 2450 quce
1790 2384 1843 2436 in
1860 2384 1948 2438 ‘di—

383 2468 508 2522 vino
533 2483 715 2523 amore
738 2471 885 2525 novit
912 2470 1208 2540 quiescere,
1237 2470 1437 2523 claudit
1467 2471 1678 2525 oculum
1706 2472 1759 2525 in
1793 2480 1945 2526 exte-

382 2558 614 2612 rioribus
634 2559 829 2622 cordis,
861 2568 914 2612 et
939 2560 1108 2627 aperit
1137 2560 1189 2612 in
1222 2561 1581 2614 interioribus.
1612 2553 1799 2614 Merito
1819 2576 1949 2632 ergo

381 2645 693 2713 adjurantur
733 2647 853 2701 ﬁlim
899 2646 1224 2710 Jerusalem,
1274 2665 1341 2702 ne
1369 2650 1629 2703 suscitent
1670 2649 1944 2715 dilectam,

382 2734 442 2788 id
462 2743 564 2800 est,
610 2750 677 2789 ne
705 2746 938 2790 mentem
963 2737 1072 2791 Deo
1099 2736 1343 2790 devotam
1373 2738 1440 2791 ab
1467 2738 1762 2791 intentione
1806 2738 1946 2792 desi-

382 2825 518 2878 derii
566 2826 801 2881 caelestis
844 2829 1146 2896 importuna
1192 2829 1487 2898 irruptione
1526 2830 1852 2898 praepediant
1897 2843 1944 2883 α.

383 2912 666 2985 Repetitur
690 2917 780 2971 hic
810 2916 958 2971 locus
983 2917 1036 2973 in
1062 2917 1282 2972 Cantico
1311 2919 1532 2983 amoris,
1567 2926 1625 2971 ut
1646 2934 1750 2972 non
1777 2919 1947 2973 mino-

384 3020 498 3060 rem
522 3022 580 3062 se
610 3008 865 3063 Dominus
891 3024 1075 3063 curam
1104 3008 1354 3063 Ecclesiae
1387 3010 1451 3063 de
1485 3010 1731 3079 gentibus
1757 3024 1944 3079 gerere

384 3094 626 3164 designet
649 3136 665 3160 ,
694 3111 851 3164 quam
881 3097 1133 3151 Ecclesiae
1161 3098 1395 3152 collectae
1434 3098 1500 3152 de
1536 3096 1751 3153 Judzeis.
1794 3098 1943 3164 Quod

384 3186 529 3241 enim
553 3184 761 3254 adjurat
786 3186 919 3241 ﬁlias
942 3227 955 3251 ,
985 3202 1051 3241 ne
1080 3188 1337 3265 suscitent
1374 3186 1645 3254 dilectam,
1673 3190 1745 3243 ita
1770 3196 1946 3259 potest

385 3276 585 3347 accipi,
611 3278 753 3347 quod
778 3278 1053 3349 praecipiat
1090 3279 1204 3342 eis,
1232 3274 1323 3359 qui
1364 3279 1430 3334 de
1471 3277 1669 3334 Iudaeis
1697 3281 1751 3334 in
1788 3281 1944 3336 ﬁdem

329 3405 336 3411 .
384 3375 792 3433 prmeesserunt,
820 3383 888 3423 ne
908 3368 1201 3436 inquietent
1217 3384 1310 3423 eos
1333 3386 1347 3433 ;
1372 3383 1543 3438 neque
1569 3370 1736 3439 quieti
1757 3386 1946 3425 eorum

386 3454 770 3521 eontradicant,
802 3457 891 3524 qui
921 3457 987 3512 de
1012 3440 1323 3526 gentilitatis
1349 3473 1532 3513 errore
1552 3460 1619 3513 ad
1645 3458 1801 3515 ﬁdem
1827 3474 1947 3529 per—

390 3554 675 3599 venerunt.

455 3652 622 3724 398
675 3655 835 3709 Vens.
868 3654 921 3709 6.
951 3685 1022 3696 —
1055 3655 1184 3723 Qua
1210 3666 1284 3711 est
1316 3658 1417 3712 ista
1443 3675 1558 3728 qua:
1595 3662 1823 3714 ascendit
1856 3670 1957 3731 per

386 3743 684 3797 desertum?
718 3744 939 3801 Miratur
970 3746 1246 3819 Synagoga
1280 3750 1546 3817 quomodo
1584 3752 1820 3819 gentium
1855 3766 1949 3821 po-

387 3832 562 3902 pu’lus,
600 3832 745 3887 nullo
788 3834 1208 3891 circumcisionis
1253 3838 1548 3892 ministerio
1598 3841 1944 3905 emundatus,

388 3922 531 3978 nulla
567 3922 945 3992 prophetarum
972 3924 1332 3979 admonitione
1365 3927 1625 3990 eruditus,
1673 3930 1851 3983 subito
1878 3932 1950 3984 ab

388 4014 586 4069 inﬁmis
604 4014 961 4082 voluptatibus
987 4028 1083 4083 per
1100 4013 1371 4069 desertum
1389 4018 1725 4085 gentilitatis,
1757 4027 1811 4073 et
1833 4019 1948 4074 ido-

387 4103 613 4159 lolatria:
632 4105 698 4159 ad
717 4104 825 4159 alta
850 4103 1105 4159 virtutum
1131 4104 1362 4158 culmina
1385 4114 1439 4159 et
1460 4105 1652 4175 Sponsi
1672 4108 1949 4177 amplexus

387 4192 715 4246 ascendisset
740 4193 789 4246 δ.
838 4192 1001 4263 Cujus
1028 4193 1161 4250 ﬁdes
1186 4210 1252 4249 eo
1284 4194 1504 4264 majoris
1550 4204 1632 4251 est
1668 4198 1945 4264 miraculi,

388 4295 494 4349 quo
533 4281 673 4335 hanc
698 4296 926 4349 superne
965 4288 1269 4353 snSceptam
1318 4285 1697 4341 invincibiliter
1743 4297 1943 4350 servat,

2055 482 2189 533 utin
2225 488 2347 533 ante
2389 481 2557 541 natis,
2591 480 2654 530 ad
2686 478 2921 531 cuilestia
2954 478 3238 546 colligitur.
3283 475 3393 529 Non
3428 473 3611 535 futuo.

2054 571 2147 622 sed
2172 570 2380 637 virgula!
2412 567 2537 619 fumi
2568 567 2910 627 aSsimilatnr,
2939 576 2995 619 ut
3023 567 3196 619 unitas
3220 564 3337 617 ﬁdei
3366 563 3613 617 Ecclesia:

2053 658 2397 725 signiﬁcetur.
2456 656 2681 723 Myrrha?
2729 665 2773 707 et
2816 656 3015 717 thuris,
3065 665 3109 707 ct
3144 653 3361 705 universi
3393 650 3615 721 pulveris

2051 748 2397 815 pigmentarii.
2421 745 2495 797 Ex
2520 745 2927 797 mortiticationc
2948 745 3241 796 carnalium
3263 743 3612 809 voluptatum,

2051 844 2105 890 et
2147 837 2377 904 puritate
2411 836 2711 887 orationum
2733 874 2745 893 ,
2779 844 2831 885 et
2862 834 3095 885 omnium
3139 832 3394 883 virtutum
3429 829 3610 883 odore.

2124 926 2281 977 Vens.
2316 926 2451 975 7.—
2470 924 2548 975 En
2577 923 2819 974 lectulum
2842 922 3135 975 Salomonis
3162 921 3430 988 sexaginta
3458 918 3614 986 fortes

2051 1016 2283 1067 ambiunt
2325 1031 2387 1065 er
2426 1013 2721 1080 fortissimis
2775 1010 2962 1063 Israel.
3014 1011 3263 1064 Lectulus
3318 1007 3616 1061 Salomonis

2050 1113 2131 1157 est
2158 1103 2493 1155 conversatio
2538 1102 2714 1169 quieta
2754 1109 3081 1153 sanctorum.
3138 1098 3421 1167 Sexaginta
3454 1096 3617 1149 fortes

2050 1197 2173 1240 sunt
2207 1188 2377 1239 sancti
2408 1188 2782 1255 pnedicatorcs
2809 1196 2860 1237 et
2891 1185 3164 1238 fortissimi
3192 1182 3495 1245 bellatores,
3526 1184 3613 1249 qui

2051 1277 2248 1329 mundo
2272 1276 2432 1329 corde
2454 1277 2594 1344 digni
2625 1285 2747 1327 sunt
2778 1274 2941 1326 Deum
2974 1274 3171 1325 videre.

2120 1366 2279 1419 Vtzns.
2315 1366 2367 1419 8.
2404 1394 2473 1403 —
2511 1364 2699 1417 Omnes
2752 1372 2976 1416 tenentes
3023 1360 3243 1429 gladios,
3297 1371 3345 1413 et
3373 1361 3439 1412 ad
3485 1359 3615 1412 bella

2048 1457 2352 1508 doctissimi.
2400 1455 2605 1508 Tenent
2632 1456 2773 1506 enim
2803 1452 3033 1520 gladium
3066 1451 3283 1517 Spiritus
3306 1490 3320 1513 ,
3354 1448 3496 1517 quod
3536 1458 3619 1501 est

2048 1549 2270 1603 verbum
2303 1548 2435 1609 Dei,
2480 1548 2593 1614 qui,
2628 1547 2767 1615 quod
2802 1543 2979 1615 [(ἐοά.
3033 1541 3168 1606 γαίη
3217 1539 3495 1610 quidquid]
3524 1553 3619 1593 ore

2050 1640 2273 1701 docent,
2317 1652 2479 1707 Opere
2511 1637 2795 1706 complent.
2836 1635 3258 1703 Uniuscnjusqne
3299 1635 3433 1687 ensis
3468 1648 3618 1701 super

1980 1725 2026 1783 Β
2050 1726 2219 1794 femur
2240 1742 2393 1779 suum
2422 1737 2629 1795 propter
2668 1726 2873 1776 timores
2921 1733 3217 1775 nocturnos.
3265 1720 3521 1774 Nocturni
3551 1721 3616 1772 ti-

2046 1830 2224 1870 .nores
2249 1826 2377 1868 sunt
2408 1815 2615 1869 insidia:
2642 1813 2951 1868 tentationis
2975 1811 3214 1865 occulta}.
3248 1811 3403 1864 Ensis
3434 1818 3612 1862 autem

2045 1912 2125 1956 est
2140 1905 2380 1958 custodia
2395 1904 2642 1970 vigilans.
2665 1901 2841 1955 carnis
2862 1885 3321 1968 concupiscentias
3342 1912 3610 1965 premens,

2045 2006 2113 2045 ne
2150 1992 2371 2046 verbum
2400 1992 2793 2060 praedicationis
2837 1987 3172 2043 immunditia
3211 1987 3332 2040 vitce
3360 1985 3612 2040 maculet.

2118 2082 2275 2135 Vens.
2308 2082 2361 2135 9.
2393 2111 2458 2120 -—
2488 2078 2771 2133 Ferculum
2797 2078 2916 2147 fecit
2938 2078 3036 2130 sibi
3063 2076 3315 2132 Salomon
3342 2091 3430 2128 rex
3466 2075 3530 2127 de
3554 2073 3615 2125 li-

2046 2172 2159 2239 gnis
2193 2168 2397 2222 Libani.
2427 2167 2710 2222 Ferculum
2746 2165 3049 2220 Salomonis
3077 2171 3159 2218 est
3196 2171 3379 2216 sancta
3426 2161 3613 2215 Eccle-

2046 2260 2158 2324 sia,
2203 2275 2321 2329 quze
2364 2259 2639 2313 credentes
2682 2257 2750 2311 ad
2801 2263 3015 2309 (eterna:
3055 2251 3396 2306 beatitudinis
3433 2249 3616 2317 epulas

2045 2353 2205 2417 levat,
2232 2368 2350 2423 qua:
2377 2353 2442 2407 de
2471 2351 2697 2405 fortibus
2726 2348 2926 2411 animo,
2955 2345 3106 2415 quasi
3129 2343 3285 2413 lignis
3310 2341 3614 2409 imputribi-

2046 2442 2204 2505 libus,
2242 2449 2549 2495 constructa
2586 2448 2686 2493 est.

2119 2554 2278 2608 Vens.
2322 2552 2407 2606 40.
2438 2582 2507 2590 -
2542 2550 2821 2604 Columnas
2859 2548 2972 2617 ejus
3010 2546 3128 2616 fecit
3174 2553 3462 2613 argenteas.
3506 2540 3610 2595 Co-

2046 2642 2240 2698 lumnze
2262 2651 2523 2711 argentea:
2544 2651 2666 2696 sunt
2689 2641 2937 2695 doctores
2960 2638 3153 2705 eloquii
3190 2636 3305 2689 lucc
3331 2633 3612 2704 fulgentes.

2048 2731 2457 2783 Reclinatorium
2505 2744 2741 2781 aureum.
2789 2726 3212 2780 Reclinatorium
3264 2738 3485 2777 aureum
3532 2732 3615 2775 est

2045 2835 2168 2889 spes
2198 2828 2467 2888 perpetua:
2489 2818 2684 2886 quietis
2708 2816 2952 2871 ﬁdelibus
2978 2815 3253 2884 promissm
3281 2812 3432 2883 [Cod.
3472 2810 3613 2873 Vat.,

2044 2916 2368 2978 perpetua...
2400 2904 2709 2977 promissa].
2745 2906 3025 2958 Ascensum
3053 2918 3388 2972 purpureum.
3416 2900 3615 2955 Ascen-

2046 3014 2137 3052 sus
2155 3012 2454 3067 purpureus
2476 2997 2603 3066 quid
2630 2996 2774 3050 aliud
2793 3003 2897 3059 est,
2928 2994 3031 3047 nisi
3062 3002 3356 3062 martyrum
3378 2994 3614 3062 sanguis,

2046 3096 2100 3141 et
2132 3089 2309 3156 passio
2337 3086 2711 3154 Redemptoris
2744 3084 2957 3139 nostri?
2993 3083 3128 3149 Quia
3165 3098 3270 3137 non
3312 3083 3617 3137 ascenditur

2046 3175 2112 3229 ad
2139 3175 2323 3244 epulas
2341 3176 2485 3239 vitm,
2512 3174 2614 3227 nisi
2643 3186 2737 3242 per
2760 3173 3077 3243 mysterium
3105 3172 3371 3240 passionis
3395 3170 3617 3226 Christi.

2048 3263 2225 3319 Media
2272 3265 2522 3317 claaritate
2559 3263 2837 3316 constravit
2876 3271 3084 3331 propter
3120 3260 3260 3328 filias
3302 3259 3613 3314 Jerusalem.
3638 3296 3655 3321 ,

2045 3354 2233 3409 Omnis
2271 3354 2417 3407 enim
2444 3352 2536 3421 qui
2564 3352 2881 3405 eharitatem
2921 3350 3085 3403 hanet
3126 3349 3221 3402 Dei
3254 3357 3309 3402 et
3346 3349 3615 3416 proximi,

2047 3442 2113 3496 ad
2140 3443 2279 3495 hanc
2313 3441 2554 3509 requiem
2579 3480 2593 3503 ,
2637 3441 2704 3493 ad
2749 3439 2847 3492 has
2893 3438 3076 3505 epulas
3124 3436 3276 3490 Ianus
3321 3438 3613 3506 perveniet.
3655 3449 3661 3456 ‘

2049 3534 2173 3587 llmc
2200 3531 2379 3586 omnia
2407 3538 2719 3584 ornamenta
2737 3529 2989 3583 Ecclesiae
3008 3529 3255 3598 prtestitit
3282 3528 3529 3582 Christus
3546 3528 3617 3581 ob

2047 3624 2265 3677 nimiam
2281 3621 2596 3675 charitatem
2613 3636 2715 3689 qua
2739 3620 2925 3675 dilexit
2955 3635 3051 3675 nos
3078 3627 3132 3672 et
3153 3616 3366 3673 tradidit
3381 3619 3614 3686 seipsum

2048 3729 2145 3784 pro
2168 3712 2341 3766 nobis.

2121 3828 2281 3883 Vens.
2311 3824 2396 3881 ll.
2418 3856 2489 3867 —-
2508 3826 2831 3896 Egredimini
2856 3836 2902 3880 et
2928 3827 3105 3890 ridete,
3123 3826 3249 3895 [ilia'
3273 3825 3419 3889 Sion,
3450 3841 3614 3896 regem

2051 3918 2403 3974 Salomonem.
2434 3917 2763 3985 Egredimini
2789 3926 2965 3971 mente
2991 3926 3043 3969 et
3081 3925 3202 3970 actu
3222 3915 3288 3969 de
3318 3915 3619 3971 turbulenta

2048 4007 2233 4060 mundi
2254 3994 2680 4069 conversatione,
2703 4014 2762 4058 ut
2782 4004 2979 4073 Regem
3001 4005 3148 4074 pacis
3172 4004 3394 4059 valeatis
3412 4004 3613 4058 videre.

2050 4095 2115 4148 In
2144 4096 2455 4160 diademate,
2498 4110 2599 4165 quo
2644 4095 2904 4148 coronavit
2932 4110 3043 4146 eum
3084 4103 3253 4147 mater
3286 4110 3400 4147 sua.
3431 4092 3617 4148 Videte

2050 4185 2335 4240 Dominum
2362 4184 2637 4240 Christum
2667 4184 2719 4238 in
2746 4185 3099 4249 humanitate,
3126 4198 3286 4253 quam
3307 4183 3375 4237 de
3410 4183 3617 4254 virgine

2049 4284 2222 4331 matre
2258 4284 2561 4345 susceptam
2584 4276 2637 4329 in
2663 4275 2958 4344 maiestatis
2982 4283 3217 4343 paternae
3240 4275 3425 4333 dextra
3455 4274 3615 4328 collo-

390 4377 618 4423 testante
644 4369 866 4435 Joanne,
894 4371 984 4439 qui
1005 4372 1079 4424 ait
1109 4389 1122 4423 :
1156 4369 1281 4425 Scio
1313 4374 1399 4425 ubi
1431 4375 1633 4428 habita;
1649 4392 1668 4439 ;
1694 4377 1782 4428 κοί
1803 4376 1947 4430 κάει
1977 4381 2024 4439 ι)
2051 4364 2211 4418 cavit.
2236 4363 2302 4417 In
2323 4364 2408 4417 die
2432 4362 2830 4433 dispensationis
2845 4360 2997 4432 [Cod.
3022 4362 3162 4425 ναι..
3189 4360 3615 4433 disponsationis',

356 4450 359 4451 ν
388 4469 461 4513 est
492 4459 725 4526 Satante,
747 4470 795 4513 et
826 4469 963 4515 tenes
1004 4476 1188 4514 nomen
1224 4478 1426 4528 meum,
1454 4472 1501 4515 et
1532 4480 1631 4517 non
1659 4466 1857 4534 negasti
1882 4466 1948 4533 ﬁ-

390 4547 507 4600 dem
528 4564 695 4601 meam
719 4549 899 4618 (Apoc.
928 4567 989 4615 ιι,
1015 4549 1121 4621 15).
1150 4550 1255 4605 Per
1278 4550 1547 4605 desertum
1566 4552 1729 4606 etiam
1750 4555 1950 4623 signari

388 4644 565 4706 potest
590 4651 654 4691 ea
680 4642 1012 4713 conversatio
1039 4656 1157 4710 qua:
1174 4682 1189 4705 ,
1217 4656 1249 4696 a
1286 4641 1465 4696 mundi
1496 4641 1757 4698 illecebris
1800 4661 1951 4714 sepa—

391 4734 506 4780 rata
533 4765 549 4791 ,
580 4725 674 4779 Dei
702 4732 908 4779 tantum
936 4726 1037 4796 legi
1064 4732 1365 4785 scrutanda:
1393 4738 1447 4785 ct
1486 4731 1783 4787 ccelestium
1812 4750 1952 4803 prae-

390 4826 664 4885 ceptorum
698 4817 1055 4872 observationi
1081 4816 1261 4873 dedita
1283 4829 1383 4875 est.
1414 4821 1563 4877 Sicut
1593 4825 1791 4894 virgula
1818 4827 1951 4893 fumi

388 4925 454 4962 ea:
479 4910 817 4965 aromatibus.
846 4910 973 4979 Igne
994 4911 1190 4964 amoris
1217 4924 1442 4966 accensa
1468 4916 1612 4967 omni
1640 4916 1758 4970 nisu
1782 4918 1950 4970 virtu-

390 5007 503 5049 tum
553 4998 622 5049 ad
669 4998 906 5053 coelestia
954 5000 1120 5053 tendit
1162 5012 1207 5052 ε.
1250 4999 1450 5056 Fumus
1481 4994 1951 5076 eodem-tempore

390 5084 583 5154 partim
613 5083 746 5137 solet
788 5087 935 5148 oriri,
968 5090 1159 5156 partim
1183 5089 1246 5142 ad
1276 5090 1521 5144 sublimia
1563 5090 1754 5146 ductus
1780 5094 1954 5162 dispa-

390 5188 531 5228 τοτε.
568 5175 657 5229 Sic
684 5182 740 5229 et
761 5174 997 5230 Ecclesia
1023 5178 1075 5231 in
1102 5182 1357 5235 membris
1381 5182 1697 5249 quibusdam
1729 5185 1839 5240 suis
1858 5202 1954 5255 per

450 5360 489 5409 ,0
513 5347 651 5419 Cod.
677 5352 822 5413 ναι,
869 5360 990 5419 post
1017 5367 1228 5408 versum
1263 5374 1275 5408 :
1324 5376 1342 5407 ‹
1401 5358 1522 5412 ideo
1553 5361 1695 5414 hunc
1739 5377 1953 5419 versum

396 5419 587 5486 repetit
632 5417 891 5485 Sponsus,
928 5430 985 5473 ut
1028 5438 1131 5476 non
1163 5427 1423 5480 minorem
1454 5443 1573 5481 eum
1614 5417 1955 5486 Ecclesirede

396 5488 639 5565 gentibus
665 5498 1022 5565 congregata,
1047 5507 1205 5565 quam
1230 5494 1293 5565 de
1319 5496 1518 5550 Judaais
1543 5498 1743 5553 habere
1758 5495 1956 5554 sollici-

399 5554 630 5609 tudinem
658 5554 902 5626 putares',
933 5562 1023 5613 sed
1063 5554 1121 5613 ut
1152 5562 1219 5615 sit
1250 5564 1313 5616 de
1348 5567 1587 5634 utrisque
1616 5582 1717 5619 una
1742 5583 1953 5634 sponsa,

711 5646 976 5709 Panos.
1023 5651 1090 5715 C.

2052 4454 2215 4506 illius.
2246 4452 2303 4506 ln
2329 4462 2566 4522 tempore
2596 4453 2975 4507 incarnationis
3003 4453 3163 4515 illius,
3196 4468 3304 4522 quo
3344 4453 3411 4507 ad
3455 4467 3621 4523 copu-

2056 4543 2267 4599 landam
2317 4541 2419 4598 sibi
2454 4543 2747 4599 Ecclesiam
2786 4556 3031 4611 sponsam
3075 4556 3141 4595 ex
3188 4542 3433 4611 virginali
3469 4550 3622 4594 utero

2055 4633 2333 4701 processit.
2374 4631 2440 4685 Et
2486 4633 2540 4684 in
2581 4632 2665 4685 die
2696 4629 2891 4684 lmtitiw
2928 4629 3100 4683 cordis
3131 4629 3263 4697 ejus.
3302 4628 3358 4683 ld
3386 4637 3483 4691 est,
3537 4645 3619 4683 re-

2056 4722 2375 4789 demptionis
2419 4722 2633 4776 humani
2678 4720 2927 4792 generis,
2981 4737 3099 4789 (tum
3148 4720 3246 4774 fuit
3273 4720 3388 4776 dies
3420 4720 3617 4787 lzetitice

2056 4811 2288 4866 Christo.

2652 4921 2874 4976 CAPUT
2913 4922 2996 4975 IV.

2124 5013 2285 5065 Vens.
2330 5009 2377 5062 l.
2402 5040 2473 5050 —
2500 5009 2669 5075 Quam
2718 5011 2934 5079 pulchra
2983 5028 3056 5073 es,
3081 5013 3248 5064 amica
3288 5027 3430 5074 mea,
3457 5027 3613 5080 quam

2053 5102 2268 5175 pulchra
2305 5101 2395 5154 es!
2421 5100 2704 5155 Pulchram
2734 5103 2862 5157 dicit
2902 5102 3226 5165 Ecclesium;
3255 5112 3306 5156 et
3338 5103 3613 5172 pulchrum

2056 5192 2266 5261 repetit,
2315 5190 2438 5259 quia
2462 5189 2597 5244 hanc
2643 5198 2696 5244 et
2738 5190 2946 5244 actione
2969 5198 3023 5243 et
3061 5190 3440 5258 prmdicatione
3486 5190 3621 5243 vidit

2060 5377 2113 5423 et
2164 5366 2249 5421 illa
2281 5367 2643 5422 dilectissima.
2703 5384 2719 5416 ι
2778 5366 3059 5418 Antenora
3100 5374 3152 5419 et
3184 5361 3479 5434 posteriora
3530 5361 3616 5418 hic

2060 5438 2397 5491 omittuntur.

2134 5507 2159 5545 ι’
2182 5506 2307 5560 Cod.
2327 5506 2449 5557 Vat.
2476 5504 2745 5571 sequentia
2773 5522 2958 5573 usque,
2989 5506 3131 5559 Sicut
3153 5501 3373 5573 virgula,
3394 5502 3612 5573 omittit.

2136 5586 2152 5607 τ
2183 5574 2309 5629 Coti.
2338 5575 2453 5627 Vat.
2489 5570 2762 5640 sequentia
2794 5570 2988 5629 omittit
3018 5588 3204 5641 usque.
3242 5570 3507 5637 Myrrha.-

3117 5665 3192 5725 9.1
