4286 6200
680 280 774 333 6M

1488 276 1573 332 ’Β-
1620 278 1680 330 F.
1722 276 1940 331 ALBliﬂ
1979 274 2107 332 εει]
2146 275 2416 332 Αιοιτικι
2452 276 2730 334 ορεῐωδι
2766 278 2944 334 PARS
2979 280 3039 334 ιι.

3782 274 3888 335 ῶέ

664 358 798 449 \ess‘e
821 390 1132 447 laudaoilem
1158 405 1181 432 ι
1206 403 1234 456 ;'
1260 396 1469 445 actione
1499 389 1757 453 videlicet,
1799 390 1922 457 quia
1946 390 2077 443 sicut
2102 388 2231 456 fanti
2259 397 2302 448 Α
2333 398 2609 444 currentes
2631 392 2811 444 omnia
2834 390 3107 446 obstacula
3131 391 3311 445 mundi
3338 400 3634 447 transeunt.
3674 391 3771 459 Qui
3910 452 3933 463 Γ

601 548 606 553 ,
675 484 877 554 virgula
897 500 961 538 ea:
987 482 1301 538 oromatibus
1316 481 1587 535 ascendit:
1616 489 1668 535 et
1691 481 2085 551 praedicatione,
2108 480 2231 548 quia

687 570 747 629 td
773 587 930 628 suum
956 571 1282 628 consortium
1310 572 1467 624 etiam
1512 570 1782 638 proximas
1826 569 2009 623 venire
2041 569 2234 639 satagit

684 661 862 718 dicens
889 677 904 715 :
932 659 1251 731 Egredimini
1288 668 1336 712 et
1364 658 1545 712 uidete.
1575 656 1726 710 Oculi
1754 658 1830 710 tui
1856 656 2228 710 columbarum.

681 750 881 807 Sensus
904 751 981 805 tui
1011 749 1363 818 spiritualium
1389 762 1564 801 rerum
1598 746 1763 815 399
1791 745 2235 814 contemplatione

680 846 803 895 sunt
823 837 1161 897 excellentes,
1186 845 1241 891 et
1260 835 1540 890 verecundi
1561 833 1693 904 [Αι.,
1712 831 2019 904 venerandi]
2046 833 2096 896 δ,
2118 834 2235 902 qui-

678 929 779 984 bus
794 942 913 983 mea
932 926 1090 990 dona,
1111 941 1230 995 quae
1246 938 1415 993 nuper
1431 922 1718 991 exposuisti
1738 938 1752 981 ;
1780 937 1953 975 meum
1967 920 2229 985 diadema,

679 1015 820 1086 quod
858 1030 1025 1083 nuper
1046 1013 1368 1083 praedicasti,
1394 1011 1573 1065 videre
1593 1019 1648 1065 et
1692 1025 2014 1079 cognoscere
2037 1010 2233 1065 merui-

679 1101 766 1155 sti.
814 1100 1015 1171 Absque
1058 1116 1118 1153 eo
1167 1098 1305 1170 quod
1356 1099 1664 1151 intrinsecus
1707 1096 1847 1150 latet.
1905 1096 2096 1166 Magna
2130 1104 2235 1153 .est

677 1191 870 1261 quippe
896 1190 1062 1259 gloria
1089 1189 1258 1258 aperti
1280 1188 1478 1255 operis,
1519 1186 1612 1241 sed
1650 1185 1803 1253 longe
1843 1186 2233 1255 incomparabi-

676 1279 778 1334 lior
810 1288 1249 1334 mercesseterna:
1273 1276 1656 1338 retributionis,
1677 1291 1816 1343 quae,
1846 1276 1971 1329 dum
1997 1276 2049 1331 in
2076 1277 2234 1330 terris

676 1370 1098 1438 peregrinamur,
1126 1367 1292 1422 videri
1312 1381 1417 1421 non
1435 1374 1607 1435 potest
1632 1364 1784 1436 [Cod.
1819 1364 1955 1428 Vat.,
1978 1381 2095 1436 qua:
2114 1382 2237 1421 nec-

676 1460 801 1512 dum
829 1452 993 1514 videri
1014 1456 1231 1529 potest].
1262 1455 1449 1527 Capilli
1476 1458 1551 1509 tui
1571 1457 1702 1510 sicut
1730 1472 1903 1526 greges
1920 1470 2228 1525 caprarum.

676 1548 904 1603 Possunt
930 1547 984 1601 in
1025 1547 1237 1617 capillis
1270 1546 1449 1616 populi
1485 1544 1667 1599 fideles
1710 1545 1909 1612 accipi,
1952 1543 2040 1612 qui
2070 1545 2234 1598 maxi-

676 1652 819 1692 mum
843 1638 1005 1693 decus
1027 1651 1122 1692 sua
1139 1636 1523 1690 numerositate
1540 1636 1778 1704 praebent
1800 1634 2065 1689 Ecclesiae.
2101 1633 2231 1700 Quae

675 1727 1012 1781 ascenderunt
1051 1725 1115 1779 de
1139 1734 1307 1779 monte
1335 1722 1558 1779 Calaad.
1593 1722 1793 1779 Galaad
1825 1738 2051 1779 acervus
2076 1723 2225 1777 testi-

675 1816 836 1870 monii
860 1816 1254 1885 interpretatur,
1277 1814 1370 1883 qui
1394 1814 1529 1868 bene
1557 1813 1804 1868 convenit
1831 1813 2074 1867 adunata:
2094 1812 2227 1867 mul-

676 1905 888 1960 titudini
912 1911 1237 1960 sanctorum.
1383 1885 1397 1898 ’

746 1996 907 2051 Vens.
933 1995 988 2050 2.
1017 1993 1294 2049 —Dentes
1321 1995 1399 2048 lui
1442 1995 1576 2047 sicut
1619 2009 1793 2063 greges
1836 2003 2122 2047 (ansarum.
2169 1992 2225 2049 In

676 2083 882 2154 capillis
901 2081 1215 2153 fragiliores,
1246 2082 1300 2136 in
1325 2082 1571 2138 dentibus
1596 2097 1722 2137 vero
1748 2081 2093 2151 perfectiores
2114 2084 2229 2153 qni-

674 2189 801 2242 que,
848 2183 903 2228 et
964 2173 1032 2227 ad
1061 2172 1345 2242 regendam
1374 2172 1663 2227 Ecclesiam
1714 2173 1822 2240 apti
1860 2172 2225 2244 designantur.

677 2261 809 2327 Qua:
846 2259 1186 2315 ascenderunt
1226 2261 1289 2313 de
1310 2259 1532 2315 lavacro.
1561 2262 1617 2315 ω
1649 2270 1730 2316 est
1753 2301 1766 2324 ,
1803 2260 1947 2316 fonte
1974 2264 2111 2317 sacri
2135 2265 2231 2319 ba—

675 2349 940 2421 ptismatis
964 2387 980 2413 ,
1009 2349 1099 2416 qui
1125 2356 1180 2403 et
1219 2348 1357 2403 tonsi
1382 2356 1435 2403 et
1459 2350 1552 2404 loti
1576 2358 1732 2415 sunt,
1771 2352 1873 2405 hoc
1915 2360 2016 2418 est,
2048 2354 2230 2410 nudati

689 2437 1027 2492 leuuntiando
1048 2435 1198 2508 [Cod.
1236 2436 1378 2504 Vat.,
1400 2439 1784 2513 renuntiantes]
1802 2442 2018 2507 mulo,
2036 2451 2090 2499 et
2109 2445 2232 2499 vita:

688 2540 885 2582 avacro
907 2526 1164 2580 mundati.
1208 2525 1395 2603 Omnes
1424 2529 1650 2597 gemellis
1676 2531 1883 2599 fetibus.
1921 2532 1979 2586 ld
2006 2542 2103 2597 est,
2137 2549 2232 2603 ge-

678 2620 821 2673 mina
848 2619 1108 2674 charitate
1150 2617 1379 2673 fecundi.
1409 2618 1477 2671 Et
1506 2620 1693 2675 sterilis
1718 2638 1819 2675 non
1847 2631 1922 2677 est
1954 2624 2086 2677 inter
2123 2640 2228 2678 eas.

678 2706 792 2761 Non
815 2714 921 2771 est,
954 2706 1045 2775 qui
1071 2704 1211 2760 fetus
1231 2706 1355 2761 boni
1383 2708 1560 2777 operis
1580 2724 1683 2764 non
1711 2718 1852 2780 agat.

739 2818 909 2872 γωδ.
926 2817 980 2872 ‘5.
994 2818 1064 2859 ——'
1089 2814 1235 2872 Sicut
1252 2818 1372 2871 uitta
1391 2818 1623 2872 coccinea
1645 2818 1794 2891 [Cod
1820 2821 1966 2886 Vat.,
1986 2823 2232 2896 cocunea]

676 2905 815 2958 labia
854 2913 977 2969 tua,
1026 2912 1073 2959 et
1100 2902 1356 2973 eloquium
1396 2913 1542 2958 tuum
1580 2905 1748 2961 dulce.
1797 2909 1942 2964 Vitta
1988 2911 2234 2966 coccinea

2331 490 2552 534 scuntur
2573 477 2725 552 [Cod.
2765 478 2907 544 Vat.,
2953 478 3197 553 pascunt]
3226 481 3281 535 in
3312 480 3458 549 liliis,
3497 483 3600 537 hoc
3625 491 3727 550 est,
3759 499 3889 539 cano

2332 567 2618 623 didissimis
2643 575 2948 623 sanctorum
2990 567 3207 622 Patrum
3248 568 3523 638 exemplis.
3553 569 3722 625 donec
3751 585 3889 639 prm-

2331 657 2496 712 sentis
2525 656 2677 728 [ϐοά.
2720 653 2836 709 Vat.
2861 696 2875 720 ,
2909 655 3220 728 prmsentes]
3260 658 3598 712 mortalitatis
3648 659 3885 722 umbras,

2330 759 2531 802 aeterno
2554 747 2639 800 die
2658 748 2947 816 aspirante,
2965 754 3316 801 transeamus.
3354 745 3555 801 Vadam
3579 748 3648 801 ad
3667 758 3888 802 montem

2330 837 2554 906 myrrha:
2580 847 2628 890 et
2664 837 2732 890 ad
2769 836 2951 890 collem
2979 836 3165 890 thuris.
3211 837 3268 891 1n
3290 838 3507 906 myrrha
3551 837 3889 891 mortiﬁcatio

2329 926 2539 989 carnis;
2564 924 2619 978 in
2650 925 2806 978 thure
2833 925 3046 979 devotio
3083 926 3342 980 orationis
3365 926 3700 994 exprimitur.
3728 925 3888 992 Quasi

2331 1012 2531 1067 diceret
2556 1011 2793 1082 Sponsus
2828 1028 2842 1065 :
2882 1011 3251 1083 Frequentaho
3279 1029 3390 1077 eos,
3415 1021 3473 1070 et
3505 1015 3591 1081 pia
3628 1012 3891 1082 propitius

2333 1102 2679 1161 illustratione
2702 1099 3028 1174 gloriﬁcabo,
3070 1118 3204 1173 quos
3234 1104 3287 1157 in
3314 1102 3597 1173 passionis,
3634 1103 3748 1156 sive
3769 1116 3890 1169 ora-

2331 1193 2491 1247 tionis
2518 1192 2713 1247 virtute
2742 1191 2996 1246 sublimes
3024 1206 3143 1247 esse
3178 1192 3433 1262 suspicio.

2398 1301 2557 1355 Vens.
2596 1301 2647 1353 7.
2677 1329 2749 1341 —
2778 1300 2907 1354 Tota
2938 1299 3161 1371 pulchra
3198 1317 3273 1365 es,
3304 1302 3474 1355 amica
3511 1316 3624 1353 mea
3646 1340 3660 1364 ,
3684 1302 3890 1351 macula

2332 1405 2433 1442 non
2468 1399 2541 1443 est
2567 1390 2620 1443 in
2645 1399 2710 1443 te.
2742 1389 2798 1443 lu
2818 1390 3084 1454 omnibus,
3117 1389 3340 1456 scilicet,
3366 1388 3532 1444 Deum
3554 1388 3883 1452 timentibus,

2329 1478 2535 1547 pusillis
2570 1488 2623 1534 et
2649 1479 2852 1547 magnis
2877 1488 2921 1529 ο.

2399 1590 2559 1645 Vsus.
2588 1591 2639 1644 8.
2680 1620 2751 1629 —
2787 1586 2914 1643 Veni
2936 1590 3000 1643 de
3024 1588 3253 1654 Libano,
3294 1563 3641 1659 sponsamea,
3682 1592 3795 1643 veni
3827 1588 3890 1640 de

2260 1704 2302 1762 Β
2331 1676 2547 1741 Libano,
2576 1678 2703 1730 veni.
2754 1677 2990 1733 Libanus
3021 1679 3221 1732 candor
3242 1671 3625 1748 interpretatur
3646 1717 3660 1741 ,
3694 1678 3744 1730 id
3772 1685 3886 1740 est,

2329 1765 2505 1819 anima
2529 1766 2685 1820 bonis
2712 1767 2919 1821 actibus
2944 1767 3243 1832 candidata,
3269 1781 3429 1836 quam
3457 1767 3613 1822 tertio
3642 1767 3892 1821 hortatur

2330 1854 2601 1925 Sponsus,
2646 1865 2706 1911 ut
2750 1857 2971 1911 veniat:
3001 1858 3197 1926 primo,
3240 1858 3507 1913 viventem
3548 1855 3702 1929 [ϐοά.
3743 1856 3892 1923 Vat.,

2316 1946 2591 2020 Viventes]
2626 1946 2678 2001 in
2708 1963 2868 2003 carne
2894 1964 2991 2018 per
3029 1950 3166 2004 bona
3194 1964 3375 2018 opera.
3406 1949 3652 2004 Secundo
3675 1989 3690 2014 ,
3737 1950 3892 2003 abso-

2329 2037 2440 2093 luta
2480 2038 2640 2092 Carne
2673 2038 2741 2093 ad
2780 2038 3175 2108 percipiendam
3200 2041 3367 2093 vitam
3401 2039 3634 2093 beatam.
3677 2036 3888 2099 Tertio.

2330 2132 2541 2195 recepto
2566 2140 2788 2195 corpore
2814 2128 2881 2180 ad
2906 2125 3128 2181 fruenda
3154 2134 3276 2195 post
3296 2127 3744 2181 resurrectionem
3767 2140 3891 2195 gau.

2329 2214 2415 2268 dia
2442 2212 2697 2282 perfecta.
2726 2212 3066 2269 Coronaberis
3086 2215 3150 2268 de
3174 2216 3338 2285 capite
3362 2216 3531 2269 Aman
3558 2213 3712 2285 [Cod.
3742 2214 3889 2276 Vat.,

2329 2300 2573 2375 Amano],
2612 2302 2675 2356 de
2701 2304 2883 2356 vertice
2926 2300 3137 2375 [Sanir]
3174 2312 3222 2357 et
3249 2301 3511 2368 Hermon,
3542 2303 3605 2356 de
3635 2300 3888 2355 cubilibus

2330 2390 2534 2445 leonum
2560 2430 2575 2455 ,
2618 2391 2681 2444 de
2705 2391 2959 2446 montibus
2991 2392 3295 2461 pardorum.
3325 2391 3531 2446 Leones
3556 2400 3776 2461 propter
3802 2405 3892 2444 sua

2331 2478 2570 2547 perbiam
2591 2517 2605 2543 ,
2659 2479 2809 2548 pardi
2855 2488 3072 2547 propter
3111 2480 3483 2535 crudelium
3514 2479 3733 2550 maligni
3767 2489 3894 2533 sunt

2331 2567 2566 2635 spiritus.
2608 2566 2865 2620 Montium
2904 2581 3032 2622 vero
3074 2568 3286 2622 nomine
3325 2569 3553 2637 superba
3602 2567 3895 2623 infidelium

2331 2655 2513 2720 corda,
2552 2655 2642 2710 ubi
2686 2656 2943 2710 immundi
2987 2656 3206 2725 spiritus
3258 2657 3436 2711 sedem
3494 2657 3712 2720 habent,
3753 2656 3900 2710 desi-

2330 2753 2577 2814 gnantur.
2610 2746 2746 2799 Dum
2770 2748 2941 2801 sancti
2973 2748 3353 2816 przedicatores
3382 2747 3513 2803 tales
3545 2748 3614 2802 ad
3650 2749 3790 2802 viam
3816 2762 3894 2801 sa~

2332 2833 2457 2888 lutis
2500 2842 2855 2900 convertunt,
2902 2843 3228 2889 coronantur
3273 2837 3339 2890 de
3371 2836 3545 2903 capite
3595 2845 3650 2890 et
3696 2837 3896 2890 vertice

2334 2925 2613 2987 montium,
2640 2924 2692 2977 id
2718 2932 2822 2988 est,
2860 2925 3187 2994 principibus
3216 2914 3546 2994 iniquorum,
3575 2927 3699 2997 quia
3734 2928 3799 2982 de
3821 2924 3897 2978 la-

674 2991 915 3048 vloctrina
936 2993 1175 3047 veritatis
1196 2992 1523 3062 intelligitur.
1550 2993 1711 3050 Labia
1734 3010 1941 3065 sponsae
1966 3013 2125 3053 cocco
2148 2992 2235 3053 as-'
2259 3026 2302 3087 Ο
2334 3012 2463 3066 bore
2488 3013 2798 3067 certaminis
2825 2991 3251 3068 οξεεείίεοτοηη
3278 2991 3477 3083 Sim-13,

676 3082 1008 3144 similantur,
1053 3081 1178 3150 quia
1208 3081 1467 3133 Dominici
1497 3082 1799 3150 sanguinis,
1829 3098 1936 3151 quo
1962 3086 2228 3155 redempta

582 3188 585 3189 ν
678 3178 778 3231 est,
810 3168 1045 3237 pretium"
1062 3168 1351 3237 praedicare
1368 3183 1473 3222 non
1496 3178 1669 3223 cessat
1698 3170 1929 3226 Ecclesia
1956 3190 1970 3236 ;
1998 3172 2079 3227 vel
2106 3174 2229 3242 quia

677 3257 983 3327 praedicatio
1011 3263 1192 3311 sancta
1214 3257 1494 3313 charitatis
1518 3258 1707 3314 ardore
1727 3258 2056 3314 ﬂammescit.
2083 3262 2231 3317 Sicut

679 3348 914 3418 fragmen
946 3346 1073 3400 mali
1116 3346 1323 3415 punici,
1367 3346 1441 3401 ita
1471 3363 1615 3417 genae
1644 3355 1769 3414 tum,
1791 3348 1977 3419 absque
2014 3367 2072 3403 eo
2094 3351 2231 3421 quod

678 3438 981 3492 intrinsecus
1003 3436 1143 3488 latet.
1168 3435 1225 3489 ln
1254 3435 1405 3505 genis
1428 3436 1767 3502 verecundia,
1803 3436 1855 3491 in
1878 3436 2015 3491 malo
2040 3440 2232 3508 punico

680 3525 859 3593 passio
877 3524 1074 3579 Christi
1093 3524 1428 3593 exprimitur.
1457 3523 1624 3579 Habet
1642 3539 1770 3594 ergo
1791 3527 2039 3581 ruborem
2068 3528 2120 3580 in
2144 3543 2234 3596 ge-

684 3613 767 3667 nis
783 3627 976 3682 sponsa
1004 3611 1127 3665 mali
1158 3611 1354 3680 punici,
1379 3626 1499 3665 cum
1532 3620 1922 3667 sacramentum
1947 3613 2233 3669 Dominica:

684 3702 947 3771 passionis
964 3701 1141 3756 verbis
1169 3698 1366 3754 fatetur
1387 3708 1440 3753 et
1467 3698 1623 3754 factis
1648 3700 1855 3771 probat.

752 3812 923 3875 Vens.
940 3812 992 3864 Δ.
1011 3842 1081 3854 -
1098 3809 1246 3867 Sicut
1271 3813 1431 3864 turris
1454 3810 1620 3865 David
1643 3812 1830 3866 collum
1854 3825 2018 3868 tuum.
2050 3814 2235 3871 Turris

683 3898 847 3955 David
868 3898 1104 3955 Ecclesia
1128 3906 1230 3964 est,
1258 3898 1449 3953 collum
1477 3900 1862 3967 praedicatores,
1888 3916 2109 3970 quorum
2132 3903 2235 3957 fide

680 3999 735 4044 ct
757 3989 1051 4045 constantia
1076 3988 1131 4042 in
1155 3988 1340 4043 eadem
1376 3988 1588 4043 civitate
1615 3987 1765 4044 firma
1794 4000 1895 4055 est,
1921 4001 1975 4046 et
2004 3994 2235 4062 undique

683 4080 1119 4152 inexpugnabilis.
1143 4078 1273 4146 Quae
1296 4080 1552 4151 ludiﬁcata
1578 4091 1652 4136 est
1679 4098 1793 4135 cum
1816 4084 2231 4153 propugnaculis.

684 4167 1083 4238 Propugnacula
1104 4176 1281 4222 autem
1301 4166 1536 4235 ejusdem
1556 4168 1806 4231 civitatis,
1838 4168 2235 4236 Scripturarum

686 4267 987 4315 sanctarum
1019 4256 1310 4312 munimina
1356 4263 1516 4323 sunt,
1554 4257 1638 4311 vel
1675 4256 1889 4311 Patrum
1938 4260 2238 4326 praeceden-

2400 3121 2560 3177 Vens.
2582 3123 2636 3177 9.
2660 3152 2730 3162 —
2750 3120 3046 3177 Vulnerasti
3066 3140 3155 3177 cor
3169 3139 3356 3188 meum,
3382 3140 3531 3178 soror
3548 3140 3682 3188 mea,
3706 3141 3896 3195 sponsa

2326 3224 2476 3272 mea,
2526 3207 2804 3263 vulnerasti
2851 3225 2942 3263 cor
2981 3226 3171 3262 meum.
3214 3210 3269 3264 ln
3314 3210 3680 3265 vulneratione
3719 3213 3897 3266 cordis

2328 3298 2635 3366 magnitudo
2676 3298 2874 3353 amoris
2898 3298 3096 3353 Christi
3136 3299 3191 3352 in
3239 3299 3532 3354 Ecclesiam
3561 3302 3890 3371 intelligitur.

2331 3389 2397 3443 In
2432 3406 2536 3443 uno
2563 3390 2724 3461 400
2749 3390 3014 3445 oculorum
3043 3404 3267 3456 tuorum,
3307 3404 3354 3447 et
3403 3396 3457 3447 in
3482 3412 3583 3448 uno
3609 3397 3750 3463 crine
3771 3382 3893 3449 colli

2329 3480 2425 3531 tui.
2458 3478 2515 3532 ln
2559 3482 2765 3533 unitate
2791 3488 2975 3533 sancta
3021 3482 3296 3536 doctorum
3320 3523 3334 3547 ,
3388 3484 3440 3537 id
3461 3494 3545 3538 est
3576 3481 3895 3553 oculorum;

2330 3576 2385 3621 et
2412 3570 2464 3621 in
2488 3569 2693 3622 unitate
2712 3570 2798 3639 pia
2830 3569 3081 3638 subjecta:
3114 3571 3302 3641 plebis,
3330 3573 3383 3626 id
3408 3583 3491 3628 est
3516 3575 3765 3629 crinium.

2400 3698 2557 3753 Vens.
2579 3698 2924 3763 lO.—Quam
2944 3697 3172 3767 pulchre
3192 3708 3310 3752 sunt
3338 3696 3577 3755 mamma
3594 3710 3719 3766 tute,
3748 3719 3897 3756 soror

2331 3801 2443 3838 mea
2480 3801 2685 3854 sponsa.
2734 3785 2865 3837 Item
2892 3799 3137 3840 mamma:
3170 3788 3385 3841 nomine
3422 3790 3594 3873 sancti
3638 3790 3887 3845 doctores

2329 3876 2994 3944 propter'consolationem
3036 3877 3367 3933 infirmorum
3392 3918 3405 3943 ,
3446 3888 3500 3934 et
3545 3881 3890 3950 parvulorum

2332 3964 2796 4026 sustentationem,
2835 3978 2953 4033 qua:
2995 3965 3130 4020 lacte
3176 3964 3268 4031 fit,
3316 3968 3710 4035 exprimuntur.
3760 3968 3891 4021 Pul-

2332 4057 2536 4110 chriora
2572 4056 2729 4109 ubera
2750 4066 2838 4109 tua
2864 4058 3001 4110 uino.
3035 4058 3281 4113 Suavitas
3304 4061 3488 4128 gratiae
3514 4058 3784 4128 pulchrior
3808 4071 3893 4114 est

2332 4144 2645 4223 austeritate
2667 4144 2817 4213 legis.
2850 4145 2918 4198 Et
2946 4146 3075 4199 odor
3088 4156 3481 4216 unguentorum
3504 4157 3715 4202 tuorum
3737 4152 3893 4218 super

2333 4234 2505 4287 omnia
2532 4244 2787 4287 aromata.
2808 4233 2972 4287 Fama
3002 4236 3314 4289 suavissima
3337 4235 3523 4291 dill'usa
3553 4235 3707 4308 [Cod.
3752 4236 3889 4302 ναι..

686 4350 821 4403 tium
848 4346 1108 4416 exempla.
1139 4345 1285 4400 Mille
1304 4345 1470 4416 clypei
1501 4320 1719 4416 pendent
1743 4362 1806 4399 ea:
1840 4361 1920 4397 ea.
1939 4320 2079 4411 -Quia
2108 4355 2230 4415 quot

2264 4334 2311 4392 υ
2335 4320 2558 4393 ἀίίῐιιεας]
2590 4337 2685 4391 per
2708 4322 2895 4376 orbem
2921 4330 3092 4377 totum
3133 4322 3277 4387 fidei,
3320 4324 3476 4379 latior
3493 4334 3582 4379 est
3607 4340 3768 4395 quam
3802 4340 3891 4379 ve-

685 4436 739 4493 in
764 4436 956 4492 divinis
981 4435 1420 4505 lihrisprtecepta
1444 4440 1587 4497 sunt,
1611 4441 1688 4487 tot
1711 4441 1834 4487 sunt
1857 4434 2025 4487 nostri
2052 4443 2231 4502 pecto-

688 4523 764 4577 ris
791 4524 1103 4585 munimina,
1132 4523 1325 4591 quibus
1362 4530 1547 4576 contra
1580 4535 1766 4575 omnes
1808 4522 2027 4577 insidias
2054 4522 2234 4577 defen-

686 4611 883 4665 dimur.
928 4610 1109 4663 Omnis
1150 4620 1420 4663 armatura
1457 4608 1686 4676 fortium.
1735 4608 1921 4663 Omnis
1958 4610 2235 4663 instructio

687 4706 771 4753 est
806 4696 887 4751 vel
912 4695 1253 4763 operationis,
1278 4694 1361 4747 vel
1398 4694 1651 4747 doctrinm
1680 4694 1929 4757 caelestis,
1955 4710 2049 4763 per
2077 4711 2235 4763 quam

688 4801 791 4839 non
822 4783 989 4838 solum
1021 4784 1309 4839 evadimus.
1339 4781 1431 4835 sed
1455 4789 1507 4833 et
1529 4795 1856 4849 superamus.

760 4895 920 4948 Vsus.
950 4892 1002 4946 5.
1026 4923 1095 4931 —
1122 4891 1238 4943 Duo
1269 4891 1425 4943 ubera
1455 4898 1544 4942 tua
1571 4898 1689 4943 sunt
1712 4890 1815 4944 duo
1842 4890 2042 4945 hinnuli
2068 4907 2236 4961 capra:

688 4982 841 5052 [Cod.
887 4983 1028 5043 ναι..
1059 4978 1278 5049 caprea']
1315 4978 1533 5047 gemelli,
1570 4981 1659 5046 qui
1693 4992 1975 5049 pascuntur
2010 4982 2065 5033 in
2092 4981 2235 5034 liliis.

758 5071 915 5127 Vsus.
937 5072 1071 5124 6.-
1091 5070 1262 5123 Donec
1286 5070 1475 5137 aspiret
1493 5069 1600 5122 dies
1621 5080 1668 5122 et
1692 5070 2003 5126 inclinentur
2022 5072 2234 5126 umbrae.

688 5160 804 5212 Duo
850 5160 1010 5211 ubera
1042 5159 1148 5211 duo
1173 5167 1295 5213 sunt
1334 5166 1458 5212 sunt
1502 5159 1681 5227 populi
1722 5174 1787 5213 ex
1835 5162 2238 5225 circumcisione

686 5246 958 5301 venientes
981 5253 1035 5297 et
1068 5246 1377 5315 gentilitate.
1418 5247 1508 5315 qui
1530 5261 1629 5315 per
1652 5248 2000 5304 humilitatem
2026 5253 2237 5320 quidem

691 5349 882 5402 parvos
920 5348 977 5387 se
1022 5331 1321 5399 intelligunt
1364 5343 1416 5388 et
1452 5343 1791 5403 peccatores;
1843 5339 1933 5394 sed
1980 5340 2239 5395 charitate

728 5496 784 5559 ,ι
817 5485 945 5549 Qua:
964 5474 1102 5559 hanc
1123 5492 1621 5559 notamseqnuntnr
1652 5487 1847 5545 omissa
1880 5498 2000 5545 sunt
2029 5491 2081 5546 in
2107 5491 2235 5547 Cod.

705 5552 817 5603 Vat.
848 5569 1030 5621 usque,
1065 5552 1214 5606 Oculi
1249 5553 1343 5605 tui.

2332 4412 2462 4466 teris
2508 4411 2640 4480 legis
2684 4418 2738 4465 et
2769 4410 2987 4466 Patrum
3031 4412 3109 4485 [in
3137 4412 3264 4487 ea],
3310 4431 3429 4485 qua:
3473 4417 3525 4468 in
3568 4415 3680 4469 sola
3709 4413 3889 4469 Judtea

2331 4506 2731 4571 coangustatur.

2410 4632 2565 4685 Vens.
2613 4633 2697 4686 ll.
2740 4664 2807 4673 —
2835 4631 3010 4690 Favus
3043 4637 3302 4692 distillans
3347 4638 3487 4693 labia
3529 4649 3643 4705 tua,
3676 4658 3885 4712 sponsa.

2337 4719 2510 4773 Favus
2533 4722 2636 4775 mel
2664 4722 2716 4776 in
2745 4737 2867 4777 cera
2892 4731 2973 4778 est
3003 4740 3016 4777 :
3052 4725 3154 4778 mel
3176 4734 3352 4783 autem
3375 4728 3428 4782 in
3454 4744 3574 4785 cera
3597 4730 3891 4799 spiritualis

2337 4819 2418 4863 est
2444 4809 2737 4865 divinorum
2766 4812 3097 4881 eloquiorum
3131 4830 3320 4873 sensus
3339 4820 3618 4891 inlittera.
3656 4820 3758 4875 Mel
3779 4820 3889 4877 stil-

2337 4896 2470 4959 lans,
2502 4898 2623 4965 quia
2648 4899 2961 4968 multiplices
2986 4916 3173 4957 sensus
3202 4919 3337 4971 pene
3365 4906 3585 4981 singulae
3611 4912 3891 4965 sententia

2338 4988 2549 5042 habent.
2577 4987 2734 5043 Labia
2762 5005 2967 5059 sponsae
2989 5001 3111 5046 sunt
3134 4993 3381 5050 doctores
3400 5036 3414 5059 ,
3445 4998 3536 5067 qui
3571 4999 3889 5057 multifarios

2337 5091 2524 5131 sensus
2562 5077 2730 5159 sacris
2755 5078 2946 5131 litteris
2972 5081 3143 5133 inesse
3182 5084 3438 5150 pandunt.
3483 5084 3589 5139 Mel
3613 5096 3661 5139 et
3686 5086 3769 5141 lac
3793 5087 3887 5140 sub

2336 5164 2513 5236 lingua
2544 5176 2653 5220 tua.
2698 5162 2757 5219 ln
2802 5167 2937 5222 lacte
2977 5170 3205 5225 eruditio
3232 5174 3593 5240 parvulorum.
3625 5176 3679 5228 in
3731 5174 3887 5228 melle

2337 5254 2526 5307 fortior
2574 5255 2810 5309 doctrina
2854 5257 3213 5326 perfectorutn
3244 5260 3512 5329 signatur,
3544 5262 3656 5316 Sub
3685 5262 3885 5333 lingua,

2340 5342 2389 5396 id
2415 5349 2515 5405 est,
2555 5342 2608 5394 in
2638 5343 2976 5399 meditatione
3001 5346 3197 5400 cordis.
3228 5347 3294 5401 Et
3329 5350 3459 5404 odor
3478 5350 3892 5405 vestimentorum

2411 5498 2438 5537 ι)
2459 5497 2757 5581 gementia,
2782 5498 3184 5581 usque,'_absqu_s
3207 5503 3513 5581 eo,iomittit
3541 5504 3658 5561 cod.
3688 5501 3808 5557 Vat.

2414 5582 2433 5609 σ
2465 5564 2587 5620 llic
2608 5565 2781 5635 glossa
2811 5564 2959 5622 deest
2983 5566 3034 5622 in
3066 5564 3181 5624 cod.
3213 5564 3329 5623 Vat.
