4230 6188
348 330 448 392 653

1159 343 1559 400 EXECETICA.
1600 376 1669 384 —
1702 345 2145 404 COMPENDIUM
2183 352 2248 405 ΙΝ
2288 354 2485 410 CANT.
2526 358 2723 413 CANT.

3465 369 3567 424 ϐὗι

346 464 582 517 tuorum,
625 476 637 482 ε
659 463 790 506 sicut
849 455 978 507 odor
1033 456 1217 509 thuris.
1273 458 1597 512 Vestimenta
1654 459 1904 516 Ecclesia)
1933 464 1977 520 Α
2007 462 2194 518 benter
2220 467 2467 537 inspiciat
2498 479 2872 543 gratanterquc
2913 478 3137 548 accipiat
3163 479 3322 549 opera
3355 493 3566 542 sancti»

343 561 502 614 opera
548 554 670 599 sunt
715 545 850 613 ejus,
903 560 1019 614 qua:
1068 546 1219 600 odori
1272 548 1446 601 thuris
1503 558 1898 618 comparantur,

342 634 465 705 quia
497 645 686 691 cuncta
716 649 833 704 quae
860 644 1044 690 sancta
1083 651 1180 705 pro
1222 637 1447 692 Domino
1475 640 1586 709 agit
1624 639 1861 695 Ecclesia
1885 681 1898 705 ,

341 725 638 778 orationum
662 739 759 793 per
788 740 848 778 ea
872 726 1038 779 vicem
1060 726 1306 780 reddunt.

408 812 566 866 Vens.
598 813 684 865 l2.
706 842 775 851 —
803 811 1002 866 Hortus
1029 813 1303 868 conclusus
1332 832 1482 869 soror
1503 832 1615 870 mea
1633 859 1646 881 ,
1677 835 1896 887 sponsa,

338 879 515 956 hortus
558 903 866 968 conclusus,
914 905 1030 973 fons
1072 898 1324 975 signatus.
1373 909 1571 963 Hortus
1618 911 1900 965 conclusus

338 991 573 1045 Ecclesia
627 1000 730 1055 est,
773 1007 892 1061 quae
940 993 1229 1048 multifaria
1274 997 1627 1064 spiritualium
1677 1013 1896 1067 operum

336 1081 572 1149 germina
604 1081 796 1151 gignit.
829 1081 972 1136 Fons
1006 1091 1105 1142 est,
1135 1085 1261 1152 quia
1295 1086 1532 1159 doctrina
1562 1088 1781 1142 salutari
1811 1103 1894 1141 re-

335 1171 567 1234 dundat;
609 1171 908 1235 conclusus,
932 1173 1055 1240 quia
1085 1173 1296 1228 Domini
1323 1178 1658 1244 protectione
1690 1182 1894 1233 munita

333 1260 564 1326 persistit
595 1277 608 1324 ;
639 1262 896 1330 signatus,
924 1276 1169 1317 sermone
1196 1263 1339 1319 ﬁdei.

402 1370 561 1424 Vsus.
609 1369 1127 1426 13.—Emissiones
1171 1383 1273 1427 tua:
1317 1377 1592 1445 paradisus
1637 1378 1891 1432 malorum

329 1462 634 1528 punicorum
658 1478 1067 1531 cumpomorum
1091 1464 1368 1532 fructibus.
1401 1467 1504 1522 Per
1528 1468 1890 1537 irrigationem

330 1549 468 1602 sacri
503 1548 839 1617 baptismatis
878 1560 1061 1605 sancta
1103 1552 1340 1607 Ecclesia
1381 1556 1687 1624 paradisum
1727 1573 1792 1612 ex
1833 1574 1890 1614 se

327 1638 522 1690 emittit
546 1638 805 1695 malorum
830 1641 1164 1709 punicorum,
1191 1644 1244 1697 id
1273 1653 1374 1708 est,
1404 1655 1713 1702 sanctorum
1749 1665 1890 1705 mar-

327 1735 523 1796 tyrum.
551 1728 683 1781 Cum
710 1745 991 1797 pomorum
1033 1732 1311 1800 fructibus,
1343 1735 1394 1789 id
1430 1744 1530 1802 est,
1578 1747 1882 1794 sanctarum

324 1817 581 1871 virtutum
611 1817 811 1898 fructu.

393 1922 553 1976 Vzns.
598 1924 682 1999 μ.
719 1954 787 1963 -
822 1924 977 1996 Cypri
1003 1943 1120 1980 cum
1150 1932 1347 1995 nardo,
1377 1933 1573 1986 nardus
1594 1942 1641 1986 et
1681 1951 1880 1990 crocus.

321 2010 529 2082 Cyprus
550 2012 710 2068 arbor
730 2017 1018 2069 aromatica
1039 2025 1142 2081 est,
1166 2019 1472 2087 signiﬁcans
1499 2021 1732 2076 caelestis
1761 2040 1884 2092 gra-

215 2099 226 2112 '
322 2101 411 2154 tim
435 2101 877 2156 benedictionem.
927 2103 1134 2160 Nardus
1175 2107 1465 2164 Dominicae
1498 2111 1762 2178 passionis
1803 2122 1883 2183 ty-

317 2202 469 2258 pum,
499 2205 692 2245 crocus
718 2193 1000 2264 charitatis
1041 2194 1303 2250 fervorem
1345 2201 1615 2268 exprimit.
1648 2201 1882 2270 Conjun-

319 2280 462 2347 gitur
494 2295 688 2348 cyprus
716 2283 906 2346 nardo,
938 2300 1058 2338 cum
1094 2285 1273 2340 divina
1301 2291 1475 2356 gratia
1500 2291 1763 2345 confortat
1785 2308 1882 2347 nos

316 2383 414 2436 pro
437 2367 651 2423 Christo
695 2371 826 2437 pati.
873 2371 1000 2425 Item
1030 2375 1228 2428 nardus
1271 2391 1430 2430 croco
1467 2379 1727 2448 jungitur,
1759 2397 1879 2434 cum

318 2459 578 2512 charitate
617 2459 816 2514 Christi
853 2471 1078 2516 mortem
1129 2464 1358 2518 libenter
1401 2470 1735 2536 suscipimus.
1785 2471 1880 2523 Fi-

315 2537 461 2599 stula'
478 2557 525 2598 et
550 2548 953 2601 cinnamomum.
999 2551 1200 2604 Fistula
1222 2593 1236 2615 ,
1265 2569 1382 2621 quas
1429 2563 1484 2607 et
1523 2558 1692 2610 cassia
1722 2557 1871 2628 [Cod.

324 2635 442 2690 Vat.
469 2677 483 2698 ,
527 2637 694 2710 casia]
722 2641 882 2693 arbor
910 2643 1202 2696 aromatica
1235 2642 1382 2714 [est].
1419 2645 1510 2698 sed
1539 2647 1774 2713 modica,
1824 2657 1877 2700 et

315 2723 434 2777 ideo
476 2725 703 2778 humiles
745 2727 932 2793 spiritu
974 2728 1236 2796 designat.
1278 2730 1408 2784 Item
1454 2733 1870 2798 cinnamomum,

314 2813 401 2881 qui
427 2830 482 2867 se
510 2816 650 2883 ipsos
675 2815 992 2883 despiciunt,
1022 2818 1218 2888 signat,
1245 2834 1363 2890 quae
1384 2831 1436 2875 et
1459 2825 1572 2891 ipsa
1596 2834 1678 2878 est
1699 2826 1876 2880 brevis

313 2904 474 2957 arbor
496 2944 508 2966 ,
558 2905 651 2959 sed
684 2904 952 2958 odorifcra
989 2914 1044 2960 et
1070 2908 1275 2973 dulcis;
1311 2912 1404 2965 sed
1451 2912 1721 2966 humilitas
1762 2930 1872 2967 ma-

311 3006 469 3058 gnam
500 2993 660 3046 habet
681 2993 890 3046 laudem
915 3003 968 3047 et
989 2995 1320 3066 dulcedinem
1352 3000 1491 3066 apud
1530 3001 1715 3055 Deum.
1743 3002 1870 3054 Cum

2008 568 2124 606 rum
2157 570 2392 611 suorum.

2521 653 2676 724 ἀοι
2707 655 2930 713 CAPle
2977 661 3027 717 v.

2074 733 2232 787 Vens.
2253 736 2298 787 l.
2314 735 2519 792 —Veni
2541 743 2592 794 in
2611 745 2818 798 hortum
2835 765 3020 810 meum,
3036 767 3185 804 soror
3199 769 3334 819 mea,
3350 772 3559 824 sponsa.

2002 823 2154 885 Veni,
2182 826 2373 894 inquit.
2415 833 2704 900 saepissime
2735 837 2785 888 in
2816 837 3108 894 Ecclesiam
3139 828 3311 897 meam
3346 863 3356 898 :
3387 855 3442 900 et
3470 861 3561 902 ve-

2000 912 2087 965 nio
2115 921 2175 966 ut
2221 919 2505 987 corrigam,
2535 924 2798 991 adjuvem,
2832 929 3162 985 conﬁrmem.
3195 933 3390 988 Hessui
3419 955 3560 1008 myr-

2001 1002 2145 1054 rham
2195 1021 2360 1058 meam
2408 1025 2520 1062 cum
2575 1015 2894 1070 aromatibus
2935 1020 3080 1072 meis.
3132 1020 3236 1074 Per
3282 1028 3558 1093 myrrham

1999 1091 2180 1155 passio
2208 1092 2290 1145 vel
2313 1096 2681 1162 'mortilicatio,
2711 1117 2806 1169 per
2831 1118 3072 1160 aromata
3101 1123 3288 1164 omnes
3334 1114 3561 1169 virtutes

1997 1182 2382 1247 exprimuntur.
2401 1186 2830 1258 Metitmyrrham
2853 1208 2971 1248 cum
2989 1202 3558 1271 aromatibus,quando

1996 1279 2261 1340 martyres
2273 1287 2393 1328 cum
2414 1281 2622 1334 caeteris
2647 1283 2829 1338 electis
2845 1287 2909 1339 ad
2930 1290 3291 1344 maturitatem
3313 1295 3559 1361 praemio-

1995 1374 2112 1412 rum
2128 1363 2385 1428 perducit.
2403 1365 2612 1420 Comedi
2626 1371 2797 1438 favum
2816 1392 2930 1428 cum
2960 1379 3107 1431 melle
3123 1395 3252 1442 meo,
3271 1382 3373 1433 bibi
3386 1384 3556 1436 vinum

1995 1465 2162 1501 meum
2185 1468 2300 1504 eum
2333 1456 2464 1508 lacte
2508 1475 2638 1511 meo.
2669 1462 2722 1514 ln
2765 1462 2884 1518 favo
2921 1469 2975 1520 et
3001 1470 3125 1523 vino
3153 1473 3553 1539 praedicatores,

1995 1535 2048 1587 in
2077 1538 2231 1592 melle
2260 1549 2314 1593 et
2344 1543 2480 1598 lacte
2505 1548 2773 1603 auditores
2803 1535 3195 1625 intelliguntur;
3226 1568 3281 1613 et
3302 1570 3557 1632 utrosque

1993 1622 2234 1680 internus
2267 1627 2436 1685 Judex
2486 1639 2743 1704 approbat
2775 1650 2828 1694 et
2879 1622 3204 1699 remunerat.
3263 1622 3549 1718 Comedite,

1991 1713 2165 1778 amici,
2189 1715 2340 1770 bibite
2366 1730 2411 1772 et
2435 1722 2778 1789 inebriamini,
2806 1729 3116 1786 charissimi.
3146 1737 3328 1800 Amici,
3356 1737 3556 1793 facien-

1911 1783 1962 1842 Β
1990 1798 2058 1854 do
2101 1819 2219 1872 qua
2267 1811 2544 1878 praecipio;
2579 1815 2890 1881 charissimi,
2923 1836 3008 1874 me
3039 1824 3242 1892 integra
3290 1827 3554 1882 charitate

1989 1897 2371 1964 amplcctendo.
2404 1902 2664 1970 Obsecro,
2694 1909 2768 1961 ita
2818 1910 2976 1966 factis
3016 1925 3346 1983 sanctorum,
3398 1915 3551 1988 quasi

1986 1988 2156 2055 epulis
2175 1993 2479 2060 przecipuis,
2501 2001 2795 2064 praecordia
2821 2012 2997 2056 vestra
3025 2007 3245 2074 replete.

2056 2076 2216 2130 Vens.
2243 2078 2296 2130 2.
2310 2110 2380 2119 -
2402 2081 2514 2151 Ego
2541 2085 2762 2141 dormio.
2781 2089 3018 2146 Donante
3031 2095 3199 2163 gratia
3218 2095 3333 2162 Dei,
3349 2098 3400 2151 in
3417 2114 3551 2169 pace

1982 2168 2260 2232 praesentis
2286 2170 2409 2222 vitae
2428 2168 2847 2247 [Al.,Ecclesite]
2861 2195 2983 2233 eum
3001 2182 3135 2236 colo.
3169 2183 3239 2237 Et
3259 2202 3350 2239 cor
3378 2168 3549 2243 meum

1983 2253 2178 2321 vigilat.
2205 2254 2320 2321 Quo
2350 2262 2686 2328 tranquillius
2715 2266 2782 2318 ab
2804 2267 3108 2325 incursibus
3129 2275 3369 2328 externis
3387 2291 3545 2336 vaco.

1982 2357 2046 2394 eo
2076 2344 2235 2399 altius
2279 2348 2505 2404 internis
2531 2353 2729 2407 visibus
2752 2356 2906 2410 video
2937 2357 3089 2427 [Cod
3124 2359 3266 2427 Vat,
3290 2379 3355 2418 eo
3386 2365 3549 2421 altius

1983 2433 2122 2486 intus
2143 2435 2342 2506 video],
2373 2453 2532 2505 quam
2585 2442 2755 2498 bonus
2774 2453 2858 2499 est
2888 2446 3044 2501 Deus.
3085 2447 3196 2503 Vox
3232 2451 3404 2506 dilecti
3445 2458 3544 2507 mei

1978 2520 2252 2586 pulsantis.
2286 2525 2470 2578 Pulsat
2513 2531 2707 2583 ostium
2746 2535 2945 2596 cordis,
2995 2550 3116 2588 cum
3161 2538 3415 2594 Dominus
3444 2558 3542 2595 nos

1981 2609 2046 2660 ad
2091 2610 2391 2678 profectum
2439 2616 2694 2670 virtutum
2742 2621 2957 2674 excitat.
3011 2624 3164 2692 Aperi
3214 2628 3362 2692 mihi,
3395 2645 3546 2683 soror

1978 2713 2112 2760 mea,
2149 2702 2317 2754 amica
2349 2719 2484 2766 mea,
2519 2706 2756 2760 columba
2791 2726 2925 2773 mea,
2956 2712 3291 2767 immaculata
3323 2733 3456 2771 mea.
3487 2718 3541 2771 1ι1

1977 2794 2079 2849 est,
2112 2789 2285 2856 pande
2313 2806 2406 2844 cor
2433 2793 2580 2846 mihi.
2612 2795 2777 2848 Soror
2802 2815 2934 2863 mea,
2969 2803 3093 2869 quia
3135 2805 3377 2881 coheres.
3398 2823 3538 2861 mea.

1977 2877 2158 2930 Amica
2195 2896 2328 2944 mea,
2363 2883 2486 2948 quia
2533 2899 2850 2940 arcanorum
2882 2905 3122 2945 meorum
3175 2893 3326 2964 [ϐοά.
3395 2896 3532 2963 ναι..

1979 2966 2191 3019 arcanis
2219 2970 2374 3038 meis]
2405 2975 2640 3026 conscia.
2678 2974 2928 3031 Columba
2973 2997 3106 3045 mea,
3140 2985 3264 3050 quia
3314 2988 3533 3055 spiritus

312 3055 562 3132 uniuersis
593 3079 746 3148 lignis
791 3081 994 3132 Libani.
1026 3064 1174 3137 Sicut
1199 3075 1371 3137 fistula
1387 3055 1451 3139 let
1477 3089 1869 3144 cinnamomum
1899 3105 1946 3168 ο
1978 3055 2543 3168 ῗῖξῗἚῗῗολξΫῗῗίῖῗξθς
2575 3061 2921 3168 1⁷⁷³⁷⁷³⁰Ῠ²⁸¹⁰Μ
2940 3086 3073 3168 mgf"
3103 3076 3226 3141 quia
3247 3077 3358 3130 ⁸01³
3385 3093 3541 3148 ³⁵Ρ⁶’

312 3166 538 3220 humiles
565 3177 868 3221 sanctorum
897 3172 1265 3237 cogitationes,
1308 3174 1383 3227 sic
1420 3183 1474 3228 et
1514 3176 1653 3246 ligna
1681 3177 1868 3232 Libani

313 3254 563 3308 sublimes
609 3271 794 3309 eorum
834 3258 1070 3311 actiones
1122 3260 1505 3315 demonstrant.
1565 3263 1781 3333 Myrr/ta
1822 3275 1870 3317 et

311 3343 456 3408 aloe,
495 3345 713 3399 arbores
757 3355 880 3399 sunt
927 3350 1269 3411 aroniaticae,
1319 3367 1438 3419 qua:
1485 3354 1869 3408 continentiam

310 3434 487 3487 carnis
527 3437 848 3502 exprimunt.
890 3434 1020 3489 Cum
1065 3428 1299 3498 outhibus
1347 3442 1527 3508 primis
1571 3445 1864 3511 unguentis.

310 3508 365 3574 ld
399 3531 498 3582 est,
546 3524 960 3578 charismatibus
987 3519 1243 3580 virtutum
1273 3529 1757 3585 excellentioribus.
1803 3534 1870 3586 Et

309 3611 528 3679 pulchra
549 3621 630 3665 est
658 3612 961 3679 coniunctio
995 3616 1183 3668 harum
1211 3618 1464 3670 arborum
1487 3635 1609 3672 cum
1632 3637 1871 3689 unguen-

311 3701 377 3754 tis
398 3740 413 3763 ,
441 3702 565 3769 quia
593 3702 718 3755 dum
751 3717 965 3755 carnem
997 3719 1025 3754 a
1054 3703 1272 3757 lascivia
1308 3704 1658 3770 refrenamus,
1682 3722 1868 3762 conse-

307 3805 476 3858 quens
498 3799 581 3844 est
610 3800 666 3844 ut
687 3791 887 3859 majora
917 3794 1135 3861 spiritus
1163 3796 1298 3848 dona
1332 3797 1704 3866 percipiamus.

380 3899 533 3952 Vens.
572 3899 656 3950 15.
697 3927 766 3937 -—
793 3898 934 3953 Fons
964 3889 1262 3967 hortorum,
1295 3914 1478 3972 puteus
1508 3923 1764 3975 aquarum
1792 3908 1866 3961 ui-

305 3987 548 4049 sentium,
575 4003 688 4055 qua
718 3988 885 4054 ﬂuunt
917 3989 1127 4058 impetu.
1175 3991 1469 4061 Utrumque
1494 3995 1728 4050 Ecclesia
1759 4005 1860 4060 est,

305 4085 358 4127 et
383 4074 499 4128 fons
529 4076 824 4137 hortorum,
869 4078 994 4145 quia
1020 4080 1324 4146 spirituales
1353 4083 1521 4151 gignit
1551 4083 1783 4149 fructus;
1810 4093 1864 4140 et

303 4174 492 4231 puteus
519 4180 776 4232 aquarum
796 4166 1105 4232 viventium,
1130 4177 1346 4238 propter
1358 4173 1565 4226 occulta
1589 4175 1859 4243 mysteria,

302 4267 421 4320 quae
447 4254 646 4306 sanctis
669 4269 765 4320 per
800 4255 1176 4310 revelationem
1218 4261 1385 4313 sancti
1419 4260 1650 4329 Spiritus
1688 4262 1858 4336 [solis]

301 4341 620 4409 panduntur.
663 4344 936 4408 Aquarum
975 4345 1267 4400 viventium
1291 4358 1509 4418 prOpter
1541 4351 1750 4421 eloquia
1773 4353 1856 4408 di-

299 4429 441 4491 vina,
486 4444 606 4497 qua:
642 4430 705 4482 de
734 4430 1087 4487 invisibilibns
1132 4435 1326 4490 divina:
1363 4439 1550 4506 gratias
1593 4442 1856 4497 thesauris

298 4517 608 4584 procedunt.
637 4516 711 4569 De
737 4517 951 4573 Libano.
984 4521 1059 4575 De
1084 4523 1198 4590 ipsa
1221 4523 1458 4580 Ecclesia
1482 4527 1631 4592 dicit,
1663 4545 1780 4597 quae
1801 4540 1857 4586 et

298 4605 519 4658 candida
548 4614 630 4658 est
673 4621 766 4673 per
805 4609 1114 4663 munditiam
1147 4610 1302 4675 ﬁdei,
1335 4621 1388 4666 et
1427 4613 1532 4666 alta
1561 4630 1654 4681 per
1690 4617 1856 4672 virtu-

299 4704 409 4748 tum
435 4694 679 4762 gloriam.

367 4808 526 4861 Vens.
554 4806 636 4859 l6.
661 4836 728 4844 ———
749 4807 932 4876 Surge,
951 4811 1155 4878 Aquilo,
1175 4823 1221 4864 et
1240 4815 1368 4875 veni,
1395 4799 1602 4878 Auster,
1619 4825 1667 4868 et
1691 4819 1853 4886 per/la

293 4901 501 4952 hortum
525 4915 712 4950 meum.
749 4899 802 4950 ln
826 4898 1081 4966 Aquilone
1104 4906 1324 4958 adversa
1349 4907 1554 4970 mundi,
1578 4906 1634 4959 in
1656 4907 1852 4961 Austro

293 4987 653 5041 blandimenta
678 4989 1039 5056 designantur,
1075 4993 1196 5057 quia
1221 4997 1431 5061 gemina
1461 4999 1851 5067 expugnatione

293 5076 549 5142 probatur
606 5075 859 5131 Ecclesia.
900 5076 1097 5148 Surge,
1151 5082 1507 5149 permittentis
1551 5102 1648 5140 vox
1678 5118 1695 5148 ,η
1745 5103 1847 5140 non

295 5165 607 5234 imperantis
634 5175 735 5219 est.
769 5168 836 5220 Et
874 5170 1039 5235 ﬂuant
1077 5182 1311 5224 aromata
1345 5173 1507 5228 illius.
1533 5177 1589 5229 Id
1617 5189 1716 5241 est,
1742 5179 1848 5230 vir-

295 5261 466 5306 tutum
495 5255 794 5307 constantia
833 5258 996 5311 miros
1022 5259 1212 5312 odores
1240 5262 1523 5331 dispergat.
1569 5262 1745 5318 Veniat
1774 5268 1849 5318 di-

296 5338 453 5393 lectus
482 5357 622 5395 meus
654 5343 708 5394 in
733 5343 936 5396 hortum
969 5362 1140 5398 suum.
1173 5350 1357 5402 Veniat
1385 5351 1636 5406 Dominus
1662 5357 1712 5408 in
1741 5356 1841 5409 Ec-

295 5425 510 5482 clesium
535 5445 684 5485 suam
707 5474 719 5496 ,
755 5448 818 5487 ac
843 5447 959 5486 eam
992 5434 1103 5501 ipse
1129 5451 1407 5494 conservet
1429 5441 1622 5510 ubique
1661 5445 1844 5500 imma-

298 5514 543 5580 culatam,
574 5527 628 5571 et
665 5520 792 5577 seu
815 5520 968 5591 fruge
1000 5520 1246 5580 fecundat
1269 5527 1422 5600 [ϐοά.
1464 5529 1577 5583 να.
1604 5572 1617 5595 ,
1663 5532 1843 5588 iocosi-

297 5603 462 5675 ωιτη.
491 5605 556 5658 Et
582 5609 811 5662 comedat
852 5610 1078 5678 fructum
1103 5628 1368 5679 pomorum
1409 5635 1636 5672 suorum.
1668 5621 1744 5690 .Et
1773 5623 1836 5676 li-

1976 3155 2061 3195 ctu
2085 3159 2204 3198 meo
2224 3147 2400 3216 digna.
2437 3149 2572 3213 Quia
2611 3163 2762 3222 caput
2788 3171 2955 3209 meum
2977 3158 3182 3228 plenum
3207 3173 3282 3216 est
3330 3147 3462 3219 rorei
3490 3179 3538 3220 et

1973 3232 2199 3286 cincinni
2249 3239 2349 3288 mei
2395 3241 2553 3307 guttis
2601 3244 2847 3296 noctium.
2897 3245 3070 3316 Caput
3114 3248 3317 3306 Christi
3360 3253 3533 3320 Deus;

1974 3321 2201 3376 cincinni
2239 3333 2363 3379 sunt
2388 3325 2622 3382 fidelium
2650 3332 3009 3390 eollectiones.
3056 3337 3112 3391 In
3144 3354 3265 3394 rore
3290 3350 3346 3396 et
3372 3345 3538 3414 guttis

1972 3416 2227 3479 noctium,
2260 3416 2283 3469 f
2284 3421 2458 3488 rigens
2479 3421 2715 3476 Charitas
2742 3426 2795 3478 in
2821 3428 2998 3483 multis
3026 3434 3344 3500 ostenditur,
3367 3453 3533 3506 quam
3623 3501 3628 3506 _

1971 3502 2024 3554 in
2053 3503 2219 3557 Deum
2245 3514 2301 3559 et
2344 3511 2643 3576 proximum
2683 3514 2880 3571 habere
2919 3518 3233 3575 debuerunt.
3267 3502 3399 3580 ldeo‘
3436 3542 3538 3582 ne-

1970 3594 2203 3646 cessario
2232 3596 2432 3650 excitat
2468 3599 2724 3658 Dominus
2763 3605 2945 3662 fideles
2975 3625 3216 3680 quosque
3243 3614 3313 3667 ad
3339 3617 3535 3692 praedi-

1971 3682 2195 3736 cationis
2240 3685 2634 3758 studium/[Ah
2683 3693 2959 3767 ofﬁcium].
2989 3698 3107 3765 Cui,
3143 3682 3445 3772 provocata
3464 3707 3531 3760 ad

1969 3770 2205 3826 laborem
2229 3774 2474 3841 docendi,
2507 3783 2792 3849 respondet
2820 3785 3056 3842 Ecclesia
3090 3808 3103 3842 :

2039 3863 2199 3916 Vnus.
2224 3866 2275 3918 5.
2299 3896 2367 3904 -
2398 3865 2693 3936 Exspoliari
2721 3891 2799 3928 me
2820 3879 3015 3942 tunica,
3041 3883 3296 3948 quomodo
3337 3886 3532 3940 induar

1965 3950 2097 4005 illa?
2117 3953 2194 4008 Ac
2221 3958 2263 4009 si
2288 3967 2470 4026 aperte
2495 3961 2658 4027 dicat,
2676 3966 2886 4021 deserui
2908 3972 3117 4040 negotia
3141 3975 3422 4031 sacularia
3450 3980 3528 4032 tui

1965 4053 2147 4105 causa,
2170 4046 2435 4111 quomodo
2461 4059 2697 4117 repetam
2722 4053 2844 4106 illa?
2875 4055 3000 4110 Lavi
3022 4059 3176 4127 pedes
3204 4077 3363 4127 meos,
3392 4081 3525 4134 quo-

1963 4129 2115 4181 modo
2158 4131 2436 4200 inquinabo
2481 4135 2780 4194 illos?Jam
2832 4153 3052 4199 secreta:
3100 4129 3526 4218 compmtctionis
3579 4213 3584 4217 _

1962 4213 2169 4271 fletibus
2196 4219 2338 4274 ablui
2367 4225 2715 4292 cogitationes
2743 4236 3010 4296 terrenas,
3037 4213 3304 4303 quomodo
3337 4241 3525 4294 mundi

1963 4304 2090 4375 [Αι.,
2122 4308 2426 4380 immundis]
2451 4313 2697 4370 sordibus
2720 4317 2915 4372 iterum
2946 4321 3187 4389 polluar?
3217 4325 3342 4393 quia
3383 4343 3525 4398 prae-

1959 4393 2239 4448 dicationis
2262 4395 2493 4452 ofﬁcium
2519 4400 2633 4456 sine
2653 4408 2997 4475 occupatione
3027 4401 3160 4482 [Al.,
3179 4393 3526 4496 praeoccupa-

1959 4481 2121 4554 tione]
2153 4486 2392 4540 saeculari
2424 4490 2507 4542 vix
2540 4505 2660 4547 csse
2686 4503 2882 4563 potest.

2031 4571 2186 4627 Vnus.
2211 4575 2264 4629 4.
2297 4608 2365 4616 -
2410 4578 2640 4636 Dilectus
2670 4601 2818 4664 meus
2841 4589 2980 4643 misit
3006 4608 3215 4647 manum
3241 4610 3390 4649 suam
3426 4614 3520 4666 per

1954 4660 2208 4726 foramen.
2243 4664 2453 4720 Manum
2484 4671 2678 4739 quippe
2721 4659 2872 4728 suam
2900 4678 3123 4735 dilectus
3151 4698 3247 4752 per
3272 4659 3516 4746 foramen

1955 4749 2118 4814 misit,
2163 4767 2286 4806 cum
2329 4770 2425 4809 nos
2453 4757 2707 4814 Dominus
2749 4766 2957 4821 occulta
2988 4749 3324 4829 invisibiliter
3361 4792 3513 4833 com-

1953 4841 2240 4905 punctione
2279 4844 2345 4897 ad
2389 4861 2521 4915 opus
2559 4850 2818 4906 virtutum
2841 4858 3105 4924 accendit,
3158 4863 3416 4933 nobisque
3459 4869 3513 4921 in

1896 4979 1904 4988 ,
1954 4934 2265 4986 memoriam
2299 4946 2515 4991 revocat
2542 4945 2807 5010 quomodo
2837 4955 2893 5000 et
2929 4957 3124 5018 quanta
3155 4950 3220 5004 de
3244 4953 3361 5006 slnu
3410 4954 3512 5009 Pa-

1951 5022 2048 5074 tris
2093 5023 2420 5082 descendens
2447 5046 2544 5098 pro
2597 5034 2748 5087 nobis
2786 5045 2930 5090 esset
2970 5053 3180 5108 passus.
3231 5043 3299 5096 Et
3337 5058 3510 5102 center

1950 5125 2093 5165 meus
2120 5114 2386 5169 intremuit
2405 5119 2471 5172 ad
2497 5129 2690 5173 tactum
2717 5123 2851 5192 ejus.
2885 5125 3009 5182 llatc
3039 5132 3279 5187 recolens
3325 5136 3509 5193 intima

1942 5475 2046 5531 est,
2066 5470 2285 5526 verbum
2322 5471 2529 5530 Domini
2560 5480 2867 5548 medicare.
2900 5484 3090 5541 Manus
3114 5504 3238 5543 mea
3275 5491 3502 5547 distilla-

1944 5572 2121 5616 verunt
2142 5566 2438 5632 myrrham;
2469 5569 2616 5638 digiti
2662 5573 2767 5624 mei
2807 5573 2945 5640 pleni
2983 5580 3192 5647 myrrha
3220 5579 3501 5654 [probatis—

1943 5659 2113 5729 simn].
2148 5661 2203 5714 In
2250 5661 2491 5714 manibus
2537 5661 2678 5716 enim
2725 5677 2905 5732 Opera,
2932 5668 2983 5720 in
3036 5670 3215 5742 digitis
3245 5672 3497 5728 discretio
