4230 6212
1520 334 1580 387 Β.
1619 332 1683 387 F.
1719 329 1942 387 Al.le
1982 329 2110 386 SEU
2149 326 2419 386 ALCUINI
2458 317 2738 383 OPERUM
2774 323 2952 379 PARS
2974 322 3048 378 ιι.

3812 321 3921 381 656

710 446 1049 515 designatur;
1077 445 1131 499 in
1153 445 1371 515 myrrha
1395 444 1721 499 continentia
1748 452 1801 501 et
1825 445 2260 513 passiones;qua3
2289 444 2333 501 Α
2360 446 2478 507 pter
2525 438 2916 506 despectionem
2967 432 3103 503 apud
3148 434 3410 489 homines.
3469 432 3563 490 Vel
3584 474 3599 499 ,
3651 432 3804 493 elatae
3854 439 3925 492 ob

708 544 841 589 tunc
866 532 1233 601 probatissima
1250 540 1354 597 est,
1378 546 1501 587 cum
1520 530 1853 587 solummodo
1882 549 1980 604 pro
1995 533 2261 588 eharitate
2356 525 2637 580 victoriam
2662 541 2677 588 ς
2722 526 2888 593 πίειτὲ
2913 524 3309 591 οδγρτθεειιηε.

709 623 805 679 Dei
852 631 905 677 et
953 622 1201 691 proximi,
1232 622 1314 676 vel
1358 623 1681 677 continentia
1725 620 1850 694 [lit],
1881 622 1962 676 vel
1988 620 2261 691 passiones

714 711 865 767 ﬁunt

714 870 717 871 ν
781 824 941 880 Vens.
963 821 1015 879 6.
1045 855 1115 867 ——
1148 825 1413 880 Pessulum
1443 826 1560 878 ostii
1594 825 1693 881 mei
1714 823 1894 892 aperui
1918 822 2258 875 dilectomeo.

716 914 993 970 Pessnlum
1023 930 1218 983 sponso
1238 914 1433 983 aperit,
1471 914 1561 982 qui
1604 912 1858 981 templum
1907 912 1987 966 sui
2030 913 2263 981 pectoris

715 1005 892 1061 divina
937 1002 1661 1075 [inspirationeadveniente
1711 1002 1916 1069 pandit,
1964 1000 2017 1054 id
2071 1010 2151 1056 est
2189 1000 2260 1071 I],

715 1095 1019 1149 visitatione
1060 1103 1115 1148 et
1142 1094 1527 1148 inhabitatione
1569 1093 1784 1159 dignum
1834 1090 2037 1145 fecerit.
2066 1092 2130 1143 At
2177 1090 2264 1144 ille

714 1182 1050 1237 inclinaverat
1085 1192 1237 1251 atque
1263 1184 1557 1235 transierat.
1588 1179 1722 1245 Quia
1763 1179 1891 1232 nulli
1938 1180 1991 1232 in
2029 1180 2129 1232 hac
2157 1178 2262 1232 vita

715 1271 870 1340 plena
910 1270 1043 1325 visio
1084 1270 1201 1335 Dei,
1240 1272 1378 1325 sicut
1428 1269 1482 1322 in
1531 1269 1727 1333 futura,
1769 1268 2108 1331 conceditur,
2148 1267 2264 1322 ideo

716 1359 947 1413 transire
970 1359 1163 1415 dicitur
1187 1358 1429 1420 dilectus,
1462 1358 1514 1411 id
1537 1364 1636 1421 est,
1669 1357 1721 1410 in
1751 1354 1985 1410 futurum
2013 1371 2070 1411 se
2089 1357 2266 1411 viden-

716 1449 840 1501 dum
878 1455 933 1500 et
968 1445 1347 1515 perimendum
1390 1444 1595 1514 plenius
1621 1444 1869 1499 ostendit.
1914 1446 2102 1498 Anima
2151 1462 2265 1498 mea

716 1535 993 1605 liquefacta
1022 1545 1116 1599 est,
1146 1545 1201 1587 ut
1232 1534 1429 1588 locutus
1455 1544 1548 1587 est.
1577 1533 1783 1599 Quanto
1805 1534 2041 1598 suavius,
2072 1535 2265 1604 inquit,

715 1639 901 1679 vocem
937 1632 1096 1693 atque
1138 1624 1388 1678 viciniam
1425 1624 1600 1678 dilecti
1631 1624 1733 1677 mei
1770 1624 1969 1693 accepi,
2001 1631 2146 1678 tanto
2178 1640 2267 1678 su-

715 1714 951 1779 blimius,
978 1714 1234 1785 quidquid
1260 1714 1315 1767 in
1346 1728 1431 1768 me
1469 1722 1586 1768 erat
1611 1714 1881 1783 frigidum,
1905 1716 2165 1770 charitate
2191 1718 2267 1770 in-

717 1801 881 1857 caluit
923 1776 1013 1873 [ct-
1049 1776 1388 1871 liquefactum
1437 1810 1520 1856 est
1546 1776 1710 1871 (Cod:
1748 1776 1876 1856 Vat.
1912 1814 1967 1857 et
2013 1805 2268 1872 quidquid
2297 1780 2341 1839 Β
2365 1864 2385 1873 ,
2436 1776 2595 1873 vus;

716 1892 947 1963 rigidum
991 1890 1254 1961 liquefuit)
1302 1890 1344 1962 ].
1400 1891 1625 1956 Quwsivi
1670 1902 1719 1945 et
1755 1910 1856 1946 non
1894 1895 2059 1947 inveni
2085 1894 2265 1961 illum;

717 1983 895 2038 vocavi
927 1970 975 2036 et
1006 1999 1107 2037 nor
1149 1982 1409 2052 respondit
1439 1984 1583 2036 mihi.
1626 1983 1757 2050 Quia
1794 1986 1992 2038 donum
2017 2001 2271 2055 compun-

715 2074 914 2129 ctionis
935 2080 991 2127 et
1005 2072 1301 2127 dulcedinis
1316 2072 1515 2126 intima
1536 2088 1640 2127 non
1656 2075 1711 2127 in
1735 2074 1956 2129 arbitrio
1979 2083 2061 2129 est
2087 2076 2269 2130 volen-

722 2164 815 2228 tis,
837 2162 929 2220 sed
967 2163 1020 2216 in
1054 2161 1396 2216 miseratione
1422 2163 1625 2228 dantis;
1662 2164 1780 2219 ideo
1807 2180 1914 2219 non
1940 2179 2151 2235 semper
2178 2166 2273 2219 ha-

719 2252 1004 2307 bent'illud
1050 2253 1324 2322 aequaliter
1341 2293 1355 2316 ,
1382 2254 1506 2321 quia
1531 2269 1634 2308 non
1679 2254 1751 2308 ita
1774 2270 1832 2309 se
1858 2254 2015 2309 oil‘ert
2037 2257 2175 2311 Deus
2218 2259 2270 2312 iu

721 2343 910 2398 exsilio
957 2342 1349 2407 laborantibus,
1382 2343 1646 2413 quomodo
1691 2344 1743 2399 in
1776 2345 1947 2414 patria
2002 2348 2271 2418 regnanti-

718 2431 841 2485 bus.

793 2524 954 2581 Vens.
1002 2527 1054 2579 7.
1082 2556 1153 2568 -—
1203 2528 1515 2584 Invenerunt
1539 2547 1620 2585 me
1663 2532 1921 2596 custodes,
1946 2532 2035 2601 qui
2062 2534 2278 2587 circuie-

724 2624 845 2668 runt
890 2616 1174 2682 civitatem,
1226 2630 1587 2689 percusserunt
1638 2637 1736 2683 me,
1789 2631 1838 2674 et
1879 2622 2278 2676 vulneraverunt

724 2721 825 2769 me,
848 2705 1321 2776 tulerunt-pallium
1362 2725 1532 2769 meum
1572 2711 1697 2763 mihi
1721 2712 1953 2765 custodes
1991 2728 2277 2766 murorum.

726 2792 989 2848 Custodes
1011 2795 1266 2860 civitatis,
1310 2796 1360 2851 id
1390 2804 1470 2852 est
1498 2798 1769 2864 Ecclesiae,
1794 2802 1963 2854 sancti
1993 2800 2159 2871 [sunt]
2188 2803 2283 2856 do-

726 2890 923 2946 ctores,
968 2884 1057 2951 qui
1106 2881 1288 2938 sedula
1334 2884 1713 2953 prmdieatione
1752 2888 2083 2940 circumeunt
2123 2888 2282 2958 402

726 2970 890 3025 corda
918 2970 1267 3040 singulorum,
1295 2980 1351 3024 et
1377 2972 1593 3040 spiculis
1620 2974 1820 3027 amoris
1845 2973 2076 3028 caelestis
2101 2977 2285 3029 vulne-

725 3067 868 3124 rant,
896 3068 951 3114 et
974 3068 1035 3114 ut
1058 3062 1228 3131 magis
1249 3061 1487 3125 ardeant,
1514 3061 2037 3129 inﬂammescunt,et
2064 3072 2286 3119 vetustte

726 3149 1147 3205 conversationis
1174 3158 1379 3219 tegmen
1408 3151 1488 3205 eis
1511 3152 1849 3206 subtrahunt.

795 3263 955 3316 Vsus.
983 3262 1037 3317 8.
1070 3291 1135 3300 —
1166 3260 1364 3329 Adjuro
1385 3276 1493 3323 vos,
1520 3261 1645 3329 ﬁlia:
1670 3260 1986 3323 Jerusalem,
2008 3262 2053 3315 si
2080 3263 2284 3317 invene-

723 3354 841 3405 ritis
866 3351 1109 3405 dilectum
1140 3367 1311 3403 meum
1343 3348 1494 3421 [Cod.
1534 3352 1647 3405 Vat.
1678 3367 1785 3405 om.
1816 3350 2032 3420 meum],
2066 3361 2120 3404 ut
2150 3369 2285 3405 nun-

725 3440 861 3494 tietis
886 3440 935 3493 ei
960 3439 1098 3511 quod
1119 3438 1273 3511 [ϐοά.
1301 3440 1419 3493 Vat.
1447 3438 1593 3509 quia]
1615 3448 1791 3492 amore
1822 3438 2060 3508 langueo.
2099 3438 2287 3493 Merito

726 3530 942 3599 languet
968 3543 1183 3597 sponsa,
1206 3542 1327 3581 eum
1341 3526 1527 3596 gladio
1553 3527 1701 3581 verbi
1729 3526 1821 3581 Dei
1843 3542 2092 3595 percussa
2123 3534 2289 3581 terre-

730 3633 860 3673 num
884 3616 1035 3671 exuit
1062 3616 1314 3671 amictum
1334 3632 1350 3679 ;
1370 3624 1434 3669 et
1457 3615 1591 3671 ﬁlias
1618 3614 1931 3680 Jerusalem,
1969 3617 2022 3671 id
2050 3626 2150 3681 est,
2179 3618 2288 3672 Deo

733 3705 923 3777 dignas
947 3704 1157 3774 adjurat
1184 3706 1409 3768 animas,
1440 3713 1497 3759 ut
1531 3707 1612 3762 sui
1644 3706 1843 3761 amoris
1870 3707 2288 3776 magnitudinem

732 3798 800 3851 ad
827 3796 995 3851 Deum
1017 3795 1273 3859 referant,
1298 3804 1352 3850 et
1374 3810 1472 3865 pro
1499 3795 1615 3865 ejus
1642 3796 1866 3854 videnda
1903 3796 2071 3865 gloria
2099 3812 2287 3864 super-

732 3901 862 3939 num
887 3885 988 3940 sibi
1018 3892 1249 3953 poscant
1286 3884 1564 3937 auxilium.
1936 3877 1953 3882 ’

801 3993 962 4050 Vsus.
990 3992 1044 4047 9.
1091 4023 1157 4032 —
1196 3990 1380 4057 Qualis
1408 4000 1483 4046 est
1522 3991 1741 4053 dilectus
1772 4002 1892 4047 tuus
1930 4009 1994 4047 ea:
2028 3993 2234 4058 dilecto,
2261 4012 2290 4049 ο

729 4081 1080 4154 pulcherrima
1105 4082 1381 4136 mulierum
1398 4122 1413 4144 ,
1435 4084 1607 4153 qualis
1627 4092 1703 4138 est
1726 4082 1945 4139 dilectus
1969 4093 2087 4137 tuus
2111 4100 2174 4138 ea:
2205 4085 2292 4138 di—

730 4170 883 4234 lecto,
905 4170 1030 4239 quia
1054 4170 1130 4224 sic
1154 4169 1412 4242 adjurasti
1434 4185 1526 4223 uos
1542 4170 1568 4222 .’
1585 4170 1819 4225 Obsecro
1848 4179 1921 4235 te,
1948 4172 2074 4239 quia
2096 4174 2177 4225 sic
2201 4174 2295 4226 ad-

727 4259 923 4327 jurasti
965 4270 1071 4322 me,
1120 4266 1178 4310 ut
1202 4271 1403 4320 amore,
1429 4272 1536 4325 quo
1562 4267 1615 4313 te
1640 4258 1984 4329 languescere
2014 4259 2169 4324 dicis,
2211 4275 2295 4313 me

733 4362 946 4418 quoque
974 4361 1071 4417 per
1092 4348 1317 4402 verbum
1349 4347 1748 4416 praedicationis
1774 4349 1940 4404 facias
1972 4350 2252 4405 ardescere
2278 4366 2291 4413 ;

2402 614 2590 670 'Vsns.
2620 614 2703 668 12.
2729 645 2800 654 ——
2824 612 2974 668 Oculi
3001 614 3114 683 ejus
3139 614 3270 666 sicut
3294 613 3541 668 columbi:
3562 631 3715 685 super
3735 616 3928 675 rivulos

2358 718 2631 773 aquarum,
2680 702 2849 757 sancti
2896 701 3141 756 doctores
3188 709 3330 765 sunt,
3372 716 3467 769 per
3499 718 3634 772 quos
3680 703 3923 760 Ecclesia

2359 796 2503 850 videt
2544 812 2663 866 quae
2714 806 2858 851 recta
2904 802 3057 859 sunt;
3099 796 3190 864 qui
3238 797 3373 850 bene
3400 796 3677 863 columbte,
3704 779 3955 870 promer

2362 886 2717 939 innocentiam
2749 883 2901 956 [Cod.
2952 884 3067 937 Vat.
3101 901 3202 937 om.
3229 886 3611 959 innocentiam]
3641 896 3695 942 et
3721 890 3925 959 simpli-

2361 979 2607 1042 citatem;
2656 986 2711 1030 et
2741 976 2924 1030 rivulis
2946 990 3205 1045 aquarum
3246 985 3463 1045 propter
3488 977 3815 1033 charismata
3843 979 3924 1032 di-

2360 1066 2481 1119 vina
2531 1074 2925 1133 comparantur.
2977 1063 3106 1126 Qua
3134 1062 3266 1116 lacte
3302 1072 3420 1117 sunt
3450 1063 3589 1127 Ioue,
3628 1074 3674 1118 et
3699 1066 3922 1119 resident

2352 1155 2736 1237 juxta'ﬂugenta
2784 1152 3100 1223 plenissima.
3155 1152 3318 1206 Lacte
3366 1152 3505 1206 lotas
3543 1152 3690 1215 dicit,
3726 1155 3778 1207 id
3820 1163 3922 1215 est,

2361 1242 2532 1311 gratia
2551 1240 2856 1296 dulcissima
2885 1241 3183 1294 mundatus.
3214 1240 3277 1293 Et
3302 1240 3534 1294 resident
3548 1240 3701 1309 juxta
3726 1240 3922 1295 ﬂuenta

2360 1332 2685 1401 plenissima,
2736 1330 2788 1384 id
2830 1338 2931 1393 est,
2981 1330 3218 1384 omnium
3260 1330 3517 1383 donorum
3564 1326 3924 1399 spiritualium

2364 1421 2763 1474 abundantiam.
2792 1418 2970 1473 Potest
3004 1419 3054 1471 in
3080 1416 3263 1477 rivulis
3290 1420 3483 1472 veteris
3510 1417 3641 1489 legis
3660 1419 3921 1481 eruditio;

2364 1516 2419 1561 et
2464 1509 2517 1561 in
2563 1508 2775 1561 fluentis
2818 1506 3139 1577 plenissimis
3184 1505 3440 1573 perfectio
3474 1506 3789 1577 evangelica:
3832 1508 3928 1561 do-

2365 1597 2550 1650 ctrina:
2572 1596 2861 1665 designari,
2889 1595 3009 1663 quia
3040 1594 3415 1661 praedicatores
3436 1594 3500 1647 de
3530 1594 3791 1647 thesauris
3818 1593 3930 1647 suis

2366 1683 2643 1756 proferunt
2667 1692 2846 1738 vetera
2874 1692 2927 1737 et
2954 1696 3089 1735 nova
3122 1681 3332 1754 (Matth.
3357 1697 3475 1746 xm,
3502 1669 3649 1769 59)..

2636 1775 2718 1827 i5.
2770 1803 2839 1812 -—
2885 1772 3041 1826 Cena
3072 1772 3212 1825 illius
3239 1773 3372 1825 sicut
3397 1772 3585 1825 areola.-
3613 1781 3929 1829 aromatum.

2365 1864 2421 1918 In
2470 1865 2616 1933 genis
2654 1862 2943 1916 Salvatoris
2971 1862 3137 1914 nostri
3167 1860 3279 1927 ejus
3304 1858 3743 1930 mtidcstia_[Cod.
3781 1856 3927 1916 ναι..

2366 1952 2605 2006 modesta
2646 1950 2841 2021 pietas]
2893 1949 3049 2003 simul
3098 1956 3151 2003 et
3185 1950 3443 2003 severitas
3490 1949 3825 2018 exprimitur.
3868 1948 3926 2001 In

2368 2040 2560 2095 arcolis
2584 2046 2879 2093 aromatum
2904 2038 3146 2100 virtutes,
3169 2044 3223 2091 et
3244 2036 3483 2100 dulcedo,
3508 2044 3561 2089 et
3585 2035 3723 2088 fama
3745 2035 3928 2104 gloria:

2369 2128 2485 2195 ejus
2509 2128 2870 2195 designantur.
2919 2125 3143 2180 Consitte
3173 2144 3204 2179 α
3229 2127 3581 2195 pigntentariis
3605 2142 3622 2178 :
3660 2125 3800 2177 labia
3821 2126 3937 2194 ejus

2370 2216 2483 2269 lilia
2543 2216 2852 2269 distillantia
2912 2216 3174 2284 myrrham
3238 2216 3481 2285 primam.
3550 2214 3827 2283 Prophetis
3879 2220 3937 2267 et

2370 2302 2663 2370 apostolis;
2710 2302 2764 2355 hi
2793 2300 2983 2354 futurae
3011 2298 3165 2370 [Cod.
3206 2298 3346 2362 l’at.,
3374 2298 3575 2370 futura]
3608 2300 3935 2355 incarnatio-

2373 2394 2457 2446 nis
2499 2391 2614 2459 ejus
2655 2405 2880 2454 arcana;
2928 2390 3005 2444 illi
3050 2390 3190 2444 facta
3235 2398 3536 2445 narrantes.
3585 2390 3747 2444 Lahia
3792 2390 3938 2445 illius

2374 2482 2536 2535 verba
2588 2488 2711 2534 sunt
2757 2479 3013 2533 doctrinae
3066 2477 3207 2546 ejus;
3256 2478 3365 2531 lilia
3393 2518 3406 2542 ,
3460 2479 3581 2547 quia
3618 2478 3939 2532 charita:em

2376 2572 2608 2627 cmlestis
2636 2570 2783 2639 regni
2820 2569 3167 2639 promittunt;
3214 2568 3520 2620 distillantia
3542 2567 3804 2636 myrrham
3822 2566 3937 2635 prin

2379 2659 2693 2727 mam,'quia
2722 2672 2821 2725 per
2850 2663 3211 2725 contemptum
3237 2655 3567 2724 voluptatum
3596 2656 3938 2724 praesentium

2380 2750 2446 2803 ad
2476 2749 2615 2802 hanc
2639 2745 3056 2815 perveniendum
3079 2754 3195 2799 esse
3216 2746 3525 2813 przelicant.

2449 2841 2610 2894 Vsus.
2645 2838 2727 2892 14.
2758 2867 2829 2878 -—
2848 2836 3038 2891 Ianus
3066 2834 3207 2888 illius
3226 2834 3490 2888 tornatiles
3517 2850 3704 2887 aurea'.
3730 2832 3939 2897 Manus,

2384 2931 2436 2983 id
2461 2939 2544 2983 est
2569 2944 2758 2998 opera;
2809 2928 2934 2996 quia
2964 2942 3086 2996 qua:
3118 2927 3298 2980 verLis
3320 2925 3543 2987 docuit,
3570 2924 3724 2978 factis
3754 2923 3943 2993 imple-

2384 3022 2478 3074 vit.
2512 3018 2821 3082 Tornatiles,
2863 3018 2988 3093 quia
3032 3019 3085 3071 in
3112 3030 3168 3072 se
3207 3030 3417 3071 omnem
3448 3015 3683 3085 regulam
3720 3013 3944 3082 iustitia

2309 3105 2358 3171 ο
2389 3116 2588 3173 tenent,
2619 3116 2678 3162 ut
2703 3108 2900 3163 dicitur
2940 3124 2953 3159 :
2990 3108 3199 3177 Oportet
3229 3121 3307 3159 me
3336 3120 3532 3158 omnem
3554 3103 3815 3173 justitiam
3842 3103 3943 3155 im-
3980 3094 3983 3095 ν

2383 3198 2520 3269 plere
2558 3196 2769 3268 (Matth.
2811 3212 2885 3261 tv,
2936 3194 3042 3266 i5).
3091 3194 3226 3248 Sunt
3264 3200 3317 3246 et
3360 3208 3550 3247 manus
3577 3206 3775 3254 autem,
3814 3190 3939 3259 quia

2383 3289 2561 3342 omnia
2583 3302 2701 3357 quae
2731 3286 2783 3341 in
2808 3287 3025 3341 homine
3049 3285 3231 3355 gessit,
3260 3282 3553 3339 divinitatis
3577 3282 3741 3352 gloria
3769 3277 3945 3349 perfe—

2386 3377 2477 3431 cit.
2524 3375 2703 3430 Pleme
2746 3374 3055 3444 hyacinthis.
3088 3372 3217 3438 Qua:
3242 3372 3311 3425 ad
3339 3386 3486 3439 spem
3516 3386 3614 3425 nos
3648 3370 3945 3425 caelestium

2386 3475 2543 3535 atque
2566 3478 2801 3519 amorem
2816 3464 3083 3526 excitant;
3106 3460 3229 3529 quia
3254 3460 3573 3535 hyacinthus
3613 3456 3765 3529 [ϐοά.
3799 3455 3944 3519 ναι..

2388 3556 2441 3609 in
2471 3552 2757 3625 hyacinlis]
2805 3552 2939 3607 aerii
2982 3551 3177 3611 coloris
3222 3564 3432 3618 gemma
3465 3556 3564 3603 est.
3627 3546 3810 3602 Venter
3831 3546 3946 3613 eius

2387 3643 2641 3697 eburneus
2669 3641 2941 3695 distinctus
2965 3638 3458 3710 sapphgris.Veuter
3482 3651 3610 3707 ergo
3636 3637 3812 3691 dilecti
3835 3634 3945 3688 fra—

2387 3731 2643 3801 gilitatem
2685 3730 3035 3786 humanitatis
3061 3728 3177 3797 ejus
3224 3724 3493 3793 designat;
3542 3724 3674 3779 ebur
3702 3725 3951 3778 decorem

2389 3820 2678 3883 castitatis;
2715 3819 3012 3887 sapphyrus
3051 3815 3432 3870 sublimitatem
3452 3813 3749 3869 caelestium
3780 3812 3950 3865 virtu-

2400 3917 2535 3962 tum.
2571 3906 3332 3977 Distinctusrsapphyris,=quta
3371 3904 3819 3975 partimhumana
3847 3902 3954 3958 fra-

2391 4000 2569 4071 gilitas
2596 3997 2795 4061 esurie,
2824 3998 3132 4062 tentatione,
3170 3995 3501 4065 fatigatione,
3529 4002 3730 4059 morte;
3760 3992 3957 4064 partim

2392 4089 2568 4144 divina
2598 4087 2879 4151 celsitudo,
2921 4086 3212 4149 miraculis,
3262 4084 3648 4141 resurrectione
3679 4092 3738 4139 et
3760 4096 3958 4151 laseen~

2389 4176 2562 4230 sionis
2589 4175 2757 4252 gloria
2782 4176 3114 4245 intelligitur.

2448 4264 2757 4319 ‘Veus.‘l5.
2804 4292 2876 4304 —
2925 4261 3097 4317 Crura
3150 4264 3293 4317 illius
3336 4262 3588 4317 columna
3635 4274 3959 4321 morumne.

2396 4356 2626 4412 Crurum
2648 4356 2903 4410 vocabulo
2928 4355 3119 4409 itinera
3152 4354 3281 4427 [Al.,
3306 4353 3550 4425 munera]
3574 4351 3964 4408 incarnationis

732 4436 946 4491 etmihi
979 4437 1233 4491 ostendas
1265 4436 1442 4505 qualis
1468 4437 1538 4491 sit
1576 4436 1799 4492 dilectus
1827 4447 2038 4515 tuusex
2061 4454 2123 4493 ea
2149 4448 2301 4509 parte
2326 4442 2376 4503 D
2402 4447 2600 4502 Christi
2631 4446 2984 4508 insinuantur,
3026 4461 3145 4513 qua;
3183 4444 3449 4499 οοιυωηίι
3492 4443 3808 4499 mnum
3835 4456 3963 4511 ρι-ο-

734 4540 837 4593 qua
862 4526 1033 4596 possit
1072 4526 1240 4597 diligi,
1285 4540 1392 4579 non
1432 4525 1634 4587 timeri,
1667 4526 1787 4593 quia
1820 4526 2050 4596 perfecta
2078 4522 2301 4582 charitas

736 4612 881 4681 [oras
905 4614 1063 4667 mittit
1088 4613 1325 4666 timorem
1355 4611 1408 4682 (’1
1442 4612 1602 4666 Joan.
1630 4628 1704 4676 IV,
1734 4614 1841 4682 18).

794 4728 967 4782 Vens.
1001 4727 1086 4781 10.
1138 4756 1210 4768 --
1262 4725 1493 4780 Dilectus
1528 4743 1671 4780 meus
1698 4727 1953 4780 candidus
1979 4736 2025 4779 et
2057 4729 2303 4780 rubicun-

739 4819 857 4883 dus,
884 4816 1073 4871 electus
1095 4833 1159 4871 ea:
1190 4814 1433 4869 millibus.
1460 4814 1748 4881 Candidus,
1776 4817 1900 4884 quia
1926 4816 2040 4871 sine
2054 4825 2303 4884 peccato;

740 4911 1068 4967 rubicundus
1094 4909 1354 4979 sanguine
1380 4904 1673 4977 passionis;
1711 4909 1911 4964 electus
1940 4924 2006 4963 ex
2045 4908 2299 4974 millibus,

743 5000 868 5069 quia
895 4998 1042 5054 solus
1062 4999 1325 5052 mediator
1350 4995 1441 5050 Dei
1463 5004 1519 5050 et
1545 4996 1837 5049 hominum.

814 5090 975 5144 Vsus.
1007 5082 1092 5143 Η.
1124 5119 1192 5129 -
1217 5088 1384 5159 Caput
1433 5088 1545 5158 ejus
1592 5103 1777 5140 aurum
1834 5088 2100 5155 optimum.
2140 5085 2311 5153 Caput

745 5176 942 5233 Christi
988 5176 1149 5239 Deus,
1194 5178 1284 5243 qui
1340 5178 1486 5232 solus
1528 5178 1696 5231 bonus
1744 5183 1799 5230 et
1846 5176 2097 5244 Optimus.
2139 5172 2310 5229 Comm

747 5267 858 5335 ejus
883 5266 1015 5319 sicut
1039 5264 1188 5317 elata:
1213 5262 1520 5331 palmarum,
1560 5265 1718 5331 nigrm
1737 5265 1886 5333 quasi
1907 5279 2107 5317 corvus.
2134 5261 2315 5329 Comm,

749 5362 974 5411 caterva:
1014 5359 1138 5407 sunt
1170 5358 1473 5404 sanctorum
1497 5392 1511 5414 ,
1565 5366 1684 5417 qua:
1717 5349 1827 5404 Deo
1873 5351 2012 5407 fideli
2056 5349 2314 5404 famulatu

754 5444 1044 5500 adhzerent.
1078 5442 1241 5496 Elata:
1269 5440 1477 5509 palmae,
1522 5448 1738 5509 propter
1762 5443 2105 5509 eminentiam
2160 5440 2311 5514 [Cod.

768 5528 881 5595 Vat.
926 5547 1029 5583 om.
1077 5528 1444 5601 eminentiam]
1500 5529 1639 5597 apud
1687 5529 1874 5585 Deum.
1928 5530 2141 5601 Nigrae,
2199 5540 2316 5601 pro.

827 5654 850 5683 ⁸
882 5638 1045 5699 Uncis
1069 5642 1318 5696 conclusa
1345 5642 1666 5697 omittuntur
1694 5639 1745 5694 in
1774 5639 1890 5694 cod.
1922 5640 2039 5695 Vat.

2396 4548 2517 4609 pter
2552 4537 2855 4592 ﬁrmitatem
2889 4544 2943 4590 et
2983 4535 3360 4591 rectitudinem
3394 4540 3790 4604 comparantur.
3833 4530 3965 4597 Qut:

2401 4630 2632 4698 fundata
2680 4637 2798 4681 sunt
2847 4643 3001 4696 super
3063 4628 3209 4679 bases
3254 4640 3461 4678 aureas.
3528 4622 3662 4689 Quia
3710 4621 3967 4691 quidquid

2399 4732 2495 4785 per
2522 4730 2642 4769 eum
2670 4714 2754 4767 vel
2783 4716 2849 4767 de
2872 4727 2937 4767 eo
2965 4721 3171 4782 gestum
3214 4719 3315 4775 est,
3342 4711 3519 4766 omnia
3544 4711 3735 4765 divina:
3768 4709 3965 4780 ιιι-πτί-
3997 4721 4000 4724 '

2403 4807 2570 4861 sionis
2614 4803 2768 4876 [Cod.
2823 4801 2939 4857 Vat.
2966 4843 2981 4866 ,
3035 4804 3386 4872 provisionis;
3435 4802 3531 4866 αι..
3573 4795 3967 4871 promissionis]

2404 4896 2629 4952 consilio
2659 4902 2783 4948 ante
2807 4902 3047 4960 tempora
3074 4892 3347 4947 saecularia
3374 4891 3630 4960 disposita
3653 4895 3799 4943 sunt.
3839 4884 3971 4956 Spe-

2407 4986 2507 5039 cies
2550 4986 2686 5054 ejus,
2718 4991 2771 5035 ut
2812 4981 3029 5045 Libani;
3064 4981 3280 5045 electus,
3325 4990 3382 5033 ut
3428 4978 3585 5033 cedri.
3631 4976 3703 5035 Ut
3740 4976 3975 5032 Libanus

2410 5073 2726 5129 celsitudine
2742 5079 2803 5124 et
2830 5073 3004 5141 gratia
3031 5073 3282 5125 arborum
3318 5069 3451 5123 alios
3483 5056 3728 5133 montes,
3761 5069 3840 5122 sic
3871 5066 3974 5121 Do-

2414 5162 2589 5215 minus
2612 5159 2856 5213 Christus
2876 5174 3063 5212 omnes
3088 5165 3301 5212 sanctos
3330 5156 3639 5210 meritorum
3664 5155 3977 5211 celsitudine

2414 5258 2469 5303 et
2510 5248 2676 5317 gratia
2719 5248 2972 5301 virtutum
3003 5246 3292 5300 antecellit.
3326 5244 3539 5301 Electus
3562 5254 3616 5300 ut
3640 5236 3977 5303 eedri.Sieut

2414 5339 2545 5393 alias
2566 5337 2785 5393 arbores
2820 5350 2938 5405 quae
2967 5336 3020 5389 in
3052 5336 3254 5390 Libano
3275 5342 3589 5395 nascuntur.
3620 5340 3835 5400 superat
3861 5332 3949 5402 dig

2416 5429 2583 5483 nitate
2628 5443 2744 5493 sua,
2790 5428 2861 5481 ita
2908 5425 3153 5480 Christus
3177 5440 3363 5479 omnes
3405 5425 3497 5494 qui
3538 5425 3592 5478 in
3637 5422 3872 5479 Ecclesia
3909 5431 3990 5476 ad.

2420 5518 2581 5573 vitam
2606 5524 2916 5580 nascuntur,
2946 5530 3041 5569 sua
3066 5513 3397 5581 transcendit
3426 5510 3614 5582 gloria.
