4230 6200
376 371 476 427 657
627 384 629 386 ‘
1179 370 1553 426 EXEGETICA
1565 409 1577 421 .
1610 400 1678 409 —
1710 367 2046 423 COMPENDI

1876 367 2147 423 vennwn
2185 371 2250 425 ιιι
2285 344 2483 426 om.
2523 373 2718 427 cam.
3004 346 3016 354 ’
3447 369 3546 423 csa

444 486 601 542 Vens.
636 484 719 539 16.
755 513 823 524 -—
847 484 1035 538 Guttur
1055 485 1194 539 illius
1215 487 1586 538 suavissimum,
1625 485 1680 537 In
1703 490 1911 553 gutture
1937 484 1982 539 Α
2007 483 2190 548 petitio
2222 482 2489 538 ﬁrmitatis
2516 492 2598 538 est
2640 483 2912 537 indicium.
2950 482 3003 536 In
3034 482 3236 551 capillis
3267 482 3464 550 pepuli,
3494 484 3546 536 in

373 578 580 631 interna
627 575 848 630 dulcedo
872 576 1154 628 verborum
1183 575 1321 628 illius
1365 581 1704 634 memoratur,
1749 587 1906 639 quam
2005 568 2251 625 dentibus
2275 573 2547 635 doctores,
2593 572 2643 625 in
2669 571 2909 641 gemellis
2936 571 3127 626 fetibus
3153 571 3256 625 duo
3282 580 3544 640 pmcepta

371 667 460 732 qui
486 665 645 733 sapit,
686 679 789 718 non
836 664 1017 717 esurit.
1066 663 1133 715 Et
1179 669 1314 716 totus
1363 659 1732 714 desiderabilis.
1773 658 1908 724 Quid
2006 661 2285 714 charitatis
2309 662 2695 729 intelliguntur.

369 752 591 821 amplius
608 752 765 823 5.03
789 750 1222 819 qutcrisl‘T'otus
1261 747 1623 804 desiderabilis
1655 755 1755 810 est,
1785 747 1905 812 quia
2074 746 2233 800 Vens.
2259 747 2309 798 7.
2341 777 2410 787 ——
2439 746 2580 801 Sicut
2611 755 2781 801 cortex
2803 749 2927 800 mali
2951 749 3122 817 punici
3146 763 3284 816 genw
3307 757 3410 800 ture
3434 746 3551 800 abs-

369 847 510 893 totus
536 839 673 892 Deus
696 847 749 890 et
775 846 916 892 totus
939 838 1114 898 homo,
1152 836 1202 888 in
1231 848 1386 902 quem
1417 833 1714 886 desiderant
1740 840 1793 884 et
1814 845 1907 882 an-
2003 851 2100 902 qua
2150 835 2312 887 oculis
2355 837 2476 888 tuis.
2519 836 2678 889 Gerrae
2720 845 2916 888 sanctae
2961 836 3206 888 Ecclesia!
3248 832 3550 902 spirituaks

367 926 470 995 geli
515 927 833 995 prospicere.
892 926 1031 979 Deus
1057 925 1109 977 in
1134 923 1406 990 majestate
1431 921 1634 984 Patris;
1671 921 1828 975 homo
1854 921 1906 972 in
2003 928 2125 975 sunt
2150 922 2353 986 Patres,
2381 925 2468 990 qui
2491 926 2773 977 virtutibus
2793 933 2913 978 sunt
2933 923 3218 987 mirabiles,
3243 924 3550 977 ct'moribus

366 1016 667 1084 virginitate
706 1014 917 1078 matris;
963 1013 1015 1066 in
1042 1011 1130 1066 illo
1157 1009 1393 1072 Creator,
1420 1011 1473 1061 in
1508 1010 1614 1061 .hac
1642 1007 1904 1060 Salvator.
2003 1011 2330 1064 venerabiles
2355 1051 2371 1074 ,
2423 1019 2476 1064 et
2498 1012 2550 1064 in
2581 1011 2775 1065 Christi
2800 1028 2955 1068 cruce
2981 1013 3194 1081 gloriari
3229 1028 3332 1066 non
3361 1012 3547 1067 erube—

371 1103 508 1156 Talis
532 1113 604 1156 est
629 1102 844 1156 dilectus
868 1117 1027 1164 meus,
1049 1109 1095 1153 et
1121 1099 1240 1151 talis
1269 1108 1342 1152 est
1371 1097 1566 1150 amicus
1591 1112 1752 1158 meus,
1782 1093 1906 1160 lilia:
2004 1105 2228 1151 scentes.
2287 1098 2354 1150 Et
2380 1100 2492 1151 haac
2523 1113 2710 1167 magna
2737 1109 2859 1152 sunt
2883 1101 3036 1153 valde
3061 1115 3179 1167 quae
3210 1100 3456 1153 videntur
3495 1099 3545 1151 in

364 1190 669 1244 Jerusalem.
715 1190 921 1254 Quanto
961 1181 1202 1241 devotius
1252 1187 1476 1254 quisque
1511 1183 1683 1250 diligit
1719 1183 1904 1244 Deum,
2003 1198 2085 1248 ea,
2110 1185 2202 1239 sed
2235 1185 2399 1240 multo
2426 1187 2626 1256 majora
2651 1201 2766 1255 qua:
2786 1201 2888 1241 non
2911 1187 3220 1242 videnturet
3239 1189 3290 1240 in
3307 1188 3540 1241 futurum

365 1290 510 1336 tanto
539 1280 847 1334 familiarius
872 1281 1029 1333 habet
1051 1279 1280 1350 amicum
1307 1277 1502 1340 Deum;
1545 1283 1599 1330 et
1631 1274 1786 1329 talem
1810 1288 1905 1327 ne-
2005 1282 2362 1327 reservantur.

363 1384 510 1423 cesse
558 1368 680 1440 [est]
727 1377 786 1422 ut
836 1367 1097 1437 intelligas
1141 1381 1284 1431 eum,
1334 1365 1378 1418 si
1420 1364 1500 1417 vis
1540 1376 1662 1417 eum
1710 1360 1919 1415 habere
2049 1350 2233 1413 'Vsas.
2285 1363 2431 1415 8.-
2459 1360 2737 1431 Sexaginta
2787 1372 2906 1417 sunt
2947 1366 3165 1434 regitur,
3211 1373 3256 1417 et
3291 1363 3547 1432 octoginta

363 1459 616 1513 amicum.
2005 1447 2315 1511 concubinas,
2368 1459 2415 1501 et
2467 1449 2961 1504 adol'escentularum
3017 1470 3119 1505 non
3162 1462 3234 1505 est
3273 1469 3534 1505 numerus.

951 1545 1176 1602 CAPUT
1215 1544 1300 1599 Vl.
2007 1535 2220 1603 Regina:
2257 1544 2398 1602 sunt,
2427 1553 2542 1605 qua:
2572 1554 2751 1593 amore
2777 1540 2956 1607 sponsi
2995 1549 3049 1593 et
3079 1540 3308 1594 caelestis
3344 1541 3544 1610 praemii

428 1635 586 1688 Vens.
615 1634 664 1686 Ι.
698 1664 768 1674 -
789 1633 904 1698 Quo
924 1635 1060 1687 abiit‘
1077 1633 1290 1686 dilectus
1315 1641 1454 1694 tuus,-
1501 1647 1543 1682 ο·
1568 1621 1909 1697 pulcherrima
2007 1622 2198 1676 intuitu
2218 1638 2313 1691 per
2348 1625 2774 1692 praedicationem
2794 1627 3032 1680 veritatis
3065 1635 3117 1679 et
3146 1626 3294 1690 ﬁdei,
3325 1636 3378 1680 et
3405 1627 3546 1679 sacri

356 1722 663 1776 mulierum!
684 1722 787 1776 Pro
809 1723 999 1778 decore
1017 1723 1163 1775 enim
1185 1719 1437 1776 carminis
1455 1717 1474 1787 Ῐ
1478 1717 1608 1771 Cod.
1634 1714 1775 1780 Vat.,
1798 1728 1911 1768 car-
1931 1780 1972 1787 _
2008 1709 2342 1778 baptismatis
2361 1711 2578 1777 fontem,
2606 1713 2834 1768 sobolem
2848 1721 3046 1768 aeterno
3061 1713 3189 1782 Regi
3207 1711 3542 1782 [spiritalem]

355 1809 459 1881 nis]
491 1811 762 1865 variantur
784 1825 1021 1880 persona:
1047 1810 1400 1879 loquentium;
1547 1813 1724 1858 tamen
1749 1801 1903 1856 Chri-
1931 1780 1979 1842 Β
2003 1809 2276 1866 generant.
2318 1800 2634 1857 Concuhirire
2676 1811 2815 1867 sunt,
2860 1819 2976 1873 quas
3013 1780 3310 1857 camalibus
3350 1780 3544 1856 solum;

356 1901 424 1954 sti
452 1900 759 1964 Ecclesiam,
783 1917 900 1968 qua:
930 1916 1134 1969 sponsa:
1169 1899 1422 1954 vocabulo
1443 1896 1776 1966 exprimitur,
1809 1894 1900 1948 de-
2003 1889 2159 1942 modo
2190 1888 2338 1960 [Cod.
2381 1889 2520 1956 Vat.,
2563 1907 2682 1960 qua:
2715 1891 2916 1945 carnali
2946 1891 3276 1946 solummodo
3312 1904 3545 1944 commo-

355 1989 585 2057 ςὶεηειηι,
606 1987 961 2052 ΡαΙοΙιεη-ίηια
975 1988 1267 2041 mulierum,
1286 1987 1524 2041 Ρυιειιη
1542 1992 1664 2039 sum
1685 1982 1901 2052 singula;
2001 1973 2092 2045 do]
2128 1975 2397 2031 Christum
2430 1979 2765 2047 praedicando
2790 1980 2871 2034 vel
2895 1980 3208 2048 baptizando
3239 1979 3445 2034 docent.
3481 1978 3547 2030 Et

352 2085 655 2130 sanctorum
698 2075 945 2130 Ecclesia
967 2116 980 2140 ,
1036 2076 1130 2129 sed
1179 2075 1536 2143 pulcherrima
1585 2071 1902 2147 universitas
2001 2063 2120 2119 ideo
2147 2066 2249 2120 illa:
2273 2066 2597 2135 perfectione
2633 2070 2828 2132 senarii
2864 2070 3092 2132 numeri,
3120 2083 3215 2137 per
3239 2067 3545 2136 decalogum

353 2164 516 2216 totius
547 2172 741 2217 sancta:
778 2163 1026 2217 Ecclesiae
1049 2177 1146 2232 per
1168 2169 1338 2215 totum
1360 2161 1564 2215 orbem.
1599 2160 1713 2224 Quo
1743 2160 1901 2213 decli-

353 2251 489 2303 navit
529 2251 745 2303 dilectus
772 2261 911 2314 tuus,
935 2260 982 2304 et
1010 2266 1298 2320 queremus
1317 2267 1451 2304 eum.
1488 2249 1587 2314 Qui
1618 2248 1901 2317 aliquando

352 2338 406 2390 in
426 2345 564 2391 terra
587 2338 846 2404 corporali
864 2340 1039 2406 specie
1056 2347 1300 2394 versatus
1320 2348 1421 2403 est,
1447 2339 1531 2393 dic
1551 2352 1657 2406 quo
1670 2336 1902 2392 declina-

353 2426 422 2479 rit
440 2425 547 2490 ille,
569 2435 627 2480 ιιι
655 2426 798 2480 illum
827 2440 1112 2495 sequamur
1135 2426 1262 2498 [Αι.,
1286 2426 1604 2497 αυετειηυε]
1634 2435 1828 2480 tecum.
1853 2465 1856 2469 .

419 2513 578 2567 Vens.
601 2513 654 2566 2.
671 2543 742 2554 —
761 2513 986 2568 Dilectus
1009 2531 1148 2569 meus
1168 2515 1426 2569 descendit
1451 2516 1730 2569 inhortum
1748 2529 1898 2566 suum

349 2600 417 2652 ad
461 2599 684 2654 areolam
718 2603 981 2655 aromatis.
1013 2601 1172 2667 Quasi
1197 2604 1434 2666 dixisset,
1479 2603 1605 2657 illuc
1629 2602 1893 2665 ascendit,

347 2690 488 2745 unde
510 2690 798 2745 descendit.
826 2691 881 2744 In
903 2692 1136 2758 hortum,
1161 2692 1212 2746 id
1232 2701 1312 2746 est
1333 2693 1382 2744 in
1407 2692 1696 2747 Ecclesiam
1719 2706 1892 2753 suam,

2003 2155 2131 2227 [Αι.,
2162 2159 2462 2230 denarium]
2497 2159 2889 2228 multiplicatae;
2935 2158 3016 2211 ha:
3049 2159 3308 2212 octonarii
3349 2159 3544 2224 impen-

2001 2245 2227 2301 fectione
2274 2251 2400 2302 notr
2419 2249 2701 2303 sinceriter
2737 2247 3042 2317 decalogum
3094 2253 3365 2299 servantes
3406 2245 3546 2299 desi-

1998 2343 2245 2400 gnantur.
2284 2335 2700 2390 Adolescentulre
2737 2343 2861 2390 sunt
2909 2335 3096 2387 anima:
3141 2347 3307 2402 nuper
3348 2331 3545 2386 Christi

1998 2425 2168 2492 gratia
2191 2433 2408 2490 renatae,
2432 2441 2653 2495 quarum
2678 2441 2903 2488 summa,
2924 2432 3139 2493 propter
3152 2423 3541 2480 multitudinem

2001 2511 2150 2582 [Cod.
2191 2513 2305 2567 Vat.
2324 2554 2338 2580 ,
2379 2530 2491 2583 prae
2518 2512 2872 2584 multitudine]
2899 2514 3090 2567 civium
3120 2512 3415 2568 celestium
3453 2526 3544 2564 nu-

1999 2615 2202 2654 merum
2224 2604 2567 2656 transcendit.

2064 2687 2398 2759 Miluus.
2425 2689 2475 2745 9.
2504 2720 2574 2730 —
2596 2690 2712 2744 Una
2733 2707 2786 2745 es
2816 2690 2968 2763 [Cod.
2989 2692 3134 2757 γει,
3164 2691 3284 2763 est],
3309 2691 3543 2744 columba

347 2786 407 2831 ut
428 2792 546 2833 eam
573 2777 718 2833 fonte
753 2779 936 2849 gratia:
964 2795 1094 2844 suae,
1139 2781 1291 2849 quasi
1335 2781 1569 2861 areolam
1598 2787 1892 2832 aromatum
1996 2792 2127 2839 mea,
2155 2778 2380 2845 perfecta
2400 2795 2531 2830 mea.
2559 2778 2751 2833 Sancta
2776 2781 3019 2833 videlicet
3034 2789 3087 2834 et
3111 2779 3429 2833 universalis
3445 2793 3542 2846 per

347 2868 616 2937 irrigaret,
643 2875 703 2921 ut
728 2868 978 2922 virtutum
1007 2868 1224 2923 ﬂoribus
1251 2870 1593 2939 germinaret.
1618 2869 1684 2921 Ut
1711 2885 1895 2938 pasca-
1997 2870 2162 2916 lotum
2185 2866 2366 2918 orbem
2382 2865 2634 2918 Ecclesia.
2659 2863 2774 2917 Una
2794 2875 2867 2918 est
2888 2865 3042 2917 matri
3053 2881 3197 2928 mea,
3217 2864 3377 2917 electa
3397 2864 3541 2933 geni.-

349 2965 433 3008 tur
459 2956 512 3008 in
532 2955 715 3026 hortis,
740 2964 786 3007 et
813 2954 924 3009 lilia
951 2956 1174 3025 colligat.
1206 2957 1448 3011 Pascitur
1480 2958 1531 3010 in
1558 2957 1748 3020 hortis,
1771 2957 1894 3011 dum
1994 2955 2109 3006 lrt'ci
2133 2952 2282 3024 [Cod.
2307 2955 2448 3018 νει,
2472 2956 2717 3007 matris...
2753 2953 3037 3025 genitricis]
3060 2972 3186 3009 susc-
3219 2954 3276 3008 Μ
3299 2961 3398 3019 εει)
3428 2969 3537 3009 εωδ

347 3042 450 3109 piis
477 3050 778 3096 sanctorum
808 3042 1076 3096 laboribus
1105 3045 1430 3107 delectatur;
1461 3053 1509 3097 et
1544 3045 1707 3097 lilium
1743 3045 1888 3098 colli-

347 3133 443 3201 git,
469 3133 591 3186 dum
618 3132 683 3185 ad
714 3132 1001 3202 perfectum
1031 3133 1195 3204 [Cod..
1219 3132 1358 3197 Vat.,
1382 3134 1758 3204 perfectorum]
1779 3149 1886 3186 me-

345 3223 572 3276 ritorum
609 3223 888 3276 candorem
928 3224 1292 3292 pervenientes
1322 3224 1388 3277 ad
1438 3223 1671 3277 caelestia
1725 3237 1885 3292 regna

348 3309 608 3377 perducit.

413 3397 572 3451 Vens.
599 3399 724 3451 3.—
736 3397 846 3467 Ego
889 3399 1073 3452 dilecto
1096 3416 1228 3464 meo,
1263 3409 1308 3452 et
1335 3400 1551 3453 dilectus
1573 3416 1713 3453 meus
1740 3400 1880 3461 mihi,

341 3486 427 3554 qui
455 3487 686 3553 pascitur
709 3488 842 3538 inter
874 3487 1003 3539 lilia.
1035 3488 1143 3555 Ego
1167 3489 1356 3542 dilecto
1385 3505 1503 3542 meo
1530 3490 1703 3542 locum
1733 3489 1886 3542 habi-

342 3573 555 3627 tationis
583 3588 823 3641 praparo
859 3574 911 3626 in
940 3589 1051 3637 me;
1092 3583 1145 3627 et
1179 3576 1288 3641 ipse
1325 3578 1451 3628 mihi
1498 3578 1633 3642 apud
1661 3592 1745 3636 se,
1795 3577 1882 3642 qui

338 3675 549 3730 semper
573 3661 714 3716 inter
731 3671 912 3716 sancta
940 3662 1200 3716 desideria
1228 3664 1478 3714 mentium
1500 3671 1763 3714 castarum
1792 3675 1884 3728 pa-

340 3749 524 3801 scitur.
557 3749 821 3804 Hactenus
846 3759 1042 3804 sanctre
1080 3749 1326 3803 Ecclesiae
1350 3766 1447 3802 vox
1479 3759 1586 3812 est,
1623 3750 1883 3802 laudantis

339 3850 402 3889 ac
435 3837 716 3902 quaerentis
741 3852 1019 3905 sponsum;
1055 3854 1193 3891 nunc
1229 3838 1353 3905 quid
1386 3839 1638 3905 quaesitus
1668 3853 1882 3908 respon-

342 3923 484 3988 deat,
515 3923 856 3978 subinfcrtur.

410 4013 568 4078 Vens.
591 4013 644 4066 4.
664 4042 732 4052 —-
758 4012 984 4066 Pulchra
1009 4029 1081 4076 es,
1115 4011 1324 4082 [amica]
1354 4029 1464 4064 mea
1481 4054 1494 4077 ,
1521 4015 1690 4066 suavis
1721 4022 1768 4065 et
1794 4011 1883 4064 de-

340 4118 460 4154 cora
492 4101 620 4154 sicut
649 4100 955 4154 Jerusalem.
1002 4100 1194 4154 Sancta
1231 4101 1465 4154 Ecclesia
1494 4101 1670 4155 suavis
1699 4109 1752 4154 et
1792 4101 1882 4153 de-

340 4203 461 4240 cora
497 4196 556 4241 ut
577 4189 863 4244 Jerusalem
891 4190 1101 4255 dicitur,
1131 4191 1251 4258 quia
1281 4190 1394 4258 ejus
1419 4193 1540 4244 vitae
1562 4190 1878 4244 desiderium

339 4276 528 4328 visioni
559 4276 670 4342 jam
711 4280 856 4344 pacis
904 4280 1101 4332 intima:
1143 4280 1480 4333 assimilatur.
1531 4278 1791 4332 Terribilis
1824 4288 1892 4338 ut

340 4372 619 4430 castrorum
649 4364 782 4416 acies
805 4365 1060 4417 ordinata.
1088 4365 1142 4418 ld
1167 4375 1262 4427 est,
1289 4368 1545 4420 charitate
1570 4367 1712 4419 unita
1746 4365 1875 4435 [Αι.,
1905 4399 1955 4458 D

333 4451 538 4522 juncta]
565 4461 616 4505 et
641 4462 926 4520 compacta,
953 4461 1008 4504 ut
1033 4453 1206 4505 nullus
1233 4454 1379 4506 locus
1401 4455 1538 4506 hosti
1562 4470 1657 4520 per
1683 4455 1894 4506 malum-

342 4542 617 4595 discordia:
643 4544 929 4612 aperiatur,
961 4543 1084 4610 quia
1114 4543 1442 4596 solummodo
1477 4543 1530 4595 in
1558 4541 1759 4596 unitate
1787 4559 1878 4611 pa-

339 4629 417 4682 cis
449 4631 708 4684 terribiles
731 4647 909 4684 surnus
929 4633 1085 4685 hosti.

413 4719 566 4772 Vsus.
583 4718 903 4773 5.———Averte
922 4721 1092 4775 oculds
1116 4733 1229 4774 tuos
1252 4739 1283 4774 a
1300 4739 1395 4786 me,
1411 4722 1532 4789 quia
1549 4721 1645 4789 ipsi
1666 4737 1743 4773 me
1765 4736 1876 4772 avo-

341 4808 448 4862 lare
471 4811 717 4878 fecerunt.
749 4809 920 4872 idest,
935 4813 1113 4866 oculos
1141 4814 1332 4867 mentis
1352 4824 1471 4867 tu:e.
1501 4813 1615 4867 Noli
1640 4827 1876 4881 quaerere

341 4900 396 4952 in
429 4908 530 4953 tua:
569 4899 1006 4968 peregrinationis
1053 4901 1241 4954 itinere
1278 4903 1510 4970 perfecte
1552 4919 1636 4957 me
1678 4920 1873 4974 cogno-

340 5001 513 5049 scere,
557 4988 695 5055 quod
719 4987 830 5040 lieri
861 5001 964 5039 non
989 4996 1187 5060 potest;
1217 4990 1336 5055 quia
1378 5004 1479 5056 quo
1513 4991 1764 5046 intentius
1792 5009 1874 5048 me

339 5087 622 5142 agnoscere
649 5076 857 5141 quaeris,
881 5088 944 5128 eo
970 5075 1162 5128 certius
1185 5089 1268 5128 me
1294 5075 1874 5142 incomprehensibilem

337 5177 454 5216 esse
488 5161 774 5230 intelliges;
802 5172 981 5217 etnon
1006 5178 1208 5231 quaeras
1236 5163 1288 5216 in
1312 5165 1392 5217 via
1417 5169 1879 5237 praemium,.quod

339 5253 432 5307 tibi
461 5256 514 5308 in
536 5253 706 5323 patria
727 5262 1048 5306 reservatur.
1083 5251 1267 5322 Capilli
1293 5254 1370 5304 tui
1390 5255 1519 5306 sicut
1543 5272 1666 5324 grex
1692 5276 1873 5326 capra-

339 5357 477 5405 nm,
492 5359 606 5411 qua
625 5351 973 5412 apparuerunt
999 5343 1061 5394 de
1082 5341 1301 5396 Galaad.

405 5431 566 5486 Visus.
583 5435 634 5487 6.
648 5433 912 5488 —Dentes
928 5434 1003 5484 tui
1027 5436 1156 5487 sicut
1175 5452 1343 5504 greges
1360 5435 1545 5499 ouium,
1560 5453 1674 5506 quit
1696 5455 1872 5492 ascen-

337 5521 517 5574 derunt
543 5521 606 5575 de
625 5522 850 5587 lauacro,
872 5537 1044 5577 omnes
1058 5524 1277 5592 gemellis
1302 5525 1480 5593 fetibus
1502 5534 1548 5578 et
1561 5528 1746 5581 sterilis
1771 5545 1868 5581 non

1993 3041 2110 3096 lesti
2136 3041 2589 3112 Jerusalem,‘qua:
2604 3050 2684 3098 est
2707 3051 2877 3097 mater
2897 3044 3130 3097 omnium
3153 3051 3410 3108 nostrum,
3433 3058 3534 3096 un-

1961 3140 1964 3142 ·
1990 3130 2056 3183 de
2082 3133 2148 3183 ad
2173 3146 2269 3185 nos
2290 3133 2460 3201 gratia
2481 3134 2649 3187 sancti
2673 3131 2904 3200 Spiritus
2920 3133 3212 3197 descendit,
3236 3146 3348 3199 per
3367 3146 3525 3200 quam

1987 3220 2315 3274 renascimur
2341 3221 2470 3274 Deo.
2517 3219 2760 3274 Viderunt
2784 3238 2895 3274 eam
2920 3222 3046 3289 ﬁliae
3075 3222 3204 3276 Sion
3219 3230 3278 3274 -ει
3302 3221 3532 3294 beatissi-

1985 3327 2120 3362 mam
2135 3310 2537 3379 pradicauerunt
2552 3325 2572 3363 :
2589 3310 2774 3382 regina:
2798 3320 2844 3362 et
2863 3312 3159 3363 concubina
3185 3311 3524 3364 laudauerunt

1985 3413 2118 3450 eam.
2149 3397 2288 3462 Quas
2316 3399 2463 3467 prius
2483 3399 2614 3452 dixit
2639 3396 3074 3460 adolescentulas,
3111 3412 3250 3450 nunc
3270 3397 3403 3450 ﬁlias
3433 3412 3527 3450 nos

1984 3484 2171 3536 minat.
2211 3485 2440 3552 Regina.
2465 3495 2519 3538 et
2555 3484 2862 3540 concubinae
2879 3484 3025 3539 idem
3071 3493 3197 3539 sunt
3234 3500 3352 3553 quas
3371 3468 3514 3549 ante,

1983 3585 2098 3637 qua:
2125 3585 2309 3623 omnes
2341 3569 2654 3625 catholicam
2681 3573 2904 3626 laudant
2923 3573 3234 3628 Ecclesiam.

2052 3658 2209 3710 Vens.
2244 3658 2325 3710 10.
2352 3688 2422 3697 -
2451 3658 2578 3721 Quae
2617 3669 2702 3710 est.
2733 3660 2831 3712 ista
2851 3676 2970 3728 qua
3006 3663 3330 3730 progreditur
3375 3666 3526 3731 quasi

1983 3763 2172 3799 aurora
2202 3749 2548 3814 consurgens?
2581 3746 2924 3816 Progreditur
2947 3749 3180 3803 Ecclesia
3204 3751 3354 3816 quasi
3374 3768 3529 3805 auro-

1983 3850 2062 3897 ra,
2085 3835 2207 3901 quia
2224 3835 2334 3903 jam
2356 3834 2465 3887 veri
2487 3834 2700 3888 luminis
2724 3834 2774 3887 in
2807 3849 2868 3888 ea
2892 3835 2969 3887 sol
2989 3844 3156 3899 ortus,
3187 3836 3384 3889 mundo
3402 3848 3532 3905 post

1983 3923 2227 3976 tenebras
2254 3922 2765 3992 longasignorantia:
2793 3930 3137 3978 monstratur.
3189 3923 3418 3978 Pulchra
3463 3937 3519 3978 ut

1980 4011 2138 4073 luna;
2166 4015 2287 4080 quia
2310 4014 2652 4081 solejustitia:
2679 4015 2936 4069 illustrata
2965 4025 3171 4070 noctem
3195 4018 3375 4073 mundi
3402 4018 3519 4071 illu-

1979 4101 2164 4152 minat.
2206 4101 2407 4171 [Electa
2437 4114 2489 4157 ut
2509 4103 2630 4176 sol],
2656 4107 2778 4172 quia
2814 4107 3095 4174 imaginem
3125 4108 3204 4162 sui
3233 4108 3522 4165 conditoris

1980 4191 2030 4242 in
2055 4190 2441 4257 omnijustitia,
2472 4195 2751 4248 sanctitate
2774 4203 2826 4248 et
2846 4195 3040 4262 pietate
3070 4195 3233 4266 [Cod.'
3254 4196 3393 4262 Vat,
3430 4206 3519 4254 ve—

1978 4279 2157 4350 ritate]
2181 4289 2373 4350 portat.
2407 4281 2667 4336 Tcrribilis
2697 4292 2753 4336 ut
2782 4291 3066 4335 castrorum
3078 4288 3231 4338 "acies
3254 4289 3510 4355 ordinata.

1980 4369 2254 4424 Terribilis
2297 4369 2435 4423 aeris
2473 4369 2622 4440 [Cod.
2661 4369 2800 4433 Vat.,
2845 4368 3036 4440 aereis]
3071 4373 3421 4439 potestatibus
3465 4376 3516 4428 in

1981 4459 2182 4514 unitate
2210 4461 2504 4525 charitatis,
2533 4459 2651 4515 ﬁdei
2681 4467 2733 4515 et
2753 4461 2883 4531 spei.

2049 4550 2206 4602 Vens.
2252 4543 2334 4604 ll.
2356 4551 2694 4603 -Descendi
2724 4550 2791 4602 ad
2830 4553 3031 4604 hortum
3060 4567 3264 4617 nucum,
3300 4560 3354 4603 ut
3377 4556 3515 4609 cii/c-

1978 4652 2081 4687 rem
2111 4653 2260 4705 poma
2281 4637 2543 4691 convallis.
2568 4638 2760 4691 Hortus
2784 4639 2976 4691 etenim
3004 4655 3196 4691 nucum
3221 4647 3302 4692 est
3334 4639 3514 4693 Eccle—

1977 4723 2051 4774 sia
2079 4726 2353 4791 prresentis
2382 4727 2558 4780 saeculi
2606 4723 2754 4794 [Cod.
2790 4725 2929 4788 Vah,
2968 4728 3202 4782 Ecclesia
3235 4730 3511 4800 praesens],

1974 4812 2064 4872 ubi
2085 4823 2302 4868 nostras.
2317 4815 2667 4869 conscientias
2687 4814 2998 4870 alterutrum
3022 4818 3236 4873 minime
3255 4820 3509 4887 videmus,

1974 4901 2063 4954 sed
2089 4902 2252 4957 fracta
2279 4919 2373 4973 per
2407 4903 2748 4958 tentationem
2779 4913 2912 4961 testa
2941 4908 3197 4973 corporis,
3237 4912 3511 4975 apparebit

1963 4988 2196 5047 interna:
2217 4993 2505 5047 dulcedinis
2525 5003 2728 5061 gusws.
2751 4995 2912 5049 Poma
2932 4996 3182 5050 convallis
3203 4997 3404 5051 fructus
3427 5007 3507 5050 est

1972 5081 2306 5136 humilitatis.
2353 5080 2627 5136 Descendit
2650 5089 2830 5137 sancta
2873 5083 3104 5142 Ecclesia
3147 5097 3241 5149 per
3265 5083 3508 5138 doctores

1972 5169 2312 5237 sanctos,.qui
2333 5167 2614 5236 proficiunt
2634 5169 2701 5223 ad
2727 5169 2930 5225 fructus
2951 5170 3137 5232 bonos,
3162 5170 3314 5237 quive
3335 5171 3507 5226 adhuc

1971 5259 2203 5328 indigent
2239 5258 2490 5311 doctrina:
2537 5258 2864 5330 irrigatione.
2903 5259 2967 5313 Ut
3001 5261 3294 5330 inspicerem
3323 5262 3367 5314 si
3401 5264 3503 5330 ﬂo-

1970 5349 2151 5400 ruisset
2191 5347 2352 5398 vinea.
2391 5346 2706 5413 inspicerem
2735 5350 2780 5403 si
2817 5350 3067 5404 virtutum
3095 5349 3266 5403 studia
3298 5349 3508 5408 ﬂoruis-

1966 5442 2101 5489 sent.
2133 5432 2200 5486 Et
2237 5435 2602 5502 germinassent
2630 5436 2767 5489 mala
2791 5438 2994 5503 punica.
3032 5437 3087 5491 Si
3124 5437 3215 5506 qui
3235 5438 3302 5493 ad
3328 5453 3505 5495 exem-

1966 5528 2106 5594 pium
2158 5523 2444 5577 Dominice
2486 5524 2746 5592 passionis
2792 5527 3072 5594 praeparati
3120 5534 3298 5584 essent
3351 5543 3510 5586 suum

337 5619 412 5683 est
443 5610 494 5664 in
536 5611 626 5664 eis.
657 5611 719 5665 lii
759 5612 1000 5668 versiculi
1031 5613 1174 5680 prius
1209 5616 1426 5684 expositi
1459 5625 1606 5681 sunt,
1657 5619 1746 5671 sed
1788 5634 1868 5672 re-
1964 5613 2182 5669 fundcre
2207 5612 2531 5679 sanguinem.
