4286 6200
708 325 810 380 650

1412 396 1426 408 ε
1529 333 1586 385 Β.
1632 334 1692 387 F.
1735 335 1953 388 ALBlNl
1990 336 2118 391 εει]
2157 337 2429 394 ALCUINI
2465 341 2745 397 OPERUM
2780 343 2957 400 PARS
2992 345 3053 398 II.

3812 353 3916 408 660

686 476 687 483 η
777 442 936 523 Vsus.
976 442 1063 495 12.
1090 474 1156 481 —
1202 445 1425 510 Nesciet,
1471 451 1645 503 anima
1685 468 1798 505 mea
1826 455 2145 507 conturbavit
2178 470 2259 511 ate
2285 458 2333 514 A
2360 464 2578 523 propter
2596 457 3004 524 providentiam,
3021 458 3160 514 sicut
3180 460 3374 515 collum
3390 470 3604 533 propter
3624 473 3917 525 nutriamu-

703 518 908 600 propter
952 533 1231 603 quadrigas
1276 537 1586 591 Aminadab.
1640 538 1849 598 Neseivi
1896 544 2033 597 dona
2075 547 2261 615 gratia

706 620 996 686 spiritualis
1034 622 1083 676 in
1114 632 1165 677 te
1206 639 1345 688 esse,
1374 640 1598 695 sponsa,
1643 629 1736 683 sed
1763 630 1940 685 anima
1976 648 2095 687 mea
2137 649 2261 689 con—

706 711 938 764 turbavit
976 727 1060 769 me
1097 723 1313 789 propter
1339 710 1783 772 introductionem
1811 718 1962 789 [ϐοά.
2002 719 2152 785 Vat.,
2182 722 2260 775 in-

702 798 1028 869 ductionem]
1064 787 1195 854 Νόνί
1231 802 1589 872 Testamenti,
1622 816 1676 860 et
1702 787 2017 877 evangelicae
2044 811 2259 878 quadri-

702 900 802 953 ga,
830 902 935 956 qua
979 886 1131 959 [Cod.
1175 889 1314 954 Vat.,
1348 894 1495 964 quia]
1525 896 1821 952 Aminadab
1857 899 1967 968 (qui
1999 901 2259 969 interpre-

704 983 849 1028 tatur
870 1015 885 1039 ,
926 977 1103 1046 populi
1139 982 1239 1032 mei
1268 982 1599 1053 spontaneus)
1629 985 1680 1039 id
1722 994 1823 1051 est,
1861 988 2125 1053 Christus,
2164 1006 2259 1058 per

646 1080 652 1089 ·
703 1072 871 1119 totum
920 1068 1134 1123 vehitur
1181 1071 1478 1138 mundum;
1527 1075 1612 1128 cui
1659 1076 1902 1132 Ecclesia
1938 1080 2258 1135 consolando

699 1168 826 1208 mox
852 1159 1153 1228 respondet.

771 1245 934 1299 Vsus.
982 1247 1066 1301 15.
1098 1279 1165 1287 -
1193 1239 1489 1313 Revertere,
1523 1264 1796 1317 revertere,
1835 1254 2139 1321 Sunamitis,
2180 1247 2258 1313 re-

699 1344 905 1399 uertere,
937 1346 1204 1401 revertere,
1238 1348 1294 1390 ut
1323 1340 1615 1395 intueamur
1639 1353 1706 1397 te.
1739 1344 1854 1398 Noli
1882 1348 2089 1399 turbata
2106 1362 2253 1423 esse,

698 1423 793 1477 sed
838 1433 1111 1479 revertere
1139 1425 1206 1479 ad
1253 1428 1575 1494 agnitionem
1623 1433 1698 1485 tui
1730 1426 2138 1503 Redemptoris,
2164 1439 2257 1506 qui

700 1510 797 1565 tibi
823 1513 981 1567 toties
1008 1513 1061 1567 in
1084 1517 1358 1584 prophetis
1380 1527 1435 1572 et
1463 1519 1575 1590 lege
1608 1524 1904 1590 promissus
1931 1536 2031 1585 est.
2058 1510 2287 1581 Rever-l

702 1608 814 1654 tere
832 1601 1066 1668 puritate
1095 1602 1240 1669 ﬁdei,
1258 1620 1478 1674 operum
1498 1608 1843 1675 perfectione.
1866 1612 1910 1667 Ο
1941 1613 2254 1680 Sunamitis,

700 1688 753 1742 id
778 1698 881 1754 est,
927 1692 1161 1761 captiva,
1182 1692 1293 1761 jam
1330 1696 1539 1753 vinculo
1565 1698 1892 1756 inﬁdelitatis
1917 1705 2127 1771 penitus
2162 1707 2256 1759 ab-

2364 554 2495 599 tum.
2527 546 2594 600 Et
2613 558 2758 602 recte
2780 549 2997 616 piscina
3020 560 3416 619 comparantur,
3457 554 3579 622 quia
3601 553 3802 615 ﬂuenta
3823 558 3918 617 ὼ-

2359 632 2546 687 ctrina
2573 634 2687 689 suis
2708 636 3041 692 auditoribus
3067 639 3307 707 prabere
3326 655 3431 694 non
3451 650 3684 697 cessant.
3710 642 3919 700 Eubois

2357 723 2627 792 cingulum
2648 726 2896 781 maroris
2920 726 3324 796 interpretatur,
3348 731 3654 798 quia'sancti
3669 750 3766 803 pro
3782 750 3914 792 vana
3984 747 3989 752 ‘

2356 812 2539 869 latitia
2560 816 2740 871 carnis
2763 817 2972 885 cingulo
3007 818 3340 874 abstinentia
3366 822 3818 892 constringuntur.
3852 826 3919 880 Et

2355 903 2493 957 bene
2520 904 2575 958 in
2603 905 2772 972 portis
2789 905 2914 962 ﬁlia
2938 908 3310 972 multitudinis,
3338 911 3407 965 ob
3428 912 3803 967 abundantiam
3822 928 3917 983 po-

2355 992 2599 1059 pulorum
2624 994 3055 1057 concurrentium
3097 1011 3193 1065 per
3234 1008 3440 1065 portam
3465 998 3590 1055 ﬁdei
3628 1001 3683 1055 in
3734 1001 3917 1056 Eccle-

2355 1080 2512 1134 siam.
2575 1081 2753 1145 Nasus
2796 1093 2914 1137 tuus
2937 1085 3070 1137 sicut
3099 1087 3257 1138 turris
3283 1086 3488 1142 Libani.
3520 1090 3653 1144 Item
3693 1091 3749 1145 in
3786 1106 3920 1149 naso

2357 1170 2504 1224 verbi
2554 1170 2647 1225 Dei
2694 1171 3108 1239 dispendatores,
3155 1189 3316 1229 causa
3372 1178 3730 1243 discretionis,
3775 1179 3919 1236 desi-

2356 1269 2602 1327 gnantur.
2649 1259 2853 1326 Turris,
2884 1263 3008 1330 quia
3033 1264 3509 1320 eminentissimum
3537 1267 3711 1322 locum
3735 1274 3922 1325 tenent

2357 1346 2409 1398 in
2437 1346 2691 1401 Ecclesia.
2736 1348 2865 1412 Qua:
2890 1351 3100 1418 respicit
3129 1361 3309 1406 contra
3349 1352 3682 1409 Damascum.
3711 1356 3773 1413 ιιι
3809 1366 3915 1421 est,

2358 1437 2727 1505 sanguinarios
2754 1448 2809 1491 et
2853 1439 3078 1506 impios;
3123 1442 3247 1509 quia
3299 1442 3593 1497 Damascus
3613 1446 3918 1513 sanguinem

2356 1526 2529 1579 bibens
2553 1527 2955 1594 interpretatur.
2985 1528 3261 1599 Signiﬁcat
3307 1531 3550 1585 carnales
3579 1540 3635 1587 et
3654 1532 3914 1595 crudeles,

2355 1623 2543 1669 contra
2572 1630 2706 1682 quos
2730 1618 2901 1669 sancti
2944 1618 3190 1671 doctores
3217 1618 3269 1672 in
3308 1628 3467 1673 turre
3492 1619 3699 1684 Libani,
3728 1620 3783 1675 id
3811 1628 3919 1683 est,

2354 1703 2608 1759 ﬁrmitate
2630 1705 2899 1769 Ecclesia,
2928 1721 3137 1775 semper
3164 1708 3402 1776 vigilant.

701 1790 824 1830 raso
854 1774 1051 1847 [Verba
1099 1782 1309 1850 penitus
1347 1787 1540 1840 abraso
1585 1789 1777 1842 omissa
1809 1791 1865 1843 in
1894 1788 2023 1844 Cod.
2080 1792 2255 1864 Vat.],
2286 1793 2335 1851 Β
2433 1794 2591 1846 Vsus.
2620 1794 2759 1846 5.-—
2779 1788 2945 1864 caput
2968 1774 3113 1847 tuum
3140 1805 3194 1847 ut
3226 1774 3514 1859 Carmelus,
3556 1806 3606 1852 et
3650 1813 3798 1851 coma
3823 1815 3915 1855 ca-

699 1876 969 1923 revertere
996 1871 1063 1923 ad
1093 1878 1237 1929 tuum
1263 1873 1692 1945 Redemptorem,
1724 1887 1783 1933 ut
1809 1880 2050 1936 salveris.

1278 1962 1504 2018 CAPUT
1560 1967 1687 2029 Vlla

770 2045 929 2101 Vsus.
961 2048 1009 2100 1.
1032 2078 1104 2087 ——
1139 2048 1276 2113 Quid
1312 2052 1501 2107 uidebis
1526 2054 1582 2108 in
1610 2053 1896 2122 Sunamite,
1936 2060 2038 2111 nisi
2073 2061 2255 2114 choros

696 2139 1031 2192 castrorum?
1064 2139 1141 2213 Tu
1171 2142 1318 2196 doles
1345 2141 1679 2215 Synagogam
1703 2149 2047 2215 obduratam;
2090 2166 2255 2219 prope

696 2234 781 2280 est
814 2236 1029 2298 tempus
1043 2245 1150 2299 quo
1166 2231 1358 2288 choros
1384 2234 1695 2293 bellantium
1720 2237 1977 2294 adversus
1996 2241 2255 2310 malignos

696 2316 917 2385 spiritus
938 2357 953 2382 ,
991 2325 1048 2372 et
1076 2319 1409 2375 laudantium
1436 2320 1605 2378 Deum
1630 2326 1834 2381 videbis
1861 2328 1913 2382 in
1955 2345 2039 2383 ea.
2083 2329 2253 2395 Quam

694 2404 897 2474 pale/tri
920 2418 1039 2463 sunt
1053 2425 1256 2478 gressus
1277 2413 1355 2466 tui
1371 2413 1426 2465 in
1444 2412 1825 2483 calceamentis,
1845 2418 1958 2487 ﬁlia
1976 2422 2221 2492 principis
2233 2424 2254 2475 .'

697 2494 849 2551 Nunc
886 2495 1071 2559 laudes
1095 2498 1347 2555 Ecclesia
1385 2501 1454 2557 ab
1479 2503 1596 2573 ipso
1621 2503 1827 2573 Sponso
1865 2507 2249 2576 proteruntur:

696 2590 752 2638 et
774 2584 946 2653 primo
964 2600 1187 2655 operum
1208 2581 1535 2654 constantia,
1566 2600 1621 2647 et
1650 2595 1987 2652 mortiﬁcatio
2013 2598 2254 2669 volupta-

695 2680 812 2726 tum
834 2674 1116 2730 laudantur
1144 2678 1196 2732 in
1220 2692 1303 2741 ea,
1335 2694 1495 2747 quam
1523 2689 1577 2736 et
1598 2682 1761 2739 ﬁliam
1798 2687 2072 2759 principis,
2097 2690 2151 2744 id
2173 2700 2254 2745 est

698 2759 920 2826 Christi,
969 2765 1038 2820 ob
1062 2768 1290 2834 gratiam
1322 2769 1658 2838 baptismatis
1698 2782 1753 2828 et
1785 2776 2113 2832 nobilitatem
2148 2780 2255 2833 vir-

700 2858 873 2905 tutum
890 2855 1149 2912 nominat.
1167 2854 1437 2914 Junctura:
1451 2859 1736 2928 feminum!
1762 2872 1968 2921 tuorum
1990 2869 2123 2922 sicut
2146 2886 2255 2925 mo-

695 2938 845 3007 nilia,
864 2956 982 3010 qua
1004 2942 1259 3011 fabricata
1280 2956 1399 3001 sunt
1417 2964 1511 3016 per
1532 2966 1740 3005 manus.
1760 2955 1994 3022 artificis.
2019 2956 2254 3011 Duorum

693 3028 978 3085 concordia
1024 3031 1338 3099 populorum
1367 3035 1626 3103 spirituali
1665 3040 1814 3111 prole
1856 3040 2254 3100 fecundantium

2352 1882 2472 1951 pitis
2501 1884 2577 1935 tui
2605 1881 2781 1954 [sicut]
2818 1901 3047 1953 purpura
3066 1886 3197 1954 regis
3224 1887 3392 1940 vincta
3426 1886 3713 1942 canalibus.
3738 1889 3794 1943 In
3821 1906 3914 1945 ca-

2353 1973 2463 2040 pite
2490 1988 2640 2028 mens
2662 1975 3000 2044 designatur;
3031 1976 3084 2029 in
3113 1976 3282 2031 comis
3307 1978 3685 2047 cogitationes;
3710 1988 3765 2035 et
3777 1982 3918 2036 sicut

2354 2061 2530 2127 capite
2558 2062 2821 2125 membra,
2845 2063 2916 2117 ita
2946 2074 3122 2118 mente
3168 2065 3517 2133 cogitationes
3557 2075 3835 2135 reguntur,
3860 2077 3919 2122 ut

2354 2149 2407 2202 in
2437 2147 2679 2204 Carmelo
2709 2150 2820 2218 (qui
2864 2152 3244 2219 interpretatur
3282 2154 3596 2207 conscientia
3644 2155 3917 2208 circumci-

2351 2238 2511 2290 sionis
2538 2236 2808 2307 [conclusa
2828 2240 3179 2295 semicirculis
3199 2243 3389 2294 omissa
3411 2243 3464 2294 in
3485 2240 3613 2295 Cod.
3649 2241 3745 2295 Vat
3776 2242 3835 2314 1).
3860 2243 3919 2298 Id

2350 2326 2807 2395 est,.sublimibus,
2838 2334 2891 2380 et
2917 2330 3191 2396 passione,
3246 2345 3367 2397 qua
3406 2332 3620 2393 nomine
3668 2347 3918 2402 purpura

2351 2416 2668 2484 exprimitur
2685 2456 2699 2481 ,
2726 2426 3025 2471 versentur.
3077 2418 3299 2473 Canales
3318 2421 3616 2489 praeordia
3642 2432 3768 2476 sunt
3790 2436 3917 2477 san-

2352 2509 2579 2567 ctortln,
2600 2503 2654 2557 iu
2681 2503 2873 2571 quibus
2913 2503 3200 2572 alligantur
3226 2505 3359 2559 tales
3401 2508 3771 2576 cogitationes.

2422 2593 2584 2647 Vsus.
2619 2591 2672 2645 6.
2697 2620 2766 2630 —
2789 2590 2959 2656 Quam
2976 2591 3193 2660 pulchra
3224 2610 3277 2647 es
3302 2603 3354 2647 et
3381 2611 3538 2664 quam
3559 2596 3773 2661 decora,
3792 2598 3915 2650 cha-

2354 2682 2559 2736 rissima
2599 2682 2653 2733 in
2696 2680 2914 2735 deliciis.
2963 2680 3188 2737 Pulchra
3235 2683 3338 2738 ﬁde
3381 2692 3437 2740 et
3482 2700 3645 2753 opere
3696 2687 3916 2747 dewras

2351 2762 2676 2843 Charissima
2719 2772 2773 2828 in
2822 2772 3046 2838 deliciis,
3072 2828 3073 2831 η
3098 2774 3150 2827 id
3189 2782 3291 2837 est,
3337 2774 3706 2842 spiritualibus
3746 2776 3914 2832 virtu-

2353 2860 2515 2916 tibus.
3758 2922 3759 2925 η

2423 2952 2584 3005 Vsus.
2617 2951 2670 3003 7.
2693 2981 2764 2991 —
2784 2938 3003 3006 Statura
3042 2960 3132 3006 tua
3174 2953 3464 3007 assimilata
3507 2962 3582 3007 est
3613 2952 3820 3024 palma.
3855 2952 3918 3008 Id

2352 3048 2454 3104 est,
2482 3040 2743 3095 rectitude
2765 3041 3094 3111 operationis
3123 3043 3275 3097 bona
3309 3058 3517 3113 semper
3544 3043 3609 3096 ad
3633 3043 3915 3102 victoriam

700 3116 753 3168 in
777 3116 1030 3186 junctnra
1071 3118 1331 3179 feminum
1362 3124 1698 3193 designatur;
1724 3145 1845 3198 qua
1868 3132 2006 3186 sicut
2034 3134 2250 3189 monilia
2274 3122 2321 3183 C
2354 3130 2541 3184 tendit.
2567 3129 2633 3182 Et
2654 3130 2810 3183 ubera
2830 3139 2920 3183 tua
2945 3130 3124 3185 botris.
3144 3129 3415 3186 Uberibus
3440 3120 3686 3186 doctores
3730 3131 3917 3187 Eccle-

694 3203 953 3261 fabricata
972 3216 1107 3263 sunt
1127 3224 1287 3264 manu
1315 3212 1559 3278 artiﬁcis,
1590 3216 1642 3269 id
1667 3225 1771 3282 est,
1811 3219 2065 3275 ineﬁ‘abili
2093 3222 2255 3293 largi-

695 3302 805 3350 tate
835 3293 1138 3353 Conditoris
1175 3301 1343 3355 nostri
1385 3301 1596 3359 ﬂrmata
1625 3322 1639 3359 :
1664 3306 1726 3363 in
1780 3310 2067 3365 monilibus
2114 3313 2253 3369 bona

692 3396 855 3452 opera
884 3386 1277 3455 exprimuntur.
1884 3396 1898 3403 ’

762 3462 925 3527 Vsus.
955 3473 992 3527 2
1015 3503 1084 3514 —
1114 3472 1401 3534 Umbilicus
1434 3488 1555 3535 tuus
1593 3493 1763 3538 crater
1786 3488 2072 3552 tornatilis,
2119 3505 2252 3544 nun-

689 3573 845 3627 quam
876 3559 1111 3631 indigens
1144 3563 1361 3633 poculis.
1396 3566 1709 3636 Umbilieus,
1756 3572 1810 3626 id
1836 3581 1947 3637 est,
1994 3574 2253 3645 fragilitas

694 3650 1260 3737 inﬁrmitatis'nostra
1290 3667 1476 3713 contra
1522 3661 1679 3715 ﬁdem
1724 3661 1894 3737 [Cod.
1955 3664 2095 3731 ναι..
2142 3684 2245 3727 om.

691 3741 843 3793 verba
870 3730 886 3793 ἑ
918 3750 1104 3795 contra
1131 3741 1332 3816 [idem].
1374 3745 1562 3802 Crater
1588 3750 1648 3804 ﬁt
1672 3730 2098 3818 tornatilis,cum
2124 3773 2252 3812 eon-

691 3828 914 3884 scientia
940 3832 1298 3896 mortalitatis,
1324 3844 1482 3905 atque
1501 3839 1826 3897 inﬁrmitatis
1853 3854 2047 3900 nostra
2070 3849 2251 3901 admo-

696 3920 792 3973 niti
828 3921 1051 3976 calicem
1069 3925 1215 3977 verbi
1238 3925 1488 3981 salutaris
1511 3931 1772 3997 proximis
1798 3944 2042 4003 prompta
2072 3948 2250 3992 mente

694 4009 980 4078 propinare
1002 4012 1311 4081 satagimus.
1351 4012 1533 4070 Venter
1558 4027 1677 4072 tuus
1697 4022 1831 4075 sicut
1850 4040 2061 4079 acervus
2090 4029 2249 4082 tritici

694 4098 916 4155 uallatus
952 4100 1098 4155 liliis.
1125 4104 1364 4161 Acervus
1398 4107 1560 4160 tritici
1586 4109 1810 4165 vallatus
1836 4113 1962 4167 liliis
1987 4125 2088 4177 est,
2126 4132 2248 4170 cum

694 4188 1021 4242 abundantia
1048 4190 1174 4244 boni
1200 4193 1378 4260 operis
1404 4194 1514 4248 sola
1539 4211 1631 4265 spe
1655 4210 1923 4267 perpetua
1950 4202 2081 4257 lucis
2102 4204 2251 4258 colli-

692 4279 854 4345 gitur.
905 4278 963 4333 In
997 4290 1205 4346 ventre,
1240 4287 1525 4352 memoria;
1563 4288 1615 4342 in
1640 4290 1840 4353 tritico,
1881 4292 2251 4363 multiplicatio

694 4369 819 4423 boni
855 4372 1072 4439 operis;
1116 4374 1170 4426 in
1195 4374 1338 4438 liliis,
1365 4377 1582 4432 castitas
1614 4380 1725 4447 spei
1750 4382 2089 4450 exprimitur.
2118 4384 2247 4439 Item

2350 3224 2445 3276 sia
2468 3228 2686 3290 propter
2724 3220 2807 3275 lac
2838 3221 3025 3290 prima
3061 3222 3376 3276 eruditionis
3414 3230 3811 3291 contparantur,
3858 3228 3913 3276 et

2350 3315 2518 3368 botris
2556 3318 2837 3381 aquantur
2866 3319 3083 3379 propter
3108 3316 3362 3380 mysteria
3393 3310 3716 3364 dulcissima
3756 3305 3911 3379 (Cod.

2364 3404 2504 3467 Vat,
2538 3400 2868 3472 dulcissima]
2889 3403 3223 3458 aeternitatis.

2418 3493 2580 3547 Vsus.
2608 3491 2660 3545 8.
2686 3521 2757 3532 ——
2774 3490 2923 3556 Dixi,
2943 3490 3219 3545 ascendam
3238 3493 3296 3544 in
3314 3492 3509 3562 palma,
3534 3490 3916 3562 apprehendat»

2316 3589 2326 3599 '
2349 3581 2549 3649 fructus
2568 3580 2705 3648 ejus,
2727 3588 2776 3632 et
2801 3589 2953 3632 erunt
2978 3580 3136 3633 ubera
3156 3590 3246 3633 tua
3269 3581 3401 3633 sicut
3421 3581 3556 3633 botri
3575 3581 3753 3634 tinea.
3776 3578 3911 3647 Apte

2348 3669 2561 3738 quidem
2576 3684 2706 3723 crux
2729 3669 2922 3722 victrix
2941 3668 3097 3739 [Cod.
3132 3667 3274 3731 Vat.,
3292 3668 3729 3722 victoriosissima
3754 3665 3911 3736 crux]

2348 3758 2536 3827 palma
2559 3768 2921 3828 comparatur,
2952 3760 3007 3811 in
3033 3770 3193 3825 quam
3220 3756 3469 3811 Christus
3494 3757 3789 3811 ascendens
3815 3770 3910 3824 ap-

2347 3847 2627 3916 prehendit
2651 3846 2855 3900 lructus
2877 3846 3009 3915 ejus,
3036 3831 3089 3899 id
3128 3854 3232 3910 est,
3262 3846 3399 3900 dona
3424 3860 3543 3915 qua
3582 3844 3807 3914 largitus
3830 3851 3909 3897 est

2349 3943 2547 3989 sancta
2576 3934 2842 3997 Ecclesia,
2873 3948 2991 4002 qua
3018 3948 3084 3987 ex
3107 3934 3198 3988 illo
3226 3942 3465 4001 tempore
3511 3933 3696 3985 botros
3738 3930 3907 3983 vinea

2349 4024 2684 4096 germinavit,
2735 4024 2789 4077 id
2830 4031 2930 4089 est,
2984 4031 3199 4077 sanctos
3251 4023 3515 4084 doctores,
3565 4022 3658 4088 qui
3708 4018 3911 4086 majore

2348 4113 2571 4179 scientia
2591 4118 2646 4163 et
2665 4112 2850 4179 gratia,
2878 4118 2998 4179 post
3024 4126 3237 4165 crucem
3257 4118 3311 4162 et
3331 4109 3774 4161 resurrectionem
3795 4104 3908 4167 Sal-~

2348 4176 2569 4265 vatoris,
2594 4176 2952 4254 abundabant.
2986 4200 3052 4252 Et
3074 4201 3204 4255 odor
3224 4190 3330 4252 oris
3359 4200 3435 4251 tui
3464 4196 3617 4269 [Cod.
3672 4195 3813 4261 Vat.,
3854 4204 3909 4251 et

2350 4291 2543 4345 odores
2564 4287 2664 4359 tui]
2703 4290 2836 4342 sicut
2862 4286 3138 4340 malorum.

2421 4379 2581 4432 Vsus.
2617 4378 2670 4432 9.
2693 4407 2765 4417 —
2785 4377 2979 4430 Guttur
3021 4386 3165 4429 tuum
3200 4377 3333 4429 sicut
3363 4376 3533 4428 sinunt
3564 4376 3811 4443 Optimum
3836 4372 3907 4427 ad

692 4460 748 4511 in
780 4461 974 4525 tritico,
1005 4464 1190 4530 panis;
1222 4473 1275 4517 et
1299 4466 1352 4517 in
1379 4477 1585 4521 cratere
1613 4477 1789 4537 potus,
1817 4472 1905 4539 qui
1928 4475 2249 4541 pauperibus
2277 4451 2324 4508 D
2348 4468 2652 4537 ροεαηάιιπιι

2277 4451 2324 4508 D
2348 4468 2652 4537 potandum.
2702 4466 2757 4518 In
2787 4472 3000 4533 gutture
3052 4478 3152 4517 vox
3206 4464 3484 4532 praesentis
3534 4460 3813 4524 doctrina;
3850 4460 3909 4519 in

694 4550 873 4615 datur,
899 4552 1234 4622 exprimitur.

757 4642 918 4696 Vsus.
946 4645 1000 4697 3.
1025 4642 1227 4697 —Duo
1256 4644 1414 4698 ubera
1432 4655 1525 4699 tua
1545 4649 1677 4701 sicut
1698 4648 1803 4703 duo
1829 4650 2030 4703 hinnuli
2049 4653 2250 4720 gemelli

694 4745 908 4798 caprea.
940 4730 1015 4783 De
1044 4734 1147 4786 hoc
1166 4748 1323 4788 versu
1350 4736 1595 4803 superius
1616 4738 1814 4791 dictum
1838 4747 1939 4792 est.
1983 4739 2096 4793 Duo
2122 4741 2250 4795 ube-

695 4836 753 4873 ra
782 4821 1023 4876 doctores
1053 4830 1182 4877 sunt
1224 4824 1501 4894 utriusque
1539 4828 1717 4895 populi
1746 4846 1761 4893 ;
1808 4830 2011 4883 hinnuli
2039 4831 2247 4901 gemelli

693 4908 798 4964 duo
826 4918 1138 4965 testamenta
1167 4921 1291 4967 sunt
1319 4914 1542 4968 invicem
1571 4917 1947 4972 concordantia
1974 4920 2021 4971 δ.
2168 4922 2175 4927 ’

760 4997 921 5069 405
960 5000 1123 5054 Vsus.
1152 5001 1206 5053 4.
1236 5032 1304 5041 —-
1324 4998 1527 5055 Collum
1576 5013 1720 5057 tuum
1748 5006 1880 5059 sicut
1911 5009 2070 5061 turris
2099 5011 2251 5063 ebur-

695 5102 791 5140 nea
821 5085 973 5157 [Cod.
1010 5087 1151 5152 Vat.,
1179 5090 1470 5162 eburnea].
1502 5091 1557 5145 In
1586 5092 1721 5146 ωιιο
1750 5093 1876 5147 item
1902 5095 2253 5151 doctoresde-

696 5182 891 5248 signati
932 5189 1073 5243 sunt,
1113 5184 1203 5250 qui
1258 5185 1390 5237 turri
1418 5186 1663 5241 eburnea
1686 5201 1784 5254 pm
1811 5186 2059 5242 ﬁrmitate
2094 5186 2245 5259 [ϐοά.

704 5268 850 5335 Vat.,
897 5281 1114 5341 propter
1168 5272 1496 5344 ﬁrmitatem]
1522 5284 1577 5328 et
1601 5277 1991 5344 pulchritudine
2036 5293 2249 5346 compa-

694 5365 901 5422 rantur,
931 5360 1054 5427 quia
1072 5348 1274 5415 civitati
1300 5361 1390 5416 Dei
1420 5369 1473 5415 et
1512 5362 1675 5415 robur
1699 5372 1951 5431 prastant
1977 5374 2030 5418 et
2065 5365 2245 5420 decus.

696 5446 847 5504 Oculi
872 5449 948 5504 tui
973 5451 1105 5504 sicut
1128 5452 1340 5518 piscina
1361 5452 1414 5505 in
1452 5448 1704 5513 Heseban,
1735 5468 1851 5521 qua
1872 5462 1989 5507 sunt
2018 5454 2073 5506 in
2099 5464 2249 5522 porta

694 5540 819 5609 ﬁlice
841 5540 1205 5597 multitudinis.
1234 5541 1361 5599 Item
1387 5541 1525 5597 oculi
1555 5539 1805 5597 Ecclesia
1845 5541 2091 5598 doctores
2124 5550 2248 5597 sunt

763 5668 789 5697 ι
822 5656 999 5728 Vulg,
1030 5657 1299 5726 femorum.

2349 4557 2512 4610 odore
2557 4554 2697 4609 fama
2743 4555 2980 4609 absentis
3014 4553 3368 4621 designatur:
3399 4560 3456 4605 et
3496 4550 3615 4606 ideo
3662 4549 3787 4603 vino
3816 4548 3909 4607 illa

2350 4658 2568 4720 prepter
2610 4648 2956 4718 fragrantiam
2986 4648 3261 4707 virtutum,
3310 4646 3423 4698 bac
3444 4642 3599 4696 malis
3623 4643 3692 4698 ob
3729 4643 3905 4697 suavi-

2350 4747 2513 4793 tatem
2566 4737 2800 4790 absentis
2849 4736 3004 4801 fama
3048 4738 3408 4800 comparatur.
3449 4729 3675 4799 Dignum
3718 4726 3907 4781 dilecto

2349 4844 2480 4881 meo.
2499 4825 2693 4893 Rapuit
2720 4824 2861 4877 enim
2887 4837 3079 4891 sponsa
3106 4804 3329 4876 verbum
3355 4835 3421 4874 ex
3445 4835 3539 4875 om
3562 4818 3762 4887 sponsi,
3779 4816 3905 4885 quia

2353 4917 2443 4971 ille
2462 4917 2583 4969 vino
2608 4915 2807 4983 optimo
2830 4929 2949 4968 eam
2978 4912 3305 4982 comparavit
3324 4920 3376 4965 et
3396 4909 3652 4977 subjecit;
3673 4906 3918 4976 Dignum.

2350 5005 2533 5058 dilecto
2581 5021 2711 5067 tneo,
2749 5004 2799 5057 id
2822 5012 2920 5067 est,
2948 5011 3091 5058 tanta
3120 5002 3419 5057 sublimitas
3455 5004 3539 5051 est
3584 4994 3903 5064 evangelica

2350 5092 2759 5164 pradicationis,
2791 5100 2850 5145 ut
2892 5092 3003 5159 ipse
3049 5089 3269 5144 dilectus
3308 5086 3531 5154 primus,
3557 5098 3653 5153 per
3680 5082 3817 5136 hanc
3846 5081 3900 5136 in

2350 5197 2509 5237 carne
2534 5195 2814 5250 apparens,
2864 5180 3062 5234 mundo
3105 5180 3207 5232 iter
3247 5176 3461 5230 calcate
3489 5173 3772 5243 aperuerit.
3796 5170 3897 5229 μ’

2349 5273 2542 5339 biisque
2570 5279 2617 5323 et
2642 5270 2877 5325 dentibus
2902 5269 3044 5322 illius
3068 5264 3452 5321 ruminanduat.
3479 5263 3535 5317 ω
3560 5270 3664 5325 est,
3690 5264 3900 5327 aposto-

2347 5361 2415 5413 lis
2442 5358 2982 5427 pradicatoribusque
3010 5354 3239 5410 maxime
3269 5352 3421 5426 [Cod.
3454 5352 3601 5413 να..
3630 5342 3899 5417 nuituis]

2346 5447 2493 5502 dedit
2516 5448 2583 5501 ad
2609 5448 2989 5502 meditandum.
3636 5502 3638 5505 .

2414 5540 2578 5596 Vsus.
2608 5538 2693 5594 lo.
2720 5569 2791 5581 -—
2815 5536 2950 5609 [Ego
2971 5536 3157 5592 dilecto
3186 5553 3319 5601 meo,
3358 5542 3433 5589 et
3455 5546 3563 5586 nou
3608 5527 3787 5591 alteri,
3809 5523 3900 5581 cui

2196 5656 2240 5728 _h
2257 5651 2385 5707 Cod.
2409 5651 2551 5719 γει..
2574 5670 2592 5703 ι
2613 5650 2819 5708 hinnuli
2839 5649 3043 5718 gemelli
3064 5641 3280 5720 propter
3303 5661 3463 5702 unam
3489 5640 3849 5703 concordiam.
3865 5650 3894 5694 ι
