4286 6194
389 402 486 459 66!

1196 406 1597 463 EXEGETICA.
1636 435 1704 445 —
1737 404 2182 461 COMPENDIUM
2218 405 2284 461 IN
2322 407 2518 463 CANT.
2560 406 2758 462 CANT.

3492 406 3595 458 663

407 521 563 573 ittam
610 528 792 571 curam
836 514 1105 570 servitutis
1135 524 1189 570 et
1229 515 1528 572 dilectionis
1557 514 1844 586 impendo].
1869 513 1937 567 Et
1965 520 2011 573 Α
2110 516 2270 570 Vens.
2306 517 2359 569 5.
2378 547 2452 557 —
2472 506 2633 572 ια’υά
2658 519 2771 585 ejus
2810 519 2902 571 sub
2942 521 3105 589 capite
3134 536 3267 582 meo,-
3296 530 3341 571 ct
3372 488 3593 572 'de'stera

405 609 461 657 td
487 620 568 657 me
589 602 848 657 conversio
865 602 998 672 ejus.
1026 602 1108 661 Me
1128 603 1295 658 solam
1325 604 1513 673 diligit,
1542 611 1595 658 et
1616 600 1849 669 adjuvat,
1877 617 1944 657 ne

404 691 638 748 t‘ellciam
666 691 721 745 in
748 691 853 745 via.
1089 754 1095 764 .
1182 689 1187 695 '

472 780 627 836 Vens.
668 778 753 845 ll,
792 778 971 833 12.—
994 777 1143 847 Veni,
1185 780 1366 835 dilecte
1394 781 1485 846 ml,
1526 779 1854 851 egredimur
1892 780 1949 832 in

399 887 598 941 egrum,
649 885 1021 924 commoremur
1067 872 1122 926 in
1167 872 1319 927 villis.
1366 871 1523 926 Hane
1562 886 1836 940 surgamus
1880 870 1946 923 ad

395 960 585 1024 vineas,
607 958 869 1013 rideamus
892 960 937 1012 si
958 960 1135 1028 ﬂoruit
1153 964 1319 1023 vinea,
1342 963 1385 1017 si
1415 962 1611 1030 fructus
1629 961 1945 1033 parturiunt,

394 1048 441 1101 si
484 1048 774 1117 ﬂoruerunt
822 1045 963 1101 mala
1003 1048 1211 1117 punica.
1250 1048 1384 1114 Quia
1431 1048 1733 1105 nullatenus
1762 1058 1949 1104 sancta

396 1133 656 1200 Ecclesia,
684 1134 767 1189 vel
801 1132 868 1188 ad
911 1133 1047 1189 bene
1073 1136 1395 1203 operandum
1423 1136 1743 1205 egrediendo
1767 1150 1952 1205 proce-

393 1223 539 1287 dere,
584 1223 667 1278 vel
708 1224 761 1277 in
812 1224 1066 1279 exercitio
1095 1227 1246 1279 bona:
1274 1225 1596 1294 operationis
1618 1226 1951 1294 persistendo

393 1316 731 1377 commorari,
764 1313 846 1367 vel
876 1313 1064 1369 saltem
1109 1315 1177 1369 ad
1212 1316 1542 1384 propositum
1585 1315 1721 1370 bene
1763 1315 1949 1382 agendi

394 1421 693 1476 assurgere,
726 1406 809 1460 vel
833 1406 1042 1461 animos
1089 1406 1390 1461 auditorum
1428 1421 1664 1470 suorum,
1695 1413 1951 1474 quantum

391 1492 737 1561 profecerim,
760 1493 1063 1547 discernere
1092 1491 1298 1557 sullicit,
1320 1494 1421 1549 nisi
1448 1494 1541 1548 Dei
1568 1493 1736 1565 gratia
1753 1492 1947 1570 adiuta.

394 1583 484 1651 qui
523 1582 699 1636 dixit:
727 1581 862 1636 Ecce
901 1599 993 1652 ego
1027 1582 1285 1637 nobiscum
1315 1600 1429 1638 sunt
1472 1584 1707 1637 omnibus
1752 1583 1950 1645 diebus,

392 1686 553 1740 usque
578 1670 646 1723 ad
676 1670 1166 1724 consummationem
1194 1669 1370 1723 sa’cuIi
1394 1670 1605 1740 (Matth.
1632 1686 1817 1731 xxvm,
1841 1668 1952 1739 20).

390 1762 521 1816 ltem
550 1762 605 1815 in
631 1777 758 1831 agro
794 1761 1102 1825 Christiani,
1152 1762 1205 1815 in
1249 1761 1387 1816 villis
1433 1764 1643 1832 pagani,
1695 1764 1747 1817 in
1791 1764 1957 1817 vincis

391 1851 660 1914 Ecclesiae,
687 1850 739 1903 in
770 1849 991 1904 tloribus
1032 1849 1183 1915 lides,
1221 1848 1273 1904 in
1318 1848 1576 1904 fructibus
1618 1851 1861 1914 virtutes,
1896 1850 1946 1903 in
1983 1834 2026 1895 Β

389 1938 546 1994 malis
570 1939 778 2008 punicis
804 1939 1114 2007 martyrium
1138 1938 1464 2007 designatur.
1489 1936 1547 1990 ln
1570 1937 1653 1991 his
1673 1937 1816 1991 enim
1840 1938 1950 1990 sin-

386 2027 525 2097 gulis
551 2041 745 2096 sponsa
772 2025 948 2080 dilecti
978 2027 1057 2080 sui
1085 2026 1422 2093 praesentiam
1452 2025 1662 2095 quaerit.
1709 2025 1790 2079 Ibi
1815 2025 1947 2079 dabo

389 2115 481 2168 tibi
529 2114 687 2168 ubera
742 2128 878 2165 mea.
929 2111 984 2165 td
1027 2118 1129 2176 est,
1178 2112 1519 2179 parvulorum
1565 2127 1804 2167 meorum
1843 2126 1949 2181 pse-

390 2203 642 2273 dagogos,
693 2200 816 2271 quia
861 2199 913 2254 in
964 2198 1049 2253 bis
1095 2197 1341 2252 omnibus
1381 2199 1669 2267 proﬁciunt
1705 2199 1951 2253 doctores

390 2291 580 2345 sancti.

460 2384 624 2437 Vens.
656 2384 739 2437 l5.
761 2412 831 2421 —
854 2380 1222 2453 Mandragora:
1243 2386 1497 2442 dederunt
1520 2382 1730 2436 odorem
1752 2386 1807 2436 in
1828 2399 1951 2451 por-

391 2474 456 2526 tis
484 2472 688 2525 nostris.
722 2469 1091 2540 Mandragora,
1143 2480 1361 2541 propter
1387 2471 1696 2527 multimoda
1721 2471 1951 2526 medica-

392 2562 595 2616 minum
640 2576 857 2632 genera,
913 2569 1218 2616 sanctorum
1261 2561 1549 2620 virtutibus
1591 2570 1946 2632 comparatur.

391 2652 565 2708 Porta
605 2653 855 2708 Ecclesiae
898 2652 1060 2724 406
1084 2654 1331 2708 doctores
1374 2662 1498 2706 sunt
1541 2653 1733 2707 sancti.
1766 2652 1823 2706 lu
1854 2653 1953 2707 hu-

387 2743 619 2813 jusmodi
658 2743 829 2810 portis
853 2742 1220 2810 mandragorae
1249 2742 1380 2795 dant
1405 2742 1643 2803 odorem,
1691 2758 1811 2796 cum
1839 2743 1949 2811 spi-

394 2831 615 2887 rituales
637 2832 834 2900 quique
878 2843 945 2884 ex
991 2844 1049 2884 se
1091 2830 1347 2884 virtutum
1374 2828 1571 2883 famam
1611 2828 1763 2901 [Cod.
1802 2828 1949 2894 Vat.,

390 2917 646 2991 palmam]
674 2918 830 2990 longe
857 2919 1063 2989 lateque
1118 2926 1391 2989 spargunt.
1425 2917 1613 2973 Omnia
1640 2934 1792 2989 poma
1821 2936 1950 2974 nova

392 3020 439 3063 et
464 3018 654 3074 cetera,
674 3009 856 3064 dilecte
882 3012 973 3074 mi,
1004 3011 1197 3065 servavi
1222 3011 1334 3063 tibi.
1369 3010 1531 3065 Poma
1562 3008 1717 3065 "nova
1764 3018 1820 3064 et
1862 3025 1951 3064 ve-

392 3106 549 3163 nre,
576 3108 838 3169 praecepta
883 3101 994 3156 sive
1040 3100 1302 3169 promissa
1328 3108 1451 3155 sunt
1495 3101 1619 3157 novi
1658 3109 1712 3155 et
1752 3101 1951 3155 veteris

396 3190 719 3253 testamenti,
745 3167 864 3263 qua:
894 3167 1168 3248 omniaad
1212 3192 1326 3261 eius
1366 3191 1593 3261 gratiam
1642 3188 1806 3243 refert
1849 3189 1948 3243 Ec—
1974 3167 2019 3229 (εἶ

395 3278 581 3334 etesia.

971 3372 1195 3431 CAPUT
1250 3372 1381 3429 Vill.

465 3462 628 3517 Vens.
663 3464 712 3516 1.
734 3492 805 3502 —
825 3462 953 3528 Quis
982 3464 1106 3517 mihi
1126 3464 1210 3518 det
1238 3473 1286 3517 te
1312 3464 1524 3532 fratrem
1550 3478 1739 3526 meum,
1768 3478 1953 3530 sugen-

394 3560 496 3605 tem
528 3551 684 3604 ubera
706 3552 885 3604 matris
911 3567 1056 3605 mete.
1078 3552 1193 3606 Vox
1210 3551 1312 3605 ista
1326 3560 1408 3607 est
1432 3552 1768 3620 antiquorum
1784 3551 1953 3619 justo—

397 3656 535 3703 rum,
556 3640 849 3708 optantium
876 3641 1161 3694 adventum
1188 3639 1384 3695 Christi
1408 3641 1460 3694 in
1478 3655 1658 3694 carne.
1680 3640 1953 3707 Sugentem

398 3730 556 3782 ubera
595 3730 776 3783 matris
809 3745 955 3795 metr,
1006 3729 1059 3782 id
1086 3736 1185 3793 est,
1217 3730 1270 3782 in
1294 3742 1557 3798 synagoga
1588 3727 1734 3779 nasci
1761 3741 1825 3779 ac
1857 3740 1954 3778 nu-

401 3820 540 3882 triri,
567 3818 721 3887 juxta
750 3819 997 3873 humana:
1045 3818 1364 3873 conditionis
1400 3826 1667 3870 naturam.
1709 3814 1777 3868 Ut
1818 3816 1956 3867 inve-

400 3910 539 3960 niam
562 3917 611 3961 te
650 3907 797 3975 foris.
825 3908 971 3961 Intus
1000 3916 1118 3963 erat
1144 3908 1388 3972 dilectus,
1435 3906 1561 3961 dum
1601 3906 1653 3959 in
1695 3904 1957 3975 principio

397 4003 515 4049 erat
561 3994 1003 4060 Verbumﬂoris,
1040 3996 1165 4050 dum
1210 3997 1442 4051 Verbum
1470 4012 1596 4051 caro
1622 3994 1818 4049 factum
1848 4002 1951 4048 est.

399 4084 467 4137 Et
514 4083 780 4138 deosculer
819 4093 885 4138 te.
919 4083 977 4139 id
1012 4092 1115 4146 est,
1148 4083 1284 4139 l‘acie
1327 4084 1391 4137 ad
1422 4084 1611 4137 faciem
1645 4085 1871 4147 videam,
1901 4093 1956 4138 et

398 4187 493 4227 ore
522 4173 589 4227 ad
610 4187 671 4227 os
698 4172 903 4241 loquar.
930 4170 1000 4224 Et
1010 4171 1127 4250 jam
1148 4187 1228 4224 me
1257 4186 1402 4225 nemo
1425 4171 1689 4240 despiciat.
1715 4170 1850 4225 Ante
1866 4171 1959 4225 ad-

399 4268 615 4315 ventum
642 4260 841 4315 Christi
895 4261 1031 4314 intra
1071 4260 1343 4331 angustias
1385 4258 1580 4315 Iudaea:
1623 4268 1826 4315 tantum
1858 4258 1957 4313 fuit

324 4368 331 4383 ν
399 4351 671 4415 Ecclesia;
700 4360 820 4419 post
837 4352 1225 4417 ascensionem,
1258 4351 1312 4407 in
1340 4359 1452 4407 toto
1495 4352 1694 4407 mundo
1741 4351 1955 4406 dilatata

401 4438 503 4491 fuit
521 4446 576 4492 et
603 4440 938 4494 venerabilis.
1704 4462 1709 4465 *

2042 602 2184 656 illius
2224 604 2602 672 amplexabitur
2641 622 2740 659 me.
2787 606 2942 660 Laeva
2982 606 3362 660 incarnationis
3398 604 3596 661 Christi

2044 692 2181 745 dona
2227 692 2496 761 designat;
2546 700 2599 745 et
2642 693 2861 749 dextera
2909 693 3085 748 futura
3134 704 3437 749 sanctorum
3478 709 3600 751 cum

2044 777 2259 835 Christo
2284 782 2475 852 gaudia
2498 783 2766 850 exprimit.

2116 888 2275 943 Vens.
2319 888 2375 953 ι,
2424 888 2785 959 5.—Adjuro
2832 908 2946 957 ros,
2995 893 3121 959 ﬁlim
3172 894 3492 960 Jerusalem,
3541 908 3588 952 κ

2044 978 2318 1042 suscitetis,
2364 996 2522 1047 neque
2570 978 2808 1048 erigilare
2853 980 3056 1049 faciatis
3106 982 3410 1054 [dilectam].
3444 984 3585 1043 dona

2046 1066 2157 1135 ipsa
2209 1064 2342 1118 velit.
2395 1064 2524 1130 Qua:
2560 1077 2633 1119 est
2684 1069 2802 1130 ista,
2857 1084 2971 1136 qua:
3015 1070 3243 1123 ascendit
3285 1071 3349 1123 de
3381 1071 3598 1133 deserto,

2048 1154 2246 1209 deliciis
2270 1156 2515 1226 afﬂuens?
2547 1157 2654 1210 \‘ox
2706 1156 3001 1229 Synagoga:
3046 1158 3309 1222 mirantis,
3341 1162 3603 1228 quomodo

2051 1244 2285 1299 Ecclesia
2316 1245 2379 1299 de
2402 1243 2613 1299 deserto
2640 1246 2949 1314 gentilitatis
2974 1248 3027 1300 in
3071 1250 3248 1316 sponsi
3293 1250 3469 1304 subito
3494 1264 3602 1303 am-

2051 1334 2236 1403 plexus
2259 1335 2600 1389 ascendisset.
2632 1335 2841 1389 Deliciis
2868 1337 3097 1406 aﬂluens,
3144 1338 3193 1389 id
3240 1346 3341 1401 est,
3366 1340 3602 1393 omnium

2051 1425 2309 1477 donorum
2333 1424 2745 1490 pulchritudine.
2775 1424 2966 1478 Innixa
2993 1442 3141 1494 super
3171 1425 3409 1479 dilectum
3431 1443 3600 1480 suum.

2052 1510 2240 1565 Omnia
2267 1526 2385 1580 qua:
2423 1511 2606 1578 habet,
2649 1515 2714 1567 ad
2756 1516 2982 1583 gratiam
3007 1516 3205 1581 dilecti,
3242 1517 3315 1570 illi
3341 1518 3439 1572 soli
3468 1519 3601 1573 inni‘

2054 1602 2231 1667 tendo,
2257 1601 2511 1658 referens.
2537 1602 2645 1660 Sub
2666 1604 2848 1658 arbore
2869 1606 3005 1659 malo
3021 1610 3263 1663 sascitavi
3283 1617 3348 1663 te.
3367 1610 3603 1679 Respon-

2056 1691 2132 1745 dit
2156 1706 2254 1761 pro
2281 1708 2475 1762 sponsa
2505 1693 2795 1765 Synagoga:
2834 1695 2946 1764 ipse
2998 1711 3239 1766 sponsus.
3288 1698 3396 1753 Sub
3428 1700 3611 1753 arbore

2058 1780 2195 1835 malo
2215 1781 2431 1835 excitari
2463 1791 2529 1845 te,
2554 1782 2605 1835 id
2640 1790 2740 1847 cst,
2769 1781 2867 1837 sub
2895 1784 3085 1839 arbore
3106 1786 3280 1839 crucis
3300 1801 3331 1839 a
3354 1792 3608 1856 perpetua

2052 1879 2227 1924 morte
2256 1870 2499 1925 revocavi
2523 1868 2677 1942 [Cod.
2726 1869 2866 1937 Vat.,
2906 1872 3177 1945 renovavi]
3222 1882 3294 1939 te,
3317 1882 3376 1928 ut
3400 1885 3609 1944 aposto-

2050 1958 2131 2013 los
2158 1968 2212 2013 et
2233 1968 2459 2015 caeteros
2481 1959 2679 2014 electos
2697 1976 2762 2015 ex
2789 1958 2990 2016 Judzca.
3023 1960 3103 2014 Ibi
3133 1972 3371 2032 corrupta
3393 1972 3465 2016 est
3492 1979 3608 2016 ma-

2049 2057 2128 2100 ter
2145 2058 2269 2112 tua;
2298 2050 2365 2103 ibi
2388 2049 2576 2103 violata
2606 2060 2679 2105 est
2697 2053 2922 2121 genitrix
2946 2062 3055 2106 tua.
3087 2053 3143 2107 ld
3168 2062 3269 2117 est,
3293 2053 3461 2123 major
3486 2071 3611 2124 pars

2048 2136 2217 2205 plebis
2241 2135 2513 2192 Christum
2544 2139 2807 2208 negando,
2834 2149 2888 2196 et
2919 2140 3217 2196 Barabbam
3241 2142 3507 2213 eligendo,
3540 2146 3605 2199 ad

2049 2241 2263 2282 crucem
2291 2228 2570 2298 reprobata
2595 2238 2695 2283 est.

2124 2339 2285 2393 Vnus.
2326 2337 2377 2392 6.
2390 2328 2461 2379 ί-
2476 2337 2619 2392 Pone
2638 2356 2737 2404 me,
2756 2350 2809 2393 ut
2828 2342 3149 2413 signaculum
3168 2361 3319 2415 super
3336 2362 3426 2400 cor
3443 2355 3609 2412 tuum,

2052 2436 2107 2479 ut
2132 2428 2455 2497 signaculum
2475 2446 2627 2499 super
2651 2430 2915 2485 brachium
2937 2442 3101 2487 tuum.
3127 2432 3463 2505 Signaculum
3489 2437 3611 2491 bra-

2052 2513 2175 2567 chio
2194 2516 2278 2569 vel
2308 2518 2474 2587 digito
2499 2520 2568 2574 ob
2593 2524 2907 2577 memoriam
2934 2524 3214 2592 cujuslibet
3257 2530 3333 2583 rci
3363 2528 3607 2600 ligamus.

2051 2602 2154 2657 Per
2180 2618 2274 2660 cor
2298 2608 2571 2677 cogitatio,
2606 2616 2659 2662 et
2699 2624 2795 2677 per
2831 2612 3109 2666 brachium
3152 2615 3462 2685 designatur
3488 2632 3612 2687 ope-

2054 2693 2210 2749 ratio.
2237 2692 2294 2749 Si
2316 2710 2402 2750 me
2428 2696 2561 2751 velis
2587 2697 2784 2753 habere
2812 2713 3085 2767 sponsum,
3115 2701 3257 2756 intus
3286 2704 3355 2756 sit
3376 2705 3611 2760 charitas

2053 2782 2106 2836 in
2131 2783 2231 2839 ilde
2257 2800 2362 2858 non
2393 2784 2539 2851 ficta,
2566 2796 2621 2840 et
2645 2785 2775 2843 loris
2793 2787 3033 2857 operatio
3060 2788 3265 2843 devota.
3298 2788 3433 2854 Quia
3460 2792 3608 2860 fortis

2051 2884 2105 2926 ut
2126 2890 2261 2928 mors
2286 2875 2509 2939 dilectio,
2542 2879 2676 2932 dura
2697 2880 2828 2933 sicut
2855 2879 3086 2947 infernus
3124 2878 3405 2934 malatia.
3433 2879 3610 2935 Fortis

2051 2972 2134 3018 est
2158 2979 2327 3034 usque
2353 2966 2420 3021 ad
2448 2976 2672 3022 mortem
2699 2984 2816 3024 mea
2838 2970 3053 3026 dilectio
3070 2972 3124 3025 in
3151 2980 3220 3037 te,
3246 2989 3278 3027 o
3299 2972 3603 3045 Synagogal

1994 3099 2017 3107 ,
2052 3053 2143 3107 sed
2170 3060 2258 3107 tua
2278 3054 2545 3110 aemulatio
2571 3056 2702 3109 dura
2730 3056 2785 3110 in
2811 3072 2896 3111 me
2917 3056 3032 3121 fuit,
3058 3059 3193 3113 sicut
3220 3058 3477 3116 infernus.
3504 3060 3607 3116 Sed

2051 3152 2198 3199 verte
2218 3143 2603 3200 :emulation’em
2620 3146 2672 3199 in
2689 3145 3044 3209 dilectionem,
3066 3152 3119 3200 et
3133 3146 3241 3200 eris
3258 3147 3388 3201 mihi
3412 3163 3606 3217 sponsa

2051 3239 2105 3284 ct
2134 3245 2288 3286 soror
2338 3240 2394 3286 et
2443 3232 2632 3287 amica.
2674 3231 2962 3303 Lampadas
2999 3234 3113 3303 ejus
3159 3232 3423 3304 lampades
3472 3237 3608 3305 ignis

2051 3328 2199 3389 atque
2238 3322 2589 3390 ﬂantmarum.
2640 3322 2953 3393 Dilectionis
2994 3323 3266 3393 lampades
3298 3324 3459 3379 corda
3487 3334 3611 3379 sunt

2052 3408 2303 3463 ﬁdelium.
2338 3408 2505 3481 Ignis,
2548 3419 2763 3480 propter
2815 3391 3079 3467 fervorem
3103 3391 3333 3475 cordis;
3373 3414 3609 3477 flamma-

2055 3514 2190 3562 rum,
2220 3509 2437 3569 propter
2461 3501 2785 3570 operationis
2818 3498 2969 3572 [Cod.
3025 3499 3161 3564 ναι,
3191 3498 3470 3572 orationis]
3500 3500 3609 3555 elli-

2052 3599 2275 3639 cauam.

2126 3692 2283 3747 Vens.
2318 3694 2370 3745 7.
2388 3724 2456 3732 —
2474 3696 2632 3764 Aqua:
2656 3694 2833 3749 multa
2860 3678 2962 3749 non
2989 3706 3264 3765 potuerunt
3289 3699 3611 3769 exstinguere

2054 3786 2377 3852 charitatem,
2401 3805 2490 3841 nec
2512 3790 2730 3857 ﬂumina
2773 3792 2987 3845 obruent
3017 3790 3183 3845 illam.
3214 3792 3395 3862 Aquas
3420 3795 3613 3851 multas

2056 3883 2108 3928 et
2133 3872 2369 3940 ﬂumina,
2402 3879 2752 3933 tentationum
2793 3880 2923 3935 dicit
2971 3881 3239 3946 incursus,
3281 3898 3399 3951 quae
3428 3885 3613 3939 visibi-

2054 3962 2178 4017 liter
2207 3963 2290 4016 vel
2318 3965 2651 4022 invisibiliter
2674 3968 2880 4024 animas
2902 3969 3133 4025 ﬁdelium
3175 3972 3483 4042 impugnare
3506 3989 3609 4030 non

2056 4051 2326 4117 desinunt,
2353 4055 2548 4123 quibus
2580 4056 2818 4112 charitas
2843 4074 2947 4113 non
2975 4061 3131 4115 cedit.
3163 4060 3221 4117 Si
3242 4062 3437 4116 dederit
3462 4063 3612 4117 homo

2056 4158 2255 4196 omnem
2294 4145 2633 4201 substantiam
2674 4149 2857 4203 domus
2897 4167 3005 4205 sua:
3039 4168 3133 4221 pro
3174 4152 3425 4207 cltaritate
3454 4152 3605 4225 [Cod.
3698 4220 3709 4227 ﬁ

2058 4230 2203 4323 vat,
2232 4232 2550 4306 dilectione],
2582 4238 2731 4305 quasi
2778 4238 2907 4292 nihil
2951 4239 3192 4309 despiciet
3239 4257 3374 4295 eum.
3422 4240 3606 4298 Sancti

2055 4319 2184 4373 vero
2204 4319 2369 4374 totius
2390 4322 2569 4375 mundi
2594 4325 2944 4378 substantiam
2965 4343 3063 4396 pro
3092 4328 3388 4385 dile’ctionis
3408 4333 3609 4401 magni-

2059 4408 2243 4463 tudine
2292 4409 2673 4489 relinquentes,
2725 4412 2825 4465 nisi
2875 4413 3036 4466 etiam
3085 4429 3141 4467 se
3172 4415 3313 4482 ipsos
3342 4416 3611 4484 ahjiciant,

476 4485 1245 4598 θέίιεῗῖξζῖλῖρνεήεηάαηι
1292 4538 1359 4582 te.
1406 4528 1657 4597 Prompta
1705 4546 1769 4584 ac
1816 4496 2000 4584 fidelil

2025 4506 2032 4544 ι
2058 4497 2189 4553 nihil
2211 4485 2494 4568 prdﬂciun't
2514 4485 2562 4551 ί.
2586 4547 2596 4553 .

398 4613 680 4669 devotione
701 4615 998 4669 venientem
1024 4615 1303 4684 excipiam.
1344 4614 1412 4669 Et
1444 4616 1629 4668 ducam
1671 4624 1719 4669 te
1748 4616 1815 4667 ad
1858 4616 1955 4669 do-

400 4721 542 4758 mum
585 4708 767 4760 matris
794 4724 937 4761 mete.
970 4707 1189 4762 Peracta
1224 4707 1415 4761 carnis
1456 4708 1845 4775 dispensatione
1874 4724 1957 4763 re-

401 4794 669 4857 deuntem,
700 4795 834 4849 laetis
854 4796 1044 4851 ducam
1090 4797 1376 4855 luminibus
1418 4797 1470 4851 in
1502 4797 1717 4851 domum
1746 4796 1952 4863 matris,

400 4884 493 4939 ubi
516 4883 755 4957 caelestis
780 4882 1075 4938 Jerusalem
1102 4870 1273 4979 rdater
1302 4893 1385 4940 est
1412 4893 1612 4939 nostra.
1642 4883 1726 4937 Ibi
1756 4901 1833 4938 me
1856 4885 1954 4937 do-

400 4976 555 5030 cebis.
582 4974 769 5030 Facies
789 4988 873 5028 me
898 4974 1102 5042 potiora
1147 4974 1362 5043 sperare
1393 4976 1549 5039 dona,
1575 4990 1733 5043 quam
1761 4976 1814 5028 in
1842 4976 1958 5043 lege

400 5066 726 5121 habuissem.
769 5063 836 5118 Et
860 5063 994 5117 dabo
1016 5063 1106 5115 tibi
1135 5062 1375 5132 poculum
1408 5080 1471 5116 ex
1500 5066 1614 5117 uino
1646 5064 1869 5117 condito.
1901 5066 1956 5119 ld

400 5162 500 5217 est,
551 5153 843 5208 ferventem
893 5165 1147 5214 amorem,
1180 5150 1343 5205 variis
1378 5152 1635 5206 virtutum
1672 5153 1957 5222 pigmentis

401 5252 667 5302 ornatum.
700 5228 779 5296 Et
806 5252 1029 5296 mustum
1070 5239 1221 5313 [Cod.
1267 5238 1671 5311 Vat.,,mistum]
1700 5240 1955 5293 malorum

403 5341 739 5404 granatorum
777 5344 1026 5384 meorum.
1074 5326 1131 5381 ld
1176 5334 1275 5401 est,
1321 5326 1608 5393 gloriosum
1650 5335 1955 5382 sanctorum

405 5430 702 5491 martyrum
740 5416 1089 5484 triumphum,
1134 5415 1225 5485 qui
1271 5412 1660 5469 ferventissima
1698 5416 1958 5470 charitate

407 5520 504 5578 per
541 5507 743 5565 ferrum
783 5503 1130 5574 ﬂammasque
1170 5506 1237 5560 ad
1280 5512 1333 5559 te
1378 5503 1607 5559 transire
1650 5520 1780 5563 non.
1804 5507 1957 5561 dubi-

410 5600 546 5655 hut.

2130 4607 2292 4661 Vens.
2330 4609 2382 4662 8.
2400 4638 2467 4647 -—-
2487 4606 2649 4663 Soror
2670 4619 2847 4662 nostra
2867 4620 3117 4678 parva,et
3143 4614 3296 4665 ubera
3312 4627 3413 4665 non
3440 4612 3611 4679 habet,

2024 4720 2028 4725 ι
2057 4695 2181 4765 quid
2191 4696 2454 4763 faciemus
2474 4699 2640 4749 sorori
2669 4700 2930 4752 nostrain
2954 4700 3056 4763 die,
3076 4701 3281 4769 quando
3306 4699 3617 4773 alloquenda

2059 4787 2175 4839 est?
2201 4786 2378 4840 Prima
2419 4787 2686 4841 nascentis
2712 4786 2963 4842 Ecclesiae
2988 4788 3053 4842 de
3091 4789 3336 4857 gentibus
3374 4798 3613 4860 tempera

2062 4875 2324 4946 signiﬁcat
2350 4873 2505 4948 [Cod.
2543 4874 2658 4928 Vat.
2690 4887 2733 4928 et
2766 4875 2862 4939 al.,
2888 4876 3171 4949 designat],
3197 4880 3409 4949 quando
3440 4879 3615 4935 adhuc

2059 4973 2112 5019 et
2141 4980 2302 5035 parva
2352 4965 2451 5019 fuit
2496 4981 2735 5029 numero,
2778 4974 2832 5019 et
2878 4967 3053 5021 minus
3092 4968 3281 5023 idonea
3324 4969 3616 5037 praedicare

2057 5057 2277 5111 verbum
2313 5058 2472 5129 407
2499 5060 2649 5126 quasi
2694 5059 2934 5129 Sponsus
2962 5062 3252 5131 Synagoga:
3299 5060 3522 5114 dixisset
3551 5063 3618 5115 de

2057 5160 2117 5200 ea
2146 5148 2329 5213 :-Quid
2354 5150 2602 5215 faciemus
2622 5151 2787 5203 sorori
2815 5160 2999 5205 nostrte
3024 5152 3077 5204 in
3106 5152 3209 5212 die,
3246 5150 3451 5216 quando
3480 5149 3613 5203 allo-

2058 5237 2258 5304 quenda
2276 5240 2390 5289 est?
2412 5254 2473 5290 ac
2500 5240 2542 5291 si
2572 5248 2753 5305 aperte
2778 5240 2941 5302 dicat,
2964 5253 3130 5307 parva
3150 5239 3360 5307 quidem
3390 5255 3611 5295 numero

2057 5332 2138 5378 est
2161 5324 2389 5378 Ecclesia
2410 5326 2665 5393 gentium,
2696 5334 2751 5379 et
2771 5326 2995 5379 necdum
3024 5325 3128 5397 [Αἰ.
3164 5326 3267 5379 add
3332 5326 3432 5396 ad]
3463 5330 3614 5383 verbi

2058 5414 2367 5483 mysterium
2400 5414 2547 5485 [Cod.
2588 5412 2726 5475 Vat.-,
2753 5414 3129 5489 ministerium]
3165 5416 3341 5469 subire
3379 5414 3603 5483 sullicit;

2058 5503 2183 5570 quid
2213 5516 2340 5572 ergo
2369 5501 2464 5556 tibi
2484 5503 2713 5567 videtur,
2736 5519 2769 5557 o
2796 5500 3094 5573 Synagoga,
3121 5505 3185 5558 de
3210 5516 3392 5557 sorore
3417 5501 3609 5559 facien-

2058 5594 2180 5649 dum
2211 5602 2415 5656 nostra,
2437 5594 2647 5663 quando
2676 5594 2988 5663 alloquenda
3012 5601 3115 5657 est,
3147 5591 3198 5647 id
3218 5602 3324 5656 est,
3344 5606 3441 5663 per
3460 5595 3616 5651 verbi

484 5722 509 5752 ι
533 5707 661 5766 Cod.
692 5709 813 5766 Vat.
839 5726 852 5766 :
886 5706 1123 5785 «βληθῇ
1147 5720 1269 5764 vero
1309 5707 1472 5763 totius
1500 5704 1849 5764 substantiam
1876 5720 1974 5775 pro
2006 5702 2299 5762 dilectionis
2326 5702 2685 5774 magnitudine
2713 5700 2865 5769 (ιιιπεί
2889 5699 3018 5755 nihil
3038 5700 3417 5773 despiciebant.
3449 5725 3477 5759 ι.
