4286 6204
624 5610 784 5651 ιξιῐῖὲὲὲ

646 365 745 419 665

1450 368 1504 419 Β.
1548 368 1605 420 F.
1650 367 1869 421 ALBINI
1909 368 2036 423 SEL‘
2079 367 2347 424 ALCUINI
2388 370 2665 428 OPERL‘M
2706 372 2884 428 PARS
2921 373 2980 427 ll.

3769 376 3868 431 664

643 497 998 554 ministerium
1051 500 1287 553 duccmla
1342 502 1394 553 in
1448 502 1638 555 ﬁdem?
1668 503 1960 572 Synagogae
2006 488 2255 560 taeentiAl

2148 507 2201 560 ,ιί
2237 488 2277 543 Α
2307 489 2483 540 omnia
2539 487 2769 557 reliquit.
2812 487 3063 555 Argentei
3111 501 3207 554 pro
3250 489 3391 541 omni
3450 490 3672 559 pecunia
3732 494 3871 546 acci-

642 590 753 659 ipse
784 588 1042 657 Sponsus,
1079 590 1205 657 quid
1232 591 1344 645 lieri
1377 593 1590 657 debeat,
1614 595 1888 664 respondit
1927 612 1940 646 :

713 677 875 733 Vsus.
926 680 1065 735 9.-
1094 680 1155 735 Si
1202 697 1382 733 murus
1426 692 1522 743 est,
1562 682 1878 750 a'di/icemus
1912 698 2066 752 super
2092 698 2208 734 eum

639 768 1027 837 propugnacula
1055 781 1317 839 argentm.
1341 771 1417 825 Ac
1444 772 1486 824 si
1512 772 1729 835 diceret,
1750 774 1794 826 si
1822 773 2027 841 aliquos
2049 773 2208 826 habet

639 861 692 911 in
720 873 779 911 se
800 857 965 913 fortes
988 860 1039 913 in
1064 860 1185 925 fide,
1213 863 1291 914 vel
1316 862 1487 915 claros
1512 863 1746 931 ingenio,
1771 863 1851 915 vel
1876 862 2204 933 philosophia

640 948 944 1008 instructos.
978 950 1234 1004 addemus
1265 951 1367 1003 illis
1403 951 1799 1019 propugnacula
1839 960 2110 1019 argentea,
2154 952 2204 1005 id

637 1046 735 1098 est,
757 1038 1031 1092 scientiam
1050 1040 1349 1093 divinarum
1376 1039 1793 1116 Scripturarum,
1822 1050 1879 1094 ut
1909 1057 1971 1095 eo
1996 1042 2204 1095 facilius

636 1129 841 1195 possint
862 1131 1023 1182 tutari
1052 1130 1291 1184 infirmos
1315 1139 1474 1200 atque
1503 1132 1764 1185 indoctos.
1803 1132 1861 1184 Si
1893 1134 2077 1184 ostium
2104 1142 2199 1194 cst,

635 1219 1021 1288 compinganms
1047 1220 1177 1270 illud
1207 1220 1397 1272 Ialm/is
1420 1221 1662 1274 ccdrinis.
1700 1219 1754 1273 Si
1782 1222 1887 1273 sint
1911 1219 2199 1287 simplices,

636 1318 812 1360 tamen
862 1309 1083 1361 docendi
1139 1309 1314 1362 studio
1364 1310 1651 1374 inhiantes,
1703 1323 2061 1379 praponamus
2098 1308 2200 1362 illis

634 1397 872 1464 priorum
904 1397 1145 1465 exempla
1172 1397 1459 1466 jnstornm,
1493 1415 1597 1469 quo
1633 1400 1831 1454 certius
1855 1408 1909 1452 ct
1935 1398 2200 1454 cllicacius

630 1487 853 1540 docendi
884 1502 1018 1555 opus
1046 1488 1265 1557 implere
1290 1491 1511 1557 possint.
1543 1491 1721 1551 Ccdri,
1741 1492 1964 1543 virtutes
1988 1501 2199 1545 sancto-

629 1592 771 1639 rum,
797 1584 851 1629 et
886 1578 1077 1632 tabula:
1112 1578 1444 1635 latitudinem
1474 1581 1753 1635 charitatis
1784 1581 2083 1648 designant.
2118 1582 2197 1635 Ad

627 1666 743 1720 ha'c
768 1666 882 1738 ipsa
913 1670 1197 1738 respondet
1220 1670 1478 1724 Ecclesia.

701 1756 860 1812 Vens.
899 1758 1194 1828 lO.—l§go
1226 1777 1423 1815 murus.
1467 1761 1577 1830 Ego
1627 1761 1689 1814 de
1738 1762 1871 1815 vivis
1917 1772 2191 1832 compacta

626 1860 740 1897 sum
771 1843 1054 1913 lapidibus,
1090 1856 1142 1899 et
1170 1847 1373 1914 glutino
1400 1850 1682 1902 eharitatis
1708 1849 1962 1913 adunata,
2011 1860 2065 1903 et
2100 1864 2190 1903 su-

625 1950 721 2002 per
743 1933 1144 1989 fundamentum
1174 1937 1443 1991 immobile
1472 1938 1752 1991 :edilicata.
1789 1937 1854 1989 Et
1897 1940 2053 1990 ubera
2081 1956 2194 1992 mea

621 2026 753 2076 sicut
778 2027 959 2089 turris,
987 2042 1050 2078 ex
1076 2043 1178 2094 quo
1205 2026 1343 2093 facta
1364 2042 1477 2078 sunt
1502 2042 1674 2079 coram
1701 2042 1777 2088 eo,
1804 2026 1854 2079 id
1881 2038 1983 2091 est,
2009 2028 2195 2082 docto-

620 2129 709 2167 res
741 2114 943 2167 habens
984 2113 1307 2168 fortissimos
1350 2130 1447 2169 ceu
1494 2116 1677 2178 turris,
1716 2117 1805 2184 qui
1845 2124 1898 2169 ct
1943 2117 2191 2185 parvulos

622 2203 828 2256 nutrire
854 2203 1029 2258 sciunt
1056 2212 1109 2257 et
1133 2205 1311 2257 omnia
1338 2203 1552 2272 maligni
1579 2204 1755 2273 jacula
1805 2205 2092 2272 expellere.
2124 2205 2192 2256 Et

619 2295 719 2348 hoc
750 2294 878 2347 mihi
909 2295 1103 2348 accidit
1148 2310 1215 2349 ex
1260 2310 1325 2349 eo
1377 2304 1635 2363 tempore,
1690 2310 1796 2361 quo
1826 2294 2072 2347 Christus
2107 2311 2191 2348 me

620 2384 1005 2446 recenciliavit,
1039 2382 1115 2454 [et
1144 2399 1327 2451 pacem
1361 2398 1456 2450 per
1484 2398 1604 2434 eum
1656 2380 1871 2451 reperi].
1904 2380 2065 2446 Quasi
2092 2399 2186 2447 pa-

616 2490 723 2527 ccm
749 2476 1022 2543 reperiens.
1053 2474 1183 2538 Quia
1208 2474 1316 2541 ipse
1338 2482 1416 2525 est
1448 2488 1548 2542 pax
1579 2487 1718 2531 vera,
1742 2472 1939 2527 faciens
1966 2483 2189 2540 utraque

620 2580 803 2616 ιιιιιιῐιι.

688 2654 846 2709 Vens.
894 2656 1057 2708 ll.—-
1082 2654 1241 2710 Vinea
1270 2657 1365 2725 fuit
1402 2657 1619 2727 paciﬁca
1657 2659 1709 2709 in
1756 2673 1839 2718 ea,
1887 2673 2003 2725 qua:
2039 2656 2188 2709 habet

614 2742 849 2810 populus.
883 2745 1069 2805 Vinea,
1091 2745 1139 2798 id
1162 2754 1258 2805 est,
1280 2746 1541 2798 catholica
1571 2744 1805 2798 Ecclesia
1833 2744 2005 2798 fructu
2026 2747 2188 2798 abun-

606 2832 748 2901 ‘dans
780 2829 922 2893 lidei,
975 2831 1077 2884 fuit
1122 2833 1361 2900 pacilico,
1418 2833 1469 2886 id
1516 2844 1600 2887 est
1623 2833 1858 2894 Christo,
1894 2833 1984 2899 qui
2007 2833 2185 2884 omnia

616 2917 917 2985 pacificavit
947 2921 997 2972 in
1031 2922 1181 2974 cmlis
1211 2930 1262 2974 et
1290 2922 1345 2974 in
1375 2922 1531 2974 terris
1561 2922 1612 2973 in
1642 2934 1701 2972 ea
1750 2920 2181 2987 congregatione,

613 3024 732 3074 qua:
786 3008 981 3061 multos
1031 3012 1254 3077 populos
1299 3008 1534 3076 possedit
1587 3023 1650 3060 ex
1682 3016 1789 3060 toto
1816 3008 1962 3067 orbe,
1998 3007 2183 3059 nonin

614 3099 795 3153 Judtea
823 3101 1011 3153 solum.
1052 3100 1286 3154 Tradidit
1325 3118 1436 3154 eam
1479 3102 1798 3164 custodibus,
1830 3099 2102 3167 prophetis
2131 3107 2185 3152 et
2209 3140 2255 3200 ϐ

616 3188 890 3258 apostolis,
938 3190 1019 3243 vel
1076 3191 1330 3261 angelicis
1370 3191 1735 3259 dignitatibus.
1786 3187 1881 3239 l’ir
1910 3189 2060 3255 affert
2088 3205 2182 3256 pro

615 3281 788 3345 fructu
826 3280 939 3347 ejus
984 3279 1125 3331 mille
1166 3290 1449 3347 argenteos.
1499 3278 1553 3331 ld
1578 3287 1679 3340 est,
1707 3293 1803 3346 pro
1833 3278 2183 3331 retributione

614 3374 812 3419 acterna
841 3364 996 3432 huius
1038 3367 1225 3431 vincar,
1264 3367 1417 3420 all‘ert
1446 3367 1588 3421 mille
1636 3375 1950 3433 argenteos;
1993 3364 2045 3417 id
2078 3374 2179 3429 est,

614 3473 711 3525 pro
740 3460 1087 3526 acquisitione
1111 3460 1257 3526 regni
1285 3458 1539 3520 caalestis,
1555 3457 1645 3525 qui
1662 3464 1744 3510 est
1768 3455 1971 3508 fructus
1994 3454 2178 3516 vinem,

616 3560 831 3615 cuncta,
861 3567 979 3619 qua:
1008 3552 1189 3604 mundi
1222 3560 1365 3614 sunt,
1390 3550 1624 3619 reliquit.
1653 3547 1978 3601 Millenarius
2000 3561 2186 3599 nume-

615 3656 707 3697 rus
752 3656 849 3709 pro
897 3640 1220 3709 perfectione
1268 3641 1498 3710 ponitur,
1532 3639 1581 3694 id
1613 3648 1695 3695 est
1725 3636 1837 3699 lF.,
1869 3636 2054 3707 illius],
2094 3636 2182 3703 qni

2309 588 2545 641 pmntur.

2380 665 2540 720 Vens.
2583 667 2665 721 l2.
2685 699 2753 707 —
2784 668 2944 723 Vinea
2969 687 3079 723 mea
3119 688 3291 725 coram
3321 687 3399 725 me
3420 683 3510 725 est.
3537 672 3605 725 Et
3631 671 3747 728 hinc
3767 686 3871 727 vox

2310 752 2500 821 Sponsi
2530 764 2628 810 est.
2664 759 2859 811 Verum
2888 760 2987 813 etsi
3016 768 3068 813 te
3096 760 3214 813 aliis
3243 760 3609 815 commendem
3634 761 3870 816 custodi-

2306 843 2424 905 Lus,
2455 851 2633 898 tamen
2661 853 2712 898 te
2744 861 2956 915 semper
3000 846 3052 899 in
3102 848 3235 900 mea'
3258 846 3427 900 habeo
3455 848 3759 915 prmsentia,
3792 847 3872 899 vi-

2305 933 2436 987 dens
2462 942 2515 986 et
2543 950 2890 989 remunerans
2918 936 3115 990 laboris
3144 936 3218 990 tui
3260 936 3593 990 devotionem
3622 938 3672 990 in
3698 936 3872 991 omni-

2303 1022 2421 1077 bus.
2444 1022 2587 1076 Mille
2610 1026 2685 1076 tui
2704 1025 2929 1094 paciﬁci.
2958 1023 3096 1078 Mille
3122 1026 3216 1090 tui,
3242 1026 3575 1091 subauditur,
3599 1024 3868 1097 argentei;

2301 1112 2453 1180 quasi
2482 1112 2724 1177 dixisset,
2750 1114 2839 1182 qui
2868 1129 2964 1181 pro
2989 1129 3172 1168 amore
3218 1129 3335 1168 meo
3355 1121 3545 1169 cuncta
3567 1128 3661 1169 sua
3692 1115 3874 1169 diruit—

2302 1210 2440 1265 tunt,
2471 1202 2522 1254 in
2568 1216 2700 1270 pace
2742 1203 2941 1257 habent
2987 1212 3278 1268 reservata,
3319 1203 3627 1275 significans
3662 1201 3869 1274 simpli-

2299 1293 2473 1347 ciores
2505 1292 2558 1345 in
2608 1294 2865 1395 Ecclesiq,
2897 1296 3238 1368 quiiomncm
3296 1295 3650 1360 substantiam
3691 1311 3867 1359 suam,

2300 1382 2599 1437 millenario
2645 1382 2869 1438 numer'o
2913 1385 3267 1455 designatam,
3319 1401 3417 1454 pro
3471 1386 3732 1441 charitate
3774 1385 3869 1440 Dei

2297 1476 2565 1529 amittunt.
2599 1474 2666 1527 Et
2704 1475 2910 1527 ducenti
2938 1475 3036 1537 Itis,
3059 1476 3148 1543 qui
3176 1476 3472 1528 custodiunt
3496 1476 3696 1544 fructus
3728 1479 3865 1546 ejus.

2297 1563 2350 1616 ld
2380 1572 2482 1625 cst,
2514 1563 2752 1632 argentei
2776 1563 2876 1625 his,
2905 1563 2993 1632 qui
3026 1563 3333 1617 custodiunt
3376 1561 3579 1618 fructus
3606 1564 3752 1632 ejus;
3775 1563 3866 1632 qui

2296 1662 2419 1707 sunt
2448 1654 2695 1707 doctores
2723 1654 2913 1718 sancti,
2945 1655 3035 1722 qui
3060 1654 3236 1707 omnia
3268 1653 3451 1707 mundi
3491 1654 3787 1719 dimittunt,
3813 1664 3869 1709 ct

2298 1750 2348 1800 in
2374 1747 2536 1799 verbo
2558 1747 2952 1815 prmdieationis
2994 1746 3237 1799 laborare
3268 1761 3373 1798 non
3405 1754 3635 1800 cessant.
3670 1745 3732 1798 lli
3760 1746 3859 1799 du-

2296 1839 2419 1908 plici
2450 1841 2897 1906 remuneratione,
2926 1854 3043 1907 qua:
3072 1838 3385 1892 dueentario
3410 1837 3740 1907 designatur,
3776 1839 3868 1892 do-

2295 1940 2493 1985 nantur
2519 1932 2656 1999 apud
2682 1945 2785 1984 me.
3740 1996 3763 2001 ν.

2363 2021 2526 2075 Vens.
2566 2022 2649 2076 15.
2672 2051 2739 2059 -
2766 2019 2868 2085 Qui
2912 2021 3114 2073 habitas
3144 2022 3197 2073 in
3236 2022 3419 2083 hortis,
3470 2036 3623 2073 amict
3658 2021 3868 2072 auscul—

2291 2121 2422 2164 tant.
2456 2110 2589 2176 Quia
2620 2110 2814 2165 locutio
2844 2119 3024 2165 nostra
3058 2111 3286 2165 ﬁnienda
3336 2119 3437 2173 est,
3487 2111 3589 2165 hoc
3618 2112 3864 2164 ultimum

2292 2200 2408 2253 vale
2437 2216 2465 2253 a
2494 2213 2578 2253 me
2604 2200 2802 2253 audito.
2856 2199 3077 2267 Semper
3123 2199 3325 2251 habitat
3377 2194 3542 2268 [Cod.
3598 2195 3735 2260 ναι,
3772 2197 3866 2250 ha-

2290 2289 2427 2362 bita]
2450 2292 2499 2344 in
2534 2293 2706 2345 hortis
2735 2293 3015 2353 virtutum,
3046 2300 3097 2342 et
3145 2291 3278 2343 scito
3319 2291 3457 2359 quod
3486 2290 3665 2353 amici,
3702 2291 3750 2344 id
3779 2299 3862 2344 est

2290 2381 2514 2451 angelici
2544 2382 2765 2449 spiritus
2791 2388 2845 2433 et
2870 2380 3061 2433 anima:
3086 2388 3412 2442 sanctorum,
3434 2395 3647 2449 semper
3670 2389 3720 2433 te
3740 2396 3865 2434 enn—

2290 2473 2528 2525 siderant
2563 2480 2615 2523 et
2657 2478 2749 2525 tuo
2799 2470 3032 2540 gaudent
3080 2469 3343 2537 profectu.
3404 2468 3515 2522 Fac
3562 2486 3641 2521 me
3682 2469 3868 2523 audire

2290 2576 2457 2614 vacem
2483 2570 2647 2613 tuam.
2674 2560 2730 2614 ld
2758 2568 2859 2619 est,
2896 2568 3007 2611 νος.
3049 2558 3461 2626 praadicationis,
3489 2565 3747 2625 quantum
3773 2570 3867 2608 va-

2289 2653 2387 2715 les,
2431 2667 2643 2720 semper
2690 2649 2939 2703 audiatur
2982 2664 3011 2701 a
3069 2663 3173 2702 me.
3230 2647 3311 2702 Ad
3363 2649 3477 2702 hzec
3524 2662 3719 2717 sponsa
3751 2658 3864 2701 res-

2287 2743 2472 2812 pandit
2510 2760 2520 2793 :

2360 2832 2521 2883 Vens.
2569 2830 2653 2883 Li.
2677 2861 2743 2869 —
2766 2829 2932 2900 Fuge,
2957 2829 3138 2884 dilecte
3162 2829 3247 2891 mi,
3277 2838 3324 2881 et
3354 2828 3644 2881 assimilare
3663 2844 3865 2897 caput:

2286 2920 2605 2989 [tinnulaque
2628 2936 2891 2973 cervarum
2918 2934 3073 2987 super
3116 2927 3312 2970 montes
3354 2926 3662 2969 aromatum.
3706 2915 3782 2970 Ac
3816 2916 3862 2969 si

2286 3016 2469 3074 aperte
2491 3007 2631 3060 dicat
2657 3006 2908 3073 quoniam
2933 3006 2985 3058 in
3015 3020 3177 3058 carne
3215 3018 3475 3073 apparens
3507 3015 3769 3073 prmcepta
3800 3021 3863 3059 ac

2287 3097 2422 3150 dona
2451 3097 2574 3150 vitro
2602 3097 2731 3150 mihi
2762 3096 2943 3159 tulisti,
2968 3111 3109 3149 nunc
3138 3095 3224 3149 his
3251 3095 3479 3164 peractis
3510 3102 3777 3148 revertere
3807 3094 3860 3147 in

2286 3188 2461 3241 sinum
2490 3187 2666 3240 Patris
2693 3184 2745 3257 [ο
2775 3187 2845 3237 mi
2881 3185 3082 3248 dilecte,
3121 3183 3413 3237 assimilare
3441 3198 3639 3252 caprea
3671 3183 3860 3235 hinnu-

2288 3277 2437 3346 laque
2461 3291 2722 3329 cervorum
2744 3292 2887 3344 supet
2923 3284 3120 3327 montes
3155 3272 3492 3343 aromatum].
3519 3274 3583 3326 Et
3603 3274 3704 3326 hoc
3728 3270 3861 3326 mihi

2289 3367 2357 3418 sit
2387 3364 2657 3428 solatium,
2686 3362 2824 3431 quod
2849 3377 2969 3416 cum
3017 3364 3267 3416 continua
3298 3363 3502 3415 visione
3533 3376 3636 3414 non
3664 3374 3861 3427 queam

2291 3454 2444 3525 [Coit
2482 3452 2624 3515 Vat.,
2657 3450 2887 3523 nequeo]
2920 3460 2971 3504 te
2999 3465 3236 3513 cernere,
3278 3450 3466 3502 saltem
3496 3447 3687 3501 crebra
3733 3446 3857 3498 visi-

2288 3544 2491 3596 tatione
2513 3556 2599 3595 me
2627 3540 2895 3594 consolari
2919 3538 3127 3607 dignari
3155 3537 3288 3591 velis
3316 3536 3467 3608 [ϐοά.
3515 3534 3651 3599 Vat.,
3681 3534 3857 3589 saltim

2288 3632 2476 3686 crebra
2506 3630 2711 3683 visione
2734 3642 2821 3682 me
2849 3626 3115 3682 consolari
3147 3625 3459 3695 memento].

617 3785 3841 3823 __________________________________________________.______..__

1643 3904 1806 3974 408
1836 3890 2219 3954 EPISTULA
2267 3892 2374 3949 AD
2416 3890 2799 3967 DAPHNIN.

730 4045 825 4103 De
861 4042 971 4102 illo
1024 4042 1283 4102 Cantica
1320 4040 1706 4101 canticorum
1753 4038 1891 4099 loco
1934 4057 1947 4094 :
2001 4056 2025 4082 ει
2064 4033 2400 4109 Sexaginta
2447 4041 2591 4093 sunt
2646 4033 2870 4112 regina?
2916 4040 2969 4093 et
3020 4034 3337 4109 octoginta
3387 4028 3739 4091 concubina:

2007 4132 2198 4209 (Cant.
2249 4147 2331 4199 vr,
2387 4132 2469 4211 '7).
3690 4151 3694 4155 ·

2072 4256 2367 4268 -ι--α--σο

1043 4322 1352 4401 nostrum
1388 4341 1735 4398 ριμεγιωί.

686 4497 1005 4549 Praesentem
1034 4492 1333 4561 epistolam,
1364 4507 1453 4545 seu
1466 4487 2075 4561 ‘cominentat'inneulam
2105 4487 2181 4539 ci-

617 4566 711 4619 tati
741 4581 804 4617 ex
833 4554 1079 4616 Canticis'
1099 4563 1215 4620 loci,
1250 4562 1422 4628 primo
1447 4558 1717 4628 Canisitnn
1763 4554 1986 4628 totn._\'l
2028 4556 2176 4628 Lect.

615 4634 820 4703 Antiq.,
849 4648 967 4701 pag.
988 4625 1283 4703 βςὶβ-ΣόὃεᾷξΔ
1306 4645 1416 4703 _s_eu_
1449 4637 1578 4681 tom.
1622 4625 1685 4703 _ll_
1721 4626 1850 4703 edit.
1874 4695 1885 4703 ἠ
1907 4625 2174 4695 Basnagii,

614 4695 820 4771 partfi,
984 4699 1106 4763 540,
1125 4714 1189 4753 ex
1216 4698 1533 4771 bibliotheca
1558 4695 1885 4771 celeberrimi
1910 4707 2178 4771 monaste-

616 4764 681 4825 rii
789 4764 946 4830 Galli,
962 4771 1187 4823 edidisse
1209 4770 1475 4839 creditur;
1495 4764 2177 4839 quanivis__AntoniusPos-

616 4842 847 4902 sevinus,
880 4848 1006 4891 tom.
1032 4839 1047 4890 l
1074 4839 1323 4906 Apparat.
1357 4833 1535 4906 Sacri,
1562 4850 1677 4903 pag.
1704 4833 1790 4893 53,
1823 4833 2189 4906 antiquiorem

614 4912 918 4967 editionem,
949 4903 1138 4960 factam
1159 4903 1303 4957 anno
1334 4905 1484 4965 13368,
1515 4919 1616 4957 una
1645 4916 1764 4955 cum
1795 4903 2177 4955 commentario

618 4981 669 5031 in
714 4978 973 5037 Psalmos,
1007 4982 1300 5030 recenseat.
1352 4972 1431 5026 Cl.
1479 4972 1840 5037 Quercctanus
1887 4970 2172 5024 editionem

616 5049 817 5101 Canisii
846 5056 1058 5100 secutus
1080 5051 1180 5104 est,
1212 5044 1459 5109 illamque
1487 5043 1625 5094 inter
1652 5039 1842 5109 Opera
1872 5040 1930 5091 Β.
1963 5039 2039 5091 Fl.
2089 5040 2177 5092 Λι-

616 5119 758 5171 euini
787 5116 1052 5170 reccnSuit
1076 5128 1197 5182 pag.
1231 5112 1352 5165 506.
1384 5110 1553 5175 Quam
1599 5108 1885 5182 editionem
1919 5125 2013 5161 nos
2043 5126 2177 5182 qun-

583 5227 586 5231 .
619 5202 720 5256 quc
743 5187 1031 5256 sequimur,
1066 5177 1311 5256 collatam
1341 5196 1467 5256 cum.
1483 5178 1656 5256 veteri
1706 5177 1887 5256 codice
1935 5193 2032 5229 ms.
2073 5180 2180 5256 ,ὃτι-

618 5247 953 5321 lisburgcnsi,
981 5253 1119 5303 unde
1143 5252 1398 5321 quasdam
1421 5249 1725 5321 differentes
1746 5247 2000 5321 lectiones
2022 5248 2183 5321 adno-

618 5317 867 5376 tavimus.
912 5317 1244 5382 Jut'enis,'ni
1288 5319 1463 5387 fallor,
1493 5320 1567 5371 ait
1610 5317 1899 5384 Basnagius
1927 5317 2028 5387 loc.
2066 5317 2183 5377 cit.,

618 5404 727 5443 erat
771 5393 957 5453 adhuc,
1008 5405 1126 5443 cum
1168 5384 1301 5441 hanc
1338 5387 1605 5455 epistolam
1651 5387 1853 5455 scripsit
1900 5384 2184 5444 Alcuinns;

618 5462 801 5528 quippe
824 5462 959 5512 inter
986 5458 1271 5512 familiares
1299 5458 1507 5510 latitare
1528 5456 1788 5528 cupiebat,
1806 5455 2177 5524 doctorumju-

620 5525 760 5581 (licia
788 5528 1152 5592 reformidans,
1176 5543 1266 5579 nec
1294 5542 1470 5580 eorum
1494 5525 1789 5592 causpec'ui
1820 5538 1933 5576 sese
1955 5539 2183 5591 prteseno

893 5598 1004 5653 bat.
1034 5596 1190 5648 Parvi
1215 5610 1423 5664 quoque
1465 5592 1721 5649 momenti
1764 5606 1883 5645 esse
1910 5594 2045 5647 hanc
2071 5596 2180 5662 cpi-

2282 4312 2475 4366 stolam
2507 4318 2727 4363 censent
2754 4310 3041 4378 scriptores
3066 4306 3203 4361 Hist.
3247 4308 3348 4361 litt.
3391 4307 3631 4362 Francia:
3655 4349 3669 4373 ,
3722 4316 3853 4363 tom.

2286 4381 2371 4439 IV,
2402 4396 2524 4447 pag.
2552 4378 2674 4441 305,
2705 4395 2757 4445 η.
2792 4378 2844 4431 6.

2358 4420 3067 4516 Det-Daphni'seti'Daphini
3098 4447 3275 4500 omnia
3324 4446 3477 4499 nobis
3518 4447 3718 4516 ignota,
3750 4443 3855 4516 nisi

2286 4519 2426 4587 quod
2453 4513 2659 4570 Alcuini
2692 4515 2849 4587 fuerit
2873 4513 3180 4584 discipulus,
3210 4516 3294 4587 cui
3320 4531 3472 4587 suum
3510 4513 3749 4587 dolorem
3788 4513 3855 4567 de

2327 4602 2541 4641 erversa
2577 4586 2788 4639 vivendi
2817 4582 3040 4647 ratione,
3069 4587 3153 4638 cui
3182 4584 3317 4637 alter
3338 4584 3651 4651 discipulus,
3682 4582 3855 4637 Cucu-

2327 4604 2541 4641 erversa
2577 4604 2788 4639 νινριιαι
2817 4604 3040 4647 ratione,
3069 4604 3153 4638 CUI
3182 4604 3317 4637 alter
3338 4604 3651 4651 (llSClpUlllS,
3682 4604 3855 4637 hucu-

2289 4604 2371 4711 lits
2416 4657 2649 4717 nomine,
2706 4671 2762 4709 se
2804 4656 3037 4714 dederat,
3085 4653 3420 4721 signiﬁcavit,
3470 4667 3628 4718 quem
3657 4651 3856 4721 plangit

2288 4725 2541 4794 singulari
2570 4724 2827 4785 carmine,
2852 4738 2948 4775 suo
2969 4736 3180 4789 quoque
3206 4721 3321 4774 loco
3364 4735 3428 4774 ex
3475 4722 3748 4775 Aualectis
3769 4721 3849 4774 Cl.

2289 4793 2575 4847 Mabillonii
2597 4794 2913 4845 exhibendo.
3456 4811 3461 4815 ο

2360 4884 2713 4938 Dilectissimo
2742 4881 2849 4935 lilio
2876 4896 2994 4935 meo
3014 4881 3240 4951 Daphini
3262 4881 3411 4953 [υεη
3432 4880 3683 4951 Daphni],
3708 4877 3854 4933 Albi-

2286 4992 2385 5030 nus
2416 4976 2574 5028 Patcr
2602 4974 2846 5027 salutem.

2352 5063 2483 5127 Quia
2513 5061 2717 5131 pridem
2748 5061 2813 5115 de
2837 5076 3180 5114 numerorum
3205 5062 3411 5113 ratione
3438 5073 3645 5111 mecum
3673 5056 3851 5126 egisti,

2286 5156 2619 5222 interrogans
2647 5153 2914 5219 quomodo
2946 5152 2996 5203 in
3023 5149 3468 5204 excellentissimo
3500 5149 3721 5203 Cantica
3753 5146 3853 5221 Saf-

2280 5244 2511 5296 lomonis
2532 5240 2911 5308 sexagenarius
2940 5254 3190 5293 numerus
3225 5238 3422 5304 reginis
3447 5239 3773 5300 conveniret,
3794 5242 3851 5288 et

2286 5330 2663 5398 octogenarius
2690 5330 3019 5391 concubinis,
3070 5337 3124 5381 et
3168 5342 3263 5380 cur
3306 5326 3708 5382 adulescentulas
3732 5324 3849 5379 sine

2290 5432 2512 5472 numero
2535 5426 2713 5472 essent
2742 5436 2753 5471 :
2784 5420 2946 5489 igitur
2970 5426 3025 5471 et
3050 5417 3095 5469 si
3126 5417 3361 5470 noverim
3388 5427 3439 5470 te
3461 5416 3669 5484 plenam
3688 5411 3844 5486 [Ms.,
3924 5428 3929 5429 '

2282 5508 2592 5578 plcnariam]
2624 5508 2781 5576 hujus
2807 5510 3065 5562 rationem
3092 5506 3144 5559 in
3166 5515 3470 5561 sanctorum
3493 5504 3710 5559 Patrum
3735 5512 3843 5559 tra-

2282 5591 2511 5651 ctatibus
2542 5597 2753 5668 legisse,
2789 5604 2967 5650 tamen
2990 5611 3057 5651 ne
3080 5605 3223 5651 tuam
3243 5595 3555 5651 contristent
3582 5594 3839 5653 sollicita:

694 5722 714 5747 ⁸
748 5712 804 5768 In
834 5710 961 5769 Cod.
992 5728 1090 5769 ms.
1123 5710 1315 5770 Salisb.
1360 5712 1543 5767 titulus
1570 5730 1579 5764 :
1615 5711 1689 5765 De
1727 5712 2059 5780 serngcnatio
2087 5729 2297 5767 numero
2322 5713 2632 5781 reginarum,
2663 5692 2709 5765 ii
2732 5712 3055 5781 octogenario
3077 5709 3498 5765 concubinarum.
