4230 6204
471 362 577 421 665⁷

1102 370 1500 429 ΕΧΕΟΕἸἹΟΑ.
1525 374 1939 431 -ΟΟΜΓΜΕΧἙ
1980 374 2046 427 ΙΝ

2086 375 2395 431 ECCLESIA
2406 378 2575 433 STEN
2583 419 2595 433 .
2637 379 2881 433 PRIEFA
2892 380 3017 434 ΤΙΟ.

3557 390 3655 444 ω,

464 482 659 543 dinem,
709 482 878 534 dicam
926 483 1065 550 quod
1094 500 1223 538 mea:
1268 485 1475 539 videtur
1526 488 1802 556 imperitia:
1848 500 2001 555 posse
2031 490 2074 543 Α
2103 484 2283 539 decem
2308 492 2473 556 usque
2490 489 2554 541 ad
2576 498 2806 541 centum.
2832 489 3007 543 Tertia
3027 507 3055 543 a
3080 495 3381 547 centenario
3403 512 3570 564 usque
3590 500 3657 553 ad

459 570 766 635 convenire,
789 581 843 625 et
870 571 1011 639 quod
1037 581 1237 626 tantum
1261 575 1399 629 inter
1437 574 1907 631 familiaresaures
1932 574 2006 626 la-

459 658 617 714 titare
637 660 815 725 velim,
838 663 961 729 quia
986 676 1069 715 me
1093 663 1299 731 publice
1349 662 1499 733 [Ms.,
1528 660 1760 733 publico]
1780 668 2002 730 magno-

461 763 578 801 rum
597 747 871 802 doctorum
894 748 1093 816 judicio
1118 758 1435 817 praesentare
1462 765 1564 802 non
1589 751 1775 803 audeo.

527 837 775 907 Legimus
798 842 937 893 enim
965 841 1017 893 in
1044 855 1384 894 numerorum
1409 840 1751 894 subtilissima
1778 836 2002 905 ratibne,

458 927 589 982 alios
607 944 857 984 numeros
880 946 998 984 esse
1022 946 1198 999 pares,
1224 931 1355 984 alios
1379 932 1641 998 impares;
1686 937 1738 983 et
1763 932 1889 983 item
1910 945 2003 997 pa-

456 1014 594 1068 rium
624 1032 962 1071 numerorum
986 1018 1117 1072 alios
1140 1032 1259 1073 esse
1284 1018 1569 1087 perfectos,
1597 1019 1728 1071 alios
1760 1032 1878 1072 esse
1905 1019 2003 1070 im-

452 1106 756 1172 perfectos:
787 1106 915 1161 item
956 1116 1010 1161 ct
1036 1107 1466 1177 imperfectorum
1508 1108 1640 1162 alios
1678 1122 1796 1161 esse
1820 1123 2004 1177 super-

452 1193 605 1258 ﬂuos,
631 1195 764 1249 alios
786 1196 1024 1266 exiguos.
1072 1195 1234 1250 Pares
1280 1205 1457 1250 autem
1502 1197 1707 1261 numeri
1740 1207 1879 1261 sunt,
1910 1197 2001 1265 qui

452 1282 504 1335 in
536 1282 639 1338 duo
660 1283 880 1352 aequalia
920 1284 1081 1339 dividi
1132 1292 1353 1352 possunt
1385 1302 1398 1337 :
1430 1292 1487 1337 ut
1516 1292 1633 1338 octo
1660 1284 1710 1336 in
1746 1284 1827 1336 bis
1870 1300 2001 1351 qua-

450 1378 590 1435 tuor,
615 1381 669 1425 et
695 1381 921 1441 quatuor
945 1372 997 1426 in
1026 1373 1108 1429 bis
1134 1374 1256 1428 duo.
1281 1372 1515 1441 lmpares
1538 1380 1678 1436 sunt,
1706 1372 1796 1439 qui
1820 1371 1871 1423 iu
1897 1372 2000 1424 duo

448 1461 674 1527 aiqualia
713 1462 876 1515 dividi
906 1477 1010 1515 non
1035 1470 1274 1530 possunt,
1315 1468 1373 1513 ut
1410 1470 1609 1530 septem
1656 1460 1737 1513 vel
1778 1474 1994 1523 novem;

446 1564 580 1616 quos
608 1550 651 1602 si
681 1550 907 1615 dividas,
928 1551 1060 1604 duas
1080 1549 1314 1618 :equales
1339 1549 1391 1603 in
1412 1550 1489 1603 eis
1518 1548 1738 1621 [partes]
1762 1549 1999 1609 invenire

444 1654 547 1690 non
570 1640 768 1706 poteris
800 1655 814 1691 :
846 1640 974 1692 item
1021 1639 1254 1707 ipsorum
1302 1638 1508 1707 parium
1540 1653 1882 1691 numerorum
1907 1637 1998 1690 alii

442 1735 564 1781 sunt
593 1726 834 1797 perfecti,
863 1728 951 1781 alii
976 1727 1291 1797 imperfecti.
1326 1728 1597 1783 Perfectus
1625 1744 1877 1782 numerus
1903 1738 1996 1782 est

2104 574 2474 629 millenarium.
2518 576 2583 629 Et
2620 578 2858 631 eamdem
2902 578 3135 647 regulam
3179 580 3518 648 perfectionis
3553 583 3657 655 [rel

2103 665 2556 736 imperfectionis],
2582 682 2697 734 quae
2720 664 2862 737 [Leg.
2883 668 3062 739 quam]
3086 671 3253 738 prima
3273 673 3446 726 unitas
3468 673 3522 726 in
3547 676 3658 729 suis

2105 754 2339 807 numeris
2364 770 2461 823 pro
2491 753 2641 825 [Ms.,
2674 755 2794 825 sub]
2826 757 3044 810 denario
3074 769 3282 822 servat,
3331 763 3569 816 eamdem
3604 774 3659 817 et

2102 843 2383 895 secundam
2430 844 2483 896 in
2519 845 2629 897 suis
2675 842 2906 898 denariis
2954 846 3051 899 sub
3094 849 3397 905 centenario
3445 866 3658 906 servare

2101 944 2317 984 necesse
2346 940 2444 985 est.
2468 932 2598 984 Nam
2630 933 2765 984 sicut
2789 934 3031 987 senarius
3056 951 3307 991 numerus
3330 939 3382 991 in
3407 939 3515 993 suis
3533 956 3655 1009 par-

2102 1020 2242 1075 tibus
2266 1036 2359 1089 per
2383 1022 2636 1075 unitatem
2660 1022 2865 1088 positus
2892 1020 3040 1091 [Μ.ς.,
3064 1026 3270 1096 positis]
3293 1026 3561 1093 perfectus
3579 1036 3661 1081 est

2101 1109 2154 1162 in
2182 1111 2377 1178 seipse,
2409 1112 2482 1163 ita
2513 1119 2567 1164 et
2612 1113 2992 1181 sexagenarius
3030 1113 3272 1180 partibus
3317 1115 3427 1167 suis
3470 1117 3660 1185 positis

2099 1212 2195 1267 per
2220 1199 2495 1252 denarium
2524 1197 2794 1267 perfectus
2819 1213 2937 1251 esse
2968 1199 3225 1261 noscitur,
3258 1200 3330 1254 ita
3356 1208 3414 1253 ut
3448 1215 3658 1267 semper

2100 1288 2152 1340 in
2182 1288 2526 1356 sexagenario
2555 1288 2807 1340 denarius
2845 1287 3017 1341 locum
3063 1288 3301 1341 obtineat
3342 1289 3560 1342 unitatis
3603 1290 3657 1343 in

2098 1374 2326 1437 senario,
2358 1382 2412 1426 et
2441 1375 2509 1427 sit
2531 1374 2672 1427 illius
2697 1375 2884 1427 divisio
2906 1391 3003 1443 per
3023 1384 3202 1443 partes
3221 1390 3344 1431 suas
3368 1376 3655 1445 ejusmodi:

2097 1461 2354 1533 medietas
2377 1462 2707 1531 sexagenarii
2733 1471 2813 1515 est
2844 1463 3189 1525 tricenarius,
3224 1466 3362 1519 sicut
3394 1466 3661 1524 ternariul

2098 1552 2325 1616 senarii;
2355 1558 2407 1605 et
2432 1558 2514 1605 est
2541 1551 2695 1605 tertia
2726 1565 2849 1619 pars
2874 1550 3207 1615 vicenarius,
3252 1552 3391 1607 sicut
3418 1553 3660 1607 binarius

2097 1641 2149 1694 in
2180 1642 2423 1704 senario;
2455 1648 2508 1694 et
2534 1628 2782 1694 denarius
2810 1639 2863 1694 in
2892 1655 2955 1693 eo
2984 1640 3155 1694 locum
3186 1648 3363 1695 teneat
3398 1641 3654 1706 unitatis;

2097 1746 2215 1799 qua:
2245 1745 2449 1784 summa
2478 1730 2523 1783 si
2550 1728 2815 1797 colligitur
2852 1729 3095 1782 eumdem
3140 1729 3323 1796 implet
3367 1743 3657 1799 sexagena-

445 1817 535 1885 qui
562 1818 799 1887 partibus
843 1817 953 1871 suis
980 1817 1246 1889 impletur,
1289 1833 1388 1871 nec
1422 1818 1764 1872 diminutione
1790 1816 1991 1887 frangi-
2023 1817 2070 1877 Β
2097 1819 2252 1871 rium.
2296 1819 2489 1873 Decem
2533 1818 2731 1885 itaque,
2778 1825 2833 1871 et
2875 1817 3090 1887 viginti,
3123 1824 3177 1870 et
3222 1818 3458 1887 triginta,
3501 1833 3656 1871 sexa-

443 1917 551 1973 tnr,
598 1922 697 1961 nec
743 1906 1179 1974 multiplicatione
1230 1907 1458 1975 partium
1493 1907 1903 1974 super-abundat,
1934 1914 1993 1958 ut

434 1997 679 2051 ‘senarius
717 2012 986 2051 numerus.
1045 1997 1214 2051 Habet
1260 1997 1401 2052 enim
1447 1996 1687 2050 senarius
1738 2010 1991 2049 numerus

438 2086 719 2140 dimidiam
741 2086 823 2141 sui
844 2094 1050 2155 partem
1082 2097 1212 2151 tres,
1246 2094 1299 2139 et
1325 2086 1537 2139 tertiam
1564 2086 1688 2149 duo,
1712 2092 1764 2137 et
1787 2091 1990 2138 sextam

436 2190 615 2235 unam.
641 2176 730 2244 qui
757 2175 914 2229 simul
934 2176 1123 2243 juncti
1146 2174 1390 2229 eumdem
1421 2175 1639 2243 implent
1681 2175 1949 2228 senarium
1974 2190 1987 2238 ;

436 2279 559 2318 nam
581 2279 764 2327 unum,
794 2265 917 2327 duo,
946 2270 1078 2327 tres,
1103 2263 1305 2317 faciunt
1335 2262 1473 2333 [sex]
1501 2263 1589 2330 qui
1619 2263 1857 2331 partibus
1879 2263 1991 2317 suis

436 2352 705 2422 impletur.
730 2350 839 2405 Nec
864 2351 1213 2407 diminutione
1239 2349 1519 2420 frangitur,
1546 2364 1644 2405 nec
1672 2349 1989 2403 abundantia

434 2440 816 2509 supercrescit;
844 2440 1045 2495 idcirco
1064 2438 1482 2508 perfectissimus
1502 2438 1740 2502 Creator,
1762 2439 1849 2507 qui
1874 2438 1991 2492 uni—

432 2541 586 2583 versa
637 2528 790 2582 valde
837 2522 974 2581 bona
1017 2529 1240 2593 creavit,
1295 2530 1346 2581 in
1383 2544 1447 2582 eo
1472 2543 1693 2582 numero
1720 2528 1991 2598 originalis

434 2619 621 2673 mundi
665 2627 939 2672 creaturas
990 2618 1239 2679 condidit,
1272 2626 1331 2670 ut
1367 2619 1688 2691 ostenderet,
1734 2618 1909 2672 omnia
1936 2618 1990 2671 in

430 2718 528 2760 suo
553 2720 747 2776 genere
773 2721 888 2760 esse
911 2704 1165 2776 perfecta,
1193 2720 1310 2773 qua:
1332 2705 1585 2759 condidit.

500 2796 629 2850 Item
655 2796 964 2850 octonarius
985 2793 1179 2865 [Edit.,
1220 2793 1612 2863 octogenarius]
1643 2807 1913 2857 numerus,
1945 2792 1989 2845 si

430 2899 554 2938 eum
584 2885 635 2938 in
664 2894 847 2953 partes
871 2900 900 2937 a
926 2899 983 2938 se
1010 2885 1123 2952 ipso
1153 2883 1454 2937 nominatas
1478 2883 1703 2947 dividas,
1730 2883 1904 2936 minor
1934 2896 1990 2935 se

431 2974 547 3041 ipso
577 2974 689 3042 ipse
719 2974 1004 3038 invenitur,
1032 2974 1190 3028 habet
1210 2974 1351 3027 enim
1385 2972 1656 3026 dimidiam
1684 2973 1764 3026 sui
1786 2980 1991 3041 partem

427 3070 675 3129 quatuor,
707 3068 761 3115 et
789 3071 1032 3129 quartam
1077 3062 1229 3125 duas,
1271 3069 1325 3114 et
1368 3070 1609 3117 octavam
1637 3077 1795 3114 unam
1826 3080 1837 3113 :
1872 3076 1992 3131 quae

430 3125 589 3204 simul
631 3125 1162 3215 ducta—octonarium
1212 3165 1318 3204 non
1365 3149 1604 3233 implent,
1635 3149 1725 3203 sed
1749 3125 1991 3218 septena-
2015 3125 2062 3185 ε

429 3239 599 3304 rium;
642 3256 827 3303 unum,
860 3242 963 3295 duo
987 3248 1041 3295 et
1078 3249 1303 3309 quatuor
1340 3247 1543 3309 septem
1585 3240 1838 3305 elﬁciunt,
1884 3257 1990 3296 non

429 3338 550 3386 octo
580 3349 591 3383 :
623 3340 676 3384 et
694 3329 856 3401 M9
879 3330 1076 3386 idcirco
1098 3332 1326 3385 secunda
1350 3329 1505 3398 hujus
1532 3331 1742 3400 generis
1758 3329 1874 3401 μ’..
1894 3332 1993 3384 bu-

429 3423 567 3475 mani
585 3422 819 3492 generis]
846 3424 993 3490 origo
1018 3423 1085 3477 ab
1109 3424 1381 3476 octonario
1394 3438 1612 3477 numero
1630 3437 1868 3476 crescere
1891 3436 1992 3475 ca:-

426 3514 519 3581 pit.
537 3512 795 3567 Videlicet
806 3521 927 3567 octo
939 3512 1143 3566 animas
1163 3511 1212 3566 in
1230 3528 1350 3567 arca
1366 3518 1484 3566 esse
1500 3513 1739 3581 legimus,
1754 3528 1782 3566 a
1800 3512 1990 3579 quibus

430 3601 591 3657 totius
611 3600 828 3655 humani
854 3602 1063 3671 generis
1092 3601 1371 3655 multitudo
1408 3600 1701 3667 pullulat-it,
1726 3607 1785 3652 ut
1812 3608 1989 3665 osten-

427 3685 666 3756 deretur,
697 3692 930 3746 secunda
952 3692 1102 3759 origo
1125 3705 1241 3744 esse
1289 3689 1665 3758 imperfectior,
1696 3705 1855 3759 quam
1881 3689 1989 3758 pri-

427 3796 535 3845 ma,
590 3796 707 3849 quze
752 3782 963 3835 senario
1013 3796 1233 3835 numero
1270 3790 1448 3836 creata
1492 3788 1591 3834 est.
1647 3779 1769 3835 lnde
1804 3788 1856 3834 et
1886 3780 1989 3833 Re-

427 3870 671 3938 demptor
722 3880 903 3923 noster
956 3877 1009 3923 et
1054 3868 1351 3937 charator
1389 3862 1572 3939 primm
1623 3870 1983 3937 perfectionis,

427 3961 565 4015 sicut
590 3960 756 4015 Adam
776 3968 923 4015 sexta
947 3959 1033 4013 die
1059 3975 1123 4012 ex
1152 3960 1355 4027 virgine
1384 3966 1523 4011 terra
1552 3968 1761 4013 creatus
1789 3967 1890 4023 est,
1914 3960 1987 4012 ita

427 4052 517 4106 ille
546 4060 695 4106 sexta
722 4060 878 4106 aatate
920 4066 986 4106 ex
1033 4051 1235 4121 virgine
1288 4050 1450 4103 Maria
1497 4048 1666 4103 factus
1695 4057 1777 4103 est
1805 4051 1983 4113 homo,

432 4152 491 4196 ut
515 4142 709 4195 senarii
735 4141 1360 4211 numeriperfectionem
1405 4155 1501 4194 suo
1551 4140 1754 4195 dicaret
1794 4141 1989 4194 adven-

432 4240 518 4296 tu,
578 4245 738 4299 quam
793 4233 846 4284 in
911 4232 1065 4299 primi
1130 4232 1359 4286 hominis
1422 4233 1741 4285 monstravit
1797 4218 1988 4285 condi-

432 4321 595 4375 tione.

496 4408 627 4462 Item
672 4408 1095 4478 progressionem
1134 4422 1473 4477 numerorum
1521 4407 1791 4467 articulis,
1831 4404 1983 4471 quasi

429 4499 741 4570 quibusdam
774 4498 1082 4561 unitatibus,
1110 4497 1177 4551 ad
1204 4498 1407 4549 inﬁnita
1436 4511 1677 4549 crescere
1704 4510 1797 4561 per
1827 4508 1983 4561 quas-

428 4585 551 4641 dam
579 4586 753 4639 ﬁnitas
785 4585 979 4641 formas
1010 4589 1268 4643 videmus.
1296 4586 1428 4640 Nam
1470 4586 1637 4653 prima
1682 4582 1984 4651 progressio

429 4687 769 4729 numerorum
804 4682 885 4726 est
927 4675 993 4727 ab
1030 4693 1135 4731 uno
1164 4692 1330 4746 usque
1359 4675 1424 4729 ad
1453 4676 1653 4729 decem.
1685 4672 1925 4725 Secunda
1954 4687 1982 4723 a

2095 1910 2239 1978 ginta
2262 1917 2403 1973 sunt,
2434 1909 2572 1962 sicut
2594 1915 2645 1962 et
2675 1916 2803 1970 tres,
2831 1916 2885 1960 et
2909 1906 3034 1971 duo,
3065 1915 3121 1962 et
3148 1923 3329 1971 unum,
3359 1921 3473 1961 sex.

2162 1998 2369 2065 Poteris
2396 2007 2450 2051 et
2475 2014 2569 2066 per
2597 2005 2648 2049 te
2678 1997 2878 2064 ipsum,
2919 1995 3069 2062 juxta
3110 1998 3349 2051 eamdem
3394 1996 3654 2065 regulam,

2092 2086 2415 2156 octogenarii
2430 2084 2703 2152 explorare
2728 2084 3151 2136 diminutionem.
3170 2083 3300 2135 Nam
3322 2084 3654 2151 octogenarii

2092 2174 2544 2245 quadragenarius
2572 2166 2827 2226 medietas
2847 2178 2947 2235 est,
2979 2179 3034 2224 et
3056 2170 3244 2240 viginti
3279 2179 3467 2238 quarta
3496 2185 3619 2238 pars
3640 2210 3654 2235 ,

2092 2272 2146 2317 et
2195 2263 2453 2317 denarius
2492 2270 2715 2317 octava:
2745 2275 2865 2329 qua:
2910 2258 3067 2313 simul
3109 2260 3265 2313 ducta
3318 2259 3651 2328 septuaginta

2091 2354 2293 2407 faciunt
2332 2368 2437 2407 non
2474 2353 2771 2421 octoginta,
2800 2366 2923 2403 nam
2953 2350 3158 2414 decem,
3188 2350 3398 2419 viginti,
3424 2365 3657 2419 quaera-

2092 2440 2255 2510 ginta,
2293 2437 2625 2508 septuaginta
2656 2444 2779 2488 sunt
2802 2434 2952 2505 [Ms.,
2980 2434 3224 2505 faciunt].

2162 2527 2447 2597 Sexaginta
2476 2540 2601 2579 vero
2626 2523 2821 2593 regina:
2854 2530 2909 2576 et
2940 2522 3207 2590 octoginta
3238 2521 3546 2574 concubina:
3574 2536 3656 2574 rc-

2092 2625 2269 2670 ctores
2297 2623 2421 2669 sunt
2446 2623 2641 2668 sanctae
2666 2612 2935 2666 Ecclesiae.
2970 2609 3075 2664 Sed
3102 2608 3188 2663 alii
3214 2624 3279 2663 ex
3318 2609 3419 2663 illis
3442 2620 3657 2679 propter

2092 2682 2257 2755 solam
2280 2702 2473 2754 Christi
2496 2694 2815 2754 charitatem’
2834 2700 3053 2763 docent;
3078 2698 3185 2760 alii,
3204 2706 3411 2751 terrena
3426 2686 3653 2765 Sequen-

2092 2799 2173 2844 tes
2194 2791 2488 2851 commoda,
2518 2788 2760 2841 laborant
2790 2788 2843 2839 in
2873 2787 3131 2849 Ecclesia,
3163 2803 3265 2839 non
3294 2786 3527 2840 caelestis
3557 2802 3657 2855 pa-

2092 2881 2207 2934 tria:
2249 2880 2427 2934 labore
2474 2876 2619 2948 [JIs.,
2665 2875 2899 2947 ardore],
2946 2876 3039 2929 sed
3064 2876 3262 2929 terreni
3302 2875 3434 2927 lucri
3482 2876 3655 2942 gratia

2092 2970 2352 3025 desudant
2385 2970 2439 3023 in
2465 2967 2719 3025 docendo.
2749 2965 2814 3019 111
2844 2981 2938 3019 sua
2967 2965 3019 3017 iu
3046 2963 3371 3031 perfectione
3402 2960 3515 3032 [F.,
3554 2962 3647 3013 im-

2094 3060 2438 3132 perfectione]
2484 3057 2821 3128 octogenario
2867 3070 3086 3109 numero
3133 3061 3548 3122 comparantur:
3577 3050 3653 3105 illi

2092 3150 2325 3220 perfecta
2347 3144 2672 3211 beatitudine
2699 3144 3043 3215 sexagenario
3071 3142 3431 3209 designantur,
3474 3147 3534 3191 ut
3574 3152 3653 3190 re-

2093 3244 2335 3312 ginarum
2376 3239 2588 3293 nomine
2632 3237 2776 3306 digni
2822 3234 3138 3296 efﬁciantur,
3165 3232 3285 3299 quia
3322 3228 3654 3299 spiritualem

2090 3330 2325 3385 sobolem
2367 3335 2587 3396 propter
2639 3337 2875 3377 amorem
2931 3320 3263 3377 solummodo
3316 3318 3505 3386 Sponsi
3532 3357 3545 3379 ,
3603 3325 3658 3369 ct

2088 3414 2503 3483 multiplicandis
2552 3412 2673 3464 {iliis
2725 3408 2788 3482 in
2826 3409 3095 3462 caelestem
3144 3408 3395 3473 patriam,
3446 3404 3656 3483 felicem

2085 3479 2287 3576 prolem
2309 3501 2646 3570 baptizando,
2662 3512 2755 3552 seu
2784 3479 3122 3576 praedicando
3144 3506 3398 3559 generare
3426 3507 3532 3550 non
3561 3479 3652 3543 de-

2086 3600 2299 3652 sistunt.
2337 3593 2413 3646 llli
2437 3606 2562 3644 vero
2594 3588 3010 3653 concubinarum
3037 3583 3267 3635 'nomine
3304 3581 3648 3641 denotamur,

2085 3661 2207 3755 quia
2235 3681 2412 3738 saeculi
2444 3680 2749 3740 ambitione,
2775 3674 2857 3728 vel
2884 3671 3190 3741 temporalis
3217 3669 3433 3722 honoris
3454 3668 3648 3739 gratia,

2085 3770 2421 3843 prcedicando
2449 3782 2542 3821 seu
2569 3762 2886 3833 baptizando
2912 3760 3117 3814 nobiles
3154 3758 3367 3827 quidem
3394 3762 3654 3825 generant

2084 3877 2225 3931 saepe
2269 3860 2435 3922 filios,
2482 3856 2577 3910 sed
2620 3854 2694 3908 illi
2723 3850 2980 3921 ignobiles
3019 3849 3073 3900 in
3104 3844 3402 3913 semetipsis
3434 3856 3647 3931 perma-

2084 3928 2229 4008 nent.
2258 3950 2492 4014 Quorum
2522 3941 2923 4020 contubernium
2948 3977 2963 4000 ,
3007 3936 3079 3989 ﬁli
3111 3932 3420 3989 charissime
3442 3970 3456 3993 ,
3505 3928 3654 3999 fuge,

2084 4046 2325 4105 obsecro,
2354 4046 2407 4091 et
2434 4037 2479 4091 si
2506 4018 2558 4088 te
2581 4030 3002 4101 quandocunque
3028 4025 3123 4078 Dei
3148 4020 3510 4095 misericordia
3548 4018 3647 4072 do-

2086 4144 2287 4189 ctorem
2316 4129 2562 4197 dignetur
2588 4121 2820 4183 efﬁcere,
2852 4127 2906 4172 tu
2930 4132 3027 4186 pro
3058 4113 3174 4182 ejus
3202 4126 3385 4195 amore
3410 4110 3654 4163 laborare
3730 4186 3739 4195 Ν

2088 4234 2193 4277 non
2229 4235 2427 4281 cesses,
2449 4216 2539 4286 qui
2569 4229 2666 4283 pro
2691 4222 2778 4265 tua
2806 4210 2980 4264 salute
3003 4207 3313 4274 sanguinem
3340 4217 3498 4255 suum
3528 4201 3657 4252 fun-

2086 4313 2211 4365 dere
2246 4325 2348 4363 non
2382 4303 2660 4364 dubitavit,
2688 4308 2749 4352 ut
2774 4298 2871 4351 tibi
2897 4298 3003 4349 sint
3029 4296 3222 4355 mercis
3247 4291 3396 4360 [Μδ.,
3422 4290 3493 4341 sit
3512 4304 3656 4340 mer-

2088 4403 2198 4474 ces]
2226 4418 2331 4456 non
2372 4400 2621 4467 peritura:
2665 4392 2862 4447 divitia:-
2888 4431 2902 4454 ,
2952 4389 3043 4442 sed
3084 4392 3338 4474 perpetua
3386 4379 3551 4474 gloria

2088 4464 2287 4550 cmlacsti
2329 4464 2559 4543 thalamo
2610 4481 2816 4537 Domini
2867 4475 3083 4549 [nostri]
3129 4473 3253 4527 Jesu
3298 4468 3531 4529 Christi,
3565 4464 3651 4516 cui

2089 4588 2202 4639 laus
2234 4592 2285 4638 et
2312 4579 2479 4650 gloria
2506 4577 2557 4629 in
2582 4586 2768 4628 omnes
2792 4568 3137 4624 mternitates.
3168 4564 3353 4615 Amen.

447 4777 3630 4833 ______________________________________________.

1122 4960 1283 5091 ω
1320 4936 2155 5057 OPUSCULUM
2213 4923 2935 5064 QUARTUM.

810 5192 813 5193 ί
890 5144 1767 5236 COMMENTARIA
1842 5142 2059 5223 SUP

2086 5133 2224 5219 ER
2276 5115 3172 5215 ECGLESIASTEN.

851 5374 1160 5431 MONITUM
1210 5372 1557 5427 PRASVIUM.

506 5471 743 5529 Pra‘scns
764 5466 1178 5522 commentarius
1201 5463 1427 5531 publicis
1449 5464 1586 5531 typis
1607 5472 1797 5531 primo,
1822 5469 1985 5531 quan-

440 5522 753 5601 tttm’sﬂcitur,
780 5522 1355 5605 prodiit‘Argentorati,
1378 5522 1572 5605 veniit
1590 5522 1641 5595 iii
1666 5525 1807 5605 Bibl._
1833 5522 1988 5605 βηιυ-

442 5591 851 5677 dieidiei",
882 5594 1000 5675 pag}.
1032 5591 1410 5677 GddLnotatur)
1438 5591 1656 5677 Dasileg
1674 5596 1810 5677 apud
1830 5591 1985 5677 Joan-

441 5659 899 5743 ίεξῶἶιέῇξὶὶιίιιῖ,’
918 5659 1055 5728 anno
1091 5659 1238 5733 1531,
1272 5659 1430 5722 iii-8*.
1456 5659 1579 5721 inde
1599 5666 1675 5722 Cl.
1700 5659 1987 5732 Querceta-

2090 5398 2188 5435 nus
2211 5380 2353 5432 illum
2379 5375 2427 5425 in
2449 5383 2596 5425 suam
2621 5363 2985 5419 collectionem
3008 5340 3661 5435 transierim}:Editiouis,

2380 5410 3011 5505 "663.350.
3036 5423 3167 5476 1589
3210 5410 3533 5493 mentionem
3570 5410 3648 5464 fa-

2415 5509 2445 5519 ··
2490 5517 2497 5519 μ
2758 5518 2761 5519 ν
2794 5515 2854 5519 Α..
2882 5494 3219 5519 ηει.1.Αιιιηιν-ι
3240 5484 3615 5519 ηρριοειςιείηιφ

2089 5484 2861 5578 'cB'inéiiiiéiEg'hiagmg
2872 5484 3615 5578 .Bibliolthecaz-cccl‘e‘si‘asticm
3633 5524 3650 5545 ,

2092 5560 2425 5658 tamen
2440 5560 3482 5658 ah'om‘nihu's‘aliisne‘r'udi‘g

2160 5620 2895 5711 Edii’iBiiéiJéiT'oiiéiéémi
2919 5620 3237 5689 contulimus
3258 5638 3378 5679 cum
3399 5620 3513 5678 cod.
3550 5638 3649 5681 ms.
