4286 6192
565 365 661 420 CC?

1400 377 1457 428 Β.
1491 378 1549 429 F.
1581 380 1805 433 ALBINI
1846 380 1975 433 Slil‘
2010 376 2283 457 ᾼΙᾸΖΙΞΙΝΙ
2321 378 2603 435 ΟΡιέΙίΙζΜ
2645 384 2820 437 PARS
2857 383 2912 443 η.

3697 389 3794 444 668

566 478 901 535 bibliotheca:
927 492 1140 544 nostrae.
1175 489 1480 540 monasterii
1506 488 1708 560 scilicet
1729 490 1897 560 sancti
1921 480 2124 560 Einme-
2156 490 2195 541 Λ
2226 488 2436 554 genium
2460 529 2473 552 ,
2515 505 2579 542 ne
2623 492 2787 545 nimio
2808 508 2990 546 amore
3029 493 3289 549 studeatis
3335 498 3573 560 caducis,
3605 508 3662 551 et
3687 499 3797 553 cito

566 549 828 624 rantiani;
862 552 1026 624 _cujus
1070 555 1231 624 etiam
1282 571 1382 624 ope
1424 557 1697 624 pm'fatam
1743 558 2027 612 eitioncm
2072 558 2125 609 in

565 615 834 683 aliquibus
862 615 993 674 locis
1023 615 1441 685 emendavitiius',
1469 640 1530 679 ac
1559 626 1864 680 differentes
1906 636 1959 680 et
2003 626 2126 678 alibi

564 685 1157 762 delicie_ntes__lcc_tiones
1174 694 1554 762 adnotavimus
1575 736 1587 755 ,
1614 712 1903 762 versusque
1940 696 1990 747 in
2024 694 2127 748 fine

564 753 804 824 epistola:
828 755 1136 824 atljecimus.
1171 760 1349 814 Eidem
1381 764 1548 816 codici
1579 753 1780 817 nostro
1816 753 1901 817 llic
1945 764 2127 817 titulus

563 821 956 900 ppeﬁxusest:
990 827 1180 895 Incipit
1225 829 1494 898 Expositio
1538 831 1707 884 Albini
1748 849 1901 900 super
1943 832 2121 885 Eccle-

563 890 787 968 siasten;
815 895 866 947 in
899 895 1003 950 fine
1032 890 1209 950 tamen
1248 890 1358 951 tres
1386 908 1478 951 aut
1504 908 1733 968 quatuor
1762 890 1959 953 ultimm
1988 903 2128 968 pagi-

563 962 864 1082 naéexcisa:
890 974 1045 1029 sunt;
1094 982 1249 1034 quem
1280 962 1541 1022 defectum
1575 970 1711 1029 infra
1741 986 1836 1024 suo
1872 962 2002 1024 loco'
2034 962 2127 1023 no-

563 1036 617 1081 ta
655 1044 815 1082 Imus.

561 1028 815 1085 tabimus.

1163 1125 1545 1181 PRAiFATlO.

629 1209 1001 1268 Dilectissimis
1026 1216 1079 1268 in
1101 1214 1317 1269 Christo
1344 1217 1481 1276 ﬁliis,
1514 1218 1662 1273 Oni:e
1686 1219 1970 1281 sacerdoti,
1991 1220 2126 1273 Can-

557 1299 684 1355 dido
716 1303 1051 1372 presbytero,
1082 1314 1138 1359 et
1168 1304 1482 1360 Nathanaeli
1515 1307 1663 1378 (Ms,
1691 1310 1989 1382 Natbaheli]
2014 1313 2125 1364 tlia-

557 1404 715 1454 cono,
738 1391 961 1446 Albinus
990 1404 1260 1464 perpetua:
1280 1399 1656 1465 prosperitatis
1683 1400 1733 1451 in
1762 1400 1986 1454 Domino
2015 1400 2125 1455 Deo

560 1476 803 1532 salutem.

624 1561 913 1633 Postquam
943 1568 1009 1622 de
1037 1576 1273 1636 paterna:
1298 1572 1524 1640 pietatis'
1546 1573 1670 1627 nido
1692 1575 1741 1628 in
1765 1574 2004 1644 publicas
2027 1593 2125 1632 sm-

554 1653 815 1708 cularium
844 1658 1175 1725 negotiorum
1220 1660 1471 1717 evolastis
1514 1678 1702 1726 auras,
1752 1666 1947 1719 mentis
1989 1681 2122 1721 mea:

554 1745 852 1801 sollicitudo
880 1759 1136 1815 vestram,
1164 1754 1412 1809 omnibus
1448 1770 1581 1825 pene
1608 1758 1774 1820 horis,
1810 1762 2119 1827 occupatio-

2230 578 2551 633 transitoriis
2580 580 2787 635 inhiare
2820 582 3035 644 divitiis,
3070 598 3190 652 quae
3227 584 3485 640 citissime
3526 586 3670 640 velut
3703 602 3791 640 vo-

2229 664 2399 721 latiles
2428 669 2680 722 recedunt
2709 671 2931 734 umbrm,
2961 680 3016 724 ct
3045 678 3130 735 ut,
3158 672 3201 726 si
3224 674 3353 743 quid
3382 677 3613 743 supersit
3635 677 3691 729 in
3714 676 3794 731 eis

2229 760 2529 813 necessario
2573 760 2694 815 vita:
2736 770 2925 817 vestra:
2952 762 3108 835 411
3143 765 3407 834 stipendio
3428 807 3441 831 ,
3468 770 3796 838 pauperibus

2227 862 2448 915 erogare
2483 849 2741 918 studeatis
2768 869 2779 902 :
2811 852 2957 920 quia,
3000 862 3059 906 ut
3089 855 3229 908 idem
3260 853 3513 912 Salomon
3550 859 3622 913 ait
3650 878 3663 912 :
3694 858 3794 915 Re-

2227 935 2448 1005 demptio
2478 941 2665 993 animm
2695 942 2789 995 viri
2806 982 2818 1003 ,
2842 944 3065 1012 propria:
3090 944 3282 1000 divitite
3312 948 3426 1016 ejus
3452 947 3631 1017 (Prov.
3670 965 3792 1016 xm,

2226 1024 2302 1091 8).
2334 1024 2526 1080 Sedula
2556 1038 2735 1083 mente
2761 1031 2926 1099 ipsius
2957 1032 3163 1087 Domini
3196 1045 3438 1090 sanctum
3462 1038 3795 1096 considerate

2226 1127 2569 1184 prmccptum,
2586 1132 2687 1186 quo
2710 1136 2805 1173 nos
2821 1123 3089 1176 admonuit
3116 1124 3422 1182 cmlestihus
3442 1129 3612 1198 magis
3633 1145 3791 1199 quam

2229 1205 2454 1257 terrenis
2486 1205 2690 1259 inhiare
2714 1209 3198 1315 thqsaurismiccns
3226 1231 3237 1265 ε
3266 1213 3633 1281 Thesaurizate
3653 1218 3792 1270 vobis

2229 1292 2490 1315 el.,.---._.4-
2521 1295 2567 1315 3--
2610 1294 2717 1315 Α,ΑΙ-
2778 1298 2828 1315 ΠΙ
2851 1299 2861 1309 ο
3553 1306 3563 1315 .
3723 1305 3734 1315 ι

2225 1292 2492 1346 thesauros
2518 1295 2571 1347 in
2600 1294 2746 1359 caelo,
2772 1292 2861 1350 ubi
2896 1315 3056 1367 neque
3090 1316 3289 1369 terugo,
3325 1320 3486 1373 neque
3526 1306 3664 1358 tinea
3700 1305 3792 1359 de—

2224 1382 2457 1445 molitur,
2486 1392 2532 1435 et
2556 1385 2641 1435 ubi
2667 1385 2806 1453 fures
2834 1402 2935 1439 non
2966 1388 3237 1456 effodiunt,
3276 1408 3366 1444 nec
3387 1392 3633 1460 furantur
3653 1410 3671 1447 :
3700 1394 3787 1447 ubi

2223 1471 2358 1521 enim
2376 1480 2449 1522 est
2473 1470 2743 1525 thesaurus
2768 1482 2908 1538 tuus,
2932 1477 3002 1528 ibi
3025 1486 3095 1530 est
3118 1487 3165 1530 et
3190 1494 3280 1530 cor
3304 1488 3447 1531 tuum
3465 1480 3677 1548 (Matth.
3709 1498 3785 1544 vr,

2221 1556 2332 1628 20).
2362 1557 2510 1613 llunc
2538 1560 2796 1629 siquidem
2829 1563 3023 1618 librum
3051 1568 3412 1634 supradictum
3451 1584 3661 1640 semper
3690 1587 3787 1640 pro

2224 1649 2476 1715 magistro
2492 1650 2734 1705 habeatis
2759 1652 2811 1705 in
2832 1655 3095 1719 manibus,
3119 1664 3177 1713 ut
3202 1656 3418 1710 discatis
3446 1668 3654 1714 terrena
3684 1676 3789 1716 non

2222 1750 2424 1802 amare,
2448 1740 2542 1793 sed
2570 1740 2837 1813 caelestia;
2866 1743 3127 1799 dominari
3159 1746 3360 1803 divitiis
3378 1789 3393 1812 ,
3421 1765 3526 1803 non
3555 1753 3786 1817 servire;

1124 1806 1136 1815 .
1448 1806 1579 1825 rm-
1610 1806 1774 1820 --ν---ι
1816 1806 2084 1827 --ην-π-

554 1849 677 1888 nem
705 1838 958 1891 comitata
977 1849 1080 1903 est,
1109 1850 1302 1909 optans
1326 1859 1439 1910 vos,
1466 1844 1641 1899 divina
1672 1847 1904 1903 donante
1926 1850 2115 1919 gratia,
2156 1806 2193 1862 Β
2222 1827 2246 1879 ιλ

2100 1891 2115 1913 ν
2156 1806 2193 1862 θ
2222 1827 2435 1882 laudem
2462 1845 2567 1883 non
2594 1806 2835 1900 qumrere
2865 1842 3153 1900 terrenam,
3184 1839 3276 1892 sed
3304 1854 3331 1893 a
3362 1839 3537 1907 judice
3553 1839 3791 1905 Christo,

552 1921 606 1975 in
638 1923 899 1979 charitate
926 1926 1180 1995 perfecta,
1215 1941 1521 1985 sanctarum
1539 1933 1710 1987 titulis
1734 1936 1991 1990 virtutum
2015 1936 2124 1990 Deo

551 2009 784 2078 placere,
803 2014 1145 2084 honestisque
1158 2019 1337 2073 vivere
1354 2022 1592 2075 moribus
1602 2037 1781 2076 coram
1798 2024 2120 2087 hominibus,

551 2104 607 2152 et
625 2100 766 2167 quod
784 2101 1045 2157 didicistis
1073 2106 1172 2158 sub
1192 2106 1292 2160 alis
1316 2118 1553 2176 paterna:
1573 2112 1906 2176 eruditionis,
1927 2115 2121 2168 nobili-

534 2185 652 2241 'bus
676 2189 960 2244 ostendere
987 2192 1243 2248 moribus.
1274 2194 1383 2249 Nec
1412 2196 1567 2250 velim
1610 2200 1885 2269 sapientiae
1930 2201 2119 2263 decus,

547 2275 693 2344 quod
712 2276 922 2333 habetis
946 2280 997 2332 in
1024 2282 1205 2347 corde,
1250 2284 1429 2337 saeculi
1460 2286 1739 2340 obscurari
1773 2290 2118 2355 vanitatibus,

548 2368 692 2423 inter
742 2385 877 2438 quas
922 2373 1108 2442 religio
1153 2384 1345 2429 vestra!
1406 2380 1830 2435 conversationis
1881 2380 2119 2451 fulgeat,

549 2457 703 2524 quasi
737 2457 956 2512 claritas
982 2459 1117 2515 lucis
1147 2462 1198 2515 in
1234 2465 1489 2518 tenebris.
1525 2465 1845 2521 Mementote
1871 2485 1968 2523 vos
1993 2471 2121 2524 alie-

547 2566 613 2603 na
667 2550 998 2621 dispensare,
1052 2570 1157 2608 non
1209 2559 1425 2625 propria
1470 2559 1773 2626 possidere;
1826 2561 1892 2616 de
1929 2565 2121 2632 quibus

548 2639 664 2707 ipsa
693 2640 905 2694 Veritas
927 2642 1002 2694 ait
1034 2660 1046 2694 :
1080 2642 1140 2694 Si
1163 2643 1218 2695 in
1244 2644 1413 2697 alieno
1435 2646 1614 2712 ﬁdeles
1638 2665 1738 2703 non
1763 2650 1956 2727 fuistis,
1982 2655 2119 2722 quod

546 2738 768 2783 vestrum
799 2740 894 2793 est,
928 2732 1043 2800 quis
1068 2733 1211 2786 dabit
1256 2736 1394 2788 vobis
1419 2735 1567 2807 (Luc.
1599 2754 1721 2801 xvi,
1756 2741 1880 2810 l2)?
1919 2740 2120 2797 Alienas

546 2827 672 2871 sunt
698 2833 727 2871 a
754 2819 907 2873 nobis
938 2820 1097 2888 hujus
1125 2823 1303 2876 seculi
1353 2822 1662 2890 facultates,
1710 2828 1760 2881 id
1802 2837 1919 2893 est,
1966 2841 2119 2885 extra

544 2914 783 2960 nostram
808 2909 927 2963 sitm
953 2919 1221 2963 naturam.
1257 2912 1407 2965 Nihil
1435 2916 1569 2968 enim
1614 2918 1883 2973 intulimus
1906 2921 1958 2973 in
1981 2922 2118 2974 hunc

546 2995 827 3060 mundum,
871 2998 1014 3051 haud
1060 3000 1274 3054 dubium
1303 3004 1426 3071 quia
1449 3021 1539 3056 nec
1566 3007 1772 3074 auferre
1791 3008 1915 3075 quid
1937 3026 2119 3077 possu-

546 3098 661 3136 mus
686 3082 739 3154 (I
766 3084 899 3139 Tim.
933 3102 1007 3150 vt,
1039 3088 1111 3157 7).
1144 3088 1336 3143 Nostra
1380 3101 1558 3146 autem
1588 3098 1853 3163 possessio
1890 3113 2108 3170 regnum
2139 3117 2187 3179 ο

544 3172 821 3237 caelorum,
854 3185 1034 3229 nostra
1066 3178 1173 3231 vita
1201 3178 1445 3235 Christus
1466 3190 1566 3247 est,
1596 3192 1792 3238 nostra:
1828 3202 1955 3254 opes
1989 3199 2111 3242 sunt

543 3258 900 3327 spiritualium
942 3278 1168 3332 operum
1199 3265 1404 3321 fructus
1427 3286 1439 3320 :
1465 3284 1597 3337 quas
1629 3286 1954 3343 congregare
1982 3292 2109 3343 vos,

542 3347 637 3404 ﬁlii
667 3352 996 3417 charissimi,
1025 3355 1167 3408 omni
1195 3357 1487 3413 intentione
1512 3360 1803 3415 exhortor:
1834 3378 1931 3417 nec
1958 3365 2009 3418 in
2032 3367 2115 3419 in-

542 3446 692 3493 certo
743 3440 1049 3495 divitiarum
1094 3459 1329 3513 sperare,
1371 3463 1490 3516 quae
1531 3458 1623 3503 aut
1667 3452 1917 3506 deserunt
1943 3457 2113 3524 possi-
2149 3448 2151 3450 ’

543 3530 773 3596 dentem,
801 3544 893 3589 aut
915 3551 943 3588 a
970 3538 1277 3604 possidente
1301 3539 1638 3595 deseruntur.
1660 3544 1717 3596 In
1742 3561 1893 3613 quas,
1918 3551 2113 3604 mentis

542 3633 740 3679 nostra:
769 3627 1113 3682 intentionem
1142 3630 1375 3699 Spiritus
1412 3643 1627 3689 sanctus
1662 3653 1758 3706 per
1794 3638 2111 3709 Prophetam

543 3712 781 3767 anhelari
813 3714 963 3785 [Ms.,
1007 3720 1279 3791 anhelare]
1324 3724 1626 3790 prohibuit,
1657 3728 1839 3782 dicens
1865 3748 1877 3781 :
1909 3730 2112 3786 Divitiis

541 3798 587 3851 si
612 3800 843 3869 afﬂuant,
876 3803 1033 3855 nolite
1054 3821 1142 3856 cor
1166 3823 1420 3875 apponere
1442 3808 1662 3879 (Psalm.
1692 3831 1800 3877 LXI,
1822 3804 1942 3884 Ἠ).
1972 3817 2111 3882 Qua-

544 3902 661 3939 rum
691 3889 864 3955 copia,
893 3897 975 3943 est
1004 3891 1227 3947 aliorum
1260 3895 1455 3964 inopia.
1484 3898 1560 3952 De
1585 3903 1777 3969 quibus
1807 3903 1904 3976 [et]
1934 3905 2111 3960 Domi-

542 3990 644 4032 nus
672 3975 723 4029 in
754 3978 1040 4050 Evangelio
1074 3984 1147 4036 ait
1175 4002 1186 4036 :
1217 3984 1401 4041 Facite
1446 3990 1583 4045 vobis
1613 3996 1804 4048 amicos
1851 3975 1914 4049 de
1942 4014 2108 4050 mam-

543 4082 698 4119 mona
727 4069 1011 4138 iniquitatis
1038 4072 1187 4143 (Luc.
1218 4092 1331 4139 xw,
1360 4078 1435 4147 9).
1468 4080 1673 4136 Idcirco
1703 4085 1910 4153 iniquas
1938 4089 2108 4141 nomi-

500 4214 508 4235 ζ
547 4157 692 4207 navit
716 4157 873 4223 hujus
899 4162 1076 4214 saeculi
1104 4164 1318 4219 divitias
1346 4165 1488 4237 (quia
1520 4188 1815 4226 mammona
1844 4174 1979 4244 Syra
2028 4185 2110 4231 est

502 4230 508 4235 '
543 4243 741 4313 lingua,
771 4254 826 4300 et
852 4247 1040 4303 Latine
1065 4252 1263 4307 divitiae
1292 4230 1400 4309 die:
1424 4260 1700 4330 possunt).
1741 4264 1865 4331 quia
1885 4230 2108 4321 Ἇιίι-ίιίίε

543 4341 635 4384 aut
659 4347 755 4401 per
782 4336 1116 4404 iniquitatem
1160 4357 1576 4413 congregantur,
1628 4350 1708 4404 vel
1742 4352 1922 4421 inique
1967 4370 2103 4423 pau-

2225 1917 2539 1973 miserorum
2570 1923 2925 1989 consolatore,
2950 1926 3230 1980 amabilem
3256 1929 3445 1983 audire
3468 1920 3790 1985 sententiam

2224 2008 2362 2061 inter
2388 2024 2481 2063 eos
2506 2012 2699 2079 quibus
2726 2000 2965 2078 dicturus
2986 2017 3122 2069 erit:
3153 2014 3330 2071 Venite
3347 2057 3361 2081 ,
3392 2018 3643 2074 benedicti
3685 2020 3793 2075 Pa-

2222 2099 2315 2149 tris
2343 2102 2459 2159 mei,
2491 2103 2734 2169 perripite
2766 2120 2997 2171 regnum,
3024 2107 3161 2174 quod
3187 2108 3325 2161 vobis
3362 2119 3603 2179 paratum
3627 2120 3703 2167 est
3726 2113 3792 2167 ab

2222 2188 2418 2255 origine
2440 2191 2620 2243 mundi
2650 2190 2861 2261 (Matth.
2892 2210 3017 2260 xxv,
3046 2196 3153 2265 34).

2290 2296 2316 2324 ι
2348 2285 2589 2341 Flumina
2619 2290 2708 2357 qui
2739 2300 2943 2346 metuat
2969 2294 3175 2371 modica
3203 2297 3413 2354 sulcare
3442 2298 3627 2356 carina

2358 2374 2613 2440 Grandia,
2644 2394 2710 2432 ne
2737 2391 2941 2451 mergat
2968 2384 3215 2440 turbidus
3233 2385 3434 2443 Auster
3452 2405 3574 2446 eam
3598 2408 3614 2445 :

2289 2466 2392 2520 lste
2421 2481 2517 2520 suo
2540 2468 2775 2537 placidas
2801 2469 2975 2527 lembo
2996 2475 3308 2545 pernaviget
3334 2478 3507 2533 undas

2359 2555 2649 2612 Currentes
2677 2560 2818 2613 inter
2847 2559 3031 2616 ﬂorida
3054 2574 3212 2633 prata
3239 2566 3345 2634 pie.
3554 2630 3557 2633 γ

2290 2640 2378 2695 Sic
2403 2643 2495 2711 qui
2524 2659 2834 2714 magnorum
2862 2662 3050 2703 sensus
3075 2650 3272 2705 rimare
3295 2651 3589 2722 profundos

2360 2729 2646 2785 Doctorum
2670 2734 2855 2787 timeat
2885 2736 3117 2802 pectoris
3143 2735 3375 2805 ingenio,

2287 2815 2477 2871 Nostra
2500 2818 2639 2888 legat
2662 2818 2788 2874 felix
2817 2822 2995 2877 animo
3022 2834 3321 2881 commenta
3351 2844 3575 2896 sereno,

2358 2906 2433 2959 De
2456 2907 2601 2975 gazis
2626 2917 2863 2964 veterum
2898 2926 3018 2980 quae
3049 2913 3168 2968 tulit
3195 2931 3332 2971 unca
3357 2932 3566 2973 manus.

2293 2995 2580 3049 Vos‘vivete
2594 2996 2689 3067 (sic
2702 2998 2822 3071 ms.)
2840 3000 2949 3055 Deo
2969 3017 3197 3071 semper,
3212 3019 3337 3057 nam
3350 3004 3529 3061 vivere
3538 3000 3682 3064 mors
3698 3016 3783 3064 est

2356 3084 2491 3138 Huic
2517 3089 2743 3151 mundo;
2767 3104 2892 3144 vera
2922 3098 3006 3143 est
3027 3091 3209 3146 vivere
3235 3094 3345 3148 vita
3369 3093 3499 3150 Deo.

2286 3173 2411 3237 Vos,
2439 3190 2581 3244 rogo,
2618 3188 2897 3233 conservet
2921 3178 3104 3236 felices
3128 3182 3299 3252 gratia
3321 3181 3544 3251 Christi,

2353 3260 2397 3316 Ο
2422 3263 2602 3318 dulces
2631 3268 2761 3331 nati,
2790 3277 2972 3323 sancta
3003 3271 3190 3325 salutis
3213 3286 3314 3341 ope
3334 3273 3407 3331 δι

2713 3370 2939 3428 CAPUT
2976 3374 3263 3432 panum.
3698 3450 3701 3451 ί

2284 3457 2445 3512 Vens.
2480 3458 2529 3511 l.
2552 3488 2622 3498 -—
2652 3457 2817 3514 Verba
2842 3460 3169 3519 Ecclesiastis
3187 3466 3287 3528 lilii
3309 3467 3476 3523 David
3502 3472 3634 3541 regis
3655 3470 3779 3529 Hio-

2214 3547 2457 3622 rusatem.
2486 3559 2507 3587 ε
2536 3549 2729 3605 Tribus
2754 3553 3059 3609 nominibus
3075 3569 3325 3614 vocatum
3346 3560 3511 3617 fuisse
3541 3562 3777 3621 Salomo-

2214 3652 2333 3689 nem
2376 3634 2664 3706 Scriptura:
2686 3641 3119 3700 manifestissime
3148 3646 3341 3701 docent
3372 3648 3775 3719 :Salomonem,

2213 3723 2264 3777 id
2302 3733 2409 3788 est,
2450 3727 2765 3795 pacificum;
2815 3738 2869 3783 et
2907 3730 3075 3785 Ydida
3106 3731 3233 3803 [Με.
3262 3734 3451 3809 Edida]
3474 3777 3488 3803 ,
3515 3738 3619 3794 hoc
3637 3749 3770 3803 vest,

2213 3815 2461 3868 dilectum
2492 3816 2727 3882 Domini;
2758 3826 2810 3870 et
2826 3822 2969 3887 quod
3012 3838 3153 3877 nunc
3195 3824 3390 3879 dicitur
3417 3826 3634 3883 Coeleth
3656 3868 3681 3894 ,
3720 3830 3773 3883 id

2210 3910 2310 3963 est,
2340 3903 2713 3959 Ecclesiasten.
2748 3907 3093 3965 Ecclesiastes
3112 3920 3288 3967 autem
3310 3915 3606 3983 appellatur
3625 3915 3775 3971 Gra-

2211 4009 2274 4046 co
2303 4010 2568 4060 sermone,
2599 3999 2740 4065 quod
2768 4008 2986 4064 emtum,
3015 4002 3066 4055 id
3090 4012 3173 4057 est
3192 4003 3487 4058 Ecciesiam
3506 4044 3521 4070 ,
3553 4020 3774 4078 congre-

2211 4093 2324 4151 get;
2355 4099 2513 4151 quem
2539 4102 2637 4140 nos
2679 4090 2948 4159 appellare
2996 4107 3282 4160 possumus
3312 4095 3770 4162 concionatorem,

2210 4172 2301 4239 qui
2329 4171 2567 4241 loquitur
2595 4176 2660 4228 ad
2685 4178 2933 4244 populum
2953 4220 2965 4239 ,
2996 4188 3051 4232 et
3075 4196 3257 4233 sermo
3286 4181 3400 4249 ejus
3428 4199 3531 4239 non
3570 4185 3774 4254 specia-

2210 4261 2333 4316 liter
2354 4264 2419 4317 ad
2444 4281 2629 4328 unum,
2653 4265 2741 4319 sed
2770 4267 2837 4319 ad
2862 4268 3139 4323 universos
3159 4273 3482 4341 generaliter
3502 4274 3769 4343 dirigitur.

2208 4352 2377 4407 Porro
2402 4356 2684 4423 pacificus,
2730 4367 2783 4411 et
2824 4357 3051 4413 dilectus
3077 4359 3318 4425 Domini,
3351 4365 3417 4417 ab
3453 4378 3518 4418 eo
3542 4365 3685 4431 quod
3715 4366 3773 4421 in

543 4421 761 4487 peribus
806 4426 1213 4482 subtrahuntur.
1239 4432 1313 4485 De
1348 4450 1572 4501 quarum
1607 4453 1741 4491 vana
1772 4421 2106 4507 possessione
2134 4437 2187 4499 D
2212 4458 2375 4510 regno
2404 4421 2519 4508 ejus
2555 4462 2655 4513 pax
2702 4445 2897 4509 fuerit,
2945 4456 2998 4502 et
3041 4463 3163 4503 eum
3208 4451 3464 4506 Dominus
3506 4440 3773 4519 dilexerit,

541 4515 594 4567 in
621 4514 778 4581 hujus
805 4518 984 4571 surculi
1013 4520 1215 4577 deliciis
1237 4538 1371 4591 pene
1396 4527 1824 4595 sapientissimus
1852 4531 2101 4607 Salomon

537 4612 719 4667 totum,
736 4610 1033 4676 camposuit
1058 4611 1271 4673 librum,
1298 4616 1385 4669 cui
1412 4616 1597 4671 titulus
1622 4628 1703 4673 est
1729 4620 2100 4689 Ecclesiastes,

536 4692 719 4747 dicens
744 4696 795 4747 in
825 4698 999 4763 capite
1026 4700 1146 4753 libri
1175 4719 1187 4753 :
1225 4699 1439 4757 Vanitas
1472 4708 1756 4760 vanitatum
1782 4749 1795 4770 ,
1825 4711 1957 4763 dixit
1996 4711 2103 4764 Ec-

535 4778 826 4846 ciesiastes,
860 4794 909 4837 et
955 4790 1130 4840 omnia
1154 4792 1374 4844 vanitas.
1408 4791 1465 4846 Si
1498 4795 1677 4847 omnia
1715 4798 1952 4861 vanitas,
1982 4814 2101 4867 qum

536 4870 739 4925 utilitas
783 4882 865 4925 est
900 4875 1111 4931 divitias
1159 4880 1391 4935 retinere
1436 4883 1697 4938 caducas?
1735 4884 1791 4939 In
1836 4902 1994 4955 quem
2038 4889 2101 4943 li-

537 4960 713 5025 brum,
745 4978 807 5015 ex
834 4975 1140 5019 sanctorum
1168 4972 1441 5036 opusculis
1464 4973 1684 5029 Patrum
1705 5016 1719 5040 ,
1759 4992 1823 5031 ac
1868 4982 2099 5036 maxime

540 5047 605 5099 de
631 5050 769 5102 beati
800 5052 1107 5123 Hieronymi
1139 5064 1543 5123 commentario,
1567 5076 1791 5130 parvum
1821 5071 2095 5137 composui

538 5133 866 5192 Breviarium
893 5182 907 5204 ,
932 5144 1097 5198 vestri
1126 5161 1287 5201 causa
1306 5188 1320 5211 ,
1347 5149 1437 5203 filii
1467 5150 1769 5207 charissimi
1789 5194 1804 5219 ,
1833 5166 2098 5224 quatenus

537 5233 756 5293 paterna
782 5228 1136 5285 sollicitudine
1166 5235 1505 5292 admonerem
1539 5248 1775 5295 vestrum
1804 5244 1982 5298 nobile
2012 5247 2095 5299 in-

607 5344 634 5373 ι
671 5334 1044 5418 Hoccarmen,
1074 5344 1315 5418 except-is
1338 5354 1568 5418 quatuor
1599 5350 1801 5407 ultimis
1830 5352 2113 5418 versibus,

536 5417 603 5485 ex
637 5406 997 5485 vetustissimo
1025 5428 1123 5485 ms.
1156 5406 1753 5485 codice-depromptum
1778 5461 1793 5485 ,
1844 5406 2092 5479 suuni’i'n

534 5471 707 5548 iugum
741 5475 1140 5548 _rest_ituendum
1185 5471 1568 5541 indicavit'Cl.
1608 5471 2095 5548 ϊῶῐεῖιίῐιῖἶῆιὲῖ

536 5538 787 5608 Addenda
815 5544 881 5597 ad
913 5560 1064 5601 suam
1093 5551 1401 5608 editionem.

605 5607 743 5691 ⁵Αὰ
758 5612 872 5668 hoc
897 5630 1110 5674 cannon
1156 5607 1598 5691 forte’pcrtincnt
1640 5642 1826 5686 versus
1866 5632 1917 5686 in
1969 5633 2087 5687 cod,

533 5675 753 5747 prmfato
779 5695 1099 5753 sequentes:
1120 5704 1129 5717 θ

2208 4534 2502 4603 appellatus
2527 4545 2626 4590 est.
2648 4536 2779 4590 Nam
2806 4547 2861 4591 et
2882 4539 3119 4608 psalmus
3143 4541 3586 4610 quadragesimus
3609 4561 3773 4615 quar-

2206 4633 2313 4687 tus,
2332 4634 2384 4678 et
2413 4627 2834 4696 septuagesimus
2852 4629 3076 4695 primus,
3101 4628 3281 4684 dilecti
3303 4641 3355 4685 et
3377 4634 3583 4702 paciﬁci
3614 4635 3772 4691 titulo

2204 4722 2582 4779 prmnotantur.
2614 4716 2713 4779 Qui
2745 4718 2956 4771 tametsi
2999 4718 3066 4772 ad
3109 4722 3444 4789 prophetiam
3486 4724 3683 4779 Christi
3714 4734 3771 4781 et

2205 4799 2457 4855 Ecclesia:
2500 4804 2847 4870 pertinentes,
2882 4804 3187 4861 felicitatem
3217 4818 3271 4862 et
3298 4812 3440 4865 vires
3466 4810 3784 4867 Salomonis.

2200 4890 2478 4953 excedant,
2511 4900 2684 4946 tamen
2712 4895 3002 4948 secundum
3034 4896 3313 4950 historiam
3338 4913 3498 4966 super
3523 4896 3762 4958 Salomo-

2199 4996 2266 5035 ne
2294 4982 2582 5052 conscripti
2606 4991 2747 5037 sunt.
2774 4982 2827 5037 ls
2854 4983 3032 5052 itaque
3044 4984 3197 5053 juxta
3218 5001 3496 5040 numerum
3525 4990 3759 5043 vocabu-

2199 5072 2370 5128 lorum
2417 5089 2632 5127 suorum
2659 5113 2673 5135 ,
2721 5074 2822 5127 tria
2876 5076 3146 5129 volumina
3190 5076 3353 5129 edidit
3387 5094 3398 5128 :
3435 5075 3717 5133 Proverbia
3741 5120 3757 5141 ,

2198 5163 2575 5223 Ecclesiasten,
2604 5162 2823 5219 Cantica
2845 5166 3198 5219 canticorum.
3224 5164 3281 5218 In
3307 5166 3611 5221 Proverbiis
3632 5182 3757 5235 par-

2196 5254 2375 5306 vulum
2404 5252 2620 5319 docens,
2648 5264 2699 5309 et
2734 5257 2885 5325 quasi
2919 5255 2984 5309 de
3012 5254 3204 5311 ofﬁciis
3225 5259 3576 5327 praesentibus
3608 5256 3759 5328 [Ilie-

2264 5364 2503 5420 Pontilici
2534 5383 2724 5423 mamo
2744 5369 2886 5421 hunc
2903 5366 3103 5422 Amani
3131 5368 3331 5423 reddite
3356 5367 3549 5420 librum

2338 5435 2406 5491 Ut
2436 5435 2595 5505 legat,
2618 5435 2813 5505 Albino
2843 5451 3071 5505 moxque
3094 5437 3317 5490 remittit
3340 5450 3481 5489 eum.

2262 5504 2370 5573 Pax
2394 5504 2507 5567 tibi,
2534 5505 2660 5568 vita,
2690 5504 2835 5559 salus
2854 5504 3064 5573 semper
3085 5505 3172 5566 sit,
3197 5512 3379 5573 sancte
3407 5505 3694 5568 sacerdos,

2330 5572 2505 5643 Atque
2530 5587 2735 5643 memor
2760 5575 2927 5630 nostri
2952 5571 3066 5640 iam
3090 5573 3204 5627 sine
3233 5571 3336 5630 fine
3368 5574 3505 5628 vale.

2264 5652 2285 5681 ε
2320 5643 2395 5697 Ex
2422 5642 2611 5699 Sancto
2634 5642 2978 5713 Hiet‘onymo.
