4286 6200
477 359 579 414 669

1307 353 1712 410 EXEGETICA.
1752 381 1821 390 -—
1858 351 2204 406 COMMENT.
2246 352 2312 405 1N
2345 351 2863 408 ECCLESIASTEN.

3587 356 3686 406 670

476 484 610 528 ron.,
632 479 731 533 per
749 463 1061 534 sententias]
1089 461 1356 523 erudiens,
1387 459 1526 514 unde
1548 457 1610 513 ad
1639 458 1806 513 tilium
1841 459 2031 512 crebro
2057 459 2106 518 Α
2133 469 2379 514 cantatur
2395 461 2448 513 in
2461 461 2664 530 psalmo
2687 479 2698 514 :
2727 460 2794 513 In
2811 478 3011 514 omnem
3032 473 3225 516 terram
3247 464 3401 516 exivit
3423 481 3581 516 sonus
3598 482 3690 517 eo-

476 568 651 608 sermo
700 553 976 620 repetitur.
1005 551 1062 603 ln
1092 549 1409 604 Ecclesiaste
1431 564 1579 612 vero,
1607 554 1826 600 matura:
1854 546 2028 599 virum

474 641 648 696 artatis
678 640 979 702 instituens,
1007 652 1074 692 ne
1098 639 1384 707 quidquam
1408 638 1461 690 in
1488 636 1668 690 mundi
1702 637 1860 690 rebus
1881 644 2031 703 putet

474 747 592 785 esse
619 738 930 798 perpetuum
948 769 962 792 ,
992 729 1085 783 sed
1113 729 1309 782 caduca
1336 736 1389 781 et
1414 728 1595 780 brevia
1629 727 1875 780 universa
1916 742 2031 793 quae

473 811 776 876 cernimus.
797 820 878 874 Ad
905 829 1200 873 extremum
1235 817 1346 884 jam
1369 825 1795 872 consummatum
1824 817 1994 869 virum
2013 857 2027 880 ,

475 917 533 963 et
561 909 764 963 calcato
791 908 986 961 saeculo
1012 915 1396 974 prmparatum,
1442 906 1493 958 in
1533 905 1751 959 Cantioo
1796 905 2032 958 cantico—

475 1013 614 1061 rum,
643 997 821 1066 sponsi
845 995 1019 1064 jungit
1047 995 1395 1063 amplexibus.
1425 994 1538 1048 Nisi
1573 995 1714 1051 enim
1758 995 1906 1063 prius
1948 1007 2034 1046 re—

474 1085 773 1154 linquamus
817 1085 982 1145 vitia,
1030 1091 1083 1135 et
1124 1085 1333 1151 pompis
1379 1082 1527 1152 [Hs.,
1563 1083 1807 1152 'pompae]
1855 1082 2032 1135 szeculi

434 1241 436 1243 b
473 1171 837 1225 renuntiantes
864 1171 1138 1237 expeditos
1162 1183 1258 1222 nos
1281 1169 1347 1221 ad
1373 1169 1653 1221 adventum
1681 1168 1877 1221 Christi
1899 1183 2034 1235 prm-

473 1258 872 1328 paraverimus,
920 1275 1026 1312 non
1071 1273 1351 1326 possumus
1396 1256 1912 1311 dicere:0seuletur
1954 1274 2034 1309 me

473 1347 649 1401 osculo
671 1349 777 1401 oris
795 1349 877 1400 sui
901 1346 1073 1417 (Cant.
1099 1363 1138 1410 ι,
1263 1343 1411 1400 Haud
1431 1347 1612 1414 procul
1640 1348 1706 1400 ab
1727 1347 1829 1400 hoc
1849 1345 2033 1398 ordine

472 1437 858 1500 doctrinarum,
887 1445 942 1489 et
969 1435 1270 1505 philosophi
1295 1444 1585 1488 sectatores
1606 1451 1731 1489 suos
1750 1435 2030 1499 erudiunt,

471 1533 531 1577 ut
564 1526 794 1593 primum
823 1525 1052 1578 ethicam
1087 1525 1329 1586 doceant,
1356 1523 1547 1576 deinde
1570 1523 1842 1591 physicam
1871 1524 2035 1575 inter-

470 1619 842 1682 pretentur,’et
868 1628 1029 1682 quem
1057 1615 1109 1666 in
1132 1615 1219 1668 bis
1237 1612 1524 1682 profecisse
1551 1612 1934 1680 perspexerint,
1967 1612 2033 1664 ad

471 1703 824 1774 theologicam
853 1718 1021 1772 usque
1047 1706 1357 1770 perducant.
1399 1702 1507 1756 Nec
1545 1717 1650 1755 non
1694 1709 1747 1755 et
1775 1702 1877 1754 hoc
1915 1700 2034 1753 dili-

470 1799 682 1867 gentius
705 1797 1112 1860 attendendum,
1141 1797 1280 1865 quod
1309 1811 1406 1864 per
1427 1803 1536 1849 tres
1561 1795 1725 1848 libras
1765 1793 2028 1856 auctoris,
2060 1775 2106 1833 Β

470 1888 710 1941 diversus
723 1894 804 1940 est
815 1885 1018 1940 titulus.
1032 1886 1088 1939 ln
1106 1883 1850 1940 Proverbiisenimadnotatur
1865 1900 1876 1933 :
1894 1882 2031 1934 Pro-

470 1977 638 2032 verbia
662 1974 954 2030 Salomonis
966 1959 1064 2041 ﬁlii
1087 1976 1252 2028 David
1277 1975 1414 2042 regis
1438 1973 1618 2027 lsrael.
1637 1972 1692 2027 in
1715 1971 2034 2026 Ecclesiaste

471 2082 634 2120 vero:
671 2063 832 2119 Verba
864 2065 1190 2118 Ecclesiastis
1208 2064 1305 2133 ﬁlii
1333 2064 1495 2116 David
1519 2065 1652 2131 regis
1683 2059 2029 2113 Hierusalem.

472 2155 804 2223 Superﬂuum
833 2156 1027 2224 quippe
1050 2163 1133 2210 est
1160 2156 1264 2218 hic,
1292 2153 1620 2223 Israel,quod
1650 2153 1786 2206 male
1812 2153 1864 2206 in
1883 2152 2030 2206 Crte-

469 2246 548 2300 cis
575 2248 631 2298 et
654 2242 859 2296 Latinis
889 2245 1162 2297 codicibus
1202 2244 1488 2296 invenitur.
1522 2242 1578 2295 in
1617 2241 1837 2296 Cantico
1866 2240 2034 2294 cauti-

471 2347 674 2396 corum,
707 2346 806 2384 nec
837 2330 977 2384 filius
1017 2328 1214 2394 David,
1246 2343 1344 2384 nec
1369 2347 1459 2384 rex
1492 2331 1674 2394 lsrael,
1703 2331 1817 2384 sive
1842 2321 2031 2382 Hieru-4

470 2422 634 2475 salem
661 2420 1038 2490 praescribitur,
1053 2421 1144 2474 sed
1162 2428 1395 2473 tantum:
1421 2420 1692 2472 Canticum
1715 2421 2033 2471 canticorum

473 2508 788 2562 Salomonis.
815 2507 965 2562 Sicut
991 2510 1132 2562 enim
1151 2509 1461 2570 Proverbia,
1491 2515 1543 2561 et
1568 2509 1716 2562 rudis
1749 2507 2031 2571 institutio,

472 2598 538 2651 ad
561 2598 838 2670 duodecim
873 2598 1062 2659 tribus,
1096 2607 1150 2651 et
1175 2598 1240 2650 ad
1272 2606 1438 2650 totum
1464 2597 1733 2664 pertinent
1756 2595 1950 2657 Israel;
1979 2602 2034 2647 et

471 2675 737 2756 quomodo
765 2693 1102 2753 contemptus
1147 2685 1363 2748 mundi,
1405 2701 1509 2739 non
1555 2685 1656 2738 nisi
1683 2683 2034 2752 metropolitis

471 2778 750 2842 convenit,
793 2777 896 2830 hoc
921 2763 1036 2838 est,
1076 2775 1469 2830 habitatoribus
1492 2774 1853 2838 Hierusalem;
1883 2775 1955 2828 ita
1983 2782 2036 2828 et

470 2868 748 2924 Canticum
771 2867 1098 2921 canticorum
1121 2866 1188 2918 ad
1207 2881 1298 2918 eos
1318 2866 1530 2933 proprie
1543 2866 1673 2919 facit
1688 2867 2033 2932 mentionem,

472 2955 564 3024 qui
615 2963 820 3008 tantum
868 2968 1095 3022 superna
1142 2952 1465 3006 desiderant.
1508 2951 1590 3005 Ad
1627 2952 1943 3021 incipientes
1982 2961 2036 3006 et

470 3044 836 3116 proﬁcientes,
866 3053 919 3098 et
957 3054 1180 3116 paterna
1231 3042 1488 3111 dignitas,
1536 3049 1590 3095 et
1637 3042 1785 3111 regni
1833 3043 2030 3109 proprii

473 3134 664 3192 merito
709 3133 979 3201 judicatur
1031 3132 1184 3203 [Ms.,
1230 3133 1524 3194 indicatur;
1568 3129 1664 3194 al.,
1707 3130 2028 3202 vindicatur]

475 3224 781 3282 auctoritas.
814 3222 890 3276 Ad
919 3220 1180 3291 perfectos
1227 3237 1373 3285 vero,
1425 3221 1514 3275 ubi
1558 3236 1662 3276 non
1688 3221 1884 3274 timore
1913 3236 2033 3275 eru-

472 3312 617 3367 ditur
646 3309 948 3379 discipulus,
980 3312 1073 3364 sed
1120 3323 1330 3371 amore,
1377 3309 1656 3376 prOprium
1705 3323 1896 3362 nomen
1926 3309 2035 3363 suf-

474 3400 604 3466 ficit,
634 3409 688 3455 et
716 3401 932 3468 aequalis
960 3400 1202 3470 magister
1237 3405 1347 3463 est,
1382 3406 1432 3452 et
1478 3398 1648 3452 nescit
1694 3413 1752 3453 se
1795 3413 1914 3457 esse
1944 3415 2029 3454 re-

477 3505 703 3630 BeZia
739 3559 864 3614 Haec
914 3559 1124 3612 interim
1160 3556 1311 3624 juxta
1349 3557 1602 3611 litteram.
1628 3555 1892 3610 Caeterum
1935 3573 2034 3625 per

478 3650 878 3718 intelligentiam
911 3648 1234 3717 spiritalem,
1268 3648 1531 3716 paciﬁcus
1569 3656 1624 3701 et
1666 3648 1893 3702 dilectus
1938 3648 2032 3702 Dei

479 3737 671 3798 Patris,
701 3744 756 3788 et
783 3736 1130 3788 Ecclesiastes
1155 3735 1591 3791 nosterChristus
1612 3744 1716 3800 est,
1740 3737 1829 3805 qui
1859 3737 2034 3791 medio

478 3825 680 3894 pariete
707 3823 1075 3884 destructo,‘et
1101 3821 1405 3876 inimicitias
1438 3826 1490 3877 in
1535 3841 1696 3879 carne
1739 3841 2035 3891 evacuans,

479 3912 606 3968 fecit
625 3921 850 3982 utraque
881 3926 1066 3975 unum,
1092 3912 1272 3964 dicens
1298 3929 1310 3963 :
1346 3911 1536 3964 Pacem
1572 3930 1738 3965 meam
1769 3914 1834 3965 do
1861 3916 1999 3967 vobis
2019 3956 2033 3979 ,

478 4018 653 4071 pacem
674 4003 902 4072 relinquo
922 4003 1058 4056 vobis
1081 4002 1257 4071 (Joan.
1291 4018 1400 4065 xiv,
1425 4000 1534 4072 27).
1567 4003 1640 4055 De
1661 4018 1765 4070 quo
1793 4003 1951 4056 Pater
1970 4007 2036 4059 ad

480 4091 768 4157 discipulos
789 4103 809 4140 ι
834 4091 933 4144 Hic
954 4101 1046 4154 est,
1073 4092 1262 4159 inquit,
1296 4089 1466 4144 Filius
1496 4108 1638 4144 meus
1681 4091 1898 4144 dilectus
1923 4131 1936 4153 ,
1981 4093 2036 4144 in

478 4197 579 4250 quo
605 4179 729 4230 mihi
771 4179 892 4231 bene
934 4181 1247 4248 complacui,
1280 4183 1415 4234 hunc
1454 4183 1628 4235 audite
1655 4179 1863 4252 (Matth.
1906 4197 2034 4243 xvn,

480 4269 554 4339 5),
583 4270 675 4337 qui
704 4276 786 4323 est
809 4274 966 4336 caput
992 4268 1260 4324 Ecclesiae.
1299 4272 1365 4324 Et
1409 4287 1742 4341 nequaquam
1772 4273 1838 4326 ad
1875 4287 2034 4341 syna-

481 4372 671 4426 gogam
698 4355 1024 4420 Judaeomm,
1056 4358 1147 4411 sed
1174 4358 1240 4410 ad
1268 4359 1502 4426 gentium
1535 4361 1927 4416 multitudinem
1957 4363 2036 4416 lo-

483 4460 672 4514 quens,
700 4447 835 4500 vivis
858 4446 1116 4516 lapidibus
1158 4455 1471 4508 exstructas;
1509 4464 1612 4501 non
1641 4449 1782 4503 illius
1828 4451 1892 4504 de
1936 4467 2039 4518 qua

485 4536 597 4603 ipse
618 4533 692 4585 ait
722 4549 734 4584 :
770 4532 1118 4599 Hierusalem,
1155 4535 1512 4588 Hierusalem!
1553 4553 1668 4605 qua:
1701 4538 1889 4589 occidis
1917 4555 2038 4606 pro-

483 4625 682 4693 phetas,
706 4631 752 4675 et
778 4638 890 4675 ecce
907 4623 1414 4706 relinqueturhdomus
1428 4637 1589 4680 vestra
1611 4627 1811 4681 deserta
1827 4627 2036 4698 (Matth.

484 4729 640 4778 xxiii,
672 4714 757 4776 57,
787 4713 896 4782 58),
928 4715 1020 4767 sed
1047 4715 1184 4769 illius
1216 4717 1310 4784 per
1339 4734 1497 4785 quam
1520 4719 1692 4786 jurari
1728 4728 1890 4782 vetat,
1920 4720 2040 4788 quia

486 4801 556 4852 sit
576 4801 764 4855 civitas
790 4801 966 4869 magni
992 4802 1150 4868 regis.
1175 4801 1271 4856 ilic
1297 4813 1378 4856 est
1408 4805 1547 4858 filius
1570 4806 1761 4869 David,
1788 4807 1852 4859 ad
1885 4824 2042 4876 quem

493 4887 613 4939 caeci
657 4888 710 4941 in
757 4888 1041 4958 Evangelia
1070 4889 1407 4942 clamabant:
1445 4889 1690 4945 Miserere
1737 4895 1919 4957 nostri,
1966 4895 2043 4963 ﬁli

467 4952 656 5032 lDavid
684 4952 1026 5043 (Hattbfxv,
1066 4975 1189 5047 22);
1221 4985 1270 5029 et
1311 4971 1482 5032 omnis
1517 4980 1667 5032 turba
1695 4952 2041 5045 consonabat,

489 5069 543 5115 et
559 5076 662 5115 una
684 5075 813 5116 Voce
837 5066 1186 5132 mspondebat
1206 5082 1217 5118 :
1237 5064 1484 5119 Hosanna
1509 5066 1618 5134 ﬁlio
1636 5067 1802 5121 David
1829 5067 2040 5138 (Matth.

493 5163 603 5211 xxi,
626 5147 702 5216 9).
730 5148 966 5216 Denique
998 5167 1102 5205 non
1140 5153 1206 5207 ad
1235 5168 1354 5206 eum
1382 5153 1440 5205 fit
1467 5156 1688 5208 verbum
1731 5155 1824 5209 Dei
1851 5196 1865 5219 ,
1903 5156 2045 5209 'sicut

493 5235 560 5288 ad
589 5235 912 5293 Hieremiam
938 5245 993 5290 et
1017 5240 1084 5292 ad
1111 5250 1333 5296 ceteros
1357 5243 1669 5310 prophetas;
1698 5245 1789 5297 sed
1822 5247 1944 5314 quia
1968 5246 2045 5300 di-

497 5338 587 5381 vos
608 5333 710 5388 est,
741 5336 796 5381 et
821 5344 912 5383 rex
940 5335 1146 5399 potens,
1178 5329 1290 5396 ipse
1313 5341 1394 5385 est
1423 5333 1464 5385 si
1483 5332 1695 5401 quidem
1723 5335 1966 5398 verbum,
1993 5342 2047 5389 et

497 5413 753 5482 “pientis
787 5426 1094 5486 taeteraeqne
1117 5416 1360 5471 virtutes.
1389 5421 1562 5474 Verba
1591 5420 1825 5489 loquitur
1852 5421 1918 5475 ad
1948 5423 2047 5477 Ec-

500 5503 674 5562 clesia:
710 5507 876 5578 viros,
915 5513 1074 5565 sci-ba
1119 5512 1352 5566 insinuat
1403 5518 1653 5582 apostolis
1679 5559 1694 5583 ,
1746 5517 1811 5573 de
1857 5517 2047 5586 quibus

572 5667 595 5739 ξ
625 5658 901 5729 ﬂuensque
932 5675 993 5714 ex
1024 5673 1207 5718 sancto
1239 5662 1571 5734 lileronymo.

2057 3088 2104 3148 C

2131 568 2264 613 rum,
2277 562 2323 603 et
2339 553 2393 604 in
2405 552 2531 618 ﬁnes
2547 553 2683 605 orbis
2698 561 2850 604 terra:
2862 553 3010 606 verba
3027 553 3232 606 illorum
3250 553 3419 624 (Psal.
3439 569 3592 617 xvul,
3610 554 3686 626 Β).

2131 638 2262 691 Male
2288 639 2450 706 igitur
2475 640 2688 706 quidam
2717 640 3021 707 opinantur,
3067 655 3166 694 nos
3205 655 3270 694 ex
3300 641 3402 695 hoc
3444 642 3579 695 libro
3624 642 3690 694 ad

2130 728 2449 796 voluptatem
2479 736 2534 781 et
2560 725 2826 782 luxuriam
2852 731 3147 796 provocari,
3187 746 3307 784 cum
3352 746 3383 784 e
3421 732 3690 785 contrario

2130 818 2306 869 omnia
2337 832 2455 883 quae
2480 819 2748 871 cernimus
2771 819 2822 870 in
2847 820 3045 874 mundo
3072 835 3208 874 vana
3230 835 3348 874 esse
3378 821 3689 883 doceantur,

2131 917 2228 955 nec
2257 903 2448 956 debere
2469 919 2565 958 nos
2585 919 2647 956 ea
2672 904 2909 957 studiose
2931 915 3181 972 appetere
3202 922 3337 974 quas,
3362 907 3486 982 dum
3511 915 3692 960 tenen-

2131 1001 2238 1054 tur,
2264 993 2529 1044 intereant
2553 1003 2601 1043 ι.

2202 1083 2442 1134 Tradunt
2468 1082 2675 1134 Hebraei
2701 1083 2842 1135 hunc
2874 1082 3096 1146 librum,
3129 1099 3287 1152 quem
3314 1084 3471 1138 modo
3493 1085 3544 1136 in
3575 1099 3691 1136 ma-

2132 1174 2287 1226 nibus
2325 1173 2602 1236 habemus,
2633 1165 2936 1226 Salomonis
2964 1188 3082 1226 esse
3124 1175 3494 1242 pmnitentiam
3537 1190 3694 1243 agen-

2134 1263 2202 1314 tis
2227 1277 2240 1314 :
2269 1264 2355 1330 qui
2385 1264 2510 1328 quia
2541 1263 2593 1314 in
2622 1264 2882 1330 sapientia
2931 1263 3236 1331 divitiisque
3281 1264 3514 1317 confisus
3541 1303 3554 1327 ,
3601 1278 3696 1330 per

2132 1349 2381 1403 mulieres
2405 1350 2684 1403 olfenderit
2713 1349 2898 1412 Deum,
2927 1365 3069 1403 nunc
3093 1364 3274 1403 secum
3303 1359 3542 1417 reputat,
3574 1366 3692 1404 om-

2132 1441 2221 1493 nia
2263 1456 2400 1492 vana
2443 1455 2561 1493 esse
2603 1438 2759 1505 hujus
2797 1439 2980 1492 saeculi
3025 1438 3431 1502 delectamenta,
3474 1454 3591 1507 qua:
3627 1439 3692 1492 ad

2133 1527 2373 1579 ultimam
2405 1528 2672 1581 miseriam
2700 1527 2984 1580 devolvunt
3013 1542 3106 1580 eos
3148 1528 3237 1595 qui
3281 1528 3336 1581 in
3373 1531 3452 1581 eis
3489 1535 3698 1595 ponunt

2133 1629 2279 1682 spem
2305 1629 2475 1667 suam.
2507 1614 2612 1667 Sed
2643 1623 2694 1667 et
2721 1615 2908 1667 beatus
2931 1614 3223 1683 Gregorius
3257 1614 3444 1670 doctor
3478 1617 3699 1670 mirabi-

2133 1702 2219 1766 lis,
2263 1710 2316 1756 et
2364 1718 2530 1756 sacra:
2580 1701 2870 1770 Scriptura:
2913 1703 3272 1758 lucidissimus
3301 1708 3589 1773 expositor,
3639 1706 3693 1759 in

2135 1801 2325 1860 quarto
2353 1793 2689 1862 Dialogorum
2719 1793 2854 1846 libro
2882 1791 3018 1864 (cap.
3041 1793 3120 1863 4),
3145 1794 3413 1862 quomodo
3433 1795 3534 1848 iste
3558 1795 3697 1851 liber

2136 1883 2389 1953 legendus
2417 1883 2486 1937 sit
2507 1882 2589 1936 vel
2621 1883 3027 1953 intelligendus,
3074 1885 3274 1952 optime
3311 1885 3584 1952 exposuit,
3633 1884 3702 1940 de

2133 1973 2349 2026 nomine
2373 1971 2530 2039 hujus
2558 1972 2699 2035 libri,
2730 1973 2808 2026 sic
2836 1973 3057 2027 dicens:
3083 1990 3111 2023 -ι
3145 1972 3494 2028 Ecclesiastes
3522 1981 3700 2028 autem

2132 2063 2348 2129 proprie
2372 2063 2721 2117 concionator
2746 2061 2946 2115 dicitur
2971 2079 2985 2114 :
3010 2061 3064 2116 in
3096 2045 3352 2116 concione
3393 2076 3522 2116 vero
3541 2102 3555 2125 ,
3584 2076 3702 2115 sen-

2134 2149 2300 2200 tentia
2327 2139 2606 2216 promitur,
2636 2165 2731 2218 per
2754 2163 2911 2217 quam
2946 2148 3283 2204 tumultuosa:
3311 2151 3482 2204 turba:
3509 2150 3702 2204 seditio

2134 2236 2537 2302 comprimatur,
2570 2247 2626 2291 et
2668 2239 2800 2291 cum
2825 2237 2975 2290 multi
3024 2237 3235 2292 diversa
3286 2238 3561 2300 sentiant,
3605 2251 3700 2306 per

2133 2326 2495 2379 concionantis
2537 2328 2799 2380 rationem
2843 2328 2911 2381 ad
2955 2343 3116 2380 unam
3163 2328 3482 2382 sententiam
3504 2330 3700 2397 perdu—

2135 2421 2345 2465 cuntur.
2371 2412 2466 2466 Hic
2497 2413 2666 2480 igitur
2698 2413 2831 2466 liber
2865 2414 3065 2467 idcirco
3094 2414 3450 2468 Concidnator
3478 2398 3691 2481 dicitur,

2134 2502 2258 2566 quia
2288 2500 2535 2555 Salomon
2566 2502 2621 2555 in
2649 2517 2713 2555 eo
2737 2503 2892 2570 quasi
2920 2489 3292 2556 tumultuantis
3326 2504 3494 2558 turbae
3522 2518 3698 2558 susce-

2132 2591 2210 2655 pit
2235 2605 2470 2654 sensum,
2505 2599 2564 2644 ut
2599 2607 2661 2645 ea
2687 2606 2783 2659 per
2812 2591 3208 2661 inquisitionem
3257 2594 3397 2648 dicat
3425 2608 3542 2662 qua:
3583 2590 3696 2648 for-

2135 2686 2274 2732 tasse
2303 2694 2398 2746 per
2426 2681 2772 2736 tentatlonem
2811 2682 3058 2751 imperita
3099 2687 3252 2737 mens
3295 2684 3510 2738 sentiat.
3559 2683 3690 2741 Nam

2133 2775 2264 2835 quot
2291 2770 2586 2822 sententias
2612 2785 2710 2839 per
2751 2770 3152 2838 inquisitionem
3193 2781 3402 2835 movet,
3436 2775 3587 2840 quasi
3623 2781 3701 2828 tot

2134 2857 2188 2909 in
2211 2872 2267 2910 se
2288 2860 2891 2927 personas’diversorum
2933 2860 3172 2928 suscipit.
3211 2860 3316 2914 Sed
3358 2864 3702 2925 concionator

2135 2961 2319 3010 verax,
2347 2947 2489 3001 velut
2519 2938 2738 3020 exitiosa
2765 2963 2945 3012 manu,
2975 2949 3210 3002 omnium
3242 2949 3499 3004 tumultus
3525 2952 3694 3014 sedat,

2133 3049 2330 3101 eosque
2359 3038 2425 3089 ad
2448 3052 2607 3090 unam
2629 3038 2946 3100 sententiam
2974 3046 3211 3102 revocat,
3239 3053 3360 3092 cum
3381 3038 3435 3091 in
3461 3036 3697 3106 ejusdem

2134 3121 2256 3174 libri
2285 3125 2514 3178 termino
2545 3127 2620 3178 ait
2649 3144 2660 3176 :
2695 3125 2884 3179 Finem
2903 3127 3151 3197 loquendi
3177 3145 3350 3183 omnes
3379 3131 3572 3198 pariter
3603 3144 3700 3182 au-

2134 3208 2338 3262 diamus
2363 3231 2382 3261 .-
2408 3210 2689 3262 Dominum
2714 3211 2858 3279 time,
2878 3220 2927 3264 et
2947 3211 3198 3266 mandata
3218 3215 3332 3282 ejus
3355 3215 3586 3279 observa,
3608 3217 3704 3270 hoc

2133 3307 2206 3351 est
2231 3299 2365 3351 enim
2390 3300 2555 3352 omnis
2579 3300 2729 3352 homo
2752 3295 2946 3376 (Eeele.
2980 3317 3057 3364 xl,
3083 3300 3192 3373 15).
3224 3302 3282 3355 Si
3312 3305 3454 3357 enim
3482 3305 3535 3358 in
3561 3306 3699 3360 libro

2133 3387 2318 3440 eodem
2361 3401 2457 3454 per
2497 3382 2933 3464 collocationem,
2960 3385 3113 3462 [Ms.,
3153 3390 3494 3464 locutionem]
3547 3410 3700 3449 suam

2134 3475 2420 3527 multorum
2441 3491 2699 3542 personas
2721 3494 2827 3531 non
2854 3459 3146 3558 susciperet
3168 3480 3320 3552 μὴ,
3349 3459 3700 3558 susceperat],

2134 3579 2232 3615 cur
2279 3564 2346 3615 ad
2385 3561 2706 3618 audiendum
2752 3553 3011 3635 loquendi
3046 3569 3210 3622 finem
3269 3584 3450 3625 secum
3501 3553 3703 3640 pariter

2134 3667 2318 3706 omnes
2361 3653 2715 3708 admonebat?
2761 3655 2894 3721 Quia
2945 3657 3106 3726 igitur
3144 3659 3199 3712 in
3238 3660 3340 3712 line
3370 3661 3491 3714 libri
3521 3662 3696 3718 dicit:

2139 3742 2325 3796 Omnes
2348 3747 2544 3812 pariter
2571 3747 2845 3800 audiamus
2866 3788 2880 3812 ,
2908 3749 3021 3816 ipse
3049 3749 3149 3802 sibi
3177 3750 3327 3804 testis
3351 3759 3432 3805 est
3457 3752 3580 3820 quia
3599 3792 3614 3818 ,
3645 3753 3700 3811 in

2137 3849 2195 3888 se
2225 3835 2513 3890 multorum
2543 3852 2799 3907 personas
2824 3840 3149 3909 suscipiens,
3194 3841 3347 3910 quasi
3381 3841 3527 3896 solus
3555 3842 3703 3897 locu-

2138 3930 2222 3975 tus
2249 3939 2352 3978 non
2380 3935 2462 3978 est
2491 3945 2501 3978 :
2535 3928 2675 3980 unde
2698 3937 2752 3981 et
2781 3929 2886 3981 alia
2918 3940 3042 3983 sunt
3078 3946 3196 4000 quae
3231 3921 3290 3984 in
3332 3932 3471 3989 libro
3517 3933 3703 3989 eo‘dem

2137 4029 2233 4083 per
2260 4019 2658 4085 inquisitionem
2690 4031 2995 4084 moventur,
3031 4030 3190 4091 atque
3215 4005 3466 4092 alia-nua:
3498 4040 3596 4094 per
3619 4041 3704 4080 ra-

2137 4107 2335 4160 tionem
2358 4110 2721 4174 satisfaciunt;
2752 4113 2855 4165 alia
2885 4127 3000 4180 qua:
3029 4129 3093 4166 ex
3131 4116 3320 4169 tentati
3348 4117 3554 4186 profert
3592 4121 3706 4173 ani-

2139 4211 2247 4258 mo,
2272 4205 2430 4263 atque
2452 4199 2630 4251 adhuc
2653 4200 2811 4266 hujus
2836 4203 3018 4254 mundi
3040 4203 3484 4268 delectationibus
3503 4207 3704 4274 dediti;

2141 4285 2241 4337 alia
2271 4300 2417 4350 vero,
2457 4287 2508 4338 in
2532 4287 2726 4354 quibus
2753 4302 2813 4343 ea
2839 4304 2956 4357 quae
2982 4291 3204 4346 rationis
3246 4301 3403 4359 sunt,
3441 4283 3701 4360 disserat,

2141 4384 2299 4444 atque
2322 4378 2556 4430 animum
2579 4393 2606 4430 a
2638 4378 2987 4434 delectatione
3013 4373 3336 4451 compescat.
3368 4384 3444 4446 [hi
3477 4401 3706 4454 namque

2142 4471 2215 4522 ait
2240 4489 2251 4522 :
2279 4469 2391 4523 Iloc
2433 4472 2602 4540 itaque
2638 4473 2762 4524 mihi
2798 4474 2964 4526 visum
3003 4483 3076 4527 est
3115 4474 3303 4529 bonum
3326 4517 3339 4540 ,
3375 4488 3430 4532 ut
3471 4477 3705 4534 comedat

2139 4560 2253 4626 quis
2274 4570 2319 4612 et
2350 4561 2505 4623 bibat,
2537 4571 2582 4612 et
2611 4561 2818 4630 fruatur
2844 4562 3025 4616 lcetitia
3058 4580 3120 4617 ex
3154 4563 3328 4618 labore
3368 4583 3464 4619 suo
3508 4565 3703 4640 (Eccle.

2141 4663 2195 4708 v,
2222 4645 2329 4716 £7).
2360 4650 2425 4701 Et
2455 4651 2609 4719 longe
2639 4651 2863 4707 inferius
2887 4651 3178 4723 subjungit'.
3210 4653 3397 4708 Melius
3419 4665 3492 4709 est
3529 4655 3604 4710 ire
3637 4654 3708 4714 ad

2141 4735 2351 4787 domum
2371 4736 2560 4800 luctus,
2583 4757 2740 4807 quam
2767 4741 2837 4794 ad
2862 4743 3073 4796 domum
3115 4745 3334 4798 conuiuii
3371 4744 3566 4815 (Eecle.
3608 4761 3704 4809 vu,

2142 4823 2214 4891 5).
2248 4822 2303 4875 Si
2333 4824 2475 4876 enim
2503 4826 2699 4878 bonum
2728 4837 2809 4880 est
2833 4831 3157 4886 manducare
3183 4841 3238 4885 et
3266 4834 3472 4893 bibere,
3515 4831 3708 4886 melius

2143 4913 2307 4968 fuisse
2325 4915 2604 4969 videbatur
2625 4915 2692 4968 ad
2715 4917 2930 4972 domum
2954 4921 3184 4973 convivii
3208 4936 3432 4990 pergere
3451 4936 3612 4989 quam
3635 4923 3707 4979 ad

2143 5005 2356 5058 domum
2387 5006 2578 5059 luctus.
2608 5006 2684 5060 Ex
2727 5021 2830 5074 qua
2880 5022 2937 5061 re
2985 5009 3285 5062 ostenditur
3322 5010 3446 5078 quia
3478 5010 3606 5064 illud
3639 5025 3704 5066 ex

2145 5093 2532 5148 infirmantium
2562 5110 2788 5164 persona
2817 5097 3024 5162 intulit,
3055 5099 3157 5153 hoc
3201 5113 3329 5155 vero
3377 5113 3443 5154 ex
3481 5100 3707 5170 rationis

2143 5180 2452 5238 definitione
2486 5183 2757 5250 subiunxit
2792 5203 2804 5237 :
2845 5202 2968 5240 nam
3009 5187 3152 5255 ipsas
3193 5189 3437 5256 protinus
3483 5187 3708 5242 rationis

2145 5285 2333 5324 causas
2372 5273 2638 5334 edisserit,
2663 5282 2716 5326 et
2743 5275 2809 5326 de
2851 5275 3009 5330 domo
3030 5277 3206 5331 luctus
3238 5292 3358 5346 quae
3399 5276 3469 5332 sit
3492 5275 3705 5335 utili.“

2145 5360 2398 5422 ostendit,
2431 5362 2648 5416 dicens:
2682 5361 2747 5413 In
2775 5361 2865 5415 illa
2890 5365 3029 5418 enim
3051 5366 3175 5432 linis
3205 5376 3504 5427 cunctorum
3529 5365 3705 5420 admo-

2148 5458 2292 5502 netur
2333 5449 2618 5513 hominum,
2668 5459 2714 5502 et
2756 5453 2926 5505 vivens
2962 5454 3153 5522 cogitat
3190 5455 3315 5524 quid
3363 5454 3599 5522 [unum
3636 5454 3706 5515 sit

2150 5534 2341 5590 (Eccle.
2367 5552 2438 5602 XI,
2461 5537 2510 5602 9,
2546 5537 2652 5604 ιο).
2679 5538 2905 5593 Rursum
2930 5540 3036 5594 illic
3053 5531 3309 5612 scriptum
3333 5550 3417 5600 est
3442 5560 3454 5598 :
3481 5541 3703 5610 Latare,
