4230 6196
615 384 709 437 ωι
1136 400 1141 407 -
1451 389 1505 441 B.
1546 388 1603 441 ιη’.
1647 358 1865 443 nam
1908 390 2036 445 seu
2074 389 2285 445 ALCUlJ

2132 389 2345 445 LCUlNl
2385 391 2668 448 OPBRUM
2708 393 2881 448 PARS
2914 392 2975 449 ll.
3104 440 3107 443 ,
3697 397 3802 451 67!

608 497 833 567 iuvenis,
860 500 912 549 in
941 500 1278 551 adolescentia
1317 510 1425 550 tua.
1458 500 1521 551 Et
1552 502 1707 567 paulo
1735 511 1853 567 post
1874 502 2151 555 subditur:
2183 506 2224 558 Α
2255 508 2307 552 et
2333 514 2542 567 semper
2590 502 2727 554 idem
2771 510 2853 555 est
2899 503 3038 569 quod
3080 494 3268 566 est,'et
3310 518 3412 558 non
3459 502 3622 558 aliud.
3653 504 3802 573 Quod

610 587 968 640 Adolescentia
1013 588 1146 640 enim
1185 598 1230 639 et
1272 588 1500 656 voluptas
1522 628 1535 651 ,
1568 606 1699 641 rana
1737 600 1875 642 sunt.
1908 590 2006 655 Qui
2034 590 2157 643 dum

611 674 713 730 hoc
738 678 1069 743 postmodum
1111 682 1300 727 vanum
1343 691 1458 729 esse
1505 677 1802 747 redarguit,
1832 678 1971 744 quod
2011 680 2159 746 prius

609 764 946 818 admonuisse
973 764 1265 826 videbatur,
1296 766 1467 831 palam
1497 755 1646 833 [.lls.,
1674 764 1937 834 patenter]
1962 766 2158 819 indicat

607 853 730 920 quia
757 853 845 905 illa
871 853 1021 919 quasi
1048 868 1112 905 ex
1141 852 1401 905 desiderio
1439 852 1637 904 carnali
1686 853 1839 904 verba
1882 852 2040 923 413
2080 852 2157 905 in-

608 940 747 1004 tulit,
778 940 891 993 haec
919 954 1045 992 vero
1092 953 1153 991 ex
1194 938 1381 1005 judicii
1421 939 1644 993 veritate
1688 939 1975 1006 sulvjunxit.
2007 939 2156 994 Sicut

602 1041 730 1097 ergo
760 1027 1159 1085 delectationem
1186 1027 1336 1094 prius
1363 1027 1651 1079 carnalium
1674 1027 1994 1093 exprimens,
2015 1028 2157 1082 curis

603 1114 908 1181 postpositis
936 1112 1211 1165 deiiuiitiat
1238 1112 1434 1166 bonum
1458 1127 1574 1166 esse
1618 1113 1941 1166 manducare
1980 1123 2033 1165 et
2072 1116 2155 1167 hi-

604 1201 769 1264 bere,
814 1200 956 1269 quod
1004 1208 1181 1252 tamen
1229 1200 1561 1268 postmodum
1610 1214 1673 1252 ex
1720 1198 1903 1268 judicii
1954 1202 2158 1255 ratione

602 1285 964 1353 reprehendit,
990 1300 1110 1338 cum
1136 1298 1253 1339 esse
1280 1285 1469 1339 melius
1496 1286 1623 1339 dicit
1657 1286 1721 1338 ad
1752 1286 1962 1339 domum
1987 1287 2158 1341 luctus

603 1376 683 1428 ire
716 1389 874 1443 quam
899 1375 963 1427 ad
1000 1374 1215 1427 domum
1244 1373 1470 1427 convivii
1502 1392 1512 1425 :
1543 1381 1595 1426 et
1618 1374 1755 1427 sicut
1778 1373 1942 1427 Letari
1966 1374 2158 1427 debere

598 1464 846 1531 iuvenem
878 1464 934 1519 in
958 1464 1308 1536 adolescentia
1339 1480 1463 1526 sua,
1498 1466 1647 1533 quasi
1672 1480 1738 1520 ex
1782 1468 2159 1519 deliberatione

600 1553 913 1615 carnalium,
942 1553 1219 1620 proponit,
1246 1560 1300 1604 et
1329 1562 1505 1605 tamen
1537 1554 1874 1619 postmodum
1908 1569 2001 1621 per
2035 1553 2159 1606 deli-

601 1642 853 1694 nitionem
878 1640 1153 1694 sententia:
1174 1638 1587 1694 adolescentiam
1608 1650 1663 1694 et
1678 1641 1996 1711 voluptatem
2022 1659 2155 1696 vana

599 1744 717 1784 esse
745 1728 1031 1798 redarguit.
1058 1728 1317 1783 Similiter
1337 1736 1390 1782 et
1411 1730 1751 1783 concionator
1771 1732 1892 1792 iste,
1919 1732 2155 1787 diversas

2258 587 2399 639 enim
2445 589 2754 651 mutabitur,
2777 589 3162 657 quodammodo
3204 593 3486 656 evanescit,
3515 600 3694 648 etnon
3722 606 3804 650 est

2257 673 2396 739 quod
2419 682 2551 727 erat.
2576 674 2775 730 lJcirco
2797 677 2863 730 ad
2882 678 3326 746 comparationem
3346 680 3613 736 Creatoris
3633 684 3802 737 omnis

2257 770 2501 815 creatura
2530 764 2736 818 vanitas
2760 766 2863 820 dici
2892 775 3081 837 potest,
3120 777 3172 823 et
3200 768 3450 837 quidquid
3492 770 3544 822 in
3568 771 3670 826 hoc
3690 772 3799 827 cir-

2256 848 2375 901 culo
2420 852 2744 917 continetur,
2770 867 2866 920 pro
2895 855 3058 909 nihilo
3102 856 3393 923 computari
3432 856 3485 908 in
3530 872 3808 925 compara-

2260 935 2403 989 tione
2429 945 2643 992 :eternte
2665 938 2977 1007 majestatis.

2327 1022 2492 1075 Vsus.
2522 1025 2574 1077 5.
2599 1053 2671 1066 —
2691 1022 2829 1089 Quid
2862 1035 3087 1094 superest
3130 1024 3357 1092 homini,
3383 1030 3436 1080 in
3464 1030 3603 1080 omni
3628 1028 3804 1085 labare

2255 1125 2366 1169 suo,
2395 1127 2496 1179 quo
2520 1109 2722 1164 laborat
2767 1112 2859 1165 sub
2895 1112 3035 1166 sole?
3060 1125 3083 1153 ⁸
3115 1113 3240 1167 Post
3269 1114 3562 1183 generalem
3593 1123 3802 1171 senten-

2258 1198 2383 1251 tiam
2407 1198 2474 1251 ad
2492 1212 2656 1252 vanos
2679 1198 2951 1287 homipum
2971 1200 3178 1255 labores
3200 1204 3461 1257 convertit
3480 1217 3799 1267 sermonem,

2258 1284 2347 1351 qui
2383 1283 2581 1337 frustra
2606 1285 2660 1339 in
2692 1283 2848 1341 istius
2865 1287 3041 1339 mundi
3068 1287 3247 1342 labore
3272 1288 3548 1364 desudant,
3574 1304 3796 1359 congre-

2257 1381 2441 1441 gantes
2465 1374 2675 1428 divitias
2701 1376 2980 1441 perituras,
3016 1377 3307 1431 ambientes
3332 1378 3579 1441 honores,
3609 1378 3800 1446 quibus

2256 1463 2431 1515 subito
2480 1462 2937 1528 dieitur:Stulte,
2984 1466 3085 1519 hac
3126 1473 3278 1520 nocte
3326 1466 3597 1529 morieris,
3648 1464 3799 1533 cujus

2256 1560 2412 1603 erunt
2438 1565 2553 1619 qua:
2572 1552 2937 1622 congregasti?

2314 1639 2473 1692 Vens.
2488 1639 2887 1693 L—Generatio
2900 1641 3055 1706 vadit,
3069 1648 3116 1693 et
3130 1644 3383 1710 generatio
3397 1644 3545 1706 uenit,
3560 1652 3697 1696 terra
3708 1657 3800 1695 au-

2259 1736 2357 1778 tem
2378 1728 2431 1778 in
2451 1726 2696 1790 steculum
2712 1735 2833 1779 stat.
2851 1727 2980 1782 Aliis
2996 1729 3359 1794 morientibus,
3374 1740 3659 1784 nascuntur
3673 1730 3759 1783 alii
3779 1746 3809 1793 ς,

601 1817 981 1885 cogitationum
1016 1817 1332 1871 tentationes
1355 1831 1644 1885 exponens,
1668 1818 1773 1871 alio
1812 1820 1886 1871 ait
1921 1820 1973 1873 in
2011 1820 2151 1883 loco,
2183 1815 2227 1873 B
2256 1821 2311 1864 ει
2352 1829 2484 1880 quos
2519 1814 2742 1879 "meras.
2770 1830 2874 1869 non
2919 1816 3097 1881 νὶάεες
3126 1816 3447 1884 incipiesque
3487 1816 3664 1870 "idem
3705 1832 3798 1872 005

601 1918 721 1957 cum
750 1902 916 1958 dicit:
946 1901 1093 1956 Unus
1130 1904 1363 1957 interitus
1400 1903 1516 1975 [est]
1553 1906 1773 1959 hominis
1817 1917 1863 1960 et
1901 1900 2158 1975 jumento-

602 2005 737 2053 rum,
764 1999 810 2041 et
843 2005 991 2058 (aqua
1017 1990 1281 2058 utriusque
1302 1992 1524 2043 conditio
1546 2005 1563 2041 :
1588 1992 1720 2044 sicut
1744 1995 1958 2045 moritur
1976 1996 2152 2056 homo,

598 2078 674 2131 sic
696 2087 742 2129 et
770 2076 861 2131 illa
886 2078 1179 2131 moriuntur
1202 2095 1219 2131 .·
1245 2078 1483 2131 similiter
1509 2081 1707 2148 spirant
1731 2082 1924 2145 omnia,
1953 2093 1998 2135 et
2029 2084 2155 2135 nihil

597 2168 748 2221 habet
769 2169 1184 2237 homojumentis
1212 2171 1433 2238 amplius
1464 2171 1656 2241 (Eccle.
1688 2188 1769 2235 ut,
1808 2173 1913 2243 10).
1940 2174 2040 2239 Qui
2072 2184 2153 2227 ta-

600 2274 723 2325 men
747 2272 812 2311 ex
841 2257 1146 2312 deﬁnitione
1171 2259 1392 2312 rationis
1414 2275 1563 2315 suam
1590 2264 1926 2329 postmodum
1946 2273 2157 2318 senten-

604 2343 736 2397 tiam
765 2344 1009 2412 protulit,
1032 2344 1248 2399 dicens:
1286 2345 1423 2411 Quid
1451 2348 1598 2402 habet
1634 2350 1853 2419 amplius
1888 2353 2088 2421 sapiens
2122 2372 2155 2407 a

597 2432 796 2485 stulto?
817 2442 864 2485 et
888 2432 1012 2500 quid
1056 2435 1288 2503 pauper?
1324 2434 1444 2489 Nisi
1470 2448 1525 2490 ut
1567 2448 1742 2506 pergat
1785 2439 1909 2491 illuc
1928 2480 1942 2504 ,
1970 2440 2057 2493 ubi
2083 2454 2155 2494 cst

598 2522 704 2575 vita
727 2520 919 2593 (Eccle.
953 2536 1025 2585 vi,
1058 2523 1152 2591 8)?
1179 2522 1277 2587 Qui
1310 2525 1472 2592 igitur
1508 2526 1639 2578 dixit
1666 2545 1677 2577 :
1718 2526 1861 2579 Nihil
1894 2528 2044 2583 habet
2070 2529 2158 2581 ho-

599 2628 683 2664 mo
698 2612 949 2680 jumentis
974 2612 1215 2680 amplius,
1244 2613 1355 2682 ipse
1387 2630 1603 2669 rursum
1629 2615 1868 2669 definivit
1894 2617 2034 2685 quod
2064 2617 2158 2671 hac

598 2699 719 2753 beat
747 2700 945 2767 aliquid
988 2702 1198 2768 sapiens
1232 2717 1337 2755 non
1370 2704 1539 2756 solum
1568 2705 1795 2771 amplius
1833 2720 1862 2757 a
1882 2703 2157 2770 jumento,

599 2786 691 2841 sed
722 2789 881 2841 etiam
915 2790 981 2842 ah
1002 2789 1213 2843 homine
1238 2790 1419 2853 stulto,
1444 2791 1690 2845 videlicet
1720 2800 1777 2845 ut
1811 2802 1997 2863 pergat
2034 2794 2159 2850 illuc

597 2877 687 2930 ubi
718 2886 795 2931 est
827 2876 981 2948 [Ms.,
1012 2878 1135 2949 erit]
1171 2880 1297 2931 vita.
1326 2880 1529 2945 Quibus
1554 2883 1729 2935 verbis
1754 2885 1981 2951 primum
2020 2884 2157 2939 indi-

600 2972 687 3015 cat
715 2965 839 3032 quia
866 2963 952 3017 hic
979 2964 1251 3018 hominum
1276 2968 1382 3019 vita
1415 2984 1519 3022 non
1546 2977 1657 3033 est,
1683 2986 1839 3039 quam
1880 2986 1998 3025 esse
2034 2971 2157 3025 alibi

598 3059 843 3105 testatur.
890 3052 1059 3105 liabet
1084 3069 1211 3124 ergo
1250 3055 1409 3110 homo
1452 3054 1596 3127 [hoc]
1637 3059 1862 3126 amplius
1899 3057 2156 3125 iumentis

2258 1903 2346 1969 qui
2390 1912 2512 1958 ante
2539 1919 2641 1958 non
2673 1913 2843 1969 erant,
2872 1906 2964 1960 sed
2997 1906 3170 1958 subito
3198 1913 3501 1959 nascuntur.
3540 1904 3675 1971 Quid
3705 1921 3797 1958 va-

2255 1992 2375 2046 nius
2401 1993 2499 2045 hac
2526 1994 2777 2056 vanitate,
2806 2008 2966 2062 quam
2992 2001 3189 2047 terram
3222 2008 3457 2058 manere,
3482 2008 3599 2061 quae
3624 1994 3795 2049 homi-

2255 2096 2382 2133 num
2429 2095 2587 2134 causa
2635 2079 2771 2134 facta
2814 2088 2917 2147 est,
2940 2090 2994 2135 et
3021 2082 3191 2149 ipsum
3216 2081 3503 2144 hominem,
3528 2089 3684 2135 terra:
3706 2081 3799 2135 do-

2255 2168 2455 2221 minum
2481 2207 2497 2232 ,
2541 2167 2595 2221 in
2640 2167 2908 2235 pulverem
2964 2174 3179 2235 repente
3223 2166 3473 2221 dissolvi?
3520 2166 3802 2237 Signanter

2253 2258 2406 2321 dixit,
2423 2268 2559 2311 terra
2578 2259 2633 2309 in
2656 2256 2900 2311 seculum
2919 2266 3039 2321 stat,
3058 2272 3161 2311 non
3183 2258 3233 2311 in
3254 2256 3444 2312 szecula
3462 2256 3798 2321 seculorum,

2254 2349 2377 2415 quia
2420 2346 2610 2401 caelum
2638 2356 2691 2401 et
2721 2356 2861 2402 terra
2902 2346 3221 2411 transibunt,
3245 2355 3296 2401 et
3321 2361 3444 2401 ecce
3470 2344 3607 2399 facta
3641 2353 3800 2400 erunt

2253 2436 2429 2489 omnia
2455 2450 2609 2489 nova.
3688 2452 3693 2457 ι

2324 2525 2485 2578 Vens.
2516 2524 2568 2577 5.
2585 2522 2847 2577 -0ritur
2864 2522 2963 2587 sol,
2986 2532 3033 2576 et
3060 2523 3265 2587 occidit,
3286 2532 3333 2575 et
3358 2522 3425 2575 ad
3453 2521 3620 2575 locum
3647 2536 3797 2575 suum

2257 2615 2537 2675 revertitur,
2566 2623 2619 2665 ut
2665 2614 2847 2666 iterum
2895 2614 3109 2665 oriatur.
3139 2612 3254 2681 ipse
3281 2612 3379 2677 sol,
3414 2612 3504 2680 qui
3532 2610 3599 2665 ad
3624 2610 3799 2667 lucem

2257 2700 2568 2755 mortalibus
2615 2700 2769 2754 datus
2812 2707 2909 2763 est,
2940 2708 3061 2755 ortu
3102 2715 3201 2754 suo
3239 2710 3527 2755 et.occasu
3566 2698 3805 2769 quotidie

2257 2787 2527 2840 interitum
2554 2787 2733 2841 mundi
2765 2787 3106 2852 demonstrat,
3134 2788 3225 2855 qui
3251 2802 3346 2856 per
3370 2788 3665 2857 incognitas
3687 2788 3802 2841 vias

2257 2875 2410 2928 nobis
2452 2876 2517 2927 ab
2546 2890 2738 2930 occasu
2794 2876 2860 2928 ad
2907 2883 3079 2929 ortum
3130 2876 3457 2945 regreditur,
3488 2875 3801 2949 expletoque

2256 2965 2427 3018 noctis
2452 2964 2668 3028 circulo,
2699 2965 2765 3019 de
2792 2966 3023 3020 thalamo
3068 2982 3163 3021 suo
3200 2981 3365 3021 novus
3397 2968 3653 3021 exoritur.
3672 2964 3675 2971 '
3688 2966 3801 3020 Hoc

2256 3062 2432 3107 autem
2479 3061 2644 3107 totum
2676 3052 2872 3107 idcirco
2922 3054 3067 3116 dicit,
3123 3061 3180 3106 ut
3207 3054 3391 3107 doceat
3421 3052 3801 3106 mutationibus

598 3146 742 3215 quod
770 3145 855 3198 illa
883 3153 1002 3214 post
1031 3120 1254 3199 mortem
1288 3162 1389 3199 non
1420 3120 1620 3211 vivunl,
1652 3120 1741 3203 hic
1765 3164 1890 3205 vero
1926 3159 2049 3204 tunc
2076 3152 2155 3204 vi—
2182 3120 2225 3177 Ο
2256 3148 2268 3193 1

2130 3181 2155 3191 -
2182 3120 2225 3177 C
2256 3146 2655 3207 temporumiet
2699 3149 2817 3194 ortu
2863 3155 3155 3209 occasuque
3197 3128 3469 3215 siderum,
3510 3142 3797 3197 humanam

596 3247 723 3288 vere
756 3233 989 3297 inchoat,
1014 3248 1133 3285 cum
1163 3249 1257 3302 per
1279 3245 1503 3289 mortem
1530 3238 1709 3291 carnis
1729 3238 1866 3292 hanc
1892 3239 2155 3293 visibilem

598 3321 762 3373 vitam
806 3330 1161 3373 consummat.
1202 3322 1302 3387 Qui
1349 3324 1507 3375 etiam
1542 3324 1693 3390 longe
1738 3326 1956 3378 inferius
1984 3327 2151 3380 dicit:

601 3405 953 3475 Quodcunque
978 3416 1139 3475 potest
1169 3424 1352 3461 manus
1379 3418 1469 3460 tua
1494 3410 1681 3478 facere,
1711 3412 1961 3463 instanter
1985 3428 2157 3479 opera-

598 3512 674 3559 re,
700 3498 823 3565 quia
848 3512 938 3548 nec
968 3513 1113 3564 opus,
1141 3515 1230 3550 nec
1261 3501 1389 3551 ratio
1410 3540 1423 3563 ,
1455 3518 1543 3553 nec
1568 3502 1818 3571 sapientia
1836 3547 1848 3567 ,
1882 3520 1969 3556 nec
1989 3505 2155 3556 scien-

597 3584 673 3636 tia
695 3584 790 3637 erit
812 3583 952 3653 apud
974 3585 1185 3653 inferos,
1223 3604 1324 3655 quo
1359 3597 1414 3640 tu
1443 3605 1684 3656 properas
1726 3588 1919 3658 (Eccle.
1948 3607 2019 3652 ix,
2048 3590 2150 3661 l0).

600 3671 879 3736 Quomodo
898 3687 1025 3741 ergo
1038 3688 1175 3726 unus
1200 3675 1445 3728 interitus
1473 3683 1551 3729 est
1577 3677 1807 3731 hominis
1832 3688 1884 3731 et
1904 3678 2151 3745 jumenti,

600 3768 653 3814 et
682 3776 832 3830 :equa
862 3764 1136 3831 utriusque
1158 3765 1426 3819 conditio?
1448 3777 1537 3821 aut
1558 3770 1820 3835 quomodo
1843 3772 1973 3825 nihil
1999 3772 2155 3824 habet

600 3852 759 3905 homo
780 3851 1038 3919 iumentis
1064 3854 1290 3920 amplius
1312 3895 1327 3918 ,
1356 3871 1475 3908 cum
1500 3856 1738 3922 iumenta
1775 3868 1892 3927 post
1929 3870 2151 3914 mortem

600 3939 777 4006 carpis
802 3954 906 3993 non
936 3940 1139 4004 vivunt,
1163 3940 1433 3995 hominum
1461 3959 1588 3999 vero
1614 3946 1854 4013 spiritus,
1876 3962 1973 4015 pro
2004 3949 2154 4001 malis

599 4028 713 4081 suis
739 4028 1003 4098 operibus,
1035 4038 1152 4098 post
1181 4039 1407 4083 mortem
1439 4034 1615 4087 carnis
1660 4035 1725 4088 ad
1764 4034 1961 4089 inferos
1992 4036 2156 4089 dedu—

598 4117 693 4179 cti,
721 4133 817 4171 nec
848 4118 901 4169 in
930 4118 1042 4185 ipsa
1064 4127 1233 4171 morte
1256 4121 1570 4173 moriuntur.
1594 4121 1698 4174 Sed
1722 4124 1774 4175 in
1801 4131 2023 4191 utraque
2046 4134 2152 4177 tam

599 4205 797 4273 dispari
842 4209 1103 4260 sententia
1143 4209 1531 4262 demonstratur
1555 4210 1675 4277 quia
1708 4212 2046 4265 concionator
2069 4228 2153 4264 ve-

602 4292 717 4355 m,
740 4300 790 4345 et
818 4290 943 4348 illud
966 4309 1029 4348 ex
1062 4298 1347 4350 tentatione
1371 4298 1566 4351 carnali
1591 4299 1785 4361 intulit,
1817 4307 1869 4351 ct
1891 4301 1988 4353 hoc
2012 4310 2154 4368 post-

598 4382 812 4435 modum
836 4398 907 4467 ex
936 4384 1157 4450 spiritali
1180 4386 1402 4439 veritate
1430 4386 1681 4439 definivit.
1723 4407 1740 4435 ι
1775 4387 1879 4439 Has
1914 4403 2039 4441 vero
2076 4390 2153 4441 di—
2182 4423 2227 4478 ο

598 4484 783 4523 versas
822 4464 1067 4523 humanm
1104 4473 1295 4523 mentis
1345 4473 1620 4539 Opiniones
1666 4473 1947 4541 diligenter
1996 4473 2152 4541 hujus

597 4557 720 4612 libri
768 4557 935 4611 lector
975 4558 1258 4626 intelligat,
1292 4559 1414 4627 quid
1445 4560 1527 4613 cui
1557 4562 1836 4613 conveniat
1880 4577 2147 4627 personae;

599 4653 653 4696 et
680 4654 863 4698 caveat
888 4662 952 4699 ne
980 4647 1031 4699 iu
1065 4648 1276 4713 Epicuri
1304 4649 1544 4714 dogmata
1569 4650 1724 4701 cadat
1751 4664 1812 4700 ex
1846 4648 2000 4715 hujus
2033 4649 2151 4702 libri

598 4734 844 4796 lectione,
875 4734 919 4787 si
950 4735 1253 4800 diligentius
1280 4752 1381 4789 non
1412 4738 1657 4790 discutiat
1692 4738 1819 4805 quid
1867 4755 1929 4792 ex
1974 4738 2152 4805 cuius-

596 4838 699 4892 que
721 4838 959 4891 personae
992 4824 1281 4877 tentatione
1312 4826 1652 4878 concionator
1678 4827 1775 4879 iste
1803 4827 2011 4879 diverit.

669 4914 829 4965 Vens.
858 4913 911 4965 2.
934 4944 1001 4950 —
1033 4911 1240 4965 Vanitas
1287 4914 1585 4973 vanitatum,
1618 4915 1745 4963 dixit
1790 4914 2142 4976 Ecclesiastes,

597 5002 794 5052 vanitas
816 5002 1180 5061 vanitatum,et
1203 5001 1375 5051 omnia
1408 5002 1622 5052 vanitas.
1654 5000 1707 5052 Si
1732 5000 1880 5065 juxta
1914 5000 2147 5053 Psalmo-

596 5088 776 5152 graphi
792 5086 1129 5148 sententiam,
1149 5086 1319 5137 omnis
1336 5086 1493 5138 homo
1508 5086 1687 5138 vivens
1705 5086 1931 5149 vanitas,
1950 5098 2147 5153 quanto

599 5174 766 5239 magis
790 5174 1179 5227 irrationabiles
1202 5184 1458 5228 creatum
1490 5184 1630 5227 recte
1656 5176 1902 5227 dicuntur
1926 5175 2143 5229 vanitati

596 5259 887 5325 suhjacere,
934 5261 1068 5312 sicut
1100 5262 1381 5327 Apostolus
1420 5264 1528 5314 ait:
1566 5261 1790 5314 Vanitati
1829 5264 1961 5314 enim
2004 5281 2145 5317 crea—

596 5354 715 5395 tura
756 5345 981 5406 subiecta
1026 5356 1105 5399 est,
1148 5345 1322 5415 (Rom.
1372 5364 1483 5409 vni,
1530 5348 1653 5416 20)?
1692 5348 1956 5416 Quidquid
2004 5352 2155 5403 enim‘

600 5430 852 5483 mutabile
895 5440 994 5493 est,
1018 5443 1070 5485 et
1104 5450 1209 5486 non
1237 5449 1353 5487 esse
1398 5438 1589 5501 poterit
1629 5436 1769 5505 quod
1810 5446 1908 5499 est,
1938 5442 2145 5492 vanitas

599 5520 848 5590 appellari
875 5529 1018 5575 recte
1044 5532 1248 5591 potest:
1277 5540 1397 5578 nam
1439 5524 1576 5578 Deus
1600 5525 1742 5579 solus
1781 5526 2144 5593 immutabilis,

670 5640 693 5666 α
722 5628 794 5681 Ex
826 5640 1007 5686 sancto
1036 5632 1372 5703 Hieronymo,
1395 5643 1445 5686 ut
1474 5635 1722 5703 pleraque
1745 5638 2036 5703 sequentia.

2255 3235 2461 3279 atatem
2484 3227 2610 3290 labi,
2636 3236 2688 3279 et
2710 3227 2923 3281 interire
2949 3228 3071 3281 dum
3096 3229 3314 3283 neseiat.

2322 3312 2484 3385 414
2528 3314 2688 3368 Vens.
2721 3314 2770 3368 6.
2794 3344 2865 3355 —
2912 3314 3063 3368 Vadit
3090 3316 3157 3369 ad
3187 3317 3451 3381 Austrum,
3482 3326 3528 3371 et
3555 3326 3702 3388 gyrat
3729 3318 3800 3373 ad

2254 3402 2575 3471 Aquilonem,
2604 3420 2792 3472 gyrans
2817 3403 3047 3474 gyrando
3076 3405 3210 3456 vadit
3235 3405 3444 3473 spiritus
3467 3422 3556 3475 per
3580 3406 3799 3459 circulos

2254 3506 2391 3541 suos.
2419 3490 2593 3557 Ipsum
2619 3491 2780 3543 solem
2809 3490 3049 3557 spiritum
3085 3492 3392 3556 nominavit,
3417 3494 3536 3561 quia
3577 3492 3794 3555 animct,

2255 3584 2307 3629 et
2334 3577 2573 3645 inspiret,
2600 3585 2652 3630 et
2693 3577 2921 3632 viviticet
2966 3579 3169 3642 omnia,"
3190 3580 3327 3633 sicut
3366 3581 3506 3633 veris
3541 3589 3795 3647 tempore,

2255 3666 2308 3717 in
2353 3681 2458 3732 quo
2498 3665 2811 3735 principium
2855 3667 3034 3719 mundi
3090 3666 3380 3719 aestimatur
3410 3681 3544 3729 esse,
3577 3668 3796 3736 singulis

2254 3753 2407 3804 annis
2452 3752 2689 3805 videmus
2714 3771 2725 3803 :
2750 3752 2959 3818 obliqua
3006 3752 3146 3804 enim
3186 3751 3320 3805 linea
3351 3762 3431 3807 est
3460 3753 3655 3808 zodiaci
3686 3754 3793 3807 cir-

2255 3840 2379 3903 culi,
2412 3847 2465 3891 et
2507 3854 2637 3892 zona
2680 3838 2828 3908 [Ms.,
2860 3839 3041 3894 circuli
3068 3838 3242 3910 zona],
3278 3855 3371 3908 per
3408 3856 3567 3909 quam
3606 3856 3795 3895 cursus

2254 3936 2335 3981 est
2361 3928 2505 3982 solis.
2538 3928 2658 3982 Ideo
2683 3930 2905 3983 brumali
2947 3938 3185 3997 tempore
3211 3930 3276 3983 ad
3300 3930 3569 3993 australis,
3594 3930 3793 3987 devexo

2255 4018 2465 4072 tramite
2502 4019 2669 4086 vergit
2714 4020 2809 4081 sol,
2839 4027 2892 4072 et
2917 4020 3107 4072 iterum
3137 4020 3317 4073 aestivo
3342 4019 3539 4072 circulo
3569 4034 3625 4073 se
3659 4020 3794 4075 tollit

2256 4107 2320 4159 ad
2346 4106 2601 4171 horealia,
2635 4124 2701 4161 ne
2727 4110 2769 4162 si
2797 4124 2903 4162 uno
2925 4110 3080 4163 modo
3109 4116 3369 4172 curreret,
3388 4108 3487 4161 alia
3512 4109 3672 4171 calor,
3690 4110 3790 4163 alia

2255 4196 2419 4264 frigus
2464 4206 2816 4250 consumeret.
2860 4197 3028 4249 Aliter
3060 4211 3183 4250 vero
3214 4216 3224 4249 :
3253 4196 3614 4252 Sol'Christus
3654 4198 3794 4251 Deus

2253 4285 2429 4338 omnia
2447 4285 2676 4339 viviﬁcat
2696 4293 2747 4338 et
2769 4274 3027 4338 illuminat
3050 4286 3298 4353 spiritalis
3320 4286 3501 4355 gratiae
3516 4284 3793 4352 splendore

2254 4383 2305 4429 et
2332 4376 2545 4439 virtute,
2573 4376 2624 4427 in
2654 4374 2801 4441 cujus
2836 4377 3019 4444 pennis
3061 4376 3258 4428 sanitas
3282 4383 3359 4428 est
3386 4392 3397 4425 :
3425 4374 3514 4440 qui
3559 4372 3791 4426 credenti

2254 4466 2307 4516 in
2349 4479 2467 4518 eum
2506 4464 2655 4535 [Ms..
2684 4466 2735 4519 in
2767 4467 2851 4521 eoi
2893 4451 3078 4531 oritur,
3106 4476 3158 4520 et
3209 4464 3400 4519 infideli
3449 4463 3660 4518 cuilibet
3704 4479 3793 4517 oce

2257 4553 2402 4607 cidit.

2262 4664 2271 4671 ·
2324 4643 2485 4695 Vens.
2518 4643 2855 4695 7.—0mnia
2878 4644 3089 4710 ﬂumina
3112 4644 3299 4694 intrant
3324 4643 3373 4694 in
3402 4658 3559 4705 mare,
3580 4652 3625 4693 et
3650 4656 3791 4693 mare

2255 4745 2355 4780 non
2401 4730 2675 4791 redundat,
2703 4731 2769 4780 ad
2808 4731 2973 4782 locum
3004 4730 3135 4783 unde
3163 4725 3345 4783 exeunt
3371 4731 3587 4797 ﬂumina
3628 4743 3795 4781 rever-

2253 4822 2454 4877 tuntur,
2482 4823 2535 4865 ut
2586 4815 2768 4866 iterum
2811 4818 2992 4884 ﬂuant.
3042 4818 3227 4871 Dicunt
3267 4816 3595 4885 philosophi,
3624 4829 3790 4883 aquas

2250 4903 2429 4959 dulces
2466 4917 2582 4969 qua:
2629 4903 2681 4955 in
2726 4920 2869 4957 mare
2908 4903 3150 4967 inﬂuunt,
3182 4905 3262 4958 vel
3304 4904 3521 4958 ardente
3568 4903 3791 4971 desuper

2250 4990 2359 5044 sole
2400 4990 2666 5052 consumi,
2696 4991 2777 5043 vel
2803 4990 3080 5058 salsugiuis
3106 4995 3267 5044 maris
3294 5005 3409 5044 esse
3435 4989 3643 5057 pabula.
3684 4988 3793 5043 Sed

2252 5076 2349 5147 [et]
2373 5078 2719 5133 Ecclesiastes
2743 5087 2935 5137 noster,
2958 5081 3011 5132 id
3038 5090 3119 5135 est
3139 5080 3378 5133 Christus
3407 5065 3637 5147 ipsarum
3662 5093 3787 5133 eon-

2250 5168 2389 5220 ditor
2426 5181 2703 5235 aquarum,
2736 5167 2861 5220 dicit
2902 5168 3048 5238 [Ms.,
3082 5168 3245 5239 ducit]
3287 5184 3377 5223 eas
3420 5185 3510 5239 per
3554 5164 3789 5222 occultas

2252 5263 2404 5307 terra:
2430 5267 2592 5306 venas
2619 5254 2686 5307 ad
2712 5257 2881 5322 capita
2906 5254 3127 5308 fontium
3152 5256 3375 5325 regredi,
3396 5267 3451 5311 et
3477 5256 3541 5309 de
3566 5253 3805 5309 matrice

2250 5340 2441 5408 abysso
2487 5326 2539 5391 in
2588 5354 2681 5394 sua
2722 5356 2928 5409 semper
2954 5341 3139 5395 bullire
3181 5344 3456 5411 principia.
3503 5341 3790 5397 Possumus

2250 5434 2447 5491 tamen,
2483 5428 2580 5482 sub
2620 5428 2892 5482 ﬂuminum
2921 5438 2972 5483 et
3018 5432 3181 5486 maris
3224 5430 3455 5493 nomine,
3480 5445 3573 5499 per
3617 5436 3804 5493 πλευ-ι,

2251 5517 2469 5585 phoram
2507 5520 2746 5573 homines
2774 5517 2917 5587 [.lls.,
2948 5521 3232 5575 humanum
3260 5520 3442 5591 genus]
3479 5519 3783 5586 intelligere,
