4230 6208
511 265 613 318 675

1350 267 1750 317 ιιλιιιιίιω.
1791 291 1861 301 --
1903 220 2249 317 ωιιιιὲδτ.
2294 267 2371 341 IN,
2396 268 2916 341 ECCLESIASTEN.

3572 321 3585 329 .
3617 272 3721 327 675

510 376 598 445 qui
628 375 678 429 in
707 383 921 437 terram,
947 375 1087 430 unde
1118 373 1312 443 sumpti
1338 380 1480 439 sunt,
1508 374 1751 435 redeunt,
1774 380 2051 443 postquam
2084 379 2127 436 Α
2160 375 2308 429 Hanc
2346 380 2729 447 occupationem
2757 381 3029 449 pessimam
3073 384 3209 436 dedit
3240 384 3378 438 Deus
3405 386 3529 453 ﬁliis
3556 387 3722 440 hensi-

510 466 562 520 in
589 465 760 532 primo
782 464 1060 518 audierunt
1077 470 1351 533 peccatore
1379 480 1390 513 :
1422 463 1585 516 Terra
1607 479 1684 524 es,
1708 470 1761 516 et
1783 464 1836 515 in
1863 472 2059 515 terram

509 556 644 621 ibis;
677 571 775 611 nec
800 564 973 611 tamen
1003 564 1142 611 terra
1186 556 1434 625 impletur
1460 556 1796 609 multitudine
1824 564 2060 609 mortuo-

509 659 649 697 rum.

578 731 738 784 Vens.
772 731 823 785 8.
847 760 915 768 —-
935 729 1140 783 Cuncta
1164 746 1243 782 res
1272 729 1496 797 diﬁiciles
1516 770 1531 793 ,
1561 747 1663 783 non
1704 742 1865 800 potest
1908 734 2059 785 homo

506 837 591 873 eas
626 821 880 890 explicare
922 837 1170 873 sermone.
1224 820 1344 873 Non
1393 831 1661 874 saturatur
1704 822 1882 877 oculus
1927 826 2057 887 visu,

506 926 596 962 nec.
630 910 777 963 auris
815 908 1053 977 impletur
1096 909 1296 961 auditu.
1337 908 1647 964 Nullatenus
1697 910 1837 963 valet
1883 926 2060 965 sermo

503 998 768 1067 explicare
796 1012 983 1052 causas
1016 1006 1335 1066 naturasque
1376 1014 1582 1063 rerum;
1615 1015 1712 1053 nec
1748 1001 1932 1054 oculus
1976 1018 2060 1054 sa-

503 1087 692 1149 turari,
715 1094 771 1138 ut
794 1088 867 1139 rei
896 1088 1061 1155 possit
1080 1088 1389 1157 dignitatem
1413 1089 1606 1142 intueri
1636 1088 1782 1159 [Hs.,
1811 1106 1907 1145 nec
1932 1108 2059 1146 ocu-

504 1175 607 1239 lus,
631 1184 690 1229 ut
718 1177 792 1229 rei
830 1177 1001 1245 poscit
1028 1178 1275 1248 dignitas,
1305 1178 1552 1247 intueri);
1582 1194 1677 1232 nec
1707 1181 1875 1243 auris,
1908 1182 2058 1235 iusti-

504 1273 686 1319 tuente
731 1266 966 1329 doctore,
993 1267 1059 1320 ad
1084 1281 1343 1320 summam
1376 1282 1554 1321 rerum
1584 1269 1826 1323 notitiam
1872 1285 2058 1338 perve-

505 1354 636 1408 nire.
679 1353 811 1407 Nam
851 1355 1006 1409 modo
1040 1356 1216 1409 omnia
1258 1356 1314 1408 in
1344 1356 1623 1425 aenigmate
1670 1367 1975 1419 cernuntur,
2004 1368 2057 1413 et

504 1459 567 1497 ex
590 1452 741 1512 parte
764 1445 1144 1515 intelliguntur,
1166 1445 1332 1500 donec
1356 1445 1591 1515 perfecta
1612 1448 1787 1501 veniat
1812 1449 2052 1511 scientia,

503 1550 620 1602 quae
647 1536 698 1589 in
727 1536 826 1589 hoc
853 1536 1063 1603 mortali
1085 1550 1306 1604 corpore
1335 1551 1453 1591 esse
1474 1552 1579 1591 non
1604 1539 1819 1607 poterit.
1855 1539 2055 1594 Tamen

504 1626 615 1679 hare
647 1625 907 1679 sententia
938 1614 1166 1678 maxime
1195 1632 1378 1678 contra
1412 1639 1504 1695 eos
1535 1626 1645 1695 agit
1682 1628 1790 1695 qui,
1830 1627 1943 1680 sine
1979 1629 2055 1681 la-

2162 482 2303 529 nam,
2335 476 2389 517 ut
2418 467 2781 519 distendantur
2802 469 2856 543 in
2881 486 2962 521 ea.
2994 469 3150 523 Dedit
3191 486 3338 537 vero,
3371 474 3525 538 dixit,
3552 490 3617 529 eo
3644 476 3722 529 l0-

2160 556 2385 609 cutiouis
2407 571 2598 623 genere
2622 572 2728 625 quo
2758 557 3042 626 Apostolus
3062 560 3127 614 ad
3154 560 3420 617 Romanos
3449 564 3521 617 ait
3550 582 3561 616 :
3588 564 3718 618 Tra-

2158 646 2288 697 didit
2332 662 2416 698 eos
2457 644 2593 698 Deus
2632 647 2686 697 in
2732 649 3003 715 reprobum
3050 666 3250 702 sensum
3279 650 3455 719 (Rom.
3486 668 3523 716 ι,
3556 653 3629 721 6).
3664 654 3719 707 Id

2158 742 2260 795 est,
2291 736 2532 802 permisit
2578 750 2687 795 eos,
2737 746 2953 803 propter
3001 741 3349 806 praecedentia
3394 750 3633 810 peccata.
3665 743 3717 795 in

2159 824 2441 890 reprobum
2481 825 2677 877 cadere.
2710 839 2942 878 sensum.
2977 826 3257 895 Proposuit
3287 845 3414 898 ergo
3453 830 3718 884 Ecclesia-

2157 922 2280 973 stes,
2311 914 2485 980 primo
2508 913 2667 983 415
2705 903 2943 967 omnium
2987 929 3080 970 cor
3114 932 3264 969 suum
3308 920 3373 971 ad
3405 919 3716 985 sapientiam

2158 1003 2559 1071 requirendam,
2590 1013 2643 1056 et
2683 1004 2822 1057 ultra
2870 1006 3069 1060 licitum
3101 1023 3157 1061 se
3197 1011 3507 1071 extendens,
3553 1010 3719 1064 voluit
3778 1075 3781 1079 γ

2157 1106 2345 1144 causas
2377 1091 2712 1157 rationesque
2752 1106 3087 1159 cognoscere,
3120 1110 3283 1161 quare
3313 1098 3515 1164 parvuli
3550 1098 3719 1150 corri-

2156 1190 2409 1249 perentur
2446 1196 2474 1232 a
2512 1182 2769 1243 diemoue,
2798 1197 2892 1234 cur
2940 1182 3211 1253 naufragia
3258 1186 3373 1253 pios
3423 1186 3715 1254 impiosque

2155 1270 2357 1336 pariter
2380 1270 2727 1322 absorbercnt
2751 1284 2761 1318 ε
2791 1279 2967 1322 utrum
2998 1272 3109 1323 hare
3136 1279 3188 1323 et
3217 1272 3300 1325 his
3329 1273 3520 1325 similia
3553 1288 3713 1327 causa

2158 1354 2307 1425 μὴ..
2336 1355 2484 1425 casu]
2510 1357 2802 1419 evenirent,
2831 1372 2896 1409 an
2921 1356 3121 1422 judicio
3148 1360 3238 1411 Dei
3280 1369 3333 1413 et
3358 1349 3709 1429 providentia.

2158 1443 2213 1497 Si
2259 1460 2363 1497 non
2390 1444 2611 1511 judicio,
2646 1446 2733 1497 uhi
2764 1446 3093 1512 providentia
3123 1447 3216 1501 Dei
3240 1449 3303 1500 αἳ
3351 1449 3493 1513 Haec,
3518 1451 3711 1518 inquit,

2154 1549 2309 1588 nosse
2335 1534 2660 1597 desiderans,
2688 1535 2923 1589 intellexi
2951 1536 3267 1605 superfluam
3291 1553 3496 1602 curam,
3526 1547 3580 1592 et
3608 1539 3713 1593 sol-

2154 1628 2480 1680 licitudinem
2518 1641 2612 1693 per
2640 1627 2845 1679 diversa
2894 1628 3241 1691 cruciantem,
3272 1643 3299 1681 a
3333 1629 3440 1683 Deo
3481 1628 3711 1684 homini—

504 1714 633 1767 bore
655 1720 709 1767 et
728 1713 960 1766 discendi
980 1712 1174 1776 Studio,
1198 1719 1499 1766 sanctarum
1532 1712 1925 1782 Scripturarum
1954 1716 2050 1769 sibi
2085 1699 2128 1756 Β
2158 1719 2256 1771 hus
2282 1719 2453 1771 datam
2474 1757 2486 1779 ,
2519 1724 2578 1769 ut
2622 1718 2759 1771 scire
2788 1720 2999 1785 cupiant
3031 1714 3169 1785 quod
3207 1719 3342 1773 scire
3370 1735 3475 1773 non
3508 1719 3709 1773 licitum

503 1804 743 1858 notitiam
784 1803 1119 1872 promittunt,
1147 1803 1473 1858 sestimantes
1506 1818 1564 1858 se
1610 1806 1900 1876 sapientes,
1934 1822 2052 1860 cum

501 1905 625 1951 sunt
657 1897 982 1966 insipientes.

573 1988 733 2041 Vens.
765 1986 814 2049 9,
853 1985 1030 2039 105—-
1059 1984 1197 2051 Quid
1237 1995 1310 2040 est
1338 1986 1475 2056 quod
1517 1987 1656 2056 fuit?
1699 1990 1887 2056 ipsum,
1916 1990 2053 2056 quod

501 2076 733 2145 futurum
758 2086 851 2130 est.
886 2076 1023 2141 Quid
1052 2085 1124 2129 est
1155 2078 1291 2145 quod
1320 2077 1514 2146 factum
1538 2079 1670 2154 .cst?
1697 2080 1883 2148 ipsum,
1915 2079 2051 2148 quod

500 2165 794 2232 faciendum
818 2174 910 2219 est.
951 2164 1097 2218 Nihil
1121 2164 1212 2218 sub
1246 2164 1351 2218 sole
1380 2182 1583 2230 novum,
1610 2183 1700 2219 nec
1739 2166 1869 2220 valet
1910 2169 2049 2236 quis-

501 2275 657 2327 quam
684 2259 872 2322 dicere,
912 2274 1025 2311 ecce
1069 2259 1165 2311 hac
1200 2274 1370 2311 recens
1403 2267 1494 2311 est.
1527 2258 1603 2314 De
1635 2260 1840 2313 naturis
1867 2260 1918 2312 in
1943 2260 2051 2327 pri-

503 2343 709 2399 mordio
725 2344 906 2397 mundi
922 2344 1116 2398 creatis
1136 2344 1343 2398 videtur
1361 2344 1551 2408 dicere,
1566 2354 1621 2399 et
1640 2347 1705 2399 de
1719 2345 2051 2400 successione

500 2447 705 2498 earum,
750 2433 1015 2502 quomodo
1058 2434 1293 2498 veniunt,
1339 2441 1392 2488 et
1438 2434 1702 2502 quomodo
1749 2442 2047 2489 transeunt.

498 2520 657 2575 Verbi
703 2522 908 2591 gratia:
936 2520 1057 2574 dum
1100 2520 1259 2575 homo
1302 2521 1561 2584 moritur,
1593 2521 1750 2574 homo
1791 2524 2043 2576 nascitur.

494 2607 694 2664 Eadem
722 2616 912 2663 natura
950 2607 1048 2663 fuit
1070 2610 1365 2674 morientis,
1397 2624 1515 2677 quae
1542 2606 1599 2662 et
1626 2610 1894 2663 nascentis
1919 2610 2043 2663 erit.

496 2696 754 2752 Similiter
776 2699 841 2752 de
863 2699 1065 2761 avibus,
1090 2698 1341 2767 piscibus,
1366 2700 1699 2768 serpentibus
1726 2707 1779 2753 et
1802 2701 2048 2755 omnibus

496 2788 874 2851 animantibus,
906 2774 1296 2858 intelligendum
1322 2797 1419 2851 est,
1453 2804 1551 2844 nec
1576 2806 1681 2844 non
1711 2791 1763 2844 in
1788 2793 1969 2846 herbis
1992 2802 2047 2846 et

498 2877 778 2932 arboribus
822 2878 1133 2947 exterisque
1183 2894 1360 2933 rerum
1404 2879 1625 2942 naturis,
1670 2880 1801 2933 nihil
1851 2896 2045 2935 novum

499 2966 767 3022 invenitur
784 2969 923 3036 quod
949 2976 1069 3022 ante
1092 2984 1196 3022 non
1220 2976 1359 3023 esset
1382 2983 1396 3021 :
1418 2969 1545 3022 nihil
1572 2956 2044 3041 periturum,un

2152 1815 2250 1859 est.
2300 1806 2363 1858 Et
2406 1808 2506 1860 hoc
2550 1814 2767 1875 propter
2813 1808 3207 1870 curiositatem,
3238 1808 3291 1859 in
3330 1823 3490 1876 quam
3519 1823 3576 1862 se
3614 1824 3709 1863 sua

2152 1904 2336 1963 sponte
2358 1896 2672 1963 injecerunt,
2698 1895 2941 1961 permisit
2961 1910 3052 1947 eos
3076 1896 3213 1948 Deus
3235 1895 3310 1965 [in
3340 1896 3440 1967 eis]
3469 1897 3711 1953 laborare

2152 1984 2428 2037 eventibus
2452 1983 2575 2035 vita:
2600 1980 2774 2047 hujus,
2807 1981 2859 2034 in
2890 1982 3080 2049 quibus
3108 1983 3302 2036 nullam
3336 1984 3602 2039 rationem
3629 1986 3709 2039 in-

2149 2074 2331 2127 venire
2356 2073 2681 2126 valuerunt.‘
3670 2100 3695 2113 ι

2221 2164 2381 2216 νεηε.
2415 2162 2582 2215 H.—
2618 2161 2731 2214 Vidi
2756 2178 2871 2232 quia
2895 2163 3025 2229 fiunt
3052 2172 3235 2215 cuncta
3262 2164 3355 2216 sub
3380 2164 3503 2229 sole,
3525 2172 3572 2218 et
3594 2181 3708 2219 ecce

2150 2255 2385 2307 universa
2430 2254 2625 2306 vanitas
2648 2293 2662 2315 ,
2692 2262 2739 2305 et
2772 2255 2977 2323 aﬂlictio
3023 2256 3253 2323 spiritus.
3296 2256 3463 2309 Aliter
3491 2255 3579 2327 [In
3605 2275 3703 2311 ms.

2149 2342 2303 2395 aliter
2341 2341 2530 2413 omitt.]
2562 2352 2641 2396 est
2678 2359 2899 2397 sensus:
2924 2344 3265 2399 Consideravi
3314 2348 3556 2400 universa
3590 2363 3708 2416 qua:

2149 2432 2200 2484 in
2229 2432 2423 2485 mundo
2450 2440 2592 2495 sunt,
2619 2440 2672 2485 et
2700 2433 2832 2486 nihil
2858 2432 2998 2485 aliud
3023 2435 3344 2502 deprehendi
3368 2451 3525 2503 quam
3553 2438 3704 2490 vani-

2148 2527 2311 2573 tatem
2355 2528 2409 2573 et
2459 2520 2729 2579 malitiam.
2760 2522 2918 2576 idest
2964 2524 3205 2577 miserias
3249 2525 3487 2594 spiritus,
3514 2527 3706 2595 quibus

2148 2609 2357 2662 animus
2405 2610 2629 2663 diversis
2679 2610 2932 2681 fatigatur
2985 2613 3409 2680 cogitationibus.
3471 2614 3705 2670 Laborat

2149 2697 2299 2768 [Ms.,
2328 2697 2496 2769 labor]
2524 2700 2733 2767 sapiens
2773 2715 3093 2770 cognoscere
3135 2702 3276 2769 quod
3318 2702 3563 2757 humana:
3595 2718 3703 2757 non

2147 2794 2230 2839 est
2256 2788 2437 2840 datum
2466 2790 2737 2856 sapienti-.e
2762 2791 2917 2844 scire.
3531 2782 3535 2787 ’

2214 2875 2377 2929 Vens.
2408 2876 2494 2929 15.
2514 2906 2585 2915 —-
2606 2876 2843 2930 Perversi
2885 2879 3087 2947 diﬁicile
3116 2891 3464 2950 corriguntur,
3494 2890 3542 2935 et
3566 2880 3700 2936 κιαι.

2146 2974 2315 3017 torum
2346 2965 2579 3032 inﬁnitus
2620 2975 2692 3018 est
2721 2982 2981 3019 numerus.
3013 2966 3329 3021 Sanctorum
3356 2970 3704 3024 numerabilis

497 3064 678 3123 postea
704 3071 807 3110 non
833 3055 925 3110 ﬁat
954 3055 1103 3127 [Ms.,
1130 3056 1261 3128 [iet].
1291 3057 1411 3113 Ideo
1438 3057 1566 3112 dicit
1607 3058 1914 3128 Scriptura:
1941 3061 2044 3115 Re-
2066 3046 2114 3106 Ο
2142 3062 2226 3108 est
2269 3046 2567 3119 multitudo,
2610 3056 2893 3119 stultorum,
2938 3071 3063 3108 vero
3100 3058 3447 3126 congregatio
3483 3074 3589 3114 non
3618 3068 3703 3114 est

494 3145 695 3214 quievit
726 3146 865 3200 Deus
895 3147 979 3200 die
1006 3146 1231 3217 septimo
1257 3148 1325 3201 ab
1348 3149 1596 3202 omnibus
1618 3150 1869 3217 Oper-ibus
1908 3151 2039 3215 suis,

495 3233 549 3289 id
574 3243 674 3300 est,
697 3251 726 3290 a
756 3250 1008 3291 novarum
1037 3237 1306 3291 creatione
1331 3246 1639 3292 naturarum
1665 3241 1910 3305 cessavit,
1936 3257 2041 3296 non

494 3338 525 3377 a
553 3326 946 3396 gubernatione,
980 3326 1045 3381 de
1072 3341 1175 3396 qua
1201 3327 1548 3397 ipsa/Veritas
1576 3330 1687 3382 ait:
1714 3328 1873 3383 Pater
1900 3348 2041 3386 meus

495 3386 652 3484 usque
669 3416 821 3469 modo
846 3386 1105 3487 operatur:
1127 3427 1174 3471 et
1199 3386 1516 3488 ego/operor.
1556 3419 1704 3475 Unde
1723 3436 1787 3474 ex
1815 3423 2041 3492 primor-

391 3516 398 3522 ·
494 3502 718 3557 dialibus
742 3512 1103 3559 creaturarum
1120 3507 1417 3595 seminibus
1439 3508 1602 3562 totius
1624 3510 1804 3563 sreculi
1834 3517 2042 3579 tempus

494 3594 721 3647 naturali
746 3610 903 3649 cursu
926 3596 1213 3666 peragitur.

558 3684 722 3737 Vitas.
756 3684 839 3738 ll.
869 3715 938 3726 —-
967 3684 1089 3738 Iam
1119 3686 1253 3738 enim
1280 3686 1537 3756 prmcessit
1578 3688 1633 3738 in
1675 3688 1897 3752 saeculis,
1925 3706 2041 3759 qua:

489 3773 697 3842 fuerunt
722 3783 841 3828 ante
868 3790 981 3829 nos.
1013 3775 1238 3840 Nonyest
1274 3777 1505 3845 priorum
1530 3778 1800 3843 memoria,
1825 3778 1916 3831 sed
1948 3796 2040 3832 nec

488 3879 665 3917 eorum
695 3864 899 3933 quidem
939 3880 1053 3933 quia
1093 3873 1205 3934 post
1249 3864 1429 3932 futura
1448 3874 1595 3929 sunt,
1630 3867 1726 3918 erit
1753 3867 2039 3921 recordatio

491 3952 631 4027 apud
653 3969 738 4006 eos
761 3952 850 4021 qui
877 3952 1041 4021 futuri
1068 3960 1188 4004 sunt
1206 3952 1261 4004 in
1282 3940 1571 4004 noninimo.
1604 3952 1753 4007 Sicut
1772 3954 2039 4022 praeterita

490 4057 610 4114 qua
639 4043 766 4097 olim
809 4041 1048 4102 fuerunt,
1081 4042 1220 4110 apud
1255 4055 1353 4095 nos
1397 4041 1674 4097 abscondit
1719 4042 1932 4105 oblivio,
1960 4042 2040 4097 sic

489 4146 553 4186 ea
597 4147 715 4202 qua:
746 4146 889 4185 nunc
918 4129 1206 4185 nobiscum
1251 4129 1652 4199 praesentialiter
1682 4131 1834 4196 liunt,
1863 4131 1918 4185 bi
1946 4130 2037 4200 qui

488 4223 634 4277 nasci
658 4223 875 4287 habent,
899 4221 1036 4277 scire
1056 4236 1159 4275 non
1182 4228 1444 4291 poterunt.
1463 4220 1594 4287 Quia
1616 4230 1803 4276 cuncta
1826 4223 2037 4277 silentio

487 4312 753 4382 peribunt,
777 4318 831 4363 et
855 4310 1002 4379 quasi
1020 4326 1127 4365 non
1149 4309 1361 4374 fuerint,
1383 4311 1791 4376 abscondantur,
1818 4319 2033 4367 etcom-

2144 3159 2367 3201 numero
2394 3145 2571 3214 digna.
2601 3144 2735 3213 Tale
2763 3144 2890 3212 quid
2915 3153 2968 3197 et
2998 3144 3274 3199 Psalmista
3314 3147 3427 3199 ait:
3451 3146 3701 3202 Dinume-

2144 3234 2268 3287 rabo
2296 3250 2401 3300 eos,
2428 3234 2481 3289 id
2510 3242 2592 3289 est
2634 3244 2844 3289 sanctos
2862 3276 2876 3299 ,
2907 3253 3059 3305 super
3099 3252 3310 3290 arenam
3339 3238 3500 3291 maris
3525 3236 3696 3309 (Psal.

2140 3340 2400 3388 cuxviu,
2428 3324 2537 3396 18),
2563 3324 2617 3378 id
2645 3332 2728 3377 est
2763 3324 2951 3378 stultos
2976 3326 3068 3394 qui
3093 3340 3271 3381 arenae
3298 3333 3693 3395 comparantur.

2144 3411 2293 3467 Sicut
2309 3413 2374 3465 ad
2395 3412 2662 3466 Abraham
2684 3412 2939 3465 Dominus
2958 3413 3090 3466 dixit
3113 3428 3128 3465 :
3151 3413 3217 3466 Et
3236 3414 3334 3466 erit
3356 3429 3528 3467 semen
3548 3423 3695 3466 tuum

2139 3500 2270 3551 sicut
2296 3497 2456 3552 stella
2482 3498 2612 3561 caeli,
2640 3507 2687 3551 et
2711 3499 2842 3551 sicut
2868 3515 3026 3553 arena
3048 3500 3207 3552 maris
3236 3497 3388 3570 (Gen.
3415 3515 3548 3563 nu,
3581 3498 3690 3569 17).

2139 3586 2196 3641 ln
2237 3587 2406 3641 stellis
2431 3587 2662 3663 intellige
2692 3597 2926 3651 sanctos,
2957 3588 3021 3642 de
3048 3588 3240 3657 quibus
3266 3587 3547 3644 Psalmista
3575 3586 3652 3644 ait
3676 3608 3689 3642 :

2141 3679 2244 3743 Qui
2282 3687 2517 3731 numerat
2556 3678 2939 3732 multitudinem
2968 3679 3253 3744 stellarum,
3284 3690 3332 3732 et
3355 3681 3591 3735 omnibus
3617 3683 3692 3736 eis

2138 3768 2347 3821 nomina
2394 3776 2539 3821 vocat
2584 3766 2806 3838 (Psalm.
2852 3784 3031 3832 cnvi,
3080 3767 3155 3839 4).
3202 3769 3256 3823 ln
3293 3784 3477 3836 arena,
3514 3785 3696 3840 pecca—

2138 3868 2310 3924 tores,
2359 3859 2425 3914 de
2468 3860 2661 3927 quibus
2704 3858 3255 3914 diciturzPerdentur
3297 3868 3588 3929 peccatores
3628 3861 3693 3914 de

2136 3959 2295 4002 terra.

2205 4037 2368 4091 Vns.
2403 4036 2489 4091 16.
2514 4036 2667 4090 -Ιη
2709 4037 2862 4090 corde
2904 4052 3017 4089 meo
3053 4036 3254 4090 loeutus
3297 4052 3431 4101 sum,
3467 4036 3643 4090 dicens
3669 4051 3690 4091 :

2134 4142 2248 4181 ecce
2271 4142 2488 4195 magnus
2516 4126 2726 4194 en'ectus
2754 4141 2889 4189 sum,
2912 4134 2957 4178 et
2980 4125 3215 4195 ρωαηὶ
3238 4125 3493 4193 sapientia
3516 4138 3690 4177 omnes

2132 4216 2221 4284 qui
2249 4215 2456 4284 [uerunt
2485 4223 2603 4267 ante
2627 4230 2707 4268 me
2729 4215 2784 4266 in
2816 4213 3163 4277 Hierusalem,
3186 4220 3232 4265 et
3260 4229 3400 4265 mens
3428 4228 3543 4267 mea
3566 4228 3689 4267 con-

2134 4304 2379 4374 temiilata
2404 4312 2477 4357 est
2503 4302 2665 4355 multa
2686 4304 2963 4371 sapienter,
2988 4312 3036 4356 et
3061 4303 3262 4355 didicit.
3280 4300 3530 4371 Legimus
3552 4309 3608 4357 et
3631 4301 3687 4357 in

487 4377 718 4469 plebitur
748 4400 832 4453 illa
854 4377 1112 4455 sententia
1134 4412 1148 4451 :
1183 4396 1393 4452 Vanitas
1418 4402 1725 4464 sanitatum,
1749 4402 1921 4453 omnia
1946 4418 2033 4454 va-
2060 4377 2108 4435 D
2133 4396 2335 4463 Regum
2358 4394 2522 4456 libris,
2555 4392 2732 4445 mlllke
2760 4392 3031 4460 sapientia!
3063 4390 3222 4445 fuisse
3248 4390 3607 4455 Salomone“),
3632 4396 3687 4443 et

490 4491 642 4543 nitas.
674 4488 919 4561 [Vanitas
974 4487 1278 4561 sanitatum]
1307 4490 1427 4558 quia
1456 4490 1635 4543 omnia
1666 4498 1957 4554 transeunt,
1980 4499 2037 4567 et
2132 4484 2234 4537 hoc
2261 4498 2291 4535 ει
2316 4482 2425 4535 Deo
2449 4480 2677 4550 SPeCi-‘rlle
2698 4481 2891 4535 donum
2913 4495 3023 4548 Ρτπ
3048 4479 3256 4533 exteris
3284 4478 3463 4534 επουιί
3485 4479 3687 4534 dimi“

489 4591 637 4633 more
678 4578 890 4633 ﬂuentis
938 4595 1088 4650 aqua
1132 4579 1349 4641 vadunt,
1381 4586 1433 4632 et
1480 4594 1581 4633 non
1624 4580 1888 4633 redibunt.
1934 4579 2031 4635 cui
2128 4572 2214 4625 vel
2252 4571 2545 4625 honoribus
2572 4570 2869 4639 postulasse
2899 4567 3021 4639 (III
3044 4568 3171 4638 Reg.
3202 4568 3303 4639 ιιι).
3350 4567 3524 4622 Mundi
3555 4581 3686 4639 ergo
3756 4604 3762 4616 ς,

489 4668 760 4723 sententia:
787 4675 929 4723 totus
950 4671 1177 4725 mundus
1203 4671 1351 4726 testis
1380 4677 1479 4733 est,
1507 4679 1562 4726 et
1597 4672 1827 4725 maxime
1848 4672 2033 4726 huma-

489 4771 614 4810 num
639 4771 822 4827 genus.

561 4845 721 4899 Vens.
751 4846 833 4899 12.
860 4830 928 4886 J—
965 4846 1077 4915 Ego
1106 4846 1452 4903 Ecclesiastes
1497 4850 1576 4919 fui
1618 4866 1707 4904 rea:
1751 4849 1947 4915 Israel,
1974 4851 2028 4903 in

488 4908 834 4986 ,Hientsalem.
864 4908 1143 5003 Bucusque
1168 4935 1406 5003 praelatio
1434 4908 1750 5006 generaliter
1787 4940 1852 4993 dc
1873 4908 2029 5006 hujus

490 5020 664 5073 saeculi
706 5022 1025 5077 vanitatibus
1048 5026 1298 5093 disputat.
1338 5025 1469 5080 Hinc
1492 5027 1558 5080 ad
1582 5029 1919 5097 semetipsum
1946 5044 2027 5082 re-

488 5110 583 5172 dit,
604 5117 656 5161 et
675 5110 797 5177 quis
817 5121 975 5175 esset,
996 5116 1257 5178 ostendit;
1285 5116 1363 5169 vel
1386 5117 1648 5184 quomodo
1668 5120 2030 5186 experimento

489 5196 660 5250 omnia
687 5194 1063 5265 cognoveritet
1080 5201 1338 5256 docuerit.
1360 5204 1480 5258 ideo
1503 5214 1885 5273 consequenter
1907 5209 2029 5262 sub.

483 5281 656 5350 iunxit
683 5305 697 5338 :

560 5371 719 5425 Vsus.
755 5374 840 5429 15.
865 5404 937 5419 --
956 5374 1021 5428 Et
1046 5378 1286 5444 proposui
1314 5381 1367 5431 in
1393 5383 1559 5433 animo
1586 5399 1695 5435 meo
1719 5400 1946 5450 qurerere
1980 5394 2027 5437 et

390 5477 395 5482 ·
490 5458 787 5530 investigare
812 5464 1067 5531 sqicnter
1093 5464 1156 5517 de
1199 5466 1429 5520 omnibus
1471 5484 1584 5533 qua:
1609 5471 1738 5535 ﬁunt
1782 5470 1873 5521 sub
1901 5471 2024 5524 sole.

2131 4660 2308 4715 cordis
2350 4658 2535 4715 oculus
2576 4657 2797 4711 multam
2827 4656 3140 4725 sapientiam
3166 4664 3220 4709 et
3250 4657 3525 4711 scientiam
3550 4672 3679 4711 con-

2132 4758 2329 4807 tuetur.
2352 4750 2473 4804 ldeo
2499 4764 2601 4802 non
2624 4748 2718 4812 ait,
2737 4747 2953 4801 multam
2986 4745 3298 4814 sapientiam
3331 4754 3386 4800 et
3406 4746 3681 4802 scientiam

2126 4858 2243 4896 sum
2287 4842 2515 4905 locutus,
2544 4840 2637 4894 sed
2665 4837 2905 4910 [multam
2951 4838 3263 4906 sapientiam
3289 4846 3343 4891 et
3362 4836 3677 4911 scientiam]

2128 4930 2259 4984 vidit
2285 4945 2380 4983 cor
2406 4944 2581 4982 meum
2607 4943 2621 4981 :
2646 4944 2751 4981 non
2794 4928 2933 4981 enim
2977 4942 3258 4995 possumus
3296 4926 3470 4995 eloqui
3499 4928 3677 4981 omnia

2127 5036 2244 5089 qua:
2290 5017 2765 5072 sentimuszlatior
2804 5023 2885 5071 est
2922 5016 3063 5068 enim
3113 5014 3289 5068 cordis
3331 5014 3676 5086 intelligentia

2128 5126 2283 5181 quam
2311 5108 2421 5162 oris
2456 5107 2835 5176 interpretatio.

2198 5202 2360 5254 Vens.
2393 5199 2475 5253 i7.
2495 5228 2564 5237 —
2587 5198 2717 5251 Dedi
2738 5213 2936 5266 quoque
2957 5200 3043 5249 c‘or
3064 5211 3250 5259 meum,
3273 5202 3327 5246 ut
3353 5195 3535 5247 scirem
3554 5210 3679 5263 prst-

2131 5289 2378 5349 dentiam,
2405 5297 2555 5356 atque
2579 5286 2888 5349 doctrinam,
2914 5300 3209 5353 erroresque
3235 5292 3281 5335 et
3308 5283 3601 5347 stultitiam,
3627 5294 3677 5339 et

2132 5376 2311 5445 agnovi
2338 5375 2475 5443 quod
2502 5375 2554 5427 in
2580 5374 2659 5425 liis
2686 5390 2883 5442 quoque
2904 5382 3029 5426 esset
3051 5371 3197 5424 labor
3223 5381 3269 5425 et
3292 5373 3494 5442 aﬂlict'o
3519 5371 3675 5441 spiri-

2132 5477 2232 5519 tus.
2262 5464 2539 5519 Contraria
2587 5464 2870 5518 contrariis
2913 5465 3293 5533 intelliguntur,
3337 5473 3391 5519 et
3420 5464 3675 5536 sapientia

558 5577 588 5610 ⁸
610 5566 749 5641 Lege
774 5585 841 5635 ex
870 5572 1052 5627 salicto
1080 5572 1397 5641 Hieronymo
1423 5573 1474 5627 in
1503 5577 1643 5632 hunc
1672 5580 1843 5634 locum
1872 5597 1881 5631 :
1906 5596 1923 5631 ‹
1954 5580 2017 5633 Et
2045 5580 2088 5635 si
2112 5595 2255 5645 casu,
2286 5577 2370 5633 ubi
2396 5576 2762 5647 providentia?
2792 5577 2846 5635 Si
2868 5576 3088 5650 iudicio,
3112 5579 3197 5633 ubi
3222 5575 3458 5649 iustitia?
3476 5596 3493 5628 ι
