  <div class='ocr_page' id='page_1' title='image "/cluster/home/n/w/nwhite01/storage/ocr_20150623/100/uva.x000827058/345.png"; bbox 0 0 4230 6210; ppageno 0'>
   <div class='ocr_carea' id='block_1_1' title="bbox 510 351 644 408">
    <p class='ocr_par' dir='ltr' id='par_1_1' title="bbox 510 351 644 408">
     <span class='ocr_line' id='line_1_1' title="bbox 510 351 644 408; baseline -0.03 0"><span class='ocrx_word' id='word_1_1' title='bbox 510 366 513 369; x_wconf 73' lang='grc'>’</span> <span class='ocrx_word' id='word_1_2' title='bbox 540 351 644 408; x_wconf 77' lang='grc'><strong>675</strong></span> 
     </span>
    </p>
   </div>
   <div class='ocr_carea' id='block_1_2' title="bbox 1375 304 2911 397">
    <p class='ocr_par' dir='ltr' id='par_1_2' title="bbox 1375 304 2911 397">
     <span class='ocr_line' id='line_1_2' title="bbox 1375 304 2911 397; baseline -0.007 0"><span class='ocrx_word' id='word_1_3' title='bbox 1375 342 1438 397; x_wconf 83' lang='lat' dir='ltr'><strong>n.</strong></span> <span class='ocrx_word' id='word_1_4' title='bbox 1478 340 1539 396; x_wconf 64' lang='grc' dir='ltr'><strong>ιτ.</strong></span> <span class='ocrx_word' id='word_1_5' title='bbox 1580 337 1803 394; x_wconf 72' lang='lat' dir='ltr'><strong>ALBtNl</strong></span> <span class='ocrx_word' id='word_1_6' title='bbox 1843 337 1974 394; x_wconf 63' lang='lat' dir='ltr'><strong>seu</strong></span> <span class='ocrx_word' id='word_1_7' title='bbox 2016 327 2286 393; x_wconf 48' lang='lat' dir='ltr'><strong>deum</strong></span> <span class='ocrx_word' id='word_1_8' title='bbox 2322 328 2607 392; x_wconf 73' lang='lat' dir='ltr'><strong>orntum</strong></span> <span class='ocrx_word' id='word_1_9' title='bbox 2638 326 2817 390; x_wconf 64' lang='lat' dir='ltr'><strong>rans</strong></span> <span class='ocrx_word' id='word_1_10' title='bbox 2850 304 2911 387; x_wconf 69' lang='lat'>11;</span> 
     </span>
    </p>
   </div>
   <div class='ocr_carea' id='block_1_3' title="bbox 3647 325 3754 387">
    <p class='ocr_par' dir='ltr' id='par_1_3' title="bbox 3647 325 3754 387">
     <span class='ocr_line' id='line_1_3' title="bbox 3647 325 3754 387; baseline 0 0"><span class='ocrx_word' id='word_1_11' title='bbox 3647 325 3754 387; x_wconf 71' lang='lat' dir='ltr'><strong>67B</strong></span> 
     </span>
    </p>
   </div>
   <div class='ocr_carea' id='block_1_4' title="bbox 538 408 3757 534">
    <p class='ocr_par' dir='ltr' id='par_1_4' title="bbox 538 408 3757 534">
     <span class='ocr_line' id='line_1_4' title="bbox 538 408 3757 534; baseline -0.006 -17"><span class='ocrx_word' id='word_1_12' title='bbox 538 462 715 534; x_wconf 85' lang='lat' dir='ltr'><strong>prima</strong></span> <span class='ocrx_word' id='word_1_13' title='bbox 753 408 837 515; x_wconf 71' lang='lat' dir='ltr'><strong>est</strong></span> <span class='ocrx_word' id='word_1_14' title='bbox 879 458 1104 514; x_wconf 82' lang='lat' dir='ltr'><strong>stultitia</strong></span> <span class='ocrx_word' id='word_1_15' title='bbox 1140 454 1395 512; x_wconf 62' lang='lat' dir='ltr'><strong>diruisse.</strong></span> <span class='ocrx_word' id='word_1_16' title='bbox 1442 451 1681 507; x_wconf 83' lang='lat' dir='ltr'><strong>Stultitia</strong></span> <span class='ocrx_word' id='word_1_17' title='bbox 1709 458 1885 504; x_wconf 89' lang='lat' dir='ltr'><strong>autem</strong></span> <span class='ocrx_word' id='word_1_18' title='bbox 1914 461 2101 503; x_wconf 87' lang='lat' dir='ltr'><strong>carere</strong></span> <span class='ocrx_word' id='word_1_19' title='bbox 2129 454 2172 509; x_wconf 80' lang='grc' dir='ltr'>Α</span> <span class='ocrx_word' id='word_1_20' title='bbox 2200 448 2538 512; x_wconf 70' lang='lat' dir='ltr'><strong>minantium;</strong></span> <span class='ocrx_word' id='word_1_21' title='bbox 2565 445 2767 518; x_wconf 74' lang='lat' dir='ltr'><strong>possedi</strong></span> <span class='ocrx_word' id='word_1_22' title='bbox 2795 456 2967 499; x_wconf 80' lang='lat' dir='ltr'><strong>servas</strong></span> <span class='ocrx_word' id='word_1_23' title='bbox 2996 449 3042 495; x_wconf 88' lang='lat' dir='ltr'><strong>et</strong></span> <span class='ocrx_word' id='word_1_24' title='bbox 3066 441 3304 509; x_wconf 81' lang='lat' dir='ltr'><strong>ancillas,</strong></span> <span class='ocrx_word' id='word_1_25' title='bbox 3327 437 3639 514; x_wconf 68' lang='lat' dir='ltr'><strong>multat-tque</strong></span> <span class='ocrx_word' id='word_1_26' title='bbox 3675 443 3757 512; x_wconf 76' lang='lat' dir='ltr'><strong>(a-</strong></span> 
     </span>
    </p>
   </div>
   <div class='ocr_carea' id='block_1_5' title="bbox 544 536 2098 621">
    <p class='ocr_par' dir='ltr' id='par_1_5' title="bbox 544 536 2098 621">
     <span class='ocr_line' id='line_1_5' title="bbox 544 536 2098 621; baseline -0.012 -13"><span class='ocrx_word' id='word_1_27' title='bbox 544 566 653 607; x_wconf 80' lang='lat' dir='ltr'><strong>non</strong></span> <span class='ocrx_word' id='word_1_28' title='bbox 677 556 855 621; x_wconf 81' lang='lat' dir='ltr'><strong>potest</strong></span> <span class='ocrx_word' id='word_1_29' title='bbox 871 589 887 615; x_wconf 94' lang='lat'><strong>,</strong></span> <span class='ocrx_word' id='word_1_30' title='bbox 913 549 1017 603; x_wconf 88' lang='lat' dir='ltr'><strong>nisi</strong></span> <span class='ocrx_word' id='word_1_31' title='bbox 1044 547 1137 617; x_wconf 96' lang='lat' dir='ltr'><strong>qui</strong></span> <span class='ocrx_word' id='word_1_32' title='bbox 1179 542 1495 600; x_wconf 79' lang='lat' dir='ltr'><strong>intellexerit</strong></span> <span class='ocrx_word' id='word_1_33' title='bbox 1522 556 1661 597; x_wconf 88' lang='lat' dir='ltr'><strong>eam.</strong></span> <span class='ocrx_word' id='word_1_34' title='bbox 1699 540 1848 595; x_wconf 85' lang='lat' dir='ltr'><strong>Unde</strong></span> <span class='ocrx_word' id='word_1_35' title='bbox 1870 536 1925 593; x_wconf 79' lang='lat' dir='ltr'><strong>et</strong></span> <span class='ocrx_word' id='word_1_36' title='bbox 1947 538 2098 607; x_wconf 91' lang='lat' dir='ltr'><strong>plura</strong></span> 
     </span>
    </p>
   </div>
   <div class='ocr_carea' id='block_1_6' title="bbox 545 623 2103 697">
    <p class='ocr_par' dir='ltr' id='par_1_6' title="bbox 545 623 2103 697">
     <span class='ocr_line' id='line_1_6' title="bbox 545 623 2103 697; baseline -0.012 -2"><span class='ocrx_word' id='word_1_37' title='bbox 545 647 670 697; x_wconf 87' lang='lat' dir='ltr'><strong>sunt</strong></span> <span class='ocrx_word' id='word_1_38' title='bbox 692 640 751 693; x_wconf 89' lang='lat' dir='ltr'><strong>in</strong></span> <span class='ocrx_word' id='word_1_39' title='bbox 790 638 951 693; x_wconf 85' lang='lat' dir='ltr'><strong>rebus</strong></span> <span class='ocrx_word' id='word_1_40' title='bbox 978 634 1138 690; x_wconf 79' lang='lat' dir='ltr'><strong>noxia</strong></span> <span class='ocrx_word' id='word_1_41' title='bbox 1179 639 1380 693; x_wconf 89' lang='lat' dir='ltr'><strong>creata,</strong></span> <span class='ocrx_word' id='word_1_42' title='bbox 1408 637 1486 693; x_wconf 91' lang='lat' dir='ltr'><strong>ut,</strong></span> <span class='ocrx_word' id='word_1_43' title='bbox 1513 629 1639 683; x_wconf 76' lang='lat' dir='ltr'><strong>dum</strong></span> <span class='ocrx_word' id='word_1_44' title='bbox 1666 627 1899 680; x_wconf 82' lang='lat' dir='ltr'><strong>vitamus</strong></span> <span class='ocrx_word' id='word_1_45' title='bbox 1922 639 2008 687; x_wconf 91' lang='lat' dir='ltr'><strong>ea,</strong></span> <span class='ocrx_word' id='word_1_46' title='bbox 2035 623 2103 677; x_wconf 86' lang='lat' dir='ltr'><strong>ad</strong></span> 
     </span>
    </p>
   </div>
   <div class='ocr_carea' id='block_1_7' title="bbox 542 698 2154 798">
    <p class='ocr_par' dir='ltr' id='par_1_7' title="bbox 542 698 2154 798">
     <span class='ocr_line' id='line_1_7' title="bbox 542 698 2154 798; baseline -0.013 -15"><span class='ocrx_word' id='word_1_47' title='bbox 542 727 857 798; x_wconf 75' lang='lat' dir='ltr'><strong>sapientiam</strong></span> <span class='ocrx_word' id='word_1_48' title='bbox 885 724 1212 778; x_wconf 90' lang='lat' dir='ltr'><strong>erudiamur.</strong></span> <span class='ocrx_word' id='word_1_49' title='bbox 1259 716 1503 786; x_wconf 66' lang='lat' dir='ltr'><strong>Equalis</strong></span> <span class='ocrx_word' id='word_1_50' title='bbox 1524 728 1653 783; x_wconf 89' lang='lat' dir='ltr'><strong>ergo</strong></span> <span class='ocrx_word' id='word_1_51' title='bbox 1695 711 1979 768; x_wconf 80' lang='lat' dir='ltr'><strong>studiifuit</strong></span> <span class='ocrx_word' id='word_1_52' title='bbox 2005 700 2103 764; x_wconf 41' lang='lat' dir='ltr'><strong>Sa;</strong></span> <span class='ocrx_word' id='word_1_53' title='bbox 2152 698 2154 700; x_wconf 52' lang='grc'>’</span> 
     </span>
    </p>
   </div>
   <div class='ocr_carea' id='block_1_8' title="bbox 505 802 2106 885">
    <p class='ocr_par' dir='ltr' id='par_1_8' title="bbox 505 802 2106 885">
     <span class='ocr_line' id='line_1_8' title="bbox 505 802 2106 885; baseline -0.011 -15"><span class='ocrx_word' id='word_1_54' title='bbox 505 817 739 885; x_wconf 27' lang='grc' dir='ltr'><strong>ξιοωουί</strong></span> <span class='ocrx_word' id='word_1_55' title='bbox 780 816 921 869; x_wconf 87' lang='lat' dir='ltr'><strong>scire</strong></span> <span class='ocrx_word' id='word_1_56' title='bbox 965 812 1299 879; x_wconf 80' lang='lat' dir='ltr'><strong>sapientiam,</strong></span> <span class='ocrx_word' id='word_1_57' title='bbox 1348 820 1588 883; x_wconf 79' lang='lat' dir='ltr'><strong>errorem</strong></span> <span class='ocrx_word' id='word_1_58' title='bbox 1614 813 1669 858; x_wconf 90' lang='lat' dir='ltr'><strong>et</strong></span> <span class='ocrx_word' id='word_1_59' title='bbox 1700 802 2004 866; x_wconf 83' lang='lat' dir='ltr'><strong>stultitiam,</strong></span> <span class='ocrx_word' id='word_1_60' title='bbox 2045 808 2106 853; x_wconf 92' lang='lat' dir='ltr'><strong>ut</strong></span> 
     </span>
    </p>
   </div>
   <div class='ocr_carea' id='block_1_9' title="bbox 504 892 2101 972">
    <p class='ocr_par' dir='ltr' id='par_1_9' title="bbox 504 892 2101 972">
     <span class='ocr_line' id='line_1_9' title="bbox 504 892 2101 972; baseline -0.009 -14"><span class='ocrx_word' id='word_1_61' title='bbox 504 961 511 969; x_wconf 68' lang='grc'><em>,</em></span> <span class='ocrx_word' id='word_1_62' title='bbox 545 905 600 958; x_wconf 86' lang='lat' dir='ltr'><strong>in</strong></span> <span class='ocrx_word' id='word_1_63' title='bbox 644 902 952 972; x_wconf 73' lang='lat' dir='ltr'><strong>appetendis</strong></span> <span class='ocrx_word' id='word_1_64' title='bbox 978 900 1115 963; x_wconf 90' lang='lat' dir='ltr'><strong>aliis,</strong></span> <span class='ocrx_word' id='word_1_65' title='bbox 1143 907 1198 952; x_wconf 90' lang='lat' dir='ltr'><strong>et</strong></span> <span class='ocrx_word' id='word_1_66' title='bbox 1224 896 1343 951; x_wconf 85' lang='lat' dir='ltr'><strong>aliis</strong></span> <span class='ocrx_word' id='word_1_67' title='bbox 1372 893 1725 956; x_wconf 82' lang='lat' dir='ltr'><strong>declinandis,</strong></span> <span class='ocrx_word' id='word_1_68' title='bbox 1748 892 1990 945; x_wconf 88' lang='lat' dir='ltr'><strong>veracius</strong></span> <span class='ocrx_word' id='word_1_69' title='bbox 2015 904 2101 943; x_wconf 88' lang='lat' dir='ltr'><strong>sa-</strong></span> 
     </span>
    </p>
   </div>
   <div class='ocr_carea' id='block_1_10' title="bbox 516 981 2102 1066">
    <p class='ocr_par' dir='ltr' id='par_1_10' title="bbox 516 981 2102 1066">
     <span class='ocr_line' id='line_1_10' title="bbox 516 981 2102 1066; baseline -0.019 -3"><span class='ocrx_word' id='word_1_70' title='bbox 516 993 739 1066; x_wconf 61' lang='grc' dir='ltr'><strong>,ιδίεηιίθ</strong></span> <span class='ocrx_word' id='word_1_71' title='bbox 761 992 1097 1063; x_wconf 73' lang='lat' dir='ltr'><strong>probaretur;</strong></span> <span class='ocrx_word' id='word_1_72' title='bbox 1124 988 1190 1041; x_wconf 83' lang='lat' dir='ltr'><strong>Et</strong></span> <span class='ocrx_word' id='word_1_73' title='bbox 1213 986 1405 1054; x_wconf 74' lang='lat' dir='ltr'><strong>agnovi</strong></span> <span class='ocrx_word' id='word_1_74' title='bbox 1434 983 1576 1053; x_wconf 88' lang='lat' dir='ltr'><strong>quod</strong></span> <span class='ocrx_word' id='word_1_75' title='bbox 1603 982 1656 1035; x_wconf 88' lang='lat' dir='ltr'><strong>in</strong></span> <span class='ocrx_word' id='word_1_76' title='bbox 1679 981 1981 1050; x_wconf 75' lang='lat' dir='ltr'><strong>huiusmodi</strong></span> <span class='ocrx_word' id='word_1_77' title='bbox 2010 993 2102 1035; x_wconf 89' lang='lat' dir='ltr'><strong>co-</strong></span> 
     </span>
    </p>
   </div>
   <div class='ocr_carea' id='block_1_11' title="bbox 545 1067 2105 1151">
    <p class='ocr_par' dir='ltr' id='par_1_11' title="bbox 545 1067 2105 1151">
     <span class='ocr_line' id='line_1_11' title="bbox 545 1067 2105 1151; baseline -0.009 -17"><span class='ocrx_word' id='word_1_78' title='bbox 545 1079 891 1151; x_wconf 79' lang='lat' dir='ltr'><strong>gitationibus</strong></span> <span class='ocrx_word' id='word_1_79' title='bbox 947 1076 1163 1131; x_wconf 79' lang='lat' dir='ltr'><strong>aﬂlietio</strong></span> <span class='ocrx_word' id='word_1_80' title='bbox 1209 1073 1429 1143; x_wconf 73' lang='lat' dir='ltr'><strong>spiritus</strong></span> <span class='ocrx_word' id='word_1_81' title='bbox 1455 1079 1511 1125; x_wconf 88' lang='lat' dir='ltr'><strong>et</strong></span> <span class='ocrx_word' id='word_1_82' title='bbox 1552 1068 1883 1140; x_wconf 81' lang='lat' dir='ltr'><strong>perturbatio</strong></span> <span class='ocrx_word' id='word_1_83' title='bbox 1940 1067 2105 1121; x_wconf 85' lang='lat' dir='ltr'><strong>animi</strong></span> 
     </span>
    </p>
   </div>
   <div class='ocr_carea' id='block_1_12' title="bbox 548 1173 709 1221">
    <p class='ocr_par' dir='ltr' id='par_1_12' title="bbox 548 1173 709 1221">
     <span class='ocr_line' id='line_1_12' title="bbox 548 1173 709 1221; baseline -0.006 0"><span class='ocrx_word' id='word_1_84' title='bbox 548 1173 709 1221; x_wconf 86' lang='lat' dir='ltr'><strong>esset.</strong></span> 
     </span>
    </p>
   </div>
   <div class='ocr_carea' id='block_1_13' title="bbox 619 1244 2110 1328">
    <p class='ocr_par' dir='ltr' id='par_1_13' title="bbox 619 1244 2110 1328">
     <span class='ocr_line' id='line_1_13' title="bbox 619 1244 2110 1328; baseline -0.009 -18"><span class='ocrx_word' id='word_1_85' title='bbox 619 1256 783 1311; x_wconf 75' lang='lat' dir='ltr'><strong>Vnus.</strong></span> <span class='ocrx_word' id='word_1_86' title='bbox 814 1254 900 1315; x_wconf 80' lang='lat' dir='ltr'><strong>l8.</strong></span> <span class='ocrx_word' id='word_1_87' title='bbox 922 1283 991 1328; x_wconf 78' lang='lat'><strong>_——</strong></span> <span class='ocrx_word' id='word_1_88' title='bbox 1019 1252 1093 1306; x_wconf 83' lang='lat' dir='ltr'><strong>Eo</strong></span> <span class='ocrx_word' id='word_1_89' title='bbox 1115 1256 1251 1322; x_wconf 80' lang='lat' dir='ltr'><strong>quod</strong></span> <span class='ocrx_word' id='word_1_90' title='bbox 1279 1253 1331 1303; x_wconf 83' lang='lat' dir='ltr'><strong>in</strong></span> <span class='ocrx_word' id='word_1_91' title='bbox 1368 1254 1532 1303; x_wconf 83' lang='lat' dir='ltr'><strong>multa</strong></span> <span class='ocrx_word' id='word_1_92' title='bbox 1558 1254 1811 1317; x_wconf 69' lang='lat' dir='ltr'><strong>sapientia</strong></span> <span class='ocrx_word' id='word_1_93' title='bbox 1853 1244 2016 1298; x_wconf 75' lang='lat' dir='ltr'><strong>multa</strong></span> <span class='ocrx_word' id='word_1_94' title='bbox 2040 1245 2110 1297; x_wconf 79' lang='lat' dir='ltr'><strong>sit</strong></span> 
     </span>
    </p>
   </div>
   <div class='ocr_carea' id='block_1_14' title="bbox 488 1336 2103 1416">
    <p class='ocr_par' dir='ltr' id='par_1_14' title="bbox 488 1336 2103 1416">
     <span class='ocr_line' id='line_1_14' title="bbox 488 1336 2103 1416; baseline -0.009 -14"><span class='ocrx_word' id='word_1_95' title='bbox 488 1362 491 1365; x_wconf 52' lang='grc' dir='ltr'><strong><em>λ</em></strong></span> <span class='ocrx_word' id='word_1_96' title='bbox 544 1346 872 1416; x_wconf 72' lang='lat' dir='ltr'><strong>indignatio;</strong></span> <span class='ocrx_word' id='word_1_97' title='bbox 908 1355 959 1398; x_wconf 83' lang='lat' dir='ltr'><strong>et</strong></span> <span class='ocrx_word' id='word_1_98' title='bbox 1004 1344 1092 1413; x_wconf 86' lang='lat' dir='ltr'><strong>qui</strong></span> <span class='ocrx_word' id='word_1_99' title='bbox 1136 1342 1281 1395; x_wconf 76' lang='lat' dir='ltr'><strong>addit</strong></span> <span class='ocrx_word' id='word_1_100' title='bbox 1325 1341 1616 1403; x_wconf 71' lang='lat' dir='ltr'><strong>scientiam,</strong></span> <span class='ocrx_word' id='word_1_101' title='bbox 1658 1338 1805 1391; x_wconf 81' lang='lat' dir='ltr'><strong>addit</strong></span> <span class='ocrx_word' id='word_1_102' title='bbox 1852 1336 2103 1389; x_wconf 83' lang='lat' dir='ltr'><strong>dolorem.</strong></span> 
     </span>
    </p>
   </div>
   <div class='ocr_carea' id='block_1_15' title="bbox 550 1430 2101 1503">
    <p class='ocr_par' dir='ltr' id='par_1_15' title="bbox 550 1430 2101 1503">
     <span class='ocr_line' id='line_1_15' title="bbox 550 1430 2101 1503; baseline -0.005 -15"><span class='ocrx_word' id='word_1_103' title='bbox 550 1434 759 1501; x_wconf 88' lang='lat' dir='ltr'><strong>Quanto</strong></span> <span class='ocrx_word' id='word_1_104' title='bbox 810 1432 984 1503; x_wconf 86' lang='lat' dir='ltr'><strong>magis</strong></span> <span class='ocrx_word' id='word_1_105' title='bbox 1034 1432 1154 1499; x_wconf 85' lang='lat' dir='ltr'><strong>quis</strong></span> <span class='ocrx_word' id='word_1_106' title='bbox 1206 1432 1524 1501; x_wconf 71' lang='lat' dir='ltr'><strong>sapientiam</strong></span> <span class='ocrx_word' id='word_1_107' title='bbox 1568 1430 1727 1484; x_wconf 79' lang='lat' dir='ltr'><strong>fuerit</strong></span> <span class='ocrx_word' id='word_1_108' title='bbox 1770 1436 2101 1490; x_wconf 82' lang='lat' dir='ltr'><strong>consecutus,</strong></span> 
     </span>
    </p>
   </div>
   <div class='ocr_carea' id='block_1_16' title="bbox 487 1516 2109 1591">
    <p class='ocr_par' dir='ltr' id='par_1_16' title="bbox 487 1516 2109 1591">
     <span class='ocr_line' id='line_1_16' title="bbox 487 1516 2109 1591; baseline -0.005 -14"><span class='ocrx_word' id='word_1_109' title='bbox 487 1556 492 1561; x_wconf 89' lang='lat'><strong><em>-</em></strong></span> <span class='ocrx_word' id='word_1_110' title='bbox 551 1530 697 1577; x_wconf 88' lang='lat' dir='ltr'><strong>tanto</strong></span> <span class='ocrx_word' id='word_1_111' title='bbox 724 1521 843 1591; x_wconf 87' lang='lat' dir='ltr'><strong>plus</strong></span> <span class='ocrx_word' id='word_1_112' title='bbox 885 1521 1189 1590; x_wconf 76' lang='lat' dir='ltr'><strong>indignatur</strong></span> <span class='ocrx_word' id='word_1_113' title='bbox 1230 1519 1508 1588; x_wconf 71' lang='lat' dir='ltr'><strong>subiacere</strong></span> <span class='ocrx_word' id='word_1_114' title='bbox 1544 1518 1695 1591; x_wconf 62' lang='grc' dir='ltr'><strong>μαι,</strong></span> <span class='ocrx_word' id='word_1_115' title='bbox 1738 1516 2021 1587; x_wconf 82' lang='lat' dir='ltr'><strong>subjicere]</strong></span> <span class='ocrx_word' id='word_1_116' title='bbox 2050 1530 2109 1570; x_wconf 86' lang='lat' dir='ltr'><strong>se</strong></span> 
     </span>
    </p>
   </div>
   <div class='ocr_carea' id='block_1_17' title="bbox 518 1604 2111 1678">
    <p class='ocr_par' dir='ltr' id='par_1_17' title="bbox 518 1604 2111 1678">
     <span class='ocr_line' id='line_1_17' title="bbox 518 1604 2111 1678; baseline -0.005 -14"><span class='ocrx_word' id='word_1_117' title='bbox 518 1648 521 1649; x_wconf 49' lang='grc' dir='ltr'><em>ν</em></span> <span class='ocrx_word' id='word_1_118' title='bbox 548 1611 715 1675; x_wconf 85' lang='lat' dir='ltr'><strong>vitiis,</strong></span> <span class='ocrx_word' id='word_1_119' title='bbox 742 1620 798 1664; x_wconf 93' lang='lat' dir='ltr'><strong>et</strong></span> <span class='ocrx_word' id='word_1_120' title='bbox 820 1607 1002 1678; x_wconf 82' lang='lat' dir='ltr'><strong>procul</strong></span> <span class='ocrx_word' id='word_1_121' title='bbox 1033 1622 1149 1663; x_wconf 87' lang='lat' dir='ltr'><strong>esse</strong></span> <span class='ocrx_word' id='word_1_122' title='bbox 1176 1624 1207 1661; x_wconf 89' lang='lat' dir='ltr'><strong>a</strong></span> <span class='ocrx_word' id='word_1_123' title='bbox 1232 1608 1522 1662; x_wconf 77' lang='lat' dir='ltr'><strong>virtutibus</strong></span> <span class='ocrx_word' id='word_1_124' title='bbox 1560 1622 1692 1676; x_wconf 91' lang='lat' dir='ltr'><strong>quas</strong></span> <span class='ocrx_word' id='word_1_125' title='bbox 1728 1605 1954 1672; x_wconf 84' lang='lat' dir='ltr'><strong>requirit</strong></span> <span class='ocrx_word' id='word_1_126' title='bbox 1979 1622 1992 1657; x_wconf 86' lang='lat'>:</span> <span class='ocrx_word' id='word_1_127' title='bbox 2016 1604 2111 1657; x_wconf 91' lang='lat' dir='ltr'><strong>do-</strong></span> 
     </span>
    </p>
   </div>
   <div class='ocr_carea' id='block_1_18' title="bbox 548 1693 2112 1765">
    <p class='ocr_par' dir='ltr' id='par_1_18' title="bbox 548 1693 2112 1765">
     <span class='ocr_line' id='line_1_18' title="bbox 548 1693 2112 1765; baseline -0.001 -16"><span class='ocrx_word' id='word_1_128' title='bbox 548 1696 629 1752; x_wconf 89' lang='lat' dir='ltr'><strong>let</strong></span> <span class='ocrx_word' id='word_1_129' title='bbox 648 1695 1023 1765; x_wconf 82' lang='lat' dir='ltr'><strong>ignorantiam,</strong></span> <span class='ocrx_word' id='word_1_130' title='bbox 1052 1694 1178 1748; x_wconf 89' lang='lat' dir='ltr'><strong>dum</strong></span> <span class='ocrx_word' id='word_1_131' title='bbox 1220 1696 1411 1763; x_wconf 66' lang='lat' dir='ltr'><strong>qumrit</strong></span> <span class='ocrx_word' id='word_1_132' title='bbox 1451 1695 1748 1749; x_wconf 86' lang='lat' dir='ltr'><strong>scientiam.</strong></span> <span class='ocrx_word' id='word_1_133' title='bbox 1778 1693 2024 1761; x_wconf 86' lang='lat' dir='ltr'><strong>lntelligit</strong></span> <span class='ocrx_word' id='word_1_134' title='bbox 2052 1707 2112 1747; x_wconf 87' lang='lat' dir='ltr'><strong>se</strong></span> 
     </span>
    </p>
   </div>
   <div class='ocr_carea' id='block_1_19' title="bbox 2199 532 3761 607">
    <p class='ocr_par' dir='ltr' id='par_1_19' title="bbox 2199 532 3761 607">
     <span class='ocr_line' id='line_1_19' title="bbox 2199 532 3761 607; baseline -0.002 -16"><span class='ocrx_word' id='word_1_135' title='bbox 2199 538 2397 592; x_wconf 79' lang='lat' dir='ltr'><strong>milium</strong></span> <span class='ocrx_word' id='word_1_136' title='bbox 2425 537 2616 601; x_wconf 82' lang='lat' dir='ltr'><strong>habui;</strong></span> <span class='ocrx_word' id='word_1_137' title='bbox 2645 544 2879 589; x_wconf 87' lang='lat' dir='ltr'><strong>armenta</strong></span> <span class='ocrx_word' id='word_1_138' title='bbox 2900 548 3101 607; x_wconf 80' lang='lat' dir='ltr'><strong>quoque</strong></span> <span class='ocrx_word' id='word_1_139' title='bbox 3122 541 3170 586; x_wconf 85' lang='lat' dir='ltr'><strong>et</strong></span> <span class='ocrx_word' id='word_1_140' title='bbox 3207 549 3421 604; x_wconf 80' lang='lat' dir='ltr'><strong>magnos</strong></span> <span class='ocrx_word' id='word_1_141' title='bbox 3442 532 3614 587; x_wconf 77' lang='lat' dir='ltr'><strong>ouium</strong></span> <span class='ocrx_word' id='word_1_142' title='bbox 3640 549 3761 604; x_wconf 77' lang='lat' dir='ltr'><strong>gre-</strong></span> 
     </span>
    </p>
   </div>
   <div class='ocr_carea' id='block_1_20' title="bbox 2197 620 3760 700">
    <p class='ocr_par' dir='ltr' id='par_1_20' title="bbox 2197 620 3760 700">
     <span class='ocr_line' id='line_1_20' title="bbox 2197 620 3760 700; baseline -0.004 -17"><span class='ocrx_word' id='word_1_143' title='bbox 2197 647 2301 700; x_wconf 87' lang='lat' dir='ltr'><strong>ges,</strong></span> <span class='ocrx_word' id='word_1_144' title='bbox 2326 629 2465 683; x_wconf 87' lang='lat' dir='ltr'><strong>ultra</strong></span> <span class='ocrx_word' id='word_1_145' title='bbox 2506 644 2679 682; x_wconf 83' lang='lat' dir='ltr'><strong>omnes</strong></span> <span class='ocrx_word' id='word_1_146' title='bbox 2718 628 2806 696; x_wconf 85' lang='lat' dir='ltr'><strong>qui</strong></span> <span class='ocrx_word' id='word_1_147' title='bbox 2837 625 3043 694; x_wconf 78' lang='lat' dir='ltr'><strong>fuerunt</strong></span> <span class='ocrx_word' id='word_1_148' title='bbox 3067 632 3185 676; x_wconf 83' lang='lat' dir='ltr'><strong>ante</strong></span> <span class='ocrx_word' id='word_1_149' title='bbox 3213 636 3290 676; x_wconf 86' lang='lat' dir='ltr'><strong>me</strong></span> <span class='ocrx_word' id='word_1_150' title='bbox 3314 624 3369 677; x_wconf 85' lang='lat' dir='ltr'><strong>in</strong></span> <span class='ocrx_word' id='word_1_151' title='bbox 3392 620 3760 688; x_wconf 71' lang='lat' dir='ltr'><strong>Hierusalem;</strong></span> 
     </span>
    </p>
   </div>
   <div class='ocr_carea' id='block_1_21' title="bbox 2200 699 3832 784">
    <p class='ocr_par' dir='ltr' id='par_1_21' title="bbox 2200 699 3832 784">
     <span class='ocr_line' id='line_1_21' title="bbox 2200 699 3832 784; baseline -0.006 -11"><span class='ocrx_word' id='word_1_152' title='bbox 2200 699 2493 773; x_wconf 70' lang='lat' dir='ltr'><strong>coacervavi</strong></span> <span class='ocrx_word' id='word_1_153' title='bbox 2534 716 2661 770; x_wconf 84' lang='lat' dir='ltr'><strong>mihi</strong></span> <span class='ocrx_word' id='word_1_154' title='bbox 2699 710 2998 784; x_wconf 74' lang='lat' dir='ltr'><strong>argentum,</strong></span> <span class='ocrx_word' id='word_1_155' title='bbox 3027 721 3075 765; x_wconf 87' lang='lat' dir='ltr'><strong>et</strong></span> <span class='ocrx_word' id='word_1_156' title='bbox 3119 727 3327 775; x_wconf 87' lang='lat' dir='ltr'><strong>aurum,</strong></span> <span class='ocrx_word' id='word_1_157' title='bbox 3354 699 3414 765; x_wconf 29' lang='lat' dir='ltr'><strong>et.</strong></span> <span class='ocrx_word' id='word_1_158' title='bbox 3441 710 3759 765; x_wconf 79' lang='lat' dir='ltr'><strong>substantias</strong></span> <span class='ocrx_word' id='word_1_159' title='bbox 3828 759 3832 764; x_wconf 91' lang='lat'><strong>.</strong></span> 
     </span>
    </p>
   </div>
   <div class='ocr_carea' id='block_1_22' title="bbox 2200 800 3763 877">
    <p class='ocr_par' dir='ltr' id='par_1_22' title="bbox 2200 800 3763 877">
     <span class='ocr_line' id='line_1_22' title="bbox 2200 800 3763 877; baseline -0.006 -16"><span class='ocrx_word' id='word_1_160' title='bbox 2200 824 2374 877; x_wconf 82' lang='lat' dir='ltr'><strong>regum</strong></span> <span class='ocrx_word' id='word_1_161' title='bbox 2399 816 2448 860; x_wconf 88' lang='lat' dir='ltr'><strong>et</strong></span> <span class='ocrx_word' id='word_1_162' title='bbox 2486 805 2902 876; x_wconf 81' lang='lat' dir='ltr'><strong>provinciarum;</strong></span> <span class='ocrx_word' id='word_1_163' title='bbox 2932 800 3031 871; x_wconf 78' lang='lat' dir='ltr'><strong>feci</strong></span> <span class='ocrx_word' id='word_1_164' title='bbox 3067 800 3193 855; x_wconf 84' lang='lat' dir='ltr'><strong>mihi</strong></span> <span class='ocrx_word' id='word_1_165' title='bbox 3219 809 3476 863; x_wconf 84' lang='lat' dir='ltr'><strong>cantores,</strong></span> <span class='ocrx_word' id='word_1_166' title='bbox 3496 809 3545 853; x_wconf 91' lang='lat' dir='ltr'><strong>et</strong></span> <span class='ocrx_word' id='word_1_167' title='bbox 3582 808 3763 853; x_wconf 81' lang='lat' dir='ltr'><strong>canta—</strong></span> 
     </span>
    </p>
   </div>
   <div class='ocr_carea' id='block_1_23' title="bbox 2200 886 3762 961">
    <p class='ocr_par' dir='ltr' id='par_1_23' title="bbox 2200 886 3762 961">
     <span class='ocr_line' id='line_1_23' title="bbox 2200 886 3762 961; baseline -0.006 -10"><span class='ocrx_word' id='word_1_168' title='bbox 2200 900 2351 951; x_wconf 73' lang='lat' dir='ltr'><strong>trices</strong></span> <span class='ocrx_word' id='word_1_169' title='bbox 2372 907 2418 949; x_wconf 91' lang='lat' dir='ltr'><strong>et</strong></span> <span class='ocrx_word' id='word_1_170' title='bbox 2442 895 2654 949; x_wconf 79' lang='lat' dir='ltr'><strong>delicias</strong></span> <span class='ocrx_word' id='word_1_171' title='bbox 2677 892 2909 961; x_wconf 77' lang='lat' dir='ltr'><strong>ﬁliorum</strong></span> <span class='ocrx_word' id='word_1_172' title='bbox 2931 891 3213 952; x_wconf 82' lang='lat' dir='ltr'><strong>hominum,</strong></span> <span class='ocrx_word' id='word_1_173' title='bbox 3232 889 3447 957; x_wconf 79' lang='lat' dir='ltr'><strong>scyphos</strong></span> <span class='ocrx_word' id='word_1_174' title='bbox 3470 898 3517 942; x_wconf 90' lang='lat' dir='ltr'><strong>et</strong></span> <span class='ocrx_word' id='word_1_175' title='bbox 3532 886 3762 941; x_wconf 86' lang='lat' dir='ltr'><strong>urcealos</strong></span> 
     </span>
    </p>
   </div>
   <div class='ocr_carea' id='block_1_24' title="bbox 2201 979 3765 1051">
    <p class='ocr_par' dir='ltr' id='par_1_24' title="bbox 2201 979 3765 1051">
     <span class='ocr_line' id='line_1_24' title="bbox 2201 979 3765 1051; baseline -0.006 -11"><span class='ocrx_word' id='word_1_176' title='bbox 2201 988 2255 1040; x_wconf 86' lang='lat' dir='ltr'><strong>in</strong></span> <span class='ocrx_word' id='word_1_177' title='bbox 2293 985 2574 1039; x_wconf 85' lang='lat' dir='ltr'><strong>ministerio</strong></span> <span class='ocrx_word' id='word_1_178' title='bbox 2603 982 2670 1035; x_wconf 80' lang='lat' dir='ltr'><strong>ad</strong></span> <span class='ocrx_word' id='word_1_179' title='bbox 2708 983 2828 1035; x_wconf 82' lang='lat' dir='ltr'><strong>vina</strong></span> <span class='ocrx_word' id='word_1_180' title='bbox 2855 979 3121 1051; x_wconf 79' lang='lat' dir='ltr'><strong>fundendo</strong></span> <span class='ocrx_word' id='word_1_181' title='bbox 3143 994 3160 1032; x_wconf 90' lang='lat'><strong><em>:</em></strong></span> <span class='ocrx_word' id='word_1_182' title='bbox 3184 986 3233 1031; x_wconf 85' lang='lat' dir='ltr'><strong>et</strong></span> <span class='ocrx_word' id='word_1_183' title='bbox 3252 992 3611 1049; x_wconf 76' lang='lat' dir='ltr'><strong>supergressus</strong></span> <span class='ocrx_word' id='word_1_184' title='bbox 3647 991 3765 1031; x_wconf 81' lang='lat' dir='ltr'><strong>sum</strong></span> 
     </span>
    </p>
   </div>
   <div class='ocr_carea' id='block_1_25' title="bbox 2202 1064 3761 1143">
    <p class='ocr_par' dir='ltr' id='par_1_25' title="bbox 2202 1064 3761 1143">
     <span class='ocr_line' id='line_1_25' title="bbox 2202 1064 3761 1143; baseline -0.006 -15"><span class='ocrx_word' id='word_1_185' title='bbox 2202 1073 2380 1143; x_wconf 87' lang='lat' dir='ltr'><strong>opibus</strong></span> <span class='ocrx_word' id='word_1_186' title='bbox 2409 1088 2604 1140; x_wconf 77' lang='lat' dir='ltr'><strong>omnes,</strong></span> <span class='ocrx_word' id='word_1_187' title='bbox 2642 1070 2734 1141; x_wconf 86' lang='lat' dir='ltr'><strong>qui</strong></span> <span class='ocrx_word' id='word_1_188' title='bbox 2776 1069 2984 1138; x_wconf 77' lang='lat' dir='ltr'><strong>fuerunt</strong></span> <span class='ocrx_word' id='word_1_189' title='bbox 3025 1076 3141 1120; x_wconf 86' lang='lat' dir='ltr'><strong>ante</strong></span> <span class='ocrx_word' id='word_1_190' title='bbox 3188 1083 3267 1120; x_wconf 86' lang='lat' dir='ltr'><strong>me</strong></span> <span class='ocrx_word' id='word_1_191' title='bbox 3312 1066 3369 1120; x_wconf 85' lang='lat' dir='ltr'><strong>in</strong></span> <span class='ocrx_word' id='word_1_192' title='bbox 3411 1064 3761 1120; x_wconf 72' lang='lat' dir='ltr'><strong>Hierusalem.</strong></span> 
     </span>
    </p>
   </div>
   <div class='ocr_carea' id='block_1_26' title="bbox 2204 1155 3766 1234">
    <p class='ocr_par' dir='ltr' id='par_1_26' title="bbox 2204 1155 3766 1234">
     <span class='ocr_line' id='line_1_26' title="bbox 2204 1155 3766 1234; baseline -0.006 -18"><span class='ocrx_word' id='word_1_193' title='bbox 2204 1162 2469 1234; x_wconf 81' lang='lat' dir='ltr'><strong>Sapientia</strong></span> <span class='ocrx_word' id='word_1_194' title='bbox 2497 1177 2697 1231; x_wconf 81' lang='lat' dir='ltr'><strong>quoque</strong></span> <span class='ocrx_word' id='word_1_195' title='bbox 2720 1157 3058 1229; x_wconf 74' lang='lat' dir='ltr'><strong>perseveravit</strong></span> <span class='ocrx_word' id='word_1_196' title='bbox 3084 1171 3302 1211; x_wconf 80' lang='lat' dir='ltr'><strong>mecum.</strong></span> <span class='ocrx_word' id='word_1_197' title='bbox 3336 1155 3405 1209; x_wconf 83' lang='lat' dir='ltr'><strong>Et</strong></span> <span class='ocrx_word' id='word_1_198' title='bbox 3440 1156 3613 1210; x_wconf 82' lang='lat' dir='ltr'><strong>omnia</strong></span> <span class='ocrx_word' id='word_1_199' title='bbox 3649 1170 3766 1224; x_wconf 62' lang='lat' dir='ltr'><strong>quia</strong></span> 
     </span>
    </p>
   </div>
   <div class='ocr_carea' id='block_1_27' title="bbox 2202 1244 3766 1317">
    <p class='ocr_par' dir='ltr' id='par_1_27' title="bbox 2202 1244 3766 1317">
     <span class='ocr_line' id='line_1_27' title="bbox 2202 1244 3766 1317; baseline -0.006 -12"><span class='ocrx_word' id='word_1_200' title='bbox 2202 1252 2621 1307; x_wconf 69' lang='lat' dir='ltr'><strong>desideraverunt</strong></span> <span class='ocrx_word' id='word_1_201' title='bbox 2642 1250 2778 1303; x_wconf 86' lang='lat' dir='ltr'><strong>oculi</strong></span> <span class='ocrx_word' id='word_1_202' title='bbox 2798 1250 2917 1312; x_wconf 85' lang='lat' dir='ltr'><strong>mei,</strong></span> <span class='ocrx_word' id='word_1_203' title='bbox 2942 1264 3045 1301; x_wconf 84' lang='lat' dir='ltr'><strong>non</strong></span> <span class='ocrx_word' id='word_1_204' title='bbox 3072 1248 3253 1317; x_wconf 75' lang='lat' dir='ltr'><strong>negavi</strong></span> <span class='ocrx_word' id='word_1_205' title='bbox 3272 1247 3381 1312; x_wconf 87' lang='lat' dir='ltr'><strong>eis;</strong></span> <span class='ocrx_word' id='word_1_206' title='bbox 3412 1262 3503 1301; x_wconf 82' lang='lat' dir='ltr'><strong>nec</strong></span> <span class='ocrx_word' id='word_1_207' title='bbox 3526 1244 3766 1315; x_wconf 74' lang='lat' dir='ltr'><strong>prohibui</strong></span> 
     </span>
    </p>
   </div>
   <div class='ocr_carea' id='block_1_28' title="bbox 2203 1334 3766 1411">
    <p class='ocr_par' dir='ltr' id='par_1_28' title="bbox 2203 1334 3766 1411">
     <span class='ocr_line' id='line_1_28' title="bbox 2203 1334 3766 1411; baseline -0.006 -16"><span class='ocrx_word' id='word_1_208' title='bbox 2203 1358 2293 1395; x_wconf 79' lang='lat' dir='ltr'><strong>cor</strong></span> <span class='ocrx_word' id='word_1_209' title='bbox 2316 1356 2505 1404; x_wconf 84' lang='lat' dir='ltr'><strong>meum,</strong></span> <span class='ocrx_word' id='word_1_210' title='bbox 2526 1341 2652 1411; x_wconf 83' lang='lat' dir='ltr'><strong>quin</strong></span> <span class='ocrx_word' id='word_1_211' title='bbox 2676 1339 2815 1392; x_wconf 87' lang='lat' dir='ltr'><strong>omni</strong></span> <span class='ocrx_word' id='word_1_212' title='bbox 2840 1338 3096 1407; x_wconf 77' lang='lat' dir='ltr'><strong>uoluptate</strong></span> <span class='ocrx_word' id='word_1_213' title='bbox 3121 1336 3396 1405; x_wconf 77' lang='lat' dir='ltr'><strong>frueretur,</strong></span> <span class='ocrx_word' id='word_1_214' title='bbox 3419 1344 3467 1389; x_wconf 92' lang='lat' dir='ltr'><strong>et</strong></span> <span class='ocrx_word' id='word_1_215' title='bbox 3490 1334 3766 1388; x_wconf 78' lang='lat' dir='ltr'><strong>oblectaret</strong></span> 
     </span>
    </p>
   </div>
   <div class='ocr_carea' id='block_1_29' title="bbox 2202 1428 3768 1501">
    <p class='ocr_par' dir='ltr' id='par_1_29' title="bbox 2202 1428 3768 1501">
     <span class='ocr_line' id='line_1_29' title="bbox 2202 1428 3768 1501; baseline -0.006 -15"><span class='ocrx_word' id='word_1_216' title='bbox 2202 1448 2259 1487; x_wconf 78' lang='lat' dir='ltr'><strong>se</strong></span> <span class='ocrx_word' id='word_1_217' title='bbox 2291 1434 2344 1485; x_wconf 86' lang='lat' dir='ltr'><strong>in</strong></span> <span class='ocrx_word' id='word_1_218' title='bbox 2374 1433 2437 1485; x_wconf 90' lang='lat' dir='ltr'><strong>iis</strong></span> <span class='ocrx_word' id='word_1_219' title='bbox 2466 1444 2582 1501; x_wconf 70' lang='lat' dir='ltr'><strong>qua:</strong></span> <span class='ocrx_word' id='word_1_220' title='bbox 2618 1437 3141 1499; x_wconf 71' lang='lat' dir='ltr'><strong>prwparaueram;:et</strong></span> <span class='ocrx_word' id='word_1_221' title='bbox 3164 1428 3297 1481; x_wconf 85' lang='lat' dir='ltr'><strong>Itane</strong></span> <span class='ocrx_word' id='word_1_222' title='bbox 3327 1436 3471 1481; x_wconf 86' lang='lat' dir='ltr'><strong>ratus</strong></span> <span class='ocrx_word' id='word_1_223' title='bbox 3500 1443 3617 1480; x_wconf 86' lang='lat' dir='ltr'><strong>sum</strong></span> <span class='ocrx_word' id='word_1_224' title='bbox 3644 1440 3768 1495; x_wconf 83' lang='lat' dir='ltr'><strong>par-</strong></span> 
     </span>
    </p>
   </div>
   <div class='ocr_carea' id='block_1_30' title="bbox 2206 1504 3771 1589">
    <p class='ocr_par' dir='ltr' id='par_1_30' title="bbox 2206 1504 3771 1589">
     <span class='ocr_line' id='line_1_30' title="bbox 2206 1504 3771 1589; baseline -0.007 -10"><span class='ocrx_word' id='word_1_225' title='bbox 2206 1534 2307 1579; x_wconf 84' lang='lat' dir='ltr'><strong>tem</strong></span> <span class='ocrx_word' id='word_1_226' title='bbox 2345 1539 2534 1585; x_wconf 78' lang='lat' dir='ltr'><strong>meam,</strong></span> <span class='ocrx_word' id='word_1_227' title='bbox 2563 1521 2609 1574; x_wconf 90' lang='lat' dir='ltr'><strong>si</strong></span> <span class='ocrx_word' id='word_1_228' title='bbox 2633 1504 2805 1573; x_wconf 83' lang='lat' dir='ltr'><strong>uterer</strong></span> <span class='ocrx_word' id='word_1_229' title='bbox 2829 1518 3003 1573; x_wconf 81' lang='lat' dir='ltr'><strong>labore</strong></span> <span class='ocrx_word' id='word_1_230' title='bbox 3030 1535 3160 1573; x_wconf 85' lang='lat' dir='ltr'><strong>meo.</strong></span> <span class='ocrx_word' id='word_1_231' title='bbox 3189 1517 3416 1589; x_wconf 70' lang='lat' dir='ltr'><strong>Cumque</strong></span> <span class='ocrx_word' id='word_1_232' title='bbox 3453 1535 3533 1572; x_wconf 89' lang='lat' dir='ltr'><strong>me</strong></span> <span class='ocrx_word' id='word_1_233' title='bbox 3556 1531 3771 1570; x_wconf 75' lang='lat' dir='ltr'><strong>conser-</strong></span> 
     </span>
    </p>
   </div>
   <div class='ocr_carea' id='block_1_31' title="bbox 2205 1607 3769 1680">
    <p class='ocr_par' dir='ltr' id='par_1_31' title="bbox 2205 1607 3769 1680">
     <span class='ocr_line' id='line_1_31' title="bbox 2205 1607 3769 1680; baseline -0.003 -15"><span class='ocrx_word' id='word_1_234' title='bbox 2205 1614 2376 1667; x_wconf 88' lang='lat' dir='ltr'><strong>tissem</strong></span> <span class='ocrx_word' id='word_1_235' title='bbox 2412 1612 2480 1664; x_wconf 90' lang='lat' dir='ltr'><strong>ad</strong></span> <span class='ocrx_word' id='word_1_236' title='bbox 2520 1611 2754 1664; x_wconf 71' lang='lat' dir='ltr'><strong>universa</strong></span> <span class='ocrx_word' id='word_1_237' title='bbox 2798 1624 2953 1680; x_wconf 88' lang='lat' dir='ltr'><strong>apera</strong></span> <span class='ocrx_word' id='word_1_238' title='bbox 2990 1607 3135 1680; x_wconf 47' lang='lat' dir='ltr'><strong>qua!</strong></span> <span class='ocrx_word' id='word_1_239' title='bbox 3147 1611 3371 1680; x_wconf 77' lang='lat' dir='ltr'><strong>fecerant</strong></span> <span class='ocrx_word' id='word_1_240' title='bbox 3396 1623 3580 1663; x_wconf 79' lang='lat' dir='ltr'><strong>manus</strong></span> <span class='ocrx_word' id='word_1_241' title='bbox 3619 1621 3769 1671; x_wconf 72' lang='lat' dir='ltr'><strong>metr,</strong></span> 
     </span>
    </p>
   </div>
   <div class='ocr_carea' id='block_1_32' title="bbox 2207 1685 3771 1767">
    <p class='ocr_par' dir='ltr' id='par_1_32' title="bbox 2207 1685 3771 1767">
     <span class='ocr_line' id='line_1_32' title="bbox 2207 1685 3771 1767; baseline -0.003 -14"><span class='ocrx_word' id='word_1_242' title='bbox 2207 1709 2254 1753; x_wconf 87' lang='lat' dir='ltr'><strong>et</strong></span> <span class='ocrx_word' id='word_1_243' title='bbox 2282 1700 2349 1753; x_wconf 90' lang='lat' dir='ltr'><strong>ad</strong></span> <span class='ocrx_word' id='word_1_244' title='bbox 2372 1699 2572 1753; x_wconf 77' lang='lat' dir='ltr'><strong>labores</strong></span> <span class='ocrx_word' id='word_1_245' title='bbox 2591 1698 2646 1750; x_wconf 88' lang='lat' dir='ltr'><strong>in</strong></span> <span class='ocrx_word' id='word_1_246' title='bbox 2671 1685 2857 1767; x_wconf 84' lang='lat' dir='ltr'><strong>quibus</strong></span> <span class='ocrx_word' id='word_1_247' title='bbox 2880 1698 3079 1766; x_wconf 78' lang='lat' dir='ltr'><strong>frustra</strong></span> <span class='ocrx_word' id='word_1_248' title='bbox 3109 1698 3436 1762; x_wconf 81' lang='lat' dir='ltr'><strong>sudaueram,</strong></span> <span class='ocrx_word' id='word_1_249' title='bbox 3459 1697 3565 1751; x_wconf 84' lang='lat' dir='ltr'><strong>vidi</strong></span> <span class='ocrx_word' id='word_1_250' title='bbox 3585 1698 3638 1750; x_wconf 87' lang='lat' dir='ltr'><strong>in</strong></span> <span class='ocrx_word' id='word_1_251' title='bbox 3665 1713 3771 1749; x_wconf 56' lang='lat' dir='ltr'><strong>ama</strong></span> 
     </span>
    </p>
   </div>
   <div class='ocr_carea' id='block_1_33' title="bbox 550 1780 3773 1869">
    <p class='ocr_par' dir='ltr' id='par_1_33' title="bbox 550 1780 3773 1869">
     <span class='ocr_line' id='line_1_33' title="bbox 550 1780 3773 1869; baseline -0 -31"><span class='ocrx_word' id='word_1_252' title='bbox 550 1803 617 1842; x_wconf 83' lang='lat' dir='ltr'><strong>ex</strong></span> <span class='ocrx_word' id='word_1_253' title='bbox 641 1795 791 1856; x_wconf 90' lang='lat' dir='ltr'><strong>parte</strong></span> <span class='ocrx_word' id='word_1_254' title='bbox 814 1796 1122 1855; x_wconf 72' lang='lat' dir='ltr'><strong>agnoscere,</strong></span> <span class='ocrx_word' id='word_1_255' title='bbox 1152 1792 1225 1869; x_wconf 36' lang='lat' dir='ltr'><strong>et.</strong></span> <span class='ocrx_word' id='word_1_256' title='bbox 1240 1786 1308 1840; x_wconf 85' lang='lat' dir='ltr'><strong>ad</strong></span> <span class='ocrx_word' id='word_1_257' title='bbox 1335 1784 1547 1859; x_wconf 86' lang='lat' dir='ltr'><strong>plenum</strong></span> <span class='ocrx_word' id='word_1_258' title='bbox 1579 1783 1904 1853; x_wconf 76' lang='lat' dir='ltr'><strong>intelligendi</strong></span> <span class='ocrx_word' id='word_1_259' title='bbox 1931 1783 2111 1839; x_wconf 80' lang='lat' dir='ltr'><strong>lumen</strong></span> <span class='ocrx_word' id='word_1_260' title='bbox 2140 1780 2186 1838; x_wconf 83' lang='grc' dir='ltr'><strong>Β</strong></span> <span class='ocrx_word' id='word_1_261' title='bbox 2216 1790 2363 1844; x_wconf 77' lang='lat' dir='ltr'><strong>nibus</strong></span> <span class='ocrx_word' id='word_1_262' title='bbox 2383 1789 2679 1851; x_wconf 82' lang='lat' dir='ltr'><strong>vanitatem,</strong></span> <span class='ocrx_word' id='word_1_263' title='bbox 2709 1797 2759 1840; x_wconf 91' lang='lat' dir='ltr'><strong>et</strong></span> <span class='ocrx_word' id='word_1_264' title='bbox 2791 1787 3110 1857; x_wconf 74' lang='lat' dir='ltr'><strong>aﬁlictionem</strong></span> <span class='ocrx_word' id='word_1_265' title='bbox 3136 1788 3316 1852; x_wconf 82' lang='lat' dir='ltr'><strong>animi,</strong></span> <span class='ocrx_word' id='word_1_266' title='bbox 3344 1796 3392 1841; x_wconf 89' lang='lat' dir='ltr'><strong>et</strong></span> <span class='ocrx_word' id='word_1_267' title='bbox 3418 1784 3548 1840; x_wconf 80' lang='lat' dir='ltr'><strong>nihil</strong></span> <span class='ocrx_word' id='word_1_268' title='bbox 3570 1802 3773 1855; x_wconf 81' lang='lat' dir='ltr'><strong>penna—</strong></span> 
     </span>
    </p>
   </div>
   <div class='ocr_carea' id='block_1_34' title="bbox 552 1871 2110 1943">
    <p class='ocr_par' dir='ltr' id='par_1_34' title="bbox 552 1871 2110 1943">
     <span class='ocr_line' id='line_1_34' title="bbox 552 1871 2110 1943; baseline -0.003 -14"><span class='ocrx_word' id='word_1_269' title='bbox 552 1889 731 1929; x_wconf 69' lang='lat' dir='ltr'><strong>mrum</strong></span> <span class='ocrx_word' id='word_1_270' title='bbox 748 1874 1084 1928; x_wconf 79' lang='lat' dir='ltr'><strong>occultarum</strong></span> <span class='ocrx_word' id='word_1_271' title='bbox 1104 1888 1164 1928; x_wconf 88' lang='lat' dir='ltr'><strong>se</strong></span> <span class='ocrx_word' id='word_1_272' title='bbox 1186 1889 1291 1928; x_wconf 92' lang='lat' dir='ltr'><strong>non</strong></span> <span class='ocrx_word' id='word_1_273' title='bbox 1318 1888 1474 1942; x_wconf 84' lang='lat' dir='ltr'><strong>posse</strong></span> <span class='ocrx_word' id='word_1_274' title='bbox 1498 1872 1774 1943; x_wconf 81' lang='lat' dir='ltr'><strong>pervenire</strong></span> <span class='ocrx_word' id='word_1_275' title='bbox 1798 1871 1960 1935; x_wconf 80' lang='lat' dir='ltr'><strong>videt,</strong></span> <span class='ocrx_word' id='word_1_276' title='bbox 1990 1871 2110 1925; x_wconf 89' lang='lat' dir='ltr'><strong>ideo</strong></span> 
     </span>
    </p>
   </div>
   <div class='ocr_carea' id='block_1_35' title="bbox 553 1961 1592 2030">
    <p class='ocr_par' dir='ltr' id='par_1_35' title="bbox 553 1961 1592 2030">
     <span class='ocr_line' id='line_1_35' title="bbox 553 1961 1592 2030; baseline -0.004 -13"><span class='ocrx_word' id='word_1_277' title='bbox 553 1962 701 2017; x_wconf 82' lang='lat' dir='ltr'><strong>addit</strong></span> <span class='ocrx_word' id='word_1_278' title='bbox 727 1961 984 2026; x_wconf 85' lang='lat' dir='ltr'><strong>dolorem,</strong></span> <span class='ocrx_word' id='word_1_279' title='bbox 1008 1962 1100 2030; x_wconf 85' lang='lat' dir='ltr'><strong>qui</strong></span> <span class='ocrx_word' id='word_1_280' title='bbox 1127 1963 1272 2016; x_wconf 88' lang='lat' dir='ltr'><strong>addit</strong></span> <span class='ocrx_word' id='word_1_281' title='bbox 1293 1962 1592 2016; x_wconf 84' lang='lat' dir='ltr'><strong>scientiam.</strong></span> 
     </span>
    </p>
   </div>
   <div class='ocr_carea' id='block_1_36' title="bbox 1173 2050 1595 2106">
    <p class='ocr_par' dir='ltr' id='par_1_36' title="bbox 1173 2050 1595 2106">
     <span class='ocr_line' id='line_1_36' title="bbox 1173 2050 1595 2106; baseline -0.005 0"><span class='ocrx_word' id='word_1_282' title='bbox 1173 2050 1397 2106; x_wconf 80' lang='lat' dir='ltr'><strong>CAPUT</strong></span> <span class='ocrx_word' id='word_1_283' title='bbox 1434 2050 1498 2105; x_wconf 86' lang='lat' dir='ltr'><strong>ll.</strong></span> <span class='ocrx_word' id='word_1_284' title='bbox 1590 2086 1595 2089; x_wconf 91' lang='lat'><strong><em>-</em></strong></span> 
     </span>
    </p>
   </div>
   <div class='ocr_carea' id='block_1_37' title="bbox 623 2136 2111 2207">
    <p class='ocr_par' dir='ltr' id='par_1_37' title="bbox 623 2136 2111 2207">
     <span class='ocr_line' id='line_1_37' title="bbox 623 2136 2111 2207; baseline -0.008 -7"><span class='ocrx_word' id='word_1_285' title='bbox 623 2146 788 2200; x_wconf 70' lang='lat' dir='ltr'><strong>Vens.</strong></span> <span class='ocrx_word' id='word_1_286' title='bbox 819 2146 869 2199; x_wconf 84' lang='lat' dir='ltr'><strong>l.</strong></span> <span class='ocrx_word' id='word_1_287' title='bbox 890 2170 961 2183; x_wconf 86' lang='lat'><strong>—-</strong></span> <span class='ocrx_word' id='word_1_288' title='bbox 980 2140 1104 2194; x_wconf 69' lang='lat' dir='ltr'><strong>Dixi</strong></span> <span class='ocrx_word' id='word_1_289' title='bbox 1141 2140 1196 2193; x_wconf 90' lang='lat' dir='ltr'><strong>in</strong></span> <span class='ocrx_word' id='word_1_290' title='bbox 1224 2139 1377 2192; x_wconf 86' lang='lat' dir='ltr'><strong>corde</strong></span> <span class='ocrx_word' id='word_1_291' title='bbox 1401 2154 1551 2191; x_wconf 86' lang='lat' dir='ltr'><strong>meo:</strong></span> <span class='ocrx_word' id='word_1_292' title='bbox 1582 2137 1781 2191; x_wconf 80' lang='lat' dir='ltr'><strong>Vadam</strong></span> <span class='ocrx_word' id='word_1_293' title='bbox 1819 2146 1865 2189; x_wconf 88' lang='lat' dir='ltr'><strong>et</strong></span> <span class='ocrx_word' id='word_1_294' title='bbox 1906 2136 2111 2207; x_wconf 64' lang='lat' dir='ltr'><strong>afﬂuant</strong></span> 
     </span>
    </p>
   </div>
   <div class='ocr_carea' id='block_1_38' title="bbox 556 2225 2113 2300">
    <p class='ocr_par' dir='ltr' id='par_1_38' title="bbox 556 2225 2113 2300">
     <span class='ocr_line' id='line_1_38' title="bbox 556 2225 2113 2300; baseline -0.008 -14"><span class='ocrx_word' id='word_1_295' title='bbox 556 2231 772 2296; x_wconf 86' lang='lat' dir='ltr'><strong>deliciis,</strong></span> <span class='ocrx_word' id='word_1_296' title='bbox 819 2242 869 2285; x_wconf 85' lang='lat' dir='ltr'><strong>et</strong></span> <span class='ocrx_word' id='word_1_297' title='bbox 894 2231 1045 2300; x_wconf 81' lang='lat' dir='ltr'><strong>fruar</strong></span> <span class='ocrx_word' id='word_1_298' title='bbox 1068 2228 1246 2291; x_wconf 86' lang='lat' dir='ltr'><strong>bonis,</strong></span> <span class='ocrx_word' id='word_1_299' title='bbox 1272 2234 1321 2279; x_wconf 80' lang='lat' dir='ltr'><strong>et</strong></span> <span class='ocrx_word' id='word_1_300' title='bbox 1345 2225 1447 2279; x_wconf 78' lang='lat' dir='ltr'><strong>uidi</strong></span> <span class='ocrx_word' id='word_1_301' title='bbox 1484 2225 1622 2295; x_wconf 86' lang='lat' dir='ltr'><strong>quod</strong></span> <span class='ocrx_word' id='word_1_302' title='bbox 1646 2226 1740 2277; x_wconf 84' lang='lat' dir='ltr'><strong>hoc</strong></span> <span class='ocrx_word' id='word_1_303' title='bbox 1765 2239 1963 2294; x_wconf 80' lang='lat' dir='ltr'><strong>quoque</strong></span> <span class='ocrx_word' id='word_1_304' title='bbox 1986 2230 2113 2275; x_wconf 80' lang='lat' dir='ltr'><strong>esset</strong></span> 
     </span>
    </p>
   </div>
   <div class='ocr_carea' id='block_1_39' title="bbox 554 2308 2112 2375">
    <p class='ocr_par' dir='ltr' id='par_1_39' title="bbox 554 2308 2112 2375">
     <span class='ocr_line' id='line_1_39' title="bbox 554 2308 2112 2375; baseline -0.008 -1"><span class='ocrx_word' id='word_1_305' title='bbox 554 2321 773 2374; x_wconf 76' lang='lat' dir='ltr'><strong>uanitas.</strong></span> <span class='ocrx_word' id='word_1_306' title='bbox 806 2319 904 2372; x_wconf 81' lang='lat' dir='ltr'><strong>Hic</strong></span> <span class='ocrx_word' id='word_1_307' title='bbox 927 2314 1321 2371; x_wconf 86' lang='lat' dir='ltr'><strong>concionatoris</strong></span> <span class='ocrx_word' id='word_1_308' title='bbox 1353 2312 1528 2375; x_wconf 90' lang='lat' dir='ltr'><strong>modo,</strong></span> <span class='ocrx_word' id='word_1_309' title='bbox 1556 2311 1826 2367; x_wconf 87' lang='lat' dir='ltr'><strong>communi</strong></span> <span class='ocrx_word' id='word_1_310' title='bbox 1845 2308 2112 2364; x_wconf 79' lang='lat' dir='ltr'><strong>sententia</strong></span> 
     </span>
    </p>
   </div>
   <div class='ocr_carea' id='block_1_40' title="bbox 554 2396 2117 2476">
    <p class='ocr_par' dir='ltr' id='par_1_40' title="bbox 554 2396 2117 2476">
     <span class='ocr_line' id='line_1_40' title="bbox 554 2396 2117 2476; baseline -0.008 -16"><span class='ocrx_word' id='word_1_311' title='bbox 554 2407 697 2476; x_wconf 85' lang='lat' dir='ltr'><strong>vulgi</strong></span> <span class='ocrx_word' id='word_1_312' title='bbox 726 2404 978 2471; x_wconf 83' lang='lat' dir='ltr'><strong>loquitur,</strong></span> <span class='ocrx_word' id='word_1_313' title='bbox 1004 2414 1163 2471; x_wconf 87' lang='lat' dir='ltr'><strong>quam</strong></span> <span class='ocrx_word' id='word_1_314' title='bbox 1188 2408 1368 2454; x_wconf 88' lang='lat' dir='ltr'><strong>tamen</strong></span> <span class='ocrx_word' id='word_1_315' title='bbox 1398 2414 1589 2452; x_wconf 85' lang='lat' dir='ltr'><strong>vanam</strong></span> <span class='ocrx_word' id='word_1_316' title='bbox 1628 2397 1878 2453; x_wconf 82' lang='lat' dir='ltr'><strong>ostendit.</strong></span> <span class='ocrx_word' id='word_1_317' title='bbox 1925 2396 1991 2449; x_wconf 84' lang='lat' dir='ltr'><strong>Et</strong></span> <span class='ocrx_word' id='word_1_318' title='bbox 2032 2401 2117 2448; x_wconf 89' lang='lat' dir='ltr'><strong>est</strong></span> 
     </span>
    </p>
   </div>
   <div class='ocr_carea' id='block_1_41' title="bbox 558 2482 2117 2560">
    <p class='ocr_par' dir='ltr' id='par_1_41' title="bbox 558 2482 2117 2560">
     <span class='ocr_line' id='line_1_41' title="bbox 558 2482 2117 2560; baseline -0.009 -11"><span class='ocrx_word' id='word_1_319' title='bbox 558 2509 747 2549; x_wconf 85' lang='lat' dir='ltr'><strong>sensus</strong></span> <span class='ocrx_word' id='word_1_320' title='bbox 770 2508 786 2546; x_wconf 88' lang='lat'><strong>:</strong></span> <span class='ocrx_word' id='word_1_321' title='bbox 806 2492 1093 2559; x_wconf 85' lang='lat' dir='ltr'><strong>Postquam</strong></span> <span class='ocrx_word' id='word_1_322' title='bbox 1118 2490 1172 2544; x_wconf 90' lang='lat' dir='ltr'><strong>iu</strong></span> <span class='ocrx_word' id='word_1_323' title='bbox 1200 2487 1537 2543; x_wconf 85' lang='lat' dir='ltr'><strong>multitudine</strong></span> <span class='ocrx_word' id='word_1_324' title='bbox 1574 2485 1863 2555; x_wconf 63' lang='lat' dir='ltr'><strong>sapientiae,</strong></span> <span class='ocrx_word' id='word_1_325' title='bbox 1891 2490 1946 2537; x_wconf 90' lang='lat' dir='ltr'><strong>et</strong></span> <span class='ocrx_word' id='word_1_326' title='bbox 1973 2482 2117 2560; x_wconf 54' lang='lat' dir='ltr'><strong>adje.</strong></span> 
     </span>
    </p>
   </div>
   <div class='ocr_carea' id='block_1_42' title="bbox 559 2577 2113 2646">
    <p class='ocr_par' dir='ltr' id='par_1_42' title="bbox 559 2577 2113 2646">
     <span class='ocr_line' id='line_1_42' title="bbox 559 2577 2113 2646; baseline -0.009 -6"><span class='ocrx_word' id='word_1_327' title='bbox 559 2585 735 2640; x_wconf 87' lang='lat' dir='ltr'><strong>ctione</strong></span> <span class='ocrx_word' id='word_1_328' title='bbox 775 2582 1032 2646; x_wconf 61' lang='lat' dir='ltr'><strong>scientiae,</strong></span> <span class='ocrx_word' id='word_1_329' title='bbox 1060 2580 1295 2635; x_wconf 85' lang='lat' dir='ltr'><strong>dolorem</strong></span> <span class='ocrx_word' id='word_1_330' title='bbox 1342 2585 1396 2631; x_wconf 92' lang='lat' dir='ltr'><strong>et</strong></span> <span class='ocrx_word' id='word_1_331' title='bbox 1438 2577 1671 2631; x_wconf 87' lang='lat' dir='ltr'><strong>laborem</strong></span> <span class='ocrx_word' id='word_1_332' title='bbox 1711 2589 1829 2630; x_wconf 86' lang='lat' dir='ltr'><strong>esse</strong></span> <span class='ocrx_word' id='word_1_333' title='bbox 1869 2587 2113 2641; x_wconf 85' lang='lat' dir='ltr'><strong>compre-</strong></span> 
     </span>
    </p>
   </div>
   <div class='ocr_carea' id='block_1_43' title="bbox 557 2662 2117 2735">
    <p class='ocr_par' dir='ltr' id='par_1_43' title="bbox 557 2662 2117 2735">
     <span class='ocr_line' id='line_1_43' title="bbox 557 2662 2117 2735; baseline -0.01 -6"><span class='ocrx_word' id='word_1_334' title='bbox 557 2674 735 2735; x_wconf 78' lang='lat' dir='ltr'><strong>hendi,</strong></span> <span class='ocrx_word' id='word_1_335' title='bbox 763 2679 817 2727; x_wconf 90' lang='lat' dir='ltr'><strong>et</strong></span> <span class='ocrx_word' id='word_1_336' title='bbox 860 2669 995 2725; x_wconf 85' lang='lat' dir='ltr'><strong>nihil</strong></span> <span class='ocrx_word' id='word_1_337' title='bbox 1034 2668 1177 2723; x_wconf 88' lang='lat' dir='ltr'><strong>aliud</strong></span> <span class='ocrx_word' id='word_1_338' title='bbox 1219 2669 1323 2722; x_wconf 84' lang='lat' dir='ltr'><strong>nisi</strong></span> <span class='ocrx_word' id='word_1_339' title='bbox 1362 2664 1854 2722; x_wconf 70' lang='lat' dir='ltr'><strong>casstmiJahorem</strong></span> <span class='ocrx_word' id='word_1_340' title='bbox 1878 2671 1933 2716; x_wconf 92' lang='lat' dir='ltr'><strong>et</strong></span> <span class='ocrx_word' id='word_1_341' title='bbox 1958 2662 2117 2715; x_wconf 87' lang='lat' dir='ltr'><strong>inane</strong></span> 
     </span>
    </p>
   </div>
   <div class='ocr_carea' id='block_1_44' title="bbox 559 2751 2115 2822">
    <p class='ocr_par' dir='ltr' id='par_1_44' title="bbox 559 2751 2115 2822">
     <span class='ocr_line' id='line_1_44' title="bbox 559 2751 2115 2822; baseline -0.009 -4"><span class='ocrx_word' id='word_1_342' title='bbox 559 2771 848 2822; x_wconf 80' lang='lat' dir='ltr'><strong>certamen,</strong></span> <span class='ocrx_word' id='word_1_343' title='bbox 874 2759 1118 2814; x_wconf 88' lang='lat' dir='ltr'><strong>transtuli</strong></span> <span class='ocrx_word' id='word_1_344' title='bbox 1146 2772 1231 2812; x_wconf 89' lang='lat' dir='ltr'><strong>me</strong></span> <span class='ocrx_word' id='word_1_345' title='bbox 1257 2757 1324 2811; x_wconf 91' lang='lat' dir='ltr'><strong>ad</strong></span> <span class='ocrx_word' id='word_1_346' title='bbox 1348 2756 1584 2810; x_wconf 70' lang='lat' dir='ltr'><strong>laetitiam</strong></span> <span class='ocrx_word' id='word_1_347' title='bbox 1603 2794 1617 2817; x_wconf 92' lang='lat'><strong>,</strong></span> <span class='ocrx_word' id='word_1_348' title='bbox 1644 2763 1704 2807; x_wconf 91' lang='lat' dir='ltr'><strong>ut</strong></span> <span class='ocrx_word' id='word_1_349' title='bbox 1732 2752 1855 2806; x_wconf 82' lang='lat' dir='ltr'><strong>luxu</strong></span> <span class='ocrx_word' id='word_1_350' title='bbox 1887 2751 2115 2815; x_wconf 79' lang='lat' dir='ltr'><strong>fruerer,</strong></span> 
     </span>
    </p>
   </div>
   <div class='ocr_carea' id='block_1_45' title="bbox 560 2842 2117 2919">
    <p class='ocr_par' dir='ltr' id='par_1_45' title="bbox 560 2842 2117 2919">
     <span class='ocr_line' id='line_1_45' title="bbox 560 2842 2117 2919; baseline -0.008 -14"><span class='ocrx_word' id='word_1_351' title='bbox 560 2858 614 2905; x_wconf 91' lang='lat' dir='ltr'><strong>et</strong></span> <span class='ocrx_word' id='word_1_352' title='bbox 639 2864 1016 2919; x_wconf 84' lang='lat' dir='ltr'><strong>congregarem</strong></span> <span class='ocrx_word' id='word_1_353' title='bbox 1058 2862 1203 2917; x_wconf 90' lang='lat' dir='ltr'><strong>opes,</strong></span> <span class='ocrx_word' id='word_1_354' title='bbox 1234 2856 1289 2900; x_wconf 92' lang='lat' dir='ltr'><strong>et</strong></span> <span class='ocrx_word' id='word_1_355' title='bbox 1329 2854 1390 2899; x_wconf 92' lang='lat' dir='ltr'><strong>ut</strong></span> <span class='ocrx_word' id='word_1_356' title='bbox 1438 2844 1637 2898; x_wconf 84' lang='lat' dir='ltr'><strong>divitiis</strong></span> <span class='ocrx_word' id='word_1_357' title='bbox 1683 2842 2028 2903; x_wconf 85' lang='lat' dir='ltr'><strong>abundarem,</strong></span> <span class='ocrx_word' id='word_1_358' title='bbox 2061 2847 2117 2893; x_wconf 91' lang='lat' dir='ltr'><strong>et</strong></span> 
     </span>
    </p>
   </div>
   <div class='ocr_carea' id='block_1_46' title="bbox 557 2937 2114 3008">
    <p class='ocr_par' dir='ltr' id='par_1_46' title="bbox 557 2937 2114 3008">
     <span class='ocr_line' id='line_1_46' title="bbox 557 2937 2114 3008; baseline -0.008 -15"><span class='ocrx_word' id='word_1_359' title='bbox 557 2938 824 3008; x_wconf 65' lang='lat' dir='ltr'><strong>puituras</strong></span> <span class='ocrx_word' id='word_1_360' title='bbox 861 2937 1158 3005; x_wconf 83' lang='lat' dir='ltr'><strong>voluptates</strong></span> <span class='ocrx_word' id='word_1_361' title='bbox 1196 2947 1439 3002; x_wconf 87' lang='lat' dir='ltr'><strong>caperem</strong></span> <span class='ocrx_word' id='word_1_362' title='bbox 1468 2972 1481 2995; x_wconf 92' lang='lat'><strong>,</strong></span> <span class='ocrx_word' id='word_1_363' title='bbox 1527 2938 1809 2999; x_wconf 86' lang='lat' dir='ltr'><strong>antequam</strong></span> <span class='ocrx_word' id='word_1_364' title='bbox 1856 2942 2114 2983; x_wconf 83' lang='lat' dir='ltr'><strong>morerer.</strong></span> 
     </span>
    </p>
   </div>
   <div class='ocr_carea' id='block_1_47' title="bbox 566 3018 2119 3091">
    <p class='ocr_par' dir='ltr' id='par_1_47' title="bbox 566 3018 2119 3091">
     <span class='ocr_line' id='line_1_47' title="bbox 566 3018 2119 3091; baseline -0.009 -8"><span class='ocrx_word' id='word_1_365' title='bbox 566 3027 673 3083; x_wconf 79' lang='lat' dir='ltr'><strong>Sed</strong></span> <span class='ocrx_word' id='word_1_366' title='bbox 695 3027 825 3081; x_wconf 89' lang='lat' dir='ltr'><strong>etin</strong></span> <span class='ocrx_word' id='word_1_367' title='bbox 849 3027 948 3080; x_wconf 82' lang='lat' dir='ltr'><strong>hoc</strong></span> <span class='ocrx_word' id='word_1_368' title='bbox 970 3026 1256 3078; x_wconf 86' lang='lat' dir='ltr'><strong>vanitatem</strong></span> <span class='ocrx_word' id='word_1_369' title='bbox 1286 3025 1396 3091; x_wconf 87' lang='lat' dir='ltr'><strong>ipse</strong></span> <span class='ocrx_word' id='word_1_370' title='bbox 1412 3021 1678 3090; x_wconf 77' lang='lat' dir='ltr'><strong>perspexi,</strong></span> <span class='ocrx_word' id='word_1_371' title='bbox 1701 3020 1826 3073; x_wconf 91' lang='lat' dir='ltr'><strong>dum</strong></span> <span class='ocrx_word' id='word_1_372' title='bbox 1848 3018 2119 3087; x_wconf 66' lang='lat' dir='ltr'><strong>praeterita</strong></span> 
     </span>
    </p>
   </div>
   <div class='ocr_carea' id='block_1_48' title="bbox 563 3094 2195 3187">
    <p class='ocr_par' dir='ltr' id='par_1_48' title="bbox 563 3094 2195 3187">
     <span class='ocr_line' id='line_1_48' title="bbox 563 3094 2195 3187; baseline -0.01 -15"><span class='ocrx_word' id='word_1_373' title='bbox 563 3118 809 3187; x_wconf 80' lang='lat' dir='ltr'><strong>voluptas</strong></span> <span class='ocrx_word' id='word_1_374' title='bbox 852 3122 1166 3186; x_wconf 66' lang='lat' dir='ltr'><strong>praesentem</strong></span> <span class='ocrx_word' id='word_1_375' title='bbox 1193 3127 1299 3165; x_wconf 92' lang='lat' dir='ltr'><strong>non</strong></span> <span class='ocrx_word' id='word_1_376' title='bbox 1333 3107 1505 3183; x_wconf 68' lang='lat' dir='ltr'><strong>jpvat&#39;,</strong></span> <span class='ocrx_word' id='word_1_377' title='bbox 1530 3116 1583 3161; x_wconf 90' lang='lat' dir='ltr'><strong>et</strong></span> <span class='ocrx_word' id='word_1_378' title='bbox 1614 3108 1873 3159; x_wconf 79' lang='lat' dir='ltr'><strong>exhausta</strong></span> <span class='ocrx_word' id='word_1_379' title='bbox 1901 3120 2010 3157; x_wconf 82' lang='lat' dir='ltr'><strong>non</strong></span> <span class='ocrx_word' id='word_1_380' title='bbox 2037 3118 2120 3157; x_wconf 89' lang='lat' dir='ltr'><strong>sa-</strong></span> <span class='ocrx_word' id='word_1_381' title='bbox 2147 3094 2195 3157; x_wconf 84' lang='lat' dir='ltr'><strong><em>C</em></strong></span> 
     </span>
    </p>
   </div>
   <div class='ocr_carea' id='block_1_49' title="bbox 564 3198 2117 3263">
    <p class='ocr_par' dir='ltr' id='par_1_49' title="bbox 564 3198 2117 3263">
     <span class='ocr_line' id='line_1_49' title="bbox 564 3198 2117 3263; baseline -0.008 -2"><span class='ocrx_word' id='word_1_382' title='bbox 564 3209 684 3263; x_wconf 87' lang='lat' dir='ltr'><strong>tiat.</strong></span> <span class='ocrx_word' id='word_1_383' title='bbox 708 3207 830 3262; x_wconf 81' lang='lat' dir='ltr'><strong>ideo</strong></span> <span class='ocrx_word' id='word_1_384' title='bbox 855 3203 1086 3260; x_wconf 81' lang='lat' dir='ltr'><strong>intellexi</strong></span> <span class='ocrx_word' id='word_1_385' title='bbox 1107 3202 1373 3258; x_wconf 85' lang='lat' dir='ltr'><strong>carnalem</strong></span> <span class='ocrx_word' id='word_1_386' title='bbox 1389 3200 1654 3254; x_wconf 82' lang='lat' dir='ltr'><strong>luxuriam</strong></span> <span class='ocrx_word' id='word_1_387' title='bbox 1674 3213 1790 3251; x_wconf 89' lang='lat' dir='ltr'><strong>esse</strong></span> <span class='ocrx_word' id='word_1_388' title='bbox 1808 3198 2117 3259; x_wconf 87' lang='lat' dir='ltr'><strong>vanitatem,</strong></span> 
     </span>
    </p>
   </div>
   <div class='ocr_carea' id='block_1_50' title="bbox 569 3295 1057 3364">
    <p class='ocr_par' dir='ltr' id='par_1_50' title="bbox 569 3295 1057 3364">
     <span class='ocr_line' id='line_1_50' title="bbox 569 3295 1057 3364; baseline -0.014 -12"><span class='ocrx_word' id='word_1_389' title='bbox 569 3304 629 3351; x_wconf 80' lang='lat' dir='ltr'><strong>et</strong></span> <span class='ocrx_word' id='word_1_390' title='bbox 648 3295 816 3364; x_wconf 66' lang='lat' dir='ltr'><strong>adieci</strong></span> <span class='ocrx_word' id='word_1_391' title='bbox 838 3295 1019 3349; x_wconf 86' lang='lat' dir='ltr'><strong>dicens</strong></span> <span class='ocrx_word' id='word_1_392' title='bbox 1042 3307 1057 3345; x_wconf 90' lang='lat'><strong>:</strong></span> 
     </span>
    </p>
   </div>
   <div class='ocr_carea' id='block_1_51' title="bbox 638 3371 2127 3457">
    <p class='ocr_par' dir='ltr' id='par_1_51' title="bbox 638 3371 2127 3457">
     <span class='ocr_line' id='line_1_51' title="bbox 638 3371 2127 3457; baseline -0.013 -16"><span class='ocrx_word' id='word_1_393' title='bbox 638 3384 801 3457; x_wconf 57' lang='lat'><strong>‘16</strong></span> <span class='ocrx_word' id='word_1_394' title='bbox 825 3382 987 3439; x_wconf 63' lang='lat' dir='ltr'><strong>Vens.</strong></span> <span class='ocrx_word' id='word_1_395' title='bbox 1014 3379 1345 3434; x_wconf 67' lang='lat' dir='ltr'><strong>2.-—-Risum</strong></span> <span class='ocrx_word' id='word_1_396' title='bbox 1377 3383 1556 3447; x_wconf 67' lang='lat' dir='ltr'><strong>putaui</strong></span> <span class='ocrx_word' id='word_1_397' title='bbox 1589 3389 1843 3437; x_wconf 76' lang='lat' dir='ltr'><strong>errorem,</strong></span> <span class='ocrx_word' id='word_1_398' title='bbox 1862 3381 1908 3425; x_wconf 84' lang='lat' dir='ltr'><strong>et</strong></span> <span class='ocrx_word' id='word_1_399' title='bbox 1938 3371 2127 3441; x_wconf 87' lang='lat' dir='ltr'><strong>gaudio</strong></span> 
     </span>
    </p>
   </div>
   <div class='ocr_carea' id='block_1_52' title="bbox 569 3462 2125 3540">
    <p class='ocr_par' dir='ltr' id='par_1_52' title="bbox 569 3462 2125 3540">
     <span class='ocr_line' id='line_1_52' title="bbox 569 3462 2125 3540; baseline -0.011 -11"><span class='ocrx_word' id='word_1_400' title='bbox 569 3475 711 3529; x_wconf 69' lang='lat' dir='ltr'><strong>dixi:</strong></span> <span class='ocrx_word' id='word_1_401' title='bbox 736 3473 875 3538; x_wconf 81' lang='lat' dir='ltr'><strong>Quid</strong></span> <span class='ocrx_word' id='word_1_402' title='bbox 906 3472 1100 3540; x_wconf 81' lang='lat' dir='ltr'><strong>frustra</strong></span> <span class='ocrx_word' id='word_1_403' title='bbox 1139 3469 1425 3539; x_wconf 77' lang='lat' dir='ltr'><strong>deciperis?</strong></span> <span class='ocrx_word' id='word_1_404' title='bbox 1450 3466 1562 3520; x_wconf 83' lang='lat' dir='ltr'><strong>Hoc</strong></span> <span class='ocrx_word' id='word_1_405' title='bbox 1584 3472 1665 3523; x_wconf 87' lang='lat' dir='ltr'><strong>est</strong></span> <span class='ocrx_word' id='word_1_406' title='bbox 1695 3463 1835 3532; x_wconf 88' lang='lat' dir='ltr'><strong>quod</strong></span> <span class='ocrx_word' id='word_1_407' title='bbox 1874 3463 1925 3515; x_wconf 93' lang='lat' dir='ltr'><strong>in</strong></span> <span class='ocrx_word' id='word_1_408' title='bbox 1951 3462 2125 3515; x_wconf 82' lang='lat' dir='ltr'><strong>Evan-</strong></span> 
     </span>
    </p>
   </div>
   <div class='ocr_carea' id='block_1_53' title="bbox 570 3549 2129 3632">
    <p class='ocr_par' dir='ltr' id='par_1_53' title="bbox 570 3549 2129 3632">
     <span class='ocr_line' id='line_1_53' title="bbox 570 3549 2129 3632; baseline -0.01 -16"><span class='ocrx_word' id='word_1_409' title='bbox 570 3561 707 3632; x_wconf 78' lang='lat' dir='ltr'><strong>gelia</strong></span> <span class='ocrx_word' id='word_1_410' title='bbox 761 3561 989 3628; x_wconf 84' lang='lat' dir='ltr'><strong>legitur:</strong></span> <span class='ocrx_word' id='word_1_411' title='bbox 1022 3556 1110 3611; x_wconf 77' lang='grc' dir='ltr'><strong>νω</strong></span> <span class='ocrx_word' id='word_1_412' title='bbox 1154 3558 1295 3610; x_wconf 75' lang='lat' dir='ltr'><strong>nobis</strong></span> <span class='ocrx_word' id='word_1_413' title='bbox 1339 3556 1429 3626; x_wconf 80' lang='lat' dir='ltr'><strong>qui</strong></span> <span class='ocrx_word' id='word_1_414' title='bbox 1475 3554 1650 3607; x_wconf 80' lang='lat' dir='ltr'><strong>ridetis</strong></span> <span class='ocrx_word' id='word_1_415' title='bbox 1674 3592 1688 3616; x_wconf 96' lang='lat'><strong>,</strong></span> <span class='ocrx_word' id='word_1_416' title='bbox 1728 3552 1852 3621; x_wconf 85' lang='lat' dir='ltr'><strong>quia</strong></span> <span class='ocrx_word' id='word_1_417' title='bbox 1895 3549 2129 3619; x_wconf 79' lang='lat' dir='ltr'><strong>lugebitis</strong></span> 
     </span>
    </p>
   </div>
   <div class='ocr_carea' id='block_1_54' title="bbox 571 3638 2131 3722">
    <p class='ocr_par' dir='ltr' id='par_1_54' title="bbox 571 3638 2131 3722">
     <span class='ocr_line' id='line_1_54' title="bbox 571 3638 2131 3722; baseline -0.006 -18"><span class='ocrx_word' id='word_1_418' title='bbox 571 3650 719 3722; x_wconf 66' lang='lat' dir='ltr'><strong>(ue.</strong></span> <span class='ocrx_word' id='word_1_419' title='bbox 747 3664 819 3714; x_wconf 85' lang='lat' dir='ltr'><strong>vt,</strong></span> <span class='ocrx_word' id='word_1_420' title='bbox 843 3649 954 3718; x_wconf 70' lang='lat'><strong>25).</strong></span> <span class='ocrx_word' id='word_1_421' title='bbox 998 3647 1342 3714; x_wconf 83' lang='lat' dir='ltr'><strong>Decipiuntur</strong></span> <span class='ocrx_word' id='word_1_422' title='bbox 1370 3660 1497 3699; x_wconf 91' lang='lat' dir='ltr'><strong>vero</strong></span> <span class='ocrx_word' id='word_1_423' title='bbox 1533 3644 1624 3712; x_wconf 89' lang='lat' dir='ltr'><strong>qui</strong></span> <span class='ocrx_word' id='word_1_424' title='bbox 1660 3642 1894 3696; x_wconf 85' lang='lat' dir='ltr'><strong>carnalia</strong></span> <span class='ocrx_word' id='word_1_425' title='bbox 1932 3638 1987 3695; x_wconf 86' lang='lat' dir='ltr'><strong>in</strong></span> <span class='ocrx_word' id='word_1_426' title='bbox 2027 3642 2131 3694; x_wconf 82' lang='lat' dir='ltr'><strong>hoc</strong></span> 
     </span>
    </p>
   </div>
   <div class='ocr_carea' id='block_1_55' title="bbox 571 3733 2131 3807">
    <p class='ocr_par' dir='ltr' id='par_1_55' title="bbox 571 3733 2131 3807">
     <span class='ocr_line' id='line_1_55' title="bbox 571 3733 2131 3807; baseline -0.006 -12"><span class='ocrx_word' id='word_1_427' title='bbox 571 3734 767 3795; x_wconf 67' lang='lat' dir='ltr'><strong>saeculo</strong></span> <span class='ocrx_word' id='word_1_428' title='bbox 806 3746 1100 3807; x_wconf 87' lang='lat' dir='ltr'><strong>sequuntur</strong></span> <span class='ocrx_word' id='word_1_429' title='bbox 1128 3737 1408 3799; x_wconf 89' lang='lat' dir='ltr'><strong>desideria,</strong></span> <span class='ocrx_word' id='word_1_430' title='bbox 1440 3742 1495 3789; x_wconf 93' lang='lat' dir='ltr'><strong>et</strong></span> <span class='ocrx_word' id='word_1_431' title='bbox 1522 3734 1692 3803; x_wconf 87' lang='lat' dir='ltr'><strong>magis</strong></span> <span class='ocrx_word' id='word_1_432' title='bbox 1738 3733 2024 3787; x_wconf 76' lang='lat' dir='ltr'><strong>carnaliter</strong></span> <span class='ocrx_word' id='word_1_433' title='bbox 2054 3733 2131 3785; x_wconf 89' lang='lat' dir='ltr'><strong>vi-</strong></span> 
     </span>
    </p>
   </div>
   <div class='ocr_carea' id='block_1_56' title="bbox 570 3825 2130 3897">
    <p class='ocr_par' dir='ltr' id='par_1_56' title="bbox 570 3825 2130 3897">
     <span class='ocr_line' id='line_1_56' title="bbox 570 3825 2130 3897; baseline -0.006 -14"><span class='ocrx_word' id='word_1_434' title='bbox 570 3838 703 3883; x_wconf 89' lang='lat' dir='ltr'><strong>vunt</strong></span> <span class='ocrx_word' id='word_1_435' title='bbox 724 3843 885 3897; x_wconf 74' lang='lat' dir='ltr'><strong>quain</strong></span> <span class='ocrx_word' id='word_1_436' title='bbox 910 3826 1277 3895; x_wconf 83' lang='lat' dir='ltr'><strong>spiritualiter,</strong></span> <span class='ocrx_word' id='word_1_437' title='bbox 1304 3825 1630 3878; x_wconf 63' lang='lat' dir='ltr'><strong>aestimantes</strong></span> <span class='ocrx_word' id='word_1_438' title='bbox 1659 3831 1973 3890; x_wconf 83' lang='lat' dir='ltr'><strong>perpetuum</strong></span> <span class='ocrx_word' id='word_1_439' title='bbox 2013 3836 2130 3875; x_wconf 88' lang='lat' dir='ltr'><strong>csse</strong></span> 
     </span>
    </p>
   </div>
   <div class='ocr_carea' id='block_1_57' title="bbox 575 3909 2127 3987">
    <p class='ocr_par' dir='ltr' id='par_1_57' title="bbox 575 3909 2127 3987">
     <span class='ocr_line' id='line_1_57' title="bbox 575 3909 2127 3987; baseline -0.005 -17"><span class='ocrx_word' id='word_1_440' title='bbox 575 3918 721 3987; x_wconf 83' lang='lat' dir='ltr'><strong>quod</strong></span> <span class='ocrx_word' id='word_1_441' title='bbox 743 3917 889 3971; x_wconf 86' lang='lat' dir='ltr'><strong>velut</strong></span> <span class='ocrx_word' id='word_1_442' title='bbox 911 3915 1100 3968; x_wconf 87' lang='lat' dir='ltr'><strong>umbra</strong></span> <span class='ocrx_word' id='word_1_443' title='bbox 1128 3914 1383 3966; x_wconf 85' lang='lat' dir='ltr'><strong>citissime</strong></span> <span class='ocrx_word' id='word_1_444' title='bbox 1410 3911 1658 3965; x_wconf 83' lang='lat' dir='ltr'><strong>transibit</strong></span> <span class='ocrx_word' id='word_1_445' title='bbox 1681 3909 1832 3980; x_wconf 65' lang='grc' dir='ltr'><strong>μίση</strong></span> <span class='ocrx_word' id='word_1_446' title='bbox 1862 3910 2127 3980; x_wconf 82' lang='lat' dir='ltr'><strong>transiet],</strong></span> 
     </span>
    </p>
   </div>
   <div class='ocr_carea' id='block_1_58' title="bbox 573 4000 2131 4072">
    <p class='ocr_par' dir='ltr' id='par_1_58' title="bbox 573 4000 2131 4072">
     <span class='ocr_line' id='line_1_58' title="bbox 573 4000 2131 4072; baseline -0.006 -9"><span class='ocrx_word' id='word_1_447' title='bbox 573 4016 627 4063; x_wconf 87' lang='lat' dir='ltr'><strong>et</strong></span> <span class='ocrx_word' id='word_1_448' title='bbox 651 4006 802 4060; x_wconf 89' lang='lat' dir='ltr'><strong>labor</strong></span> <span class='ocrx_word' id='word_1_449' title='bbox 831 4004 1009 4057; x_wconf 87' lang='lat' dir='ltr'><strong>dolore</strong></span> <span class='ocrx_word' id='word_1_450' title='bbox 1036 4002 1303 4072; x_wconf 88' lang='lat' dir='ltr'><strong>punietur.</strong></span> <span class='ocrx_word' id='word_1_451' title='bbox 1345 4000 1527 4054; x_wconf 87' lang='lat' dir='ltr'><strong>Potest</strong></span> <span class='ocrx_word' id='word_1_452' title='bbox 1553 4002 1654 4054; x_wconf 89' lang='lat' dir='ltr'><strong>hoc</strong></span> <span class='ocrx_word' id='word_1_453' title='bbox 1682 4009 1735 4053; x_wconf 87' lang='lat' dir='ltr'><strong>et</strong></span> <span class='ocrx_word' id='word_1_454' title='bbox 1773 4000 1838 4053; x_wconf 87' lang='lat' dir='ltr'><strong>de</strong></span> <span class='ocrx_word' id='word_1_455' title='bbox 1864 4000 2131 4054; x_wconf 54' lang='lat' dir='ltr'><strong>haereticis</strong></span> 
     </span>
    </p>
   </div>
   <div class='ocr_carea' id='block_1_59' title="bbox 577 4090 2130 4163">
    <p class='ocr_par' dir='ltr' id='par_1_59' title="bbox 577 4090 2130 4163">
     <span class='ocr_line' id='line_1_59' title="bbox 577 4090 2130 4163; baseline -0.003 -16"><span class='ocrx_word' id='word_1_456' title='bbox 577 4094 765 4163; x_wconf 82' lang='lat' dir='ltr'><strong>accipi,</strong></span> <span class='ocrx_word' id='word_1_457' title='bbox 788 4094 879 4162; x_wconf 75' lang='lat' dir='ltr'><strong>qui</strong></span> <span class='ocrx_word' id='word_1_458' title='bbox 902 4091 1056 4146; x_wconf 79' lang='lat' dir='ltr'><strong>falsis</strong></span> <span class='ocrx_word' id='word_1_459' title='bbox 1086 4090 1419 4161; x_wconf 70' lang='lat' dir='ltr'><strong>dogmatibus</strong></span> <span class='ocrx_word' id='word_1_460' title='bbox 1444 4091 1857 4157; x_wconf 80' lang='lat' dir='ltr'><strong>acquiescentes,</strong></span> <span class='ocrx_word' id='word_1_461' title='bbox 1879 4090 2000 4143; x_wconf 72' lang='lat' dir='ltr'><strong>L&#39;cta</strong></span> <span class='ocrx_word' id='word_1_462' title='bbox 2031 4090 2130 4143; x_wconf 89' lang='lat' dir='ltr'><strong>sibi</strong></span> 
     </span>
    </p>
   </div>
   <div class='ocr_carea' id='block_1_60' title="bbox 571 4175 2130 4249">
    <p class='ocr_par' dir='ltr' id='par_1_60' title="bbox 571 4175 2130 4249">
     <span class='ocr_line' id='line_1_60' title="bbox 571 4175 2130 4249; baseline -0.004 -13"><span class='ocrx_word' id='word_1_463' title='bbox 571 4190 629 4237; x_wconf 85' lang='lat' dir='ltr'><strong>et</strong></span> <span class='ocrx_word' id='word_1_464' title='bbox 656 4195 910 4249; x_wconf 66' lang='lat' dir='ltr'><strong>proSpera</strong></span> <span class='ocrx_word' id='word_1_465' title='bbox 936 4178 1277 4247; x_wconf 85' lang='lat' dir='ltr'><strong>promittunt.</strong></span> <span class='ocrx_word' id='word_1_466' title='bbox 1299 4178 1421 4231; x_wconf 90' lang='lat' dir='ltr'><strong>dum</strong></span> <span class='ocrx_word' id='word_1_467' title='bbox 1448 4175 1557 4229; x_wconf 80' lang='lat' dir='ltr'><strong>sint</strong></span> <span class='ocrx_word' id='word_1_468' title='bbox 1595 4176 1687 4228; x_wconf 83' lang='lat' dir='ltr'><strong>lilii</strong></span> <span class='ocrx_word' id='word_1_469' title='bbox 1712 4184 1979 4245; x_wconf 64' lang='lat' dir='ltr'><strong>perpetua:</strong></span> <span class='ocrx_word' id='word_1_470' title='bbox 2011 4191 2130 4244; x_wconf 79' lang='lat' dir='ltr'><strong>pcr~</strong></span> 
     </span>
    </p>
   </div>
   <div class='ocr_carea' id='block_1_61' title="bbox 577 4269 815 4324">
    <p class='ocr_par' dir='ltr' id='par_1_61' title="bbox 577 4269 815 4324">
     <span class='ocr_line' id='line_1_61' title="bbox 577 4269 815 4324; baseline -0.017 0"><span class='ocrx_word' id='word_1_471' title='bbox 577 4269 815 4324; x_wconf 82' lang='lat' dir='ltr'><strong>ditionis.</strong></span> 
     </span>
    </p>
   </div>
   <div class='ocr_carea' id='block_1_62' title="bbox 644 4346 2130 4424">
    <p class='ocr_par' dir='ltr' id='par_1_62' title="bbox 644 4346 2130 4424">
     <span class='ocr_line' id='line_1_62' title="bbox 644 4346 2130 4424; baseline -0.005 -13"><span class='ocrx_word' id='word_1_472' title='bbox 644 4357 809 4411; x_wconf 67' lang='lat' dir='ltr'><strong>Vens.</strong></span> <span class='ocrx_word' id='word_1_473' title='bbox 838 4356 890 4410; x_wconf 80' lang='grc'><strong>5.</strong></span> <span class='ocrx_word' id='word_1_474' title='bbox 913 4384 985 4395; x_wconf 93' lang='lat'><strong>—-</strong></span> <span class='ocrx_word' id='word_1_475' title='bbox 1003 4346 1241 4424; x_wconf 67' lang='grc' dir='ltr'><strong>σοςίρτηι</strong></span> <span class='ocrx_word' id='word_1_476' title='bbox 1255 4354 1308 4407; x_wconf 84' lang='lat' dir='ltr'><strong>in</strong></span> <span class='ocrx_word' id='word_1_477' title='bbox 1330 4354 1481 4407; x_wconf 89' lang='lat' dir='ltr'><strong>corde</strong></span> <span class='ocrx_word' id='word_1_478' title='bbox 1509 4369 1618 4405; x_wconf 87' lang='lat' dir='ltr'><strong>meo</strong></span> <span class='ocrx_word' id='word_1_479' title='bbox 1647 4353 1939 4413; x_wconf 76' lang='lat' dir='ltr'><strong>abstrahere</strong></span> <span class='ocrx_word' id='word_1_480' title='bbox 1958 4370 1989 4404; x_wconf 88' lang='lat' dir='ltr'><strong>a</strong></span> <span class='ocrx_word' id='word_1_481' title='bbox 2012 4354 2130 4405; x_wconf 82' lang='lat' dir='ltr'><strong>vino</strong></span> 
     </span>
    </p>
   </div>
   <div class='ocr_carea' id='block_1_63' title="bbox 576 4442 2134 4513">
    <p class='ocr_par' dir='ltr' id='par_1_63' title="bbox 576 4442 2134 4513">
     <span class='ocr_line' id='line_1_63' title="bbox 576 4442 2134 4513; baseline -0.006 -11"><span class='ocrx_word' id='word_1_482' title='bbox 576 4464 784 4503; x_wconf 75' lang='lat' dir='ltr'><strong>carnem</strong></span> <span class='ocrx_word' id='word_1_483' title='bbox 810 4462 998 4511; x_wconf 79' lang='lat' dir='ltr'><strong>meam,</strong></span> <span class='ocrx_word' id='word_1_484' title='bbox 1030 4454 1085 4498; x_wconf 90' lang='lat' dir='ltr'><strong>ut</strong></span> <span class='ocrx_word' id='word_1_485' title='bbox 1111 4444 1445 4513; x_wconf 80' lang='lat' dir='ltr'><strong>transferrem</strong></span> <span class='ocrx_word' id='word_1_486' title='bbox 1471 4444 1701 4496; x_wconf 87' lang='lat' dir='ltr'><strong>animum</strong></span> <span class='ocrx_word' id='word_1_487' title='bbox 1746 4459 1914 4495; x_wconf 88' lang='lat' dir='ltr'><strong>meum</strong></span> <span class='ocrx_word' id='word_1_488' title='bbox 1953 4442 2021 4494; x_wconf 86' lang='lat' dir='ltr'><strong>ad</strong></span> <span class='ocrx_word' id='word_1_489' title='bbox 2049 4460 2134 4494; x_wconf 86' lang='lat' dir='ltr'><strong>sa-</strong></span> 
     </span>
    </p>
   </div>
   <div class='ocr_carea' id='block_1_64' title="bbox 574 4531 2132 4605">
    <p class='ocr_par' dir='ltr' id='par_1_64' title="bbox 574 4531 2132 4605">
     <span class='ocr_line' id='line_1_64' title="bbox 574 4531 2132 4605; baseline -0.004 -16"><span class='ocrx_word' id='word_1_490' title='bbox 574 4536 844 4605; x_wconf 76' lang='lat' dir='ltr'><strong>pientiam,</strong></span> <span class='ocrx_word' id='word_1_491' title='bbox 865 4534 1241 4602; x_wconf 81' lang='lat' dir='ltr'><strong>deoitamnque</strong></span> <span class='ocrx_word' id='word_1_492' title='bbox 1266 4532 1557 4593; x_wconf 80' lang='lat' dir='ltr'><strong>stultitiam,</strong></span> <span class='ocrx_word' id='word_1_493' title='bbox 1580 4531 1743 4584; x_wconf 85' lang='lat' dir='ltr'><strong>donec</strong></span> <span class='ocrx_word' id='word_1_494' title='bbox 1764 4532 1985 4584; x_wconf 82' lang='lat' dir='ltr'><strong>viderem</strong></span> <span class='ocrx_word' id='word_1_495' title='bbox 2010 4532 2132 4599; x_wconf 82' lang='lat' dir='ltr'><strong>quid</strong></span> 
     </span>
    </p>
   </div>
   <div class='ocr_carea' id='block_1_65' title="bbox 577 4620 2133 4692">
    <p class='ocr_par' dir='ltr' id='par_1_65' title="bbox 577 4620 2133 4692">
     <span class='ocr_line' id='line_1_65' title="bbox 577 4620 2133 4692; baseline -0.003 -14"><span class='ocrx_word' id='word_1_496' title='bbox 577 4634 705 4678; x_wconf 82' lang='lat' dir='ltr'><strong>esset</strong></span> <span class='ocrx_word' id='word_1_497' title='bbox 731 4625 858 4678; x_wconf 85' lang='lat' dir='ltr'><strong>utile</strong></span> <span class='ocrx_word' id='word_1_498' title='bbox 885 4625 1009 4692; x_wconf 76' lang='lat' dir='ltr'><strong>ﬁliis</strong></span> <span class='ocrx_word' id='word_1_499' title='bbox 1036 4624 1318 4687; x_wconf 81' lang='lat' dir='ltr'><strong>hominum,</strong></span> <span class='ocrx_word' id='word_1_500' title='bbox 1342 4639 1441 4692; x_wconf 85' lang='lat' dir='ltr'><strong>quo</strong></span> <span class='ocrx_word' id='word_1_501' title='bbox 1472 4620 1624 4692; x_wconf 76' lang='lat' dir='ltr'><strong>[Ms.,</strong></span> <span class='ocrx_word' id='word_1_502' title='bbox 1662 4621 1809 4691; x_wconf 83' lang='lat' dir='ltr'><strong>quid]</strong></span> <span class='ocrx_word' id='word_1_503' title='bbox 1842 4621 1977 4688; x_wconf 78' lang='lat' dir='ltr'><strong>facto</strong></span> <span class='ocrx_word' id='word_1_504' title='bbox 2005 4638 2133 4689; x_wconf 86' lang='lat' dir='ltr'><strong>opus</strong></span> 
     </span>
    </p>
   </div>
   <div class='ocr_carea' id='block_1_66' title="bbox 578 4706 2136 4777">
    <p class='ocr_par' dir='ltr' id='par_1_66' title="bbox 578 4706 2136 4777">
     <span class='ocr_line' id='line_1_66' title="bbox 578 4706 2136 4777; baseline -0.003 -14"><span class='ocrx_word' id='word_1_505' title='bbox 578 4721 661 4765; x_wconf 74' lang='lat' dir='ltr'><strong>est</strong></span> <span class='ocrx_word' id='word_1_506' title='bbox 682 4712 923 4775; x_wconf 72' lang='lat' dir='ltr'><strong>subacie,</strong></span> <span class='ocrx_word' id='word_1_507' title='bbox 956 4727 1167 4765; x_wconf 82' lang='lat' dir='ltr'><strong>numero</strong></span> <span class='ocrx_word' id='word_1_508' title='bbox 1195 4712 1393 4764; x_wconf 80' lang='lat' dir='ltr'><strong>dierum</strong></span> <span class='ocrx_word' id='word_1_509' title='bbox 1419 4712 1535 4763; x_wconf 68' lang='lat' dir='ltr'><strong>vita</strong></span> <span class='ocrx_word' id='word_1_510' title='bbox 1563 4706 1691 4762; x_wconf 78' lang='lat' dir='ltr'><strong>sua.</strong></span> <span class='ocrx_word' id='word_1_511' title='bbox 1728 4710 2008 4777; x_wconf 77' lang='lat' dir='ltr'><strong>Eleganter</strong></span> <span class='ocrx_word' id='word_1_512' title='bbox 2037 4724 2136 4760; x_wconf 86' lang='lat' dir='ltr'><strong>au-</strong></span> 
     </span>
    </p>
   </div>
   <div class='ocr_carea' id='block_1_67' title="bbox 580 4797 2136 4871">
    <p class='ocr_par' dir='ltr' id='par_1_67' title="bbox 580 4797 2136 4871">
     <span class='ocr_line' id='line_1_67' title="bbox 580 4797 2136 4871; baseline -0.004 -14"><span class='ocrx_word' id='word_1_513' title='bbox 580 4804 686 4856; x_wconf 75' lang='lat' dir='ltr'><strong>tem</strong></span> <span class='ocrx_word' id='word_1_514' title='bbox 706 4802 1027 4871; x_wconf 87' lang='lat' dir='ltr'><strong>voluptatem</strong></span> <span class='ocrx_word' id='word_1_515' title='bbox 1049 4800 1295 4854; x_wconf 83' lang='lat' dir='ltr'><strong>ebrietati</strong></span> <span class='ocrx_word' id='word_1_516' title='bbox 1320 4799 1667 4866; x_wconf 84' lang='lat' dir='ltr'><strong>comparavit,</strong></span> <span class='ocrx_word' id='word_1_517' title='bbox 1686 4797 1945 4865; x_wconf 85' lang='lat' dir='ltr'><strong>siquidem</strong></span> <span class='ocrx_word' id='word_1_518' title='bbox 1968 4798 2136 4851; x_wconf 89' lang='lat' dir='ltr'><strong>ebrie-</strong></span> 
     </span>
    </p>
   </div>
   <div class='ocr_carea' id='block_1_68' title="bbox 568 4885 2134 4958">
    <p class='ocr_par' dir='ltr' id='par_1_68' title="bbox 568 4885 2134 4958">
     <span class='ocr_line' id='line_1_68' title="bbox 568 4885 2134 4958; baseline -0.003 -13"><span class='ocrx_word' id='word_1_519' title='bbox 568 4900 660 4947; x_wconf 79' lang='lat' dir='ltr'><strong>tas</strong></span> <span class='ocrx_word' id='word_1_520' title='bbox 700 4892 891 4946; x_wconf 86' lang='lat' dir='ltr'><strong>evertit</strong></span> <span class='ocrx_word' id='word_1_521' title='bbox 931 4888 1092 4942; x_wconf 85' lang='lat' dir='ltr'><strong>animi</strong></span> <span class='ocrx_word' id='word_1_522' title='bbox 1138 4888 1375 4958; x_wconf 85' lang='lat' dir='ltr'><strong>vigorem</strong></span> <span class='ocrx_word' id='word_1_523' title='bbox 1414 4905 1427 4939; x_wconf 86' lang='lat'><strong>:</strong></span> <span class='ocrx_word' id='word_1_524' title='bbox 1470 4902 1630 4955; x_wconf 86' lang='lat' dir='ltr'><strong>quam</strong></span> <span class='ocrx_word' id='word_1_525' title='bbox 1660 4885 1806 4956; x_wconf 77' lang='lat' dir='ltr'><strong>[Ms.,</strong></span> <span class='ocrx_word' id='word_1_526' title='bbox 1835 4886 2015 4956; x_wconf 87' lang='lat' dir='ltr'><strong>quem]</strong></span> <span class='ocrx_word' id='word_1_527' title='bbox 2044 4888 2134 4954; x_wconf 91' lang='lat' dir='ltr'><strong>qui</strong></span> 
     </span>
    </p>
   </div>
   <div class='ocr_carea' id='block_1_69' title="bbox 561 4960 2134 5052">
    <p class='ocr_par' dir='ltr' id='par_1_69' title="bbox 561 4960 2134 5052">
     <span class='ocr_line' id='line_1_69' title="bbox 561 4960 2134 5052; baseline -0.002 -17"><span class='ocrx_word' id='word_1_528' title='bbox 561 4984 813 5052; x_wconf 81' lang='lat' dir='ltr'><strong>potuerit</strong></span> <span class='ocrx_word' id='word_1_529' title='bbox 838 4980 1094 5050; x_wconf 82' lang='lat' dir='ltr'><strong>sapientia</strong></span> <span class='ocrx_word' id='word_1_530' title='bbox 1138 4988 1481 5039; x_wconf 83' lang='lat' dir='ltr'><strong>commutare,</strong></span> <span class='ocrx_word' id='word_1_531' title='bbox 1520 4986 1575 5031; x_wconf 87' lang='lat' dir='ltr'><strong>et</strong></span> <span class='ocrx_word' id='word_1_532' title='bbox 1608 4977 1689 5048; x_wconf 91' lang='lat' dir='ltr'><strong>(ut</strong></span> <span class='ocrx_word' id='word_1_533' title='bbox 1721 4978 1773 5031; x_wconf 86' lang='lat' dir='ltr'><strong>in</strong></span> <span class='ocrx_word' id='word_1_534' title='bbox 1822 4960 2134 5045; x_wconf 84' lang='lat' dir='ltr'><strong>quibusdam</strong></span> 
     </span>
    </p>
   </div>
   <div class='ocr_carea' id='block_1_70' title="bbox 580 5067 2138 5138">
    <p class='ocr_par' dir='ltr' id='par_1_70' title="bbox 580 5067 2138 5138">
     <span class='ocr_line' id='line_1_70' title="bbox 580 5067 2138 5138; baseline -0.001 -15"><span class='ocrx_word' id='word_1_535' title='bbox 580 5071 855 5124; x_wconf 79' lang='lat' dir='ltr'><strong>codicibus</strong></span> <span class='ocrx_word' id='word_1_536' title='bbox 893 5070 1138 5138; x_wconf 79' lang='lat' dir='ltr'><strong>habetur)</strong></span> <span class='ocrx_word' id='word_1_537' title='bbox 1180 5070 1423 5123; x_wconf 89' lang='lat' dir='ltr'><strong>obtinere</strong></span> <span class='ocrx_word' id='word_1_538' title='bbox 1466 5069 1705 5122; x_wconf 67' lang='lat' dir='ltr'><strong>laetitiam</strong></span> <span class='ocrx_word' id='word_1_539' title='bbox 1752 5067 2061 5135; x_wconf 85' lang='lat' dir='ltr'><strong>spiritalem,</strong></span> <span class='ocrx_word' id='word_1_540' title='bbox 2093 5069 2138 5122; x_wconf 90' lang='lat' dir='ltr'><strong>is</strong></span> 
     </span>
    </p>
   </div>
   <div class='ocr_carea' id='block_1_71' title="bbox 582 5157 2137 5226">
    <p class='ocr_par' dir='ltr' id='par_1_71' title="bbox 582 5157 2137 5226">
     <span class='ocr_line' id='line_1_71' title="bbox 582 5157 2137 5226; baseline 0.001 -17"><span class='ocrx_word' id='word_1_541' title='bbox 582 5157 777 5226; x_wconf 88' lang='lat' dir='ltr'><strong>poterit</strong></span> <span class='ocrx_word' id='word_1_542' title='bbox 802 5157 867 5209; x_wconf 88' lang='lat' dir='ltr'><strong>ad</strong></span> <span class='ocrx_word' id='word_1_543' title='bbox 892 5157 1167 5210; x_wconf 77' lang='lat' dir='ltr'><strong>scientiam</strong></span> <span class='ocrx_word' id='word_1_544' title='bbox 1198 5158 1272 5209; x_wconf 86' lang='lat' dir='ltr'><strong>rei</strong></span> <span class='ocrx_word' id='word_1_545' title='bbox 1296 5157 1450 5223; x_wconf 68' lang='lat' dir='ltr'><strong>istius</strong></span> <span class='ocrx_word' id='word_1_546' title='bbox 1470 5158 1780 5223; x_wconf 82' lang='lat' dir='ltr'><strong>pervenire,</strong></span> <span class='ocrx_word' id='word_1_547' title='bbox 1806 5158 1931 5225; x_wconf 91' lang='lat' dir='ltr'><strong>quid</strong></span> <span class='ocrx_word' id='word_1_548' title='bbox 1955 5158 2007 5210; x_wconf 89' lang='lat' dir='ltr'><strong>in</strong></span> <span class='ocrx_word' id='word_1_549' title='bbox 2038 5159 2137 5211; x_wconf 86' lang='lat' dir='ltr'><strong>hac</strong></span> 
     </span>
    </p>
   </div>
   <div class='ocr_carea' id='block_1_72' title="bbox 584 5243 1731 5312">
    <p class='ocr_par' dir='ltr' id='par_1_72' title="bbox 584 5243 1731 5312">
     <span class='ocr_line' id='line_1_72' title="bbox 584 5243 1731 5312; baseline -0.001 -16"><span class='ocrx_word' id='word_1_550' title='bbox 584 5244 693 5298; x_wconf 81' lang='lat' dir='ltr'><strong>vita</strong></span> <span class='ocrx_word' id='word_1_551' title='bbox 723 5243 1099 5312; x_wconf 78' lang='lat' dir='ltr'><strong>appetendum,</strong></span> <span class='ocrx_word' id='word_1_552' title='bbox 1125 5245 1317 5312; x_wconf 72' lang='lat' dir='ltr'><strong>quidne</strong></span> <span class='ocrx_word' id='word_1_553' title='bbox 1345 5244 1618 5297; x_wconf 81' lang='lat' dir='ltr'><strong>vitandum</strong></span> <span class='ocrx_word' id='word_1_554' title='bbox 1645 5246 1731 5297; x_wconf 91' lang='lat' dir='ltr'><strong>sit.</strong></span> 
     </span>
    </p>
   </div>
   <div class='ocr_carea' id='block_1_73' title="bbox 658 5330 2142 5401">
    <p class='ocr_par' dir='ltr' id='par_1_73' title="bbox 658 5330 2142 5401">
     <span class='ocr_line' id='line_1_73' title="bbox 658 5330 2142 5401; baseline 0.001 -16"><span class='ocrx_word' id='word_1_555' title='bbox 658 5332 824 5385; x_wconf 72' lang='lat' dir='ltr'><strong>Vnus.</strong></span> <span class='ocrx_word' id='word_1_556' title='bbox 854 5330 1003 5383; x_wconf 69' lang='grc' dir='ltr'><strong>ι-η.</strong></span> <span class='ocrx_word' id='word_1_557' title='bbox 1024 5360 1095 5381; x_wconf 56' lang='grc' dir='ltr'><strong>φτ-</strong></span> <span class='ocrx_word' id='word_1_558' title='bbox 1130 5332 1461 5401; x_wconf 71' lang='lat' dir='ltr'><strong>Magniﬁcavi</strong></span> <span class='ocrx_word' id='word_1_559' title='bbox 1510 5349 1666 5400; x_wconf 81' lang='lat' dir='ltr'><strong>opera</strong></span> <span class='ocrx_word' id='word_1_560' title='bbox 1706 5348 1853 5394; x_wconf 70' lang='lat' dir='ltr'><strong>mea,</strong></span> <span class='ocrx_word' id='word_1_561' title='bbox 1890 5332 2142 5401; x_wconf 56' lang='lat' dir='ltr'><strong>aedificavi</strong></span> 
     </span>
    </p>
   </div>
   <div class='ocr_carea' id='block_1_74' title="bbox 586 5420 2140 5491">
    <p class='ocr_par' dir='ltr' id='par_1_74' title="bbox 586 5420 2140 5491">
     <span class='ocr_line' id='line_1_74' title="bbox 586 5420 2140 5491; baseline 0.001 -16"><span class='ocrx_word' id='word_1_562' title='bbox 586 5422 934 5483; x_wconf 63' lang='lat' dir='ltr'><strong>mﬂddomas,</strong></span> <span class='ocrx_word' id='word_1_563' title='bbox 957 5429 1007 5473; x_wconf 79' lang='lat' dir='ltr'><strong>et</strong></span> <span class='ocrx_word' id='word_1_564' title='bbox 1026 5420 1251 5490; x_wconf 80' lang='lat' dir='ltr'><strong>plantuui</strong></span> <span class='ocrx_word' id='word_1_565' title='bbox 1277 5424 1479 5486; x_wconf 64' lang='lat' dir='ltr'><strong>vitreas;</strong></span> <span class='ocrx_word' id='word_1_566' title='bbox 1504 5422 1602 5491; x_wconf 81' lang='lat' dir='ltr'><strong>feci</strong></span> <span class='ocrx_word' id='word_1_567' title='bbox 1623 5422 1797 5477; x_wconf 67' lang='lat' dir='ltr'><strong>[tortas</strong></span> <span class='ocrx_word' id='word_1_568' title='bbox 1818 5431 1863 5475; x_wconf 89' lang='lat' dir='ltr'><strong>et</strong></span> <span class='ocrx_word' id='word_1_569' title='bbox 1884 5425 2140 5491; x_wconf 81' lang='lat' dir='ltr'><strong>pomaria,</strong></span> 
     </span>
    </p>
   </div>
   <div class='ocr_carea' id='block_1_75' title="bbox 586 5511 2143 5579">
    <p class='ocr_par' dir='ltr' id='par_1_75' title="bbox 586 5511 2143 5579">
     <span class='ocr_line' id='line_1_75' title="bbox 586 5511 2143 5579; baseline 0.003 -18"><span class='ocrx_word' id='word_1_570' title='bbox 586 5518 637 5561; x_wconf 85' lang='lat' dir='ltr'><strong>et</strong></span> <span class='ocrx_word' id='word_1_571' title='bbox 659 5511 949 5566; x_wconf 62' lang='lat' dir='ltr'><strong>cumdel</strong></span> <span class='ocrx_word' id='word_1_572' title='bbox 973 5511 1670 5579; x_wconf 62' lang='grc' dir='ltr'><strong>εωὶθμιιιὶιςαώονὲὁω,</strong></span> <span class='ocrx_word' id='word_1_573' title='bbox 1687 5522 1734 5566; x_wconf 79' lang='lat' dir='ltr'><strong>et</strong></span> <span class='ocrx_word' id='word_1_574' title='bbox 1760 5512 1991 5566; x_wconf 68' lang='lat' dir='ltr'><strong>exstruxi</strong></span> <span class='ocrx_word' id='word_1_575' title='bbox 2018 5512 2143 5565; x_wconf 75' lang='lat' dir='ltr'><strong>mibi</strong></span> 
     </span>
    </p>
   </div>
   <div class='ocr_carea' id='block_1_76' title="bbox 588 5595 2143 5672">
    <p class='ocr_par' dir='ltr' id='par_1_76' title="bbox 588 5595 2143 5672">
     <span class='ocr_line' id='line_1_76' title="bbox 588 5595 2143 5672; baseline 0.002 -22"><span class='ocrx_word' id='word_1_576' title='bbox 588 5595 812 5652; x_wconf 71' lang='lat' dir='ltr'><strong>Piscinae</strong></span> <span class='ocrx_word' id='word_1_577' title='bbox 841 5615 1116 5667; x_wconf 62' lang='lat' dir='ltr'><strong>meum,</strong></span> <span class='ocrx_word' id='word_1_578' title='bbox 1145 5610 1199 5654; x_wconf 80' lang='lat' dir='ltr'><strong>ut</strong></span> <span class='ocrx_word' id='word_1_579' title='bbox 1227 5600 1505 5669; x_wconf 63' lang='lat' dir='ltr'><strong>irrigatum:</strong></span> <span class='ocrx_word' id='word_1_580' title='bbox 1525 5600 1707 5657; x_wconf 68' lang='lat' dir='ltr'><strong>silum</strong></span> <span class='ocrx_word' id='word_1_581' title='bbox 1751 5601 2006 5671; x_wconf 68' lang='lat' dir='ltr'><strong>lignorum</strong></span> <span class='ocrx_word' id='word_1_582' title='bbox 2033 5618 2143 5672; x_wconf 76' lang='lat' dir='ltr'><strong>ger-</strong></span> 
     </span>
    </p>
   </div>
   <div class='ocr_carea' id='block_1_77' title="bbox 2212 1873 3769 1943">
    <p class='ocr_par' dir='ltr' id='par_1_77' title="bbox 2212 1873 3769 1943">
     <span class='ocr_line' id='line_1_77' title="bbox 2212 1873 3769 1943; baseline -0.004 -13"><span class='ocrx_word' id='word_1_583' title='bbox 2212 1893 2333 1930; x_wconf 82' lang='lat' dir='ltr'><strong>nere</strong></span> <span class='ocrx_word' id='word_1_584' title='bbox 2358 1875 2453 1930; x_wconf 85' lang='lat' dir='ltr'><strong>sub</strong></span> <span class='ocrx_word' id='word_1_585' title='bbox 2477 1874 2601 1928; x_wconf 77' lang='lat' dir='ltr'><strong>sole.</strong></span> <span class='ocrx_word' id='word_1_586' title='bbox 2630 1874 2867 1927; x_wconf 80' lang='lat' dir='ltr'><strong>Transivi</strong></span> <span class='ocrx_word' id='word_1_587' title='bbox 2892 1874 2960 1926; x_wconf 86' lang='lat' dir='ltr'><strong>ad</strong></span> <span class='ocrx_word' id='word_1_588' title='bbox 2980 1873 3419 1942; x_wconf 81' lang='lat' dir='ltr'><strong>contemplandum</strong></span> <span class='ocrx_word' id='word_1_589' title='bbox 3440 1873 3769 1943; x_wconf 80' lang='lat' dir='ltr'><strong>sapientiam,</strong></span> 
     </span>
    </p>
   </div>
   <div class='ocr_carea' id='block_1_78' title="bbox 2210 1961 3775 2039">
    <p class='ocr_par' dir='ltr' id='par_1_78' title="bbox 2210 1961 3775 2039">
     <span class='ocr_line' id='line_1_78' title="bbox 2210 1961 3775 2039; baseline -0.005 -19"><span class='ocrx_word' id='word_1_590' title='bbox 2210 1978 2506 2039; x_wconf 78' lang='lat' dir='ltr'><strong>erroresque</strong></span> <span class='ocrx_word' id='word_1_591' title='bbox 2542 1974 2591 2018; x_wconf 87' lang='lat' dir='ltr'><strong>et</strong></span> <span class='ocrx_word' id='word_1_592' title='bbox 2630 1963 2922 2017; x_wconf 86' lang='lat' dir='ltr'><strong>stultitiam.</strong></span> <span class='ocrx_word' id='word_1_593' title='bbox 2963 1961 3101 2026; x_wconf 78' lang='lat' dir='ltr'><strong>Quid</strong></span> <span class='ocrx_word' id='word_1_594' title='bbox 3140 1972 3233 2024; x_wconf 90' lang='lat' dir='ltr'><strong>est,</strong></span> <span class='ocrx_word' id='word_1_595' title='bbox 3262 1962 3490 2032; x_wconf 83' lang='lat' dir='ltr'><strong>inquam,</strong></span> <span class='ocrx_word' id='word_1_596' title='bbox 3520 1962 3693 2023; x_wconf 77' lang='lat' dir='ltr'><strong>homo,</strong></span> <span class='ocrx_word' id='word_1_597' title='bbox 3716 1970 3775 2012; x_wconf 78' lang='lat' dir='ltr'><strong>ut</strong></span> 
     </span>
    </p>
   </div>
   <div class='ocr_carea' id='block_1_79' title="bbox 2211 2048 3776 2124">
    <p class='ocr_par' dir='ltr' id='par_1_79' title="bbox 2211 2048 3776 2124">
     <span class='ocr_line' id='line_1_79' title="bbox 2211 2048 3776 2124; baseline -0.005 -16"><span class='ocrx_word' id='word_1_598' title='bbox 2211 2055 2354 2124; x_wconf 71' lang='lat' dir='ltr'><strong>sequi</strong></span> <span class='ocrx_word' id='word_1_599' title='bbox 2388 2054 2545 2123; x_wconf 87' lang='lat' dir='ltr'><strong>possit</strong></span> <span class='ocrx_word' id='word_1_600' title='bbox 2580 2068 2749 2121; x_wconf 79' lang='lat' dir='ltr'><strong>regem</strong></span> <span class='ocrx_word' id='word_1_601' title='bbox 2774 2051 3023 2119; x_wconf 77' lang='lat' dir='ltr'><strong>faetorem</strong></span> <span class='ocrx_word' id='word_1_602' title='bbox 3050 2050 3241 2104; x_wconf 75' lang='lat' dir='ltr'><strong>suum?</strong></span> <span class='ocrx_word' id='word_1_603' title='bbox 3268 2049 3335 2103; x_wconf 81' lang='lat' dir='ltr'><strong>Et</strong></span> <span class='ocrx_word' id='word_1_604' title='bbox 3362 2050 3469 2102; x_wconf 77' lang='lat' dir='ltr'><strong>uidi</strong></span> <span class='ocrx_word' id='word_1_605' title='bbox 3493 2048 3631 2119; x_wconf 81' lang='lat' dir='ltr'><strong>quod</strong></span> <span class='ocrx_word' id='word_1_606' title='bbox 3666 2056 3776 2100; x_wconf 86' lang='lat' dir='ltr'><strong>tan-</strong></span> 
     </span>
    </p>
   </div>
   <div class='ocr_carea' id='block_1_80' title="bbox 2210 2138 3775 2212">
    <p class='ocr_par' dir='ltr' id='par_1_80' title="bbox 2210 2138 3775 2212">
     <span class='ocr_line' id='line_1_80' title="bbox 2210 2138 3775 2212; baseline -0.005 -15"><span class='ocrx_word' id='word_1_607' title='bbox 2210 2151 2321 2197; x_wconf 74' lang='lat' dir='ltr'><strong>tum</strong></span> <span class='ocrx_word' id='word_1_608' title='bbox 2364 2142 2671 2212; x_wconf 74' lang='lat' dir='ltr'><strong>prtecederet</strong></span> <span class='ocrx_word' id='word_1_609' title='bbox 2703 2138 2958 2211; x_wconf 83' lang='lat' dir='ltr'><strong>sapientia</strong></span> <span class='ocrx_word' id='word_1_610' title='bbox 2992 2140 3289 2205; x_wconf 81' lang='lat' dir='ltr'><strong>stultitiam,</strong></span> <span class='ocrx_word' id='word_1_611' title='bbox 3316 2147 3567 2210; x_wconf 81' lang='lat' dir='ltr'><strong>quantum</strong></span> <span class='ocrx_word' id='word_1_612' title='bbox 3599 2138 3775 2206; x_wconf 56' lang='lat' dir='ltr'><strong>difert</strong></span> 
     </span>
    </p>
   </div>
   <div class='ocr_carea' id='block_1_81' title="bbox 2212 2224 3776 2298">
    <p class='ocr_par' dir='ltr' id='par_1_81' title="bbox 2212 2224 3776 2298">
     <span class='ocr_line' id='line_1_81' title="bbox 2212 2224 3776 2298; baseline -0.004 -14"><span class='ocrx_word' id='word_1_613' title='bbox 2212 2231 2307 2284; x_wconf 76' lang='lat' dir='ltr'><strong>tua:</strong></span> <span class='ocrx_word' id='word_1_614' title='bbox 2324 2247 2357 2283; x_wconf 90' lang='lat' dir='ltr'><strong>a</strong></span> <span class='ocrx_word' id='word_1_615' title='bbox 2379 2230 2617 2283; x_wconf 77' lang='lat' dir='ltr'><strong>tenebris.</strong></span> <span class='ocrx_word' id='word_1_616' title='bbox 2651 2227 2908 2297; x_wconf 83' lang='lat' dir='ltr'><strong>Sapientis</strong></span> <span class='ocrx_word' id='word_1_617' title='bbox 2930 2227 3065 2281; x_wconf 87' lang='lat' dir='ltr'><strong>oculi</strong></span> <span class='ocrx_word' id='word_1_618' title='bbox 3090 2230 3144 2280; x_wconf 84' lang='lat' dir='ltr'><strong>in</strong></span> <span class='ocrx_word' id='word_1_619' title='bbox 3166 2228 3326 2298; x_wconf 80' lang='lat' dir='ltr'><strong>capite</strong></span> <span class='ocrx_word' id='word_1_620' title='bbox 3351 2224 3485 2297; x_wconf 77' lang='lat' dir='ltr'><strong>ejus,</strong></span> <span class='ocrx_word' id='word_1_621' title='bbox 3513 2226 3701 2279; x_wconf 84' lang='lat' dir='ltr'><strong>stultus</strong></span> <span class='ocrx_word' id='word_1_622' title='bbox 3719 2226 3776 2278; x_wconf 82' lang='lat' dir='ltr'><strong>in</strong></span> 
     </span>
    </p>
   </div>
   <div class='ocr_carea' id='block_1_82' title="bbox 2212 2313 3778 2385">
    <p class='ocr_par' dir='ltr' id='par_1_82' title="bbox 2212 2313 3778 2385">
     <span class='ocr_line' id='line_1_82' title="bbox 2212 2313 3778 2385; baseline -0.004 -14"><span class='ocrx_word' id='word_1_623' title='bbox 2212 2316 2432 2371; x_wconf 78' lang='lat' dir='ltr'><strong>tenebris</strong></span> <span class='ocrx_word' id='word_1_624' title='bbox 2445 2315 2694 2369; x_wconf 85' lang='lat' dir='ltr'><strong>ambulat.</strong></span> <span class='ocrx_word' id='word_1_625' title='bbox 2710 2316 2777 2369; x_wconf 81' lang='lat' dir='ltr'><strong>Et</strong></span> <span class='ocrx_word' id='word_1_626' title='bbox 2796 2316 2955 2369; x_wconf 82' lang='lat' dir='ltr'><strong>didici</strong></span> <span class='ocrx_word' id='word_1_627' title='bbox 2974 2315 3109 2385; x_wconf 87' lang='lat' dir='ltr'><strong>quod</strong></span> <span class='ocrx_word' id='word_1_628' title='bbox 3126 2331 3261 2368; x_wconf 83' lang='lat' dir='ltr'><strong>unus</strong></span> <span class='ocrx_word' id='word_1_629' title='bbox 3272 2316 3539 2385; x_wconf 85' lang='lat' dir='ltr'><strong>utriusque</strong></span> <span class='ocrx_word' id='word_1_630' title='bbox 3553 2322 3683 2368; x_wconf 88' lang='lat' dir='ltr'><strong>esset</strong></span> <span class='ocrx_word' id='word_1_631' title='bbox 3701 2313 3778 2365; x_wconf 79' lang='lat' dir='ltr'><strong>in-</strong></span> 
     </span>
    </p>
   </div>
   <div class='ocr_carea' id='block_1_83' title="bbox 2212 2393 3775 2473">
    <p class='ocr_par' dir='ltr' id='par_1_83' title="bbox 2212 2393 3775 2473">
     <span class='ocr_line' id='line_1_83' title="bbox 2212 2393 3775 2473; baseline -0.003 -14"><span class='ocrx_word' id='word_1_632' title='bbox 2212 2408 2414 2459; x_wconf 81' lang='lat' dir='ltr'><strong>teritus.</strong></span> <span class='ocrx_word' id='word_1_633' title='bbox 2432 2406 2652 2461; x_wconf 80' lang='lat' dir='ltr'><strong>Videtur</strong></span> <span class='ocrx_word' id='word_1_634' title='bbox 2664 2406 2791 2460; x_wconf 90' lang='lat' dir='ltr'><strong>mihi</strong></span> <span class='ocrx_word' id='word_1_635' title='bbox 2814 2393 2995 2459; x_wconf 80' lang='lat' dir='ltr'><strong>utilius</strong></span> <span class='ocrx_word' id='word_1_636' title='bbox 3013 2418 3131 2459; x_wconf 87' lang='lat' dir='ltr'><strong>esse</strong></span> <span class='ocrx_word' id='word_1_637' title='bbox 3143 2405 3439 2473; x_wconf 82' lang='lat' dir='ltr'><strong>legentibus</strong></span> <span class='ocrx_word' id='word_1_638' title='bbox 3460 2406 3573 2459; x_wconf 77' lang='lat' dir='ltr'><strong>haec</strong></span> <span class='ocrx_word' id='word_1_639' title='bbox 3594 2404 3775 2458; x_wconf 78' lang='lat' dir='ltr'><strong>omnia</strong></span> 
     </span>
    </p>
   </div>
   <div class='ocr_carea' id='block_1_84' title="bbox 2213 2494 3779 2563">
    <p class='ocr_par' dir='ltr' id='par_1_84' title="bbox 2213 2494 3779 2563">
     <span class='ocr_line' id='line_1_84' title="bbox 2213 2494 3779 2563; baseline -0.003 -14"><span class='ocrx_word' id='word_1_640' title='bbox 2213 2510 2332 2563; x_wconf 68' lang='lat' dir='ltr'><strong>quae</strong></span> <span class='ocrx_word' id='word_1_641' title='bbox 2349 2495 2698 2553; x_wconf 82' lang='lat' dir='ltr'><strong>Ecclesiastes</strong></span> <span class='ocrx_word' id='word_1_642' title='bbox 2718 2496 2783 2549; x_wconf 87' lang='lat' dir='ltr'><strong>de</strong></span> <span class='ocrx_word' id='word_1_643' title='bbox 2803 2510 2898 2549; x_wconf 89' lang='lat' dir='ltr'><strong>sua</strong></span> <span class='ocrx_word' id='word_1_644' title='bbox 2921 2494 3091 2563; x_wconf 87' lang='lat' dir='ltr'><strong>gloria</strong></span> <span class='ocrx_word' id='word_1_645' title='bbox 3114 2494 3395 2557; x_wconf 77' lang='lat' dir='ltr'><strong>subiniert,</strong></span> <span class='ocrx_word' id='word_1_646' title='bbox 3410 2495 3557 2549; x_wconf 87' lang='lat' dir='ltr'><strong>brevi</strong></span> <span class='ocrx_word' id='word_1_647' title='bbox 3580 2502 3779 2548; x_wconf 77' lang='lat' dir='ltr'><strong>cuneta</strong></span> 
     </span>
    </p>
   </div>
   <div class='ocr_carea' id='block_1_85' title="bbox 2214 2576 3774 2652">
    <p class='ocr_par' dir='ltr' id='par_1_85' title="bbox 2214 2576 3774 2652">
     <span class='ocr_line' id='line_1_85' title="bbox 2214 2576 3774 2652; baseline -0.003 -14"><span class='ocrx_word' id='word_1_648' title='bbox 2214 2599 2459 2639; x_wconf 85' lang='lat' dir='ltr'><strong>sermone</strong></span> <span class='ocrx_word' id='word_1_649' title='bbox 2502 2582 2971 2652; x_wconf 72' lang='lat' dir='ltr'><strong>comprehendam,</strong></span> <span class='ocrx_word' id='word_1_650' title='bbox 2996 2590 3050 2636; x_wconf 88' lang='lat' dir='ltr'><strong>et</strong></span> <span class='ocrx_word' id='word_1_651' title='bbox 3076 2576 3231 2650; x_wconf 78' lang='lat' dir='ltr'><strong>quasi</strong></span> <span class='ocrx_word' id='word_1_652' title='bbox 3273 2584 3326 2636; x_wconf 91' lang='lat' dir='ltr'><strong>in</strong></span> <span class='ocrx_word' id='word_1_653' title='bbox 3360 2592 3523 2636; x_wconf 80' lang='lat' dir='ltr'><strong>unum</strong></span> <span class='ocrx_word' id='word_1_654' title='bbox 3576 2587 3774 2649; x_wconf 71' lang='lat' dir='ltr'><strong>col-pus</strong></span> 
     </span>
    </p>
   </div>
   <div class='ocr_carea' id='block_1_86' title="bbox 2214 2656 3773 2740">
    <p class='ocr_par' dir='ltr' id='par_1_86' title="bbox 2214 2656 3773 2740">
     <span class='ocr_line' id='line_1_86' title="bbox 2214 2656 3773 2740; baseline -0.003 -14"><span class='ocrx_word' id='word_1_655' title='bbox 2214 2688 2428 2727; x_wconf 86' lang='lat' dir='ltr'><strong>sensum</strong></span> <span class='ocrx_word' id='word_1_656' title='bbox 2458 2673 2717 2739; x_wconf 76' lang='lat' dir='ltr'><strong>redigere,</strong></span> <span class='ocrx_word' id='word_1_657' title='bbox 2750 2679 2809 2725; x_wconf 91' lang='lat' dir='ltr'><strong>ut</strong></span> <span class='ocrx_word' id='word_1_658' title='bbox 2833 2672 3035 2740; x_wconf 85' lang='lat' dir='ltr'><strong>possint</strong></span> <span class='ocrx_word' id='word_1_659' title='bbox 3059 2670 3267 2724; x_wconf 80' lang='lat' dir='ltr'><strong>facilius</strong></span> <span class='ocrx_word' id='word_1_660' title='bbox 3292 2656 3509 2738; x_wconf 79' lang='lat' dir='ltr'><strong>intelligi</strong></span> <span class='ocrx_word' id='word_1_661' title='bbox 3537 2670 3656 2737; x_wconf 72' lang='lat' dir='ltr'><strong>quas</strong></span> <span class='ocrx_word' id='word_1_662' title='bbox 3690 2668 3773 2722; x_wconf 86' lang='lat' dir='ltr'><strong>di-</strong></span> 
     </span>
    </p>
   </div>
   <div class='ocr_carea' id='block_1_87' title="bbox 2215 2756 3780 2837">
    <p class='ocr_par' dir='ltr' id='par_1_87' title="bbox 2215 2756 3780 2837">
     <span class='ocr_line' id='line_1_87' title="bbox 2215 2756 3780 2837; baseline -0.004 -20"><span class='ocrx_word' id='word_1_663' title='bbox 2215 2773 2425 2817; x_wconf 89' lang='lat' dir='ltr'><strong>cuntur.</strong></span> <span class='ocrx_word' id='word_1_664' title='bbox 2450 2762 2615 2832; x_wconf 85' lang='lat' dir='ltr'><strong>Igitur</strong></span> <span class='ocrx_word' id='word_1_665' title='bbox 2641 2778 2703 2816; x_wconf 87' lang='lat' dir='ltr'><strong>ea</strong></span> <span class='ocrx_word' id='word_1_666' title='bbox 2730 2776 2849 2830; x_wconf 76' lang='lat' dir='ltr'><strong>quae</strong></span> <span class='ocrx_word' id='word_1_667' title='bbox 2870 2768 3126 2837; x_wconf 80' lang='lat' dir='ltr'><strong>putantur</strong></span> <span class='ocrx_word' id='word_1_668' title='bbox 3145 2761 3199 2814; x_wconf 87' lang='lat' dir='ltr'><strong>in</strong></span> <span class='ocrx_word' id='word_1_669' title='bbox 3221 2759 3419 2814; x_wconf 72' lang='lat' dir='ltr'><strong>szeculo</strong></span> <span class='ocrx_word' id='word_1_670' title='bbox 3447 2760 3604 2822; x_wconf 90' lang='lat' dir='ltr'><strong>bona,</strong></span> <span class='ocrx_word' id='word_1_671' title='bbox 3626 2756 3780 2826; x_wconf 80' lang='lat' dir='ltr'><strong>quasi</strong></span> 
     </span>
    </p>
   </div>
   <div class='ocr_carea' id='block_1_88' title="bbox 2216 2847 3782 2919">
    <p class='ocr_par' dir='ltr' id='par_1_88' title="bbox 2216 2847 3782 2919">
     <span class='ocr_line' id='line_1_88' title="bbox 2216 2847 3782 2919; baseline -0.004 -13"><span class='ocrx_word' id='word_1_672' title='bbox 2216 2867 2309 2907; x_wconf 89' lang='lat' dir='ltr'><strong>rex</strong></span> <span class='ocrx_word' id='word_1_673' title='bbox 2338 2862 2391 2906; x_wconf 90' lang='lat' dir='ltr'><strong>et</strong></span> <span class='ocrx_word' id='word_1_674' title='bbox 2416 2858 2603 2919; x_wconf 87' lang='lat' dir='ltr'><strong>potens</strong></span> <span class='ocrx_word' id='word_1_675' title='bbox 2642 2850 2821 2904; x_wconf 81' lang='lat' dir='ltr'><strong>habui.</strong></span> <span class='ocrx_word' id='word_1_676' title='bbox 2853 2848 3135 2902; x_wconf 65' lang='lat' dir='ltr'><strong>Edillcavi</strong></span> <span class='ocrx_word' id='word_1_677' title='bbox 3161 2848 3295 2901; x_wconf 86' lang='lat' dir='ltr'><strong>mihi</strong></span> <span class='ocrx_word' id='word_1_678' title='bbox 3318 2848 3547 2917; x_wconf 84' lang='lat' dir='ltr'><strong>palatia,</strong></span> <span class='ocrx_word' id='word_1_679' title='bbox 3578 2847 3782 2900; x_wconf 83' lang='lat' dir='ltr'><strong>vitibus</strong></span> 
     </span>
    </p>
   </div>
   <div class='ocr_carea' id='block_1_89' title="bbox 2217 2934 3778 3006">
    <p class='ocr_par' dir='ltr' id='par_1_89' title="bbox 2217 2934 3778 3006">
     <span class='ocr_line' id='line_1_89' title="bbox 2217 2934 3778 3006; baseline -0.004 -12"><span class='ocrx_word' id='word_1_680' title='bbox 2217 2941 2379 2994; x_wconf 79' lang='lat' dir='ltr'><strong>colles</strong></span> <span class='ocrx_word' id='word_1_681' title='bbox 2403 2938 2715 3006; x_wconf 75' lang='lat' dir='ltr'><strong>mentesque</strong></span> <span class='ocrx_word' id='word_1_682' title='bbox 2740 2937 2972 2999; x_wconf 85' lang='lat' dir='ltr'><strong>consevi,</strong></span> <span class='ocrx_word' id='word_1_683' title='bbox 2995 2944 3050 2989; x_wconf 90' lang='lat' dir='ltr'><strong>et</strong></span> <span class='ocrx_word' id='word_1_684' title='bbox 3078 2950 3145 2989; x_wconf 91' lang='lat' dir='ltr'><strong>ne</strong></span> <span class='ocrx_word' id='word_1_685' title='bbox 3170 2935 3296 3004; x_wconf 83' lang='lat' dir='ltr'><strong>quid</strong></span> <span class='ocrx_word' id='word_1_686' title='bbox 3324 2936 3531 2990; x_wconf 85' lang='lat' dir='ltr'><strong>deesset</strong></span> <span class='ocrx_word' id='word_1_687' title='bbox 3553 2936 3619 2990; x_wconf 89' lang='lat' dir='ltr'><strong>de</strong></span> <span class='ocrx_word' id='word_1_688' title='bbox 3643 2934 3778 2990; x_wconf 75' lang='lat' dir='ltr'><strong>luxu</strong></span> 
     </span>
    </p>
   </div>
   <div class='ocr_carea' id='block_1_90' title="bbox 2217 3020 3783 3094">
    <p class='ocr_par' dir='ltr' id='par_1_90' title="bbox 2217 3020 3783 3094">
     <span class='ocr_line' id='line_1_90' title="bbox 2217 3020 3783 3094; baseline -0.001 -17"><span class='ocrx_word' id='word_1_689' title='bbox 2217 3026 2300 3079; x_wconf 88' lang='lat' dir='ltr'><strong>vel</strong></span> <span class='ocrx_word' id='word_1_690' title='bbox 2319 3025 2588 3093; x_wconf 87' lang='lat' dir='ltr'><strong>voluptate</strong></span> <span class='ocrx_word' id='word_1_691' title='bbox 2632 3020 2779 3094; x_wconf 75' lang='lat' dir='ltr'><strong>[Ms.,</strong></span> <span class='ocrx_word' id='word_1_692' title='bbox 2810 3024 2878 3076; x_wconf 90' lang='lat' dir='ltr'><strong>ad</strong></span> <span class='ocrx_word' id='word_1_693' title='bbox 2900 3022 3083 3076; x_wconf 85' lang='lat' dir='ltr'><strong>luxum</strong></span> <span class='ocrx_word' id='word_1_694' title='bbox 3106 3030 3161 3075; x_wconf 91' lang='lat' dir='ltr'><strong>et</strong></span> <span class='ocrx_word' id='word_1_695' title='bbox 3186 3020 3561 3093; x_wconf 78' lang='lat' dir='ltr'><strong>voluptatem],</strong></span> <span class='ocrx_word' id='word_1_696' title='bbox 3595 3021 3783 3077; x_wconf 82' lang='lat' dir='ltr'><strong>hortos</strong></span> 
     </span>
    </p>
   </div>
   <div class='ocr_carea' id='block_1_91' title="bbox 2224 3110 3784 3181">
    <p class='ocr_par' dir='ltr' id='par_1_91' title="bbox 2224 3110 3784 3181">
     <span class='ocr_line' id='line_1_91' title="bbox 2224 3110 3784 3181; baseline -0.001 -14"><span class='ocrx_word' id='word_1_697' title='bbox 2224 3114 2353 3167; x_wconf 82' lang='lat' dir='ltr'><strong>mihi</strong></span> <span class='ocrx_word' id='word_1_698' title='bbox 2392 3113 2737 3181; x_wconf 82' lang='lat' dir='ltr'><strong>pomariaque</strong></span> <span class='ocrx_word' id='word_1_699' title='bbox 2780 3111 3037 3179; x_wconf 85' lang='lat' dir='ltr'><strong>plantavi,</strong></span> <span class='ocrx_word' id='word_1_700' title='bbox 3062 3110 3258 3164; x_wconf 89' lang='lat' dir='ltr'><strong>diversi</strong></span> <span class='ocrx_word' id='word_1_701' title='bbox 3304 3110 3519 3180; x_wconf 87' lang='lat' dir='ltr'><strong>generis</strong></span> <span class='ocrx_word' id='word_1_702' title='bbox 3561 3110 3784 3165; x_wconf 75' lang='lat' dir='ltr'><strong>arbores</strong></span> 
     </span>
    </p>
   </div>
   <div class='ocr_carea' id='block_1_92' title="bbox 2223 3197 3789 3273">
    <p class='ocr_par' dir='ltr' id='par_1_92' title="bbox 2223 3197 3789 3273">
     <span class='ocr_line' id='line_1_92' title="bbox 2223 3197 3789 3273; baseline -0.004 -18"><span class='ocrx_word' id='word_1_703' title='bbox 2223 3203 2505 3257; x_wconf 87' lang='lat' dir='ltr'><strong>instituens</strong></span> <span class='ocrx_word' id='word_1_704' title='bbox 2528 3241 2541 3265; x_wconf 91' lang='lat'><strong>,</strong></span> <span class='ocrx_word' id='word_1_705' title='bbox 2570 3215 2704 3269; x_wconf 87' lang='lat' dir='ltr'><strong>quas</strong></span> <span class='ocrx_word' id='word_1_706' title='bbox 2750 3199 2989 3253; x_wconf 79' lang='lat' dir='ltr'><strong>collech</strong></span> <span class='ocrx_word' id='word_1_707' title='bbox 3027 3213 3177 3273; x_wconf 69' lang='lat' dir='ltr'><strong>aqua:</strong></span> <span class='ocrx_word' id='word_1_708' title='bbox 3205 3197 3259 3251; x_wconf 90' lang='lat' dir='ltr'><strong>in</strong></span> <span class='ocrx_word' id='word_1_709' title='bbox 3284 3197 3517 3266; x_wconf 88' lang='lat' dir='ltr'><strong>piscinas</strong></span> <span class='ocrx_word' id='word_1_710' title='bbox 3541 3197 3789 3265; x_wconf 77' lang='lat' dir='ltr'><strong>desuper</strong></span> 
     </span>
    </p>
   </div>
   <div class='ocr_carea' id='block_1_93' title="bbox 2223 3286 3790 3362">
    <p class='ocr_par' dir='ltr' id='par_1_93' title="bbox 2223 3286 3790 3362">
     <span class='ocr_line' id='line_1_93' title="bbox 2223 3286 3790 3362; baseline -0.003 -16"><span class='ocrx_word' id='word_1_711' title='bbox 2223 3295 2524 3362; x_wconf 84' lang='lat' dir='ltr'><strong>irrigarent,</strong></span> <span class='ocrx_word' id='word_1_712' title='bbox 2548 3302 2611 3346; x_wconf 92' lang='lat' dir='ltr'><strong>ut</strong></span> <span class='ocrx_word' id='word_1_713' title='bbox 2651 3292 2840 3360; x_wconf 86' lang='lat' dir='ltr'><strong>longus</strong></span> <span class='ocrx_word' id='word_1_714' title='bbox 2873 3291 3021 3343; x_wconf 84' lang='lat' dir='ltr'><strong>viror</strong></span> <span class='ocrx_word' id='word_1_715' title='bbox 3063 3286 3217 3361; x_wconf 71' lang='grc' dir='ltr'><strong>μισ..</strong></span> <span class='ocrx_word' id='word_1_716' title='bbox 3262 3289 3470 3359; x_wconf 82' lang='lat' dir='ltr'><strong>longius</strong></span> <span class='ocrx_word' id='word_1_717' title='bbox 3489 3288 3663 3360; x_wconf 86' lang='lat' dir='ltr'><strong>vigor]</strong></span> <span class='ocrx_word' id='word_1_718' title='bbox 3686 3290 3790 3342; x_wconf 56' lang='lat' dir='ltr'><strong>hu-e</strong></span> 
     </span>
    </p>
   </div>
   <div class='ocr_carea' id='block_1_94' title="bbox 2224 3377 3785 3447">
    <p class='ocr_par' dir='ltr' id='par_1_94' title="bbox 2224 3377 3785 3447">
     <span class='ocr_line' id='line_1_94' title="bbox 2224 3377 3785 3447; baseline -0.001 -14"><span class='ocrx_word' id='word_1_719' title='bbox 2224 3394 2374 3433; x_wconf 87' lang='lat' dir='ltr'><strong>more</strong></span> <span class='ocrx_word' id='word_1_720' title='bbox 2426 3379 2628 3447; x_wconf 89' lang='lat' dir='ltr'><strong>perpeti</strong></span> <span class='ocrx_word' id='word_1_721' title='bbox 2679 3378 2992 3432; x_wconf 86' lang='lat' dir='ltr'><strong>nutriretur.</strong></span> <span class='ocrx_word' id='word_1_722' title='bbox 3065 3378 3351 3432; x_wconf 82' lang='lat' dir='ltr'><strong>Servorum</strong></span> <span class='ocrx_word' id='word_1_723' title='bbox 3398 3389 3609 3446; x_wconf 86' lang='lat' dir='ltr'><strong>quoque</strong></span> <span class='ocrx_word' id='word_1_724' title='bbox 3665 3377 3785 3431; x_wconf 82' lang='lat' dir='ltr'><strong>sive</strong></span> 
     </span>
    </p>
   </div>
   <div class='ocr_carea' id='block_1_95' title="bbox 2225 3467 3787 3539">
    <p class='ocr_par' dir='ltr' id='par_1_95' title="bbox 2225 3467 3787 3539">
     <span class='ocr_line' id='line_1_95' title="bbox 2225 3467 3787 3539; baseline 0 -17"><span class='ocrx_word' id='word_1_725' title='bbox 2225 3477 2520 3539; x_wconf 82' lang='lat' dir='ltr'><strong>emptorum</strong></span> <span class='ocrx_word' id='word_1_726' title='bbox 2553 3468 2663 3521; x_wconf 87' lang='lat' dir='ltr'><strong>sive</strong></span> <span class='ocrx_word' id='word_1_727' title='bbox 2700 3468 3008 3523; x_wconf 89' lang='lat' dir='ltr'><strong>ancillarum</strong></span> <span class='ocrx_word' id='word_1_728' title='bbox 3054 3469 3165 3523; x_wconf 88' lang='lat' dir='ltr'><strong>sive</strong></span> <span class='ocrx_word' id='word_1_729' title='bbox 3198 3467 3611 3523; x_wconf 83' lang='lat' dir='ltr'><strong>vernaculorum</strong></span> <span class='ocrx_word' id='word_1_730' title='bbox 3649 3468 3787 3522; x_wconf 80' lang='lat' dir='ltr'><strong>mihi</strong></span> 
     </span>
    </p>
   </div>
   <div class='ocr_carea' id='block_1_96' title="bbox 2226 3555 3786 3626">
    <p class='ocr_par' dir='ltr' id='par_1_96' title="bbox 2226 3555 3786 3626">
     <span class='ocr_line' id='line_1_96' title="bbox 2226 3555 3786 3626; baseline -0.001 -16"><span class='ocrx_word' id='word_1_731' title='bbox 2226 3557 2327 3612; x_wconf 79' lang='lat' dir='ltr'><strong>fuit</strong></span> <span class='ocrx_word' id='word_1_732' title='bbox 2372 3557 2651 3610; x_wconf 87' lang='lat' dir='ltr'><strong>innumera</strong></span> <span class='ocrx_word' id='word_1_733' title='bbox 2697 3555 2981 3609; x_wconf 87' lang='lat' dir='ltr'><strong>multitudo</strong></span> <span class='ocrx_word' id='word_1_734' title='bbox 3004 3594 3019 3619; x_wconf 95' lang='lat'><strong>,</strong></span> <span class='ocrx_word' id='word_1_735' title='bbox 3052 3564 3109 3609; x_wconf 89' lang='lat' dir='ltr'><strong>et</strong></span> <span class='ocrx_word' id='word_1_736' title='bbox 3153 3557 3553 3625; x_wconf 86' lang='lat' dir='ltr'><strong>quadrupedum</strong></span> <span class='ocrx_word' id='word_1_737' title='bbox 3598 3570 3786 3626; x_wconf 87' lang='lat' dir='ltr'><strong>greges</strong></span> 
     </span>
    </p>
   </div>
   <div class='ocr_carea' id='block_1_97' title="bbox 2228 3642 3791 3713">
    <p class='ocr_par' dir='ltr' id='par_1_97' title="bbox 2228 3642 3791 3713">
     <span class='ocr_line' id='line_1_97' title="bbox 2228 3642 3791 3713; baseline -0.001 -15"><span class='ocrx_word' id='word_1_738' title='bbox 2228 3645 2403 3708; x_wconf 90' lang='lat' dir='ltr'><strong>multi,</strong></span> <span class='ocrx_word' id='word_1_739' title='bbox 2432 3646 2591 3701; x_wconf 86' lang='lat' dir='ltr'><strong>boum</strong></span> <span class='ocrx_word' id='word_1_740' title='bbox 2625 3642 2825 3699; x_wconf 87' lang='lat' dir='ltr'><strong>scilicet</strong></span> <span class='ocrx_word' id='word_1_741' title='bbox 2850 3652 2904 3698; x_wconf 90' lang='lat' dir='ltr'><strong>et</strong></span> <span class='ocrx_word' id='word_1_742' title='bbox 2936 3645 3131 3708; x_wconf 85' lang='lat' dir='ltr'><strong>ovium,</strong></span> <span class='ocrx_word' id='word_1_743' title='bbox 3164 3654 3419 3713; x_wconf 89' lang='lat' dir='ltr'><strong>quantum</strong></span> <span class='ocrx_word' id='word_1_744' title='bbox 3449 3646 3626 3699; x_wconf 87' lang='lat' dir='ltr'><strong>nullus</strong></span> <span class='ocrx_word' id='word_1_745' title='bbox 3651 3646 3791 3699; x_wconf 82' lang='lat' dir='ltr'><strong>alter</strong></span> 
     </span>
    </p>
   </div>
   <div class='ocr_carea' id='block_1_98' title="bbox 2229 3730 3783 3790">
    <p class='ocr_par' dir='ltr' id='par_1_98' title="bbox 2229 3730 3783 3790">
     <span class='ocr_line' id='line_1_98' title="bbox 2229 3730 3783 3790; baseline -0.002 -1"><span class='ocrx_word' id='word_1_746' title='bbox 2229 3744 2351 3789; x_wconf 88' lang='lat' dir='ltr'><strong>ante</strong></span> <span class='ocrx_word' id='word_1_747' title='bbox 2391 3752 2475 3789; x_wconf 82' lang='lat' dir='ltr'><strong>me</strong></span> <span class='ocrx_word' id='word_1_748' title='bbox 2501 3751 2593 3790; x_wconf 88' lang='lat' dir='ltr'><strong>rex</strong></span> <span class='ocrx_word' id='word_1_749' title='bbox 2637 3735 2823 3789; x_wconf 87' lang='lat' dir='ltr'><strong>habuit</strong></span> <span class='ocrx_word' id='word_1_750' title='bbox 2850 3736 2903 3788; x_wconf 88' lang='lat' dir='ltr'><strong>in</strong></span> <span class='ocrx_word' id='word_1_751' title='bbox 2932 3734 3282 3789; x_wconf 80' lang='lat' dir='ltr'><strong>Hierusalem.</strong></span> <span class='ocrx_word' id='word_1_752' title='bbox 3312 3732 3422 3789; x_wconf 83' lang='lat' dir='ltr'><strong>Nec</strong></span> <span class='ocrx_word' id='word_1_753' title='bbox 3445 3750 3551 3788; x_wconf 86' lang='lat' dir='ltr'><strong>non</strong></span> <span class='ocrx_word' id='word_1_754' title='bbox 3577 3743 3635 3789; x_wconf 85' lang='lat' dir='ltr'><strong>et</strong></span> <span class='ocrx_word' id='word_1_755' title='bbox 3664 3730 3783 3786; x_wconf 69' lang='grc' dir='ltr'><strong>ωε-</strong></span> 
     </span>
    </p>
   </div>
   <div class='ocr_carea' id='block_1_99' title="bbox 2228 3804 3772 3899">
    <p class='ocr_par' dir='ltr' id='par_1_99' title="bbox 2228 3804 3772 3899">
     <span class='ocr_line' id='line_1_99' title="bbox 2228 3804 3772 3899; baseline -0.005 -16"><span class='ocrx_word' id='word_1_756' title='bbox 2228 3829 2372 3883; x_wconf 86' lang='lat' dir='ltr'><strong>sauri</strong></span> <span class='ocrx_word' id='word_1_757' title='bbox 2418 3828 2623 3897; x_wconf 79' lang='lat' dir='ltr'><strong>argenti</strong></span> <span class='ocrx_word' id='word_1_758' title='bbox 2669 3835 2723 3881; x_wconf 89' lang='lat' dir='ltr'><strong>et</strong></span> <span class='ocrx_word' id='word_1_759' title='bbox 2764 3827 2878 3880; x_wconf 89' lang='lat' dir='ltr'><strong>auri</strong></span> <span class='ocrx_word' id='word_1_760' title='bbox 2910 3804 3351 3899; x_wconf 60' lang='lat' dir='ltr'><strong>innumerabiles</strong></span> <span class='ocrx_word' id='word_1_761' title='bbox 3376 3824 3772 3884; x_wconf 87' lang='lat' dir='ltr'><strong>condebantur,</strong></span> 
     </span>
    </p>
   </div>
   <div class='ocr_carea' id='block_1_100' title="bbox 2232 3912 3789 3987">
    <p class='ocr_par' dir='ltr' id='par_1_100' title="bbox 2232 3912 3789 3987">
     <span class='ocr_line' id='line_1_100' title="bbox 2232 3912 3789 3987; baseline -0.003 -17"><span class='ocrx_word' id='word_1_762' title='bbox 2232 3933 2364 3987; x_wconf 83' lang='lat' dir='ltr'><strong>quos</strong></span> <span class='ocrx_word' id='word_1_763' title='bbox 2388 3917 2717 3971; x_wconf 87' lang='lat' dir='ltr'><strong>diversorum</strong></span> <span class='ocrx_word' id='word_1_764' title='bbox 2758 3931 2943 3986; x_wconf 85' lang='lat' dir='ltr'><strong>regum</strong></span> <span class='ocrx_word' id='word_1_765' title='bbox 2967 3924 3021 3970; x_wconf 90' lang='lat' dir='ltr'><strong>et</strong></span> <span class='ocrx_word' id='word_1_766' title='bbox 3043 3916 3278 3986; x_wconf 86' lang='lat' dir='ltr'><strong>gentium</strong></span> <span class='ocrx_word' id='word_1_767' title='bbox 3318 3915 3515 3970; x_wconf 85' lang='lat' dir='ltr'><strong>tributa</strong></span> <span class='ocrx_word' id='word_1_768' title='bbox 3552 3912 3789 3969; x_wconf 80' lang='lat' dir='ltr'><strong>contule-</strong></span> 
     </span>
    </p>
   </div>
   <div class='ocr_carea' id='block_1_101' title="bbox 2232 4001 3789 4073">
    <p class='ocr_par' dir='ltr' id='par_1_101' title="bbox 2232 4001 3789 4073">
     <span class='ocr_line' id='line_1_101' title="bbox 2232 4001 3789 4073; baseline -0.003 -13"><span class='ocrx_word' id='word_1_769' title='bbox 2232 4016 2372 4060; x_wconf 89' lang='lat' dir='ltr'><strong>runt.</strong></span> <span class='ocrx_word' id='word_1_770' title='bbox 2407 4006 2556 4061; x_wconf 79' lang='lat' dir='ltr'><strong>Unde</strong></span> <span class='ocrx_word' id='word_1_771' title='bbox 2583 4014 2637 4060; x_wconf 91' lang='lat' dir='ltr'><strong>et</strong></span> <span class='ocrx_word' id='word_1_772' title='bbox 2663 4006 2853 4060; x_wconf 89' lang='lat' dir='ltr'><strong>accidit</strong></span> <span class='ocrx_word' id='word_1_773' title='bbox 2879 4013 2937 4059; x_wconf 93' lang='lat' dir='ltr'><strong>ut</strong></span> <span class='ocrx_word' id='word_1_774' title='bbox 2958 4022 3023 4060; x_wconf 86' lang='lat' dir='ltr'><strong>ex</strong></span> <span class='ocrx_word' id='word_1_775' title='bbox 3052 4006 3231 4059; x_wconf 82' lang='lat' dir='ltr'><strong>nimiis</strong></span> <span class='ocrx_word' id='word_1_776' title='bbox 3258 4006 3447 4073; x_wconf 88' lang='lat' dir='ltr'><strong>opibus</strong></span> <span class='ocrx_word' id='word_1_777' title='bbox 3473 4005 3538 4059; x_wconf 85' lang='lat' dir='ltr'><strong>ad</strong></span> <span class='ocrx_word' id='word_1_778' title='bbox 3560 4001 3789 4070; x_wconf 84' lang='lat' dir='ltr'><strong>majores</strong></span> 
     </span>
    </p>
   </div>
   <div class='ocr_carea' id='block_1_102' title="bbox 2233 4089 3790 4164">
    <p class='ocr_par' dir='ltr' id='par_1_102' title="bbox 2233 4089 3790 4164">
     <span class='ocr_line' id='line_1_102' title="bbox 2233 4089 3790 4164; baseline -0.004 -13"><span class='ocrx_word' id='word_1_779' title='bbox 2233 4097 2448 4151; x_wconf 85' lang='lat' dir='ltr'><strong>delicias</strong></span> <span class='ocrx_word' id='word_1_780' title='bbox 2477 4110 2839 4164; x_wconf 37' lang='lat' dir='ltr'><strong>provocarer,</strong></span> <span class='ocrx_word' id='word_1_781' title='bbox 2858 4104 2912 4149; x_wconf 89' lang='lat' dir='ltr'><strong>et</strong></span> <span class='ocrx_word' id='word_1_782' title='bbox 2941 4095 3263 4149; x_wconf 87' lang='lat' dir='ltr'><strong>musicorum</strong></span> <span class='ocrx_word' id='word_1_783' title='bbox 3287 4094 3436 4148; x_wconf 84' lang='lat' dir='ltr'><strong>chori</strong></span> <span class='ocrx_word' id='word_1_784' title='bbox 3462 4092 3592 4148; x_wconf 83' lang='lat' dir='ltr'><strong>mihi</strong></span> <span class='ocrx_word' id='word_1_785' title='bbox 3619 4089 3790 4146; x_wconf 85' lang='lat' dir='ltr'><strong>tibiali</strong></span> 
     </span>
    </p>
   </div>
   <div class='ocr_carea' id='block_1_103' title="bbox 2232 4181 3794 4254">
    <p class='ocr_par' dir='ltr' id='par_1_103' title="bbox 2232 4181 3794 4254">
     <span class='ocr_line' id='line_1_103' title="bbox 2232 4181 3794 4254; baseline -0.004 -17"><span class='ocrx_word' id='word_1_786' title='bbox 2232 4200 2359 4239; x_wconf 74' lang='lat' dir='ltr'><strong>voce</strong></span> <span class='ocrx_word' id='word_1_787' title='bbox 2407 4184 2581 4254; x_wconf 82' lang='lat' dir='ltr'><strong>[Apud</strong></span> <span class='ocrx_word' id='word_1_788' title='bbox 2624 4183 2795 4249; x_wconf 83' lang='lat' dir='ltr'><strong>Hier.,</strong></span> <span class='ocrx_word' id='word_1_789' title='bbox 2824 4184 2972 4247; x_wconf 85' lang='lat' dir='ltr'><strong>tibia,</strong></span> <span class='ocrx_word' id='word_1_790' title='bbox 3002 4184 3137 4253; x_wconf 83' lang='lat' dir='ltr'><strong>lyra,</strong></span> <span class='ocrx_word' id='word_1_791' title='bbox 3160 4182 3314 4251; x_wconf 79' lang='lat' dir='ltr'><strong>voce]</strong></span> <span class='ocrx_word' id='word_1_792' title='bbox 3344 4181 3702 4243; x_wconf 71' lang='lat' dir='ltr'><strong>concinerent,</strong></span> <span class='ocrx_word' id='word_1_793' title='bbox 3730 4188 3794 4232; x_wconf 88' lang='lat' dir='ltr'><strong>ut</strong></span> 
     </span>
    </p>
   </div>
   <div class='ocr_carea' id='block_1_104' title="bbox 2210 4266 3798 4340">
    <p class='ocr_par' dir='ltr' id='par_1_104' title="bbox 2210 4266 3798 4340">
     <span class='ocr_line' id='line_1_104' title="bbox 2210 4266 3798 4340; baseline -0.004 -13"><span class='ocrx_word' id='word_1_794' title='bbox 2210 4272 2468 4340; x_wconf 82' lang='lat' dir='ltr'><strong>uterque.</strong></span> <span class='ocrx_word' id='word_1_795' title='bbox 2501 4288 2660 4326; x_wconf 87' lang='lat' dir='ltr'><strong>sexus</strong></span> <span class='ocrx_word' id='word_1_796' title='bbox 2703 4273 2758 4325; x_wconf 90' lang='lat' dir='ltr'><strong>in</strong></span> <span class='ocrx_word' id='word_1_797' title='bbox 2802 4272 3058 4325; x_wconf 89' lang='lat' dir='ltr'><strong>conviviis</strong></span> <span class='ocrx_word' id='word_1_798' title='bbox 3105 4271 3237 4324; x_wconf 82' lang='lat' dir='ltr'><strong>mihi</strong></span> <span class='ocrx_word' id='word_1_799' title='bbox 3290 4270 3635 4324; x_wconf 88' lang='lat' dir='ltr'><strong>ministraret.</strong></span> <span class='ocrx_word' id='word_1_800' title='bbox 3683 4266 3798 4321; x_wconf 79' lang='lat' dir='ltr'><strong>Sed</strong></span> 
     </span>
    </p>
   </div>
   <div class='ocr_carea' id='block_1_105' title="bbox 2233 4352 3794 4431">
    <p class='ocr_par' dir='ltr' id='par_1_105' title="bbox 2233 4352 3794 4431">
     <span class='ocr_line' id='line_1_105' title="bbox 2233 4352 3794 4431; baseline -0.003 -15"><span class='ocrx_word' id='word_1_801' title='bbox 2233 4352 2431 4431; x_wconf 80' lang='lat' dir='ltr'><strong>quanto</strong></span> <span class='ocrx_word' id='word_1_802' title='bbox 2472 4356 2571 4416; x_wconf 84' lang='lat' dir='ltr'><strong>ista</strong></span> <span class='ocrx_word' id='word_1_803' title='bbox 2597 4363 2927 4426; x_wconf 83' lang='lat' dir='ltr'><strong>crescebant,</strong></span> <span class='ocrx_word' id='word_1_804' title='bbox 2956 4367 3104 4414; x_wconf 85' lang='lat' dir='ltr'><strong>tanto</strong></span> <span class='ocrx_word' id='word_1_805' title='bbox 3131 4361 3389 4429; x_wconf 89' lang='lat' dir='ltr'><strong>sapientia</strong></span> <span class='ocrx_word' id='word_1_806' title='bbox 3426 4358 3627 4415; x_wconf 89' lang='lat' dir='ltr'><strong>deerat.</strong></span> <span class='ocrx_word' id='word_1_807' title='bbox 3656 4357 3794 4412; x_wconf 85' lang='lat' dir='ltr'><strong>Nam</strong></span> 
     </span>
    </p>
   </div>
   <div class='ocr_carea' id='block_1_106' title="bbox 2237 4446 3791 4519">
    <p class='ocr_par' dir='ltr' id='par_1_106' title="bbox 2237 4446 3791 4519">
     <span class='ocr_line' id='line_1_106' title="bbox 2237 4446 3791 4519; baseline -0.002 -16"><span class='ocrx_word' id='word_1_808' title='bbox 2237 4451 2289 4503; x_wconf 91' lang='lat' dir='ltr'><strong>in</strong></span> <span class='ocrx_word' id='word_1_809' title='bbox 2328 4465 2696 4519; x_wconf 87' lang='lat' dir='ltr'><strong>quamcunque</strong></span> <span class='ocrx_word' id='word_1_810' title='bbox 2719 4449 3041 4519; x_wconf 85' lang='lat' dir='ltr'><strong>voluptatem</strong></span> <span class='ocrx_word' id='word_1_811' title='bbox 3084 4450 3273 4518; x_wconf 91' lang='lat' dir='ltr'><strong>cupido</strong></span> <span class='ocrx_word' id='word_1_812' title='bbox 3299 4450 3549 4503; x_wconf 86' lang='lat' dir='ltr'><strong>traxisset</strong></span> <span class='ocrx_word' id='word_1_813' title='bbox 3575 4462 3677 4510; x_wconf 88' lang='lat' dir='ltr'><strong>me,</strong></span> <span class='ocrx_word' id='word_1_814' title='bbox 3708 4446 3791 4500; x_wconf 66' lang='lat' dir='ltr'><strong>in»-</strong></span> 
     </span>
    </p>
   </div>
   <div class='ocr_carea' id='block_1_107' title="bbox 2238 4536 3792 4608">
    <p class='ocr_par' dir='ltr' id='par_1_107' title="bbox 2238 4536 3792 4608">
     <span class='ocr_line' id='line_1_107' title="bbox 2238 4536 3792 4608; baseline -0.001 -18"><span class='ocrx_word' id='word_1_815' title='bbox 2238 4536 2401 4591; x_wconf 81' lang='lat' dir='ltr'><strong>lrenis</strong></span> <span class='ocrx_word' id='word_1_816' title='bbox 2426 4554 2518 4608; x_wconf 88' lang='lat' dir='ltr'><strong>per</strong></span> <span class='ocrx_word' id='word_1_817' title='bbox 2554 4553 2789 4607; x_wconf 65' lang='lat' dir='ltr'><strong>prmceps</strong></span> <span class='ocrx_word' id='word_1_818' title='bbox 2826 4538 3055 4603; x_wconf 84' lang='lat' dir='ltr'><strong>ferebar,</strong></span> <span class='ocrx_word' id='word_1_819' title='bbox 3103 4540 3459 4605; x_wconf 80' lang='lat' dir='ltr'><strong>putabamque</strong></span> <span class='ocrx_word' id='word_1_820' title='bbox 3498 4536 3637 4589; x_wconf 86' lang='lat' dir='ltr'><strong>hunc</strong></span> <span class='ocrx_word' id='word_1_821' title='bbox 3674 4548 3792 4589; x_wconf 88' lang='lat' dir='ltr'><strong>esse</strong></span> 
     </span>
    </p>
   </div>
   <div class='ocr_carea' id='block_1_108' title="bbox 2238 4620 3790 4693">
    <p class='ocr_par' dir='ltr' id='par_1_108' title="bbox 2238 4620 3790 4693">
     <span class='ocr_line' id='line_1_108' title="bbox 2238 4620 3790 4693; baseline -0.003 -16"><span class='ocrx_word' id='word_1_822' title='bbox 2238 4625 2466 4681; x_wconf 77' lang='lat' dir='ltr'><strong>fructum</strong></span> <span class='ocrx_word' id='word_1_823' title='bbox 2512 4627 2748 4681; x_wconf 87' lang='lat' dir='ltr'><strong>laborum</strong></span> <span class='ocrx_word' id='word_1_824' title='bbox 2776 4642 3040 4691; x_wconf 89' lang='lat' dir='ltr'><strong>meorum,</strong></span> <span class='ocrx_word' id='word_1_825' title='bbox 3064 4626 3109 4679; x_wconf 92' lang='lat' dir='ltr'><strong>si</strong></span> <span class='ocrx_word' id='word_1_826' title='bbox 3151 4626 3262 4692; x_wconf 89' lang='lat' dir='ltr'><strong>ipse</strong></span> <span class='ocrx_word' id='word_1_827' title='bbox 3293 4625 3347 4677; x_wconf 91' lang='lat' dir='ltr'><strong>in</strong></span> <span class='ocrx_word' id='word_1_828' title='bbox 3376 4624 3597 4677; x_wconf 70' lang='lat' dir='ltr'><strong>luxuria:</strong></span> <span class='ocrx_word' id='word_1_829' title='bbox 3638 4620 3790 4693; x_wconf 56' lang='grc' dir='ltr'><strong>[ΗΜ</strong></span> 
     </span>
    </p>
   </div>
   <div class='ocr_carea' id='block_1_109' title="bbox 2238 4705 3794 4787">
    <p class='ocr_par' dir='ltr' id='par_1_109' title="bbox 2238 4705 3794 4787">
     <span class='ocr_line' id='line_1_109' title="bbox 2238 4705 3794 4787; baseline -0.003 -19"><span class='ocrx_word' id='word_1_830' title='bbox 2238 4705 2468 4787; x_wconf 58' lang='lat' dir='ltr'><strong>luxurii]</strong></span> <span class='ocrx_word' id='word_1_831' title='bbox 2498 4716 2715 4770; x_wconf 89' lang='lat' dir='ltr'><strong>libidine</strong></span> <span class='ocrx_word' id='word_1_832' title='bbox 2735 4729 3098 4769; x_wconf 82' lang='lat' dir='ltr'><strong>consumerer.</strong></span> <span class='ocrx_word' id='word_1_833' title='bbox 3145 4714 3379 4768; x_wconf 89' lang='lat' dir='ltr'><strong>Tandem</strong></span> <span class='ocrx_word' id='word_1_834' title='bbox 3419 4714 3471 4767; x_wconf 89' lang='lat' dir='ltr'><strong>in</strong></span> <span class='ocrx_word' id='word_1_835' title='bbox 3498 4728 3585 4767; x_wconf 91' lang='lat' dir='ltr'><strong>me</strong></span> <span class='ocrx_word' id='word_1_836' title='bbox 3615 4725 3794 4767; x_wconf 85' lang='lat' dir='ltr'><strong>rever—</strong></span> 
     </span>
    </p>
   </div>
   <div class='ocr_carea' id='block_1_110' title="bbox 2240 4802 3794 4875">
    <p class='ocr_par' dir='ltr' id='par_1_110' title="bbox 2240 4802 3794 4875">
     <span class='ocr_line' id='line_1_110' title="bbox 2240 4802 3794 4875; baseline -0.003 -16"><span class='ocrx_word' id='word_1_837' title='bbox 2240 4821 2349 4869; x_wconf 89' lang='lat' dir='ltr'><strong>sus,</strong></span> <span class='ocrx_word' id='word_1_838' title='bbox 2388 4814 2441 4860; x_wconf 90' lang='lat' dir='ltr'><strong>et</strong></span> <span class='ocrx_word' id='word_1_839' title='bbox 2487 4806 2636 4874; x_wconf 87' lang='lat' dir='ltr'><strong>quasi</strong></span> <span class='ocrx_word' id='word_1_840' title='bbox 2674 4806 2739 4859; x_wconf 90' lang='lat' dir='ltr'><strong>de</strong></span> <span class='ocrx_word' id='word_1_841' title='bbox 2777 4805 2923 4873; x_wconf 84' lang='lat' dir='ltr'><strong>gravi</strong></span> <span class='ocrx_word' id='word_1_842' title='bbox 2969 4820 3155 4859; x_wconf 90' lang='lat' dir='ltr'><strong>somno</strong></span> <span class='ocrx_word' id='word_1_843' title='bbox 3199 4806 3455 4875; x_wconf 88' lang='lat' dir='ltr'><strong>evigilans</strong></span> <span class='ocrx_word' id='word_1_844' title='bbox 3492 4802 3695 4870; x_wconf 88' lang='lat' dir='ltr'><strong>aspexi,</strong></span> <span class='ocrx_word' id='word_1_845' title='bbox 3736 4810 3794 4854; x_wconf 86' lang='lat' dir='ltr'><strong>et</strong></span> 
     </span>
    </p>
   </div>
   <div class='ocr_carea' id='block_1_111' title="bbox 2239 4888 3791 4961">
    <p class='ocr_par' dir='ltr' id='par_1_111' title="bbox 2239 4888 3791 4961">
     <span class='ocr_line' id='line_1_111' title="bbox 2239 4888 3791 4961; baseline -0.004 -15"><span class='ocrx_word' id='word_1_846' title='bbox 2239 4910 2427 4948; x_wconf 86' lang='lat' dir='ltr'><strong>manus</strong></span> <span class='ocrx_word' id='word_1_847' title='bbox 2474 4902 2640 4955; x_wconf 86' lang='lat' dir='ltr'><strong>meas,</strong></span> <span class='ocrx_word' id='word_1_848' title='bbox 2680 4900 2734 4945; x_wconf 89' lang='lat' dir='ltr'><strong>et</strong></span> <span class='ocrx_word' id='word_1_849' title='bbox 2770 4907 2929 4959; x_wconf 87' lang='lat' dir='ltr'><strong>opera</strong></span> <span class='ocrx_word' id='word_1_850' title='bbox 2972 4908 3091 4945; x_wconf 90' lang='lat' dir='ltr'><strong>mea</strong></span> <span class='ocrx_word' id='word_1_851' title='bbox 3128 4893 3283 4961; x_wconf 90' lang='lat' dir='ltr'><strong>plena</strong></span> <span class='ocrx_word' id='word_1_852' title='bbox 3328 4891 3593 4954; x_wconf 87' lang='lat' dir='ltr'><strong>vanitatis,</strong></span> <span class='ocrx_word' id='word_1_853' title='bbox 3638 4888 3791 4959; x_wconf 85' lang='lat' dir='ltr'><strong>plena</strong></span> 
     </span>
    </p>
   </div>
   <div class='ocr_carea' id='block_1_112' title="bbox 2240 4976 3792 5051">
    <p class='ocr_par' dir='ltr' id='par_1_112' title="bbox 2240 4976 3792 5051">
     <span class='ocr_line' id='line_1_112' title="bbox 2240 4976 3792 5051; baseline -0.005 -14"><span class='ocrx_word' id='word_1_854' title='bbox 2240 4984 2512 5047; x_wconf 88' lang='lat' dir='ltr'><strong>sordium,</strong></span> <span class='ocrx_word' id='word_1_855' title='bbox 2558 4982 2710 5051; x_wconf 85' lang='lat' dir='ltr'><strong>plena</strong></span> <span class='ocrx_word' id='word_1_856' title='bbox 2751 4983 2939 5051; x_wconf 86' lang='lat' dir='ltr'><strong>spiritu</strong></span> <span class='ocrx_word' id='word_1_857' title='bbox 2981 4983 3180 5037; x_wconf 78' lang='lat' dir='ltr'><strong>erroris</strong></span> <span class='ocrx_word' id='word_1_858' title='bbox 3207 4982 3430 5035; x_wconf 79' lang='lat' dir='ltr'><strong>intuitus</strong></span> <span class='ocrx_word' id='word_1_859' title='bbox 3470 4994 3609 5033; x_wconf 86' lang='lat' dir='ltr'><strong>sum.</strong></span> <span class='ocrx_word' id='word_1_860' title='bbox 3651 4976 3792 5031; x_wconf 74' lang='lat' dir='ltr'><strong>Nihil</strong></span> 
     </span>
    </p>
   </div>
   <div class='ocr_carea' id='block_1_113' title="bbox 2239 5066 3795 5139">
    <p class='ocr_par' dir='ltr' id='par_1_113' title="bbox 2239 5066 3795 5139">
     <span class='ocr_line' id='line_1_113' title="bbox 2239 5066 3795 5139; baseline -0.003 -15"><span class='ocrx_word' id='word_1_861' title='bbox 2239 5072 2380 5125; x_wconf 88' lang='lat' dir='ltr'><strong>enim</strong></span> <span class='ocrx_word' id='word_1_862' title='bbox 2420 5072 2637 5139; x_wconf 88' lang='lat' dir='ltr'><strong>quodin</strong></span> <span class='ocrx_word' id='word_1_863' title='bbox 2668 5073 2863 5125; x_wconf 89' lang='lat' dir='ltr'><strong>mundo</strong></span> <span class='ocrx_word' id='word_1_864' title='bbox 2906 5081 3123 5139; x_wconf 88' lang='lat' dir='ltr'><strong>putatur</strong></span> <span class='ocrx_word' id='word_1_865' title='bbox 3149 5072 3365 5132; x_wconf 90' lang='lat' dir='ltr'><strong>bonum,</strong></span> <span class='ocrx_word' id='word_1_866' title='bbox 3405 5070 3602 5123; x_wconf 89' lang='lat' dir='ltr'><strong>bonum</strong></span> <span class='ocrx_word' id='word_1_867' title='bbox 3644 5066 3795 5137; x_wconf 84' lang='lat' dir='ltr'><strong>potui</strong></span> 
     </span>
    </p>
   </div>
   <div class='ocr_carea' id='block_1_114' title="bbox 2241 5156 3792 5229">
    <p class='ocr_par' dir='ltr' id='par_1_114' title="bbox 2241 5156 3792 5229">
     <span class='ocr_line' id='line_1_114' title="bbox 2241 5156 3792 5229; baseline -0.004 -16"><span class='ocrx_word' id='word_1_868' title='bbox 2241 5159 2493 5229; x_wconf 79' lang='lat' dir='ltr'><strong>reperire.</strong></span> <span class='ocrx_word' id='word_1_869' title='bbox 2522 5160 2794 5229; x_wconf 83' lang='lat' dir='ltr'><strong>Reputans</strong></span> <span class='ocrx_word' id='word_1_870' title='bbox 2819 5159 2980 5228; x_wconf 81' lang='lat' dir='ltr'><strong>igitur</strong></span> <span class='ocrx_word' id='word_1_871' title='bbox 3001 5172 3119 5227; x_wconf 63' lang='lat' dir='ltr'><strong>qua:</strong></span> <span class='ocrx_word' id='word_1_872' title='bbox 3138 5166 3315 5212; x_wconf 87' lang='lat' dir='ltr'><strong>essent</strong></span> <span class='ocrx_word' id='word_1_873' title='bbox 3337 5156 3609 5226; x_wconf 70' lang='lat' dir='ltr'><strong>sapientia:</strong></span> <span class='ocrx_word' id='word_1_874' title='bbox 3629 5156 3792 5217; x_wconf 79' lang='lat' dir='ltr'><strong>bona,</strong></span> 
     </span>
    </p>
   </div>
   <div class='ocr_carea' id='block_1_115' title="bbox 2245 5244 3795 5317">
    <p class='ocr_par' dir='ltr' id='par_1_115' title="bbox 2245 5244 3795 5317">
     <span class='ocr_line' id='line_1_115' title="bbox 2245 5244 3795 5317; baseline -0.004 -14"><span class='ocrx_word' id='word_1_875' title='bbox 2245 5259 2297 5303; x_wconf 89' lang='lat' dir='ltr'><strong>et</strong></span> <span class='ocrx_word' id='word_1_876' title='bbox 2325 5265 2441 5317; x_wconf 70' lang='lat' dir='ltr'><strong>qua:</strong></span> <span class='ocrx_word' id='word_1_877' title='bbox 2464 5251 2707 5304; x_wconf 71' lang='lat' dir='ltr'><strong>stultitim</strong></span> <span class='ocrx_word' id='word_1_878' title='bbox 2726 5249 2883 5312; x_wconf 86' lang='lat' dir='ltr'><strong>mala,</strong></span> <span class='ocrx_word' id='word_1_879' title='bbox 2914 5256 3301 5315; x_wconf 88' lang='lat' dir='ltr'><strong>consequenter</strong></span> <span class='ocrx_word' id='word_1_880' title='bbox 3328 5250 3379 5302; x_wconf 90' lang='lat' dir='ltr'><strong>in</strong></span> <span class='ocrx_word' id='word_1_881' title='bbox 3420 5247 3628 5302; x_wconf 86' lang='lat' dir='ltr'><strong>laudem</strong></span> <span class='ocrx_word' id='word_1_882' title='bbox 3649 5244 3795 5299; x_wconf 88' lang='lat' dir='ltr'><strong>illius</strong></span> 
     </span>
    </p>
   </div>
   <div class='ocr_carea' id='block_1_116' title="bbox 2248 5335 3807 5407">
    <p class='ocr_par' dir='ltr' id='par_1_116' title="bbox 2248 5335 3807 5407">
     <span class='ocr_line' id='line_1_116' title="bbox 2248 5335 3807 5407; baseline -0.003 -17"><span class='ocrx_word' id='word_1_883' title='bbox 2248 5338 2479 5392; x_wconf 86' lang='lat' dir='ltr'><strong>hominis</strong></span> <span class='ocrx_word' id='word_1_884' title='bbox 2517 5338 2687 5407; x_wconf 89' lang='lat' dir='ltr'><strong>erupi,</strong></span> <span class='ocrx_word' id='word_1_885' title='bbox 2718 5337 2807 5405; x_wconf 90' lang='lat' dir='ltr'><strong>qui</strong></span> <span class='ocrx_word' id='word_1_886' title='bbox 2836 5346 2954 5406; x_wconf 89' lang='lat' dir='ltr'><strong>post</strong></span> <span class='ocrx_word' id='word_1_887' title='bbox 2980 5337 3104 5390; x_wconf 90' lang='lat' dir='ltr'><strong>vitia</strong></span> <span class='ocrx_word' id='word_1_888' title='bbox 3132 5352 3190 5391; x_wconf 86' lang='lat' dir='ltr'><strong>se</strong></span> <span class='ocrx_word' id='word_1_889' title='bbox 3218 5337 3513 5399; x_wconf 79' lang='lat' dir='ltr'><strong>refrenans,</strong></span> <span class='ocrx_word' id='word_1_890' title='bbox 3536 5335 3807 5387; x_wconf 22' lang='lat' dir='ltr'><strong>virtutum]</strong></span> 
     </span>
    </p>
   </div>
   <div class='ocr_carea' id='block_1_117' title="bbox 2248 5424 3794 5497">
    <p class='ocr_par' dir='ltr' id='par_1_117' title="bbox 2248 5424 3794 5497">
     <span class='ocr_line' id='line_1_117' title="bbox 2248 5424 3794 5497; baseline -0.003 -18"><span class='ocrx_word' id='word_1_891' title='bbox 2248 5425 2415 5495; x_wconf 87' lang='lat' dir='ltr'><strong>possit</strong></span> <span class='ocrx_word' id='word_1_892' title='bbox 2440 5441 2560 5481; x_wconf 85' lang='lat' dir='ltr'><strong>esse</strong></span> <span class='ocrx_word' id='word_1_893' title='bbox 2592 5432 2840 5480; x_wconf 86' lang='lat' dir='ltr'><strong>sectator.</strong></span> <span class='ocrx_word' id='word_1_894' title='bbox 2866 5426 3264 5497; x_wconf 57' lang='lat' dir='ltr'><strong>Magna&#39;quippe</strong></span> <span class='ocrx_word' id='word_1_895' title='bbox 3284 5424 3533 5481; x_wconf 76' lang='lat' dir='ltr'><strong>distantia</strong></span> <span class='ocrx_word' id='word_1_896' title='bbox 3552 5424 3794 5479; x_wconf 72' lang='lat' dir='ltr'><strong>estinter</strong></span> 
     </span>
    </p>
   </div>
   <div class='ocr_carea' id='block_1_118' title="bbox 2250 5514 3793 5583">
    <p class='ocr_par' dir='ltr' id='par_1_118' title="bbox 2250 5514 3793 5583">
     <span class='ocr_line' id='line_1_118' title="bbox 2250 5514 3793 5583; baseline -0.004 -15"><span class='ocrx_word' id='word_1_897' title='bbox 2250 5514 2574 5582; x_wconf 78' lang='lat' dir='ltr'><strong>sapientiam</strong></span> <span class='ocrx_word' id='word_1_898' title='bbox 2610 5523 2667 5568; x_wconf 86' lang='lat' dir='ltr'><strong>et</strong></span> <span class='ocrx_word' id='word_1_899' title='bbox 2712 5514 3009 5579; x_wconf 86' lang='lat' dir='ltr'><strong>stultitiam,</strong></span> <span class='ocrx_word' id='word_1_900' title='bbox 3034 5523 3099 5570; x_wconf 80' lang='lat' dir='ltr'><strong>et</strong></span> <span class='ocrx_word' id='word_1_901' title='bbox 3127 5522 3382 5583; x_wconf 81' lang='lat' dir='ltr'><strong>quantum</strong></span> <span class='ocrx_word' id='word_1_902' title='bbox 3417 5514 3533 5569; x_wconf 79' lang='lat' dir='ltr'><strong>dies</strong></span> <span class='ocrx_word' id='word_1_903' title='bbox 3564 5514 3729 5568; x_wconf 74' lang='lat' dir='ltr'><strong>distat</strong></span> <span class='ocrx_word' id='word_1_904' title='bbox 3762 5524 3793 5563; x_wconf 89' lang='lat' dir='ltr'><strong>a</strong></span> 
     </span>
    </p>
   </div>
   <div class='ocr_carea' id='block_1_119' title="bbox 2250 5601 3795 5675">
    <p class='ocr_par' dir='ltr' id='par_1_119' title="bbox 2250 5601 3795 5675">
     <span class='ocr_line' id='line_1_119' title="bbox 2250 5601 3795 5675; baseline -0.005 -14"><span class='ocrx_word' id='word_1_905' title='bbox 2250 5613 2425 5673; x_wconf 74' lang='lat' dir='ltr'><strong>nocte,</strong></span> <span class='ocrx_word' id='word_1_906' title='bbox 2456 5612 2659 5660; x_wconf 83' lang='lat' dir='ltr'><strong>tantum</strong></span> <span class='ocrx_word' id='word_1_907' title='bbox 2689 5606 2911 5661; x_wconf 59' lang='lat' dir='ltr'><strong>virtues</strong></span> <span class='ocrx_word' id='word_1_908' title='bbox 2952 5621 2983 5660; x_wconf 89' lang='lat' dir='ltr'><strong>a</strong></span> <span class='ocrx_word' id='word_1_909' title='bbox 3022 5604 3161 5659; x_wconf 85' lang='lat' dir='ltr'><strong>vitiis</strong></span> <span class='ocrx_word' id='word_1_910' title='bbox 3198 5612 3526 5675; x_wconf 75' lang='lat' dir='ltr'><strong>separantur.</strong></span> <span class='ocrx_word' id='word_1_911' title='bbox 3576 5601 3795 5657; x_wconf 71' lang='lat' dir='ltr'><strong>Vitiatur</strong></span> 
     </span>
    </p>
   </div>
  </div>
