4230 6186
452 277 551 337 677

1310 284 1705 342 EXEGETICA.
1746 280 1799 327 -’
1853 284 2199 345 (ΖΟΜΜΕΝΤ.
2238 289 2303 343 l.\'
2346 282 2867 348 ECCLESIASTEN.

3584 303 3681 362 678

450 392 582 449 mibi
603 390 782 486 itaque
800 394 892 463 qui
914 396 1224 463 sapientiam
1250 402 1512 469 sequitur,
1533 402 1715 458 oculos
1735 404 1801 458 ad
1821 404 2013 460 etclam
2041 415 2092 473 Α
2118 406 2278 469 disse,
2304 406 2506 476 Regum
2547 409 2668 463 libri
2710 417 2991 474 testantur,
3022 412 3109 480 qui
3147 411 3386 469 Roboam
3414 415 3684 486 insipienti

382 510 385 511 ν
449 496 662 553 εειηρει·
700 484 933 554 erigere,
961 495 1016 541 et
1044 488 1099 540 in
1145 489 1370 545 sublime
1415 508 1478 547 os
1515 493 1713 548 habere
1752 504 2010 558 erectum,

445 587 617 643 eaque
660 589 779 644 qua:
819 590 979 645 super
1025 580 1279 635 verticem
1325 592 1483 644 sunt,
1515 568 2013 657 contemplarizqui

444 676 573 715 vero
608 664 847 718 stultitia:
880 674 936 718 et
975 667 1117 721 vitiis
1160 669 1369 725 deditus
1405 672 1565 742 417
1603 675 1701 737 sit,
1728 678 1926 730 versari
1960 677 2011 729 in

446 754 683 807 tenebris
711 762 765 808 et
806 755 860 809 in
902 772 1083 811 rerum
1132 760 1429 829 ignorantia
1476 766 1725 820 volutari.
1773 767 2012 837 Cumque

443 843 557 897 haec
600 844 673 897 ita
707 860 764 900 se
798 846 1050 911 habeant,
1096 850 1237 904 inter
1277 856 1568 921 sapientem
1612 866 1665 910 et
1700 858 1917 912 stultum
1947 874 2007 912 ea

441 932 695 988 distantia
723 944 822 998 est,
865 938 1006 1005 quod
1034 938 1172 993 alter
1201 940 1328 1006 diei,
1354 944 1489 997 alter
1522 948 1758 1000 tenebris
1794 963 2010 1015 compa-

441 1030 623 1076 retur:
656 1023 745 1077 ille
791 1026 975 1080 oculos
1021 1028 1087 1080 ad
1128 1030 1321 1083 crelum
1366 1031 1538 1095 levat,
1571 1035 1669 1087 iste
1715 1036 1767 1088 in
1811 1046 2007 1089 terram

437 1113 705 1181 deprimit.
750 1114 989 1184 Repente
1012 1126 1191 1171 autem
1220 1120 1348 1173 mihi
1385 1124 1637 1191 cogitatio
1674 1124 1775 1177 ista
1819 1124 2005 1177 subre-

436 1203 560 1270 psit,
596 1219 761 1271 quare
804 1206 1019 1287 sapiens
1042 1216 1099 1261 et
1131 1209 1324 1263 stultus
1350 1213 1619 1265 communi
1664 1221 1887 1280 pereant
1928 1214 2009 1266 in-

436 1290 626 1357 teritu;
652 1308 750 1346 cur
767 1294 953 1348 eadem
976 1296 1151 1364 plaga,
1178 1298 1362 1352 eodem
1385 1309 1600 1363 eventu,
1626 1302 1811 1355 eadem
1836 1311 2007 1355 morte

432 1391 775 1458 premantur;
809 1399 908 1437 cur
936 1387 1133 1440 eaedem
1162 1388 1269 1441 sint
1312 1391 1524 1458 utrique
1558 1393 1837 1460 angustiae.
1870 1392 2006 1445 Sunt

429 1483 559 1523 vero
586 1471 675 1539 qui
710 1472 826 1526 haec
852 1474 1013 1527 verba
1040 1474 1375 1531 Ecclesiastis
1416 1478 1482 1531 ab
1518 1492 1583 1532 eo
1628 1479 1745 1533 loco
1770 1480 1860 1534 ubi
1888 1480 1961 1532 ait
1989 1498 1999 1530 :

434 1555 770 1626 Hagniﬁeavi
802 1577 958 1629 opera
988 1579 1120 1624 mea,
1144 1579 1311 1631 usque
1337 1566 1404 1617 ad
1434 1568 1577 1621 hunc
1605 1567 1777 1623 locum
1811 1569 1861 1620 in
1898 1583 2004 1636 quo

430 1648 541 1699 ait:
566 1646 825 1715 Sapientis
857 1648 995 1701 oculi
1021 1650 1075 1703 in
1118 1652 1281 1719 capite
1328 1654 1461 1721 ejus,
1494 1654 1557 1708 de
1587 1654 1802 1708 Christo
1841 1656 2002 1709 inter—

2118 494 2223 548 lilio
2251 496 2459 551 labores
2486 514 2611 552 suos
2654 500 2886 569 reliquit.
2934 499 3039 555 Sed
3066 503 3253 557 melius
3284 504 3685 573 intelligendum

2112 596 2195 641 est
2225 586 2379 659 [illan
2407 589 2635 661 mstimo]
2665 590 2732 645 de
2777 592 3001 660 spiritali
3035 593 3236 658 labore,
3270 594 3323 648 in
3364 611 3471 664 quo
3495 597 3689 652 diebus

2112 692 2175 730 ac
2217 680 2461 733 noctibus
2483 679 2568 733 vir
2592 682 2803 749 sapiens
2830 683 2881 735 in
2909 682 3023 751 lege
3049 682 3259 736 Domini
3293 685 3604 750 meditatur,
3633 694 3690 739 et

2114 761 2511 830 Scripturarum
2543 776 2849 821 sanctarum
2880 769 3104 822 desudat
3135 771 3597 839 interpretatione,
3631 784 3688 828 et

2112 852 2276 907 libros
2320 858 2587 923 componit
2635 858 2854 920 multos,
2895 866 2951 910 ut
2995 863 3307 913 memoriam
3338 862 3419 915 sui
3455 864 3687 929 posteris

2113 938 2262 1009 [Ms.,
2294 943 2403 995 suis
2425 943 2676 1013 posteris]
2708 946 2995 1014 relinquat,
3018 955 3071 999 et
3098 948 3445 1002 nihilominus
3472 949 3683 1005 labores

2108 1027 2249 1081 illius
2276 1030 2328 1082 in
2357 1046 2541 1083 manus
2569 1032 2851 1086 stultorum
2879 1037 3195 1102 perveniunt
3219 1077 3230 1097 ,
3258 1037 3347 1104 qui
3373 1036 3685 1105 frequenter

2108 1117 2400 1169 secundum
2452 1120 2859 1185 perversitatem
2909 1124 3088 1175 cordis
3132 1125 3236 1186 sui,
3266 1140 3330 1176 ex
3366 1136 3673 1178 sint-torum

2108 1202 2323 1256 Patrum
2356 1207 2509 1258 dictis
2532 1246 2545 1270 ,
2592 1208 2855 1290 [κει-θυαε
2882 1212 3159 1275 pravitatis
3186 1214 3388 1266 semina
3433 1214 3672 1283 capiunt,

2107 1299 2160 1344 et
2186 1293 2390 1347 alienos
2424 1295 2638 1349 labores
2663 1298 3077 1353 calumniantur.

2178 1373 2337 1437 Vens.
2370 1386 2554 1438 20-23.
2602 1416 2669 1424 —
2710 1386 2859 1439 Unde
2900 1393 3116 1453 cessari,
3155 1395 3563 1463 renuntiaritque
3596 1411 3687 1447 cor

2106 1489 2273 1524 meum
2304 1474 2442 1525 ultra
2464 1474 2702 1527 laborare
2720 1478 2813 1527 sub
2842 1480 2948 1528 sole
2977 1495 2992 1528 :
3026 1496 3143 1530 nam
3175 1496 3289 1531 cum
3318 1481 3453 1533 alius
3476 1482 3682 1534 laborat

2104 1562 2157 1613 in
2189 1564 2463 1629 sapientia,
2488 1572 2534 1615 et
2558 1564 2813 1627 doctrina,
2832 1574 2879 1616 et
2903 1566 3268 1629 sollicitudine,
3290 1569 3485 1621 nomini
3516 1572 3680 1623 otioso

2103 1652 2321 1719 qua’sita
2353 1652 2597 1713 dimittit;
2626 1662 2671 1701 et
2700 1653 2795 1703 hoc
2821 1669 2940 1720 ergo
2978 1655 3177 1706 vanitas
3215 1666 3263 1707 et
3294 1672 3537 1723 magnum
3566 1674 3679 1708 ma-

428 1735 628 1803 pretari
666 1748 947 1790 conantur.
1000 1737 1103 1791 Sed
1135 1741 1452 1806 quibusdam
1485 1742 1538 1795 in
1578 1743 1707 1796 locis
1736 1742 1995 1797 laboriosa
2032 1730 2076 1789 Β
2104 1730 2231 1793 lum.
2269 1740 2406 1803 Quid
2448 1742 2583 1791 enim
2622 1741 2848 1806 proderit
2878 1742 3073 1793 homini
3116 1742 3179 1793 de
3221 1737 3455 1795 univcr‘so
3501 1743 3680 1794 labore

426 1831 506 1875 est
535 1823 929 1892 interpretatio,
951 1826 1055 1878 nisi
1084 1826 1221 1879 forte
1242 1828 1306 1881 de
1329 1830 1581 1883 membris
1608 1830 1751 1883 illius
1778 1830 1997 1899 intelligi

428 1912 652 1979 possint.
683 1912 806 1967 Ideo
836 1928 932 1967 nos
960 1914 1221 1968 historiali
1256 1919 1623 1971 tantummodo
1651 1918 1997 1987 intelligentia

430 2003 481 2055 in
508 2003 609 2056 hoc
632 2002 750 2057 loco
775 2005 1012 2057 contenti
1042 2020 1245 2069 sumus,
1289 2008 1522 2062 maxime
1555 2009 1678 2077 quia
1710 2010 1863 2063 nobis
1892 2024 1998 2063 non

425 2102 508 2147 cst
549 2095 879 2162 propositum
923 2098 1102 2149 omnia
1156 2098 1334 2151 dicere
1374 2114 1492 2167 qua:
1522 2114 1552 2152 a
1583 2100 1809 2153 diversis
1854 2101 1999 2153 inve-

427 2184 649 2236 niuntur
668 2185 978 2239 auctoribus
998 2185 1160 2245 dicta,
1192 2187 1283 2240 sed
1305 2202 1365 2240 ea
1394 2189 1711 2259 commatico
1732 2203 1995 2251 sermone,

427 2288 545 2341 qua:
569 2276 637 2328 ad
665 2289 880 2328 sensum
904 2276 1197 2343 planiorem
1223 2280 1491 2344 pertinere
1520 2280 1789 2343 videntur,
1814 2280 1998 2349 paucis

428 2363 792 2432 perstringere
822 2365 1019 2418 verbis.
1340 2428 1343 2431 Α

498 2452 659 2507 Vens.
691 2452 777 2515 15,
803 2452 889 2505 16.
913 2484 982 2492 -
1021 2454 1089 2506 Et
1112 2456 1223 2508 dixi
1250 2457 1304 2509 in
1335 2457 1487 2510 corde
1511 2474 1622 2511 meo
1653 2475 1670 2511 :
1703 2456 1763 2512 Si
1792 2475 1925 2511 unus
1950 2468 1999 2513 et

428 2540 574 2593 stulti
616 2551 664 2595 et
713 2558 853 2595 meus
903 2560 1117 2597 occasus
1156 2546 1270 2608 erit,
1304 2547 1429 2615 quid
1463 2548 1589 2599 mihi
1625 2548 1829 2616 prodest
1860 2550 1998 2619 quod

430 2629 685 2698 majorem
729 2633 997 2700 sapientite
1040 2632 1158 2684 dedi
1198 2649 1405 2703 operam
1430 2636 1455 2687 ?
1502 2635 1829 2705 Locutusque
1879 2654 1998 2691 cum

422 2728 591 2773 mente
615 2736 730 2772 mea
748 2759 763 2783 ,
809 2721 1147 2774 animaduerti
1172 2724 1309 2789 quod
1344 2724 1438 2776 hoc
1462 2741 1661 2793 quoque
1686 2736 1819 2779 esset
1846 2730 1997 2779 uani-

424 2817 527 2861 tas.
575 2806 699 2861 Non
751 2809 887 2863 enim
931 2811 1027 2861 erit
1074 2795 1323 2863 memoria
1371 2815 1614 2881 sapientis
1658 2814 1896 2867 similiter
1942 2826 1995 2867 ut

423 2898 569 2951 stulti
595 2900 648 2951 in
669 2908 987 2967 perpetuum,
1011 2910 1057 2952 et
1084 2901 1261 2967 futura
1285 2912 1513 2970 tempora
1538 2902 1788 2955 oblivione
1811 2913 1994 2955 cuncta

423 2988 620 3057 pariter
638 2988 865 3057 aperient
891 3004 907 3040 :
930 2990 1149 3040 moritur
1170 2990 1350 3042 doctus
1379 2990 1617 3043 similiter
1652 3001 1703 3043 ut
1735 2992 1989 3045 indoctus.

2098 1846 2213 1893 suo,
2244 1839 2291 1881 et
2321 1830 2591 1898 afﬂictione
2623 1831 2855 1897 spiritus,
2883 1846 2983 1898 qua
3012 1831 3105 1883 sub
3133 1831 3237 1883 sole
3268 1834 3529 1884 cruciatus
3554 1842 3627 1885 est
3651 1834 3677 1883 .’

2100 1918 2285 1972 Cuncti
2315 1920 2424 1970 dies
2453 1919 2566 1987 ejus
2600 1918 2862 1971 doloribus
2900 1929 2948 1970 et
2979 1922 3226 1972 arumnis
3247 1919 3386 1988 pleni
3412 1930 3551 1985 sunt,
3584 1937 3676 1973 nec

2098 2023 2191 2075 per
2216 2017 2413 2059 noctem
2443 2017 2608 2059 mente
2654 2009 2955 2075 requiescit;
2985 2018 3031 2058 et
3068 2009 3195 2069 lucc,
3228 2025 3398 2061 nonne
3427 2014 3629 2061 vanitas
3653 2011 3678 2061 .’

2102 2096 2198 2149 Hic
2250 2105 2309 2150 ut
2355 2112 2513 2163 supra
2564 2098 2628 2150 de
2673 2098 2879 2150 incerto
2927 2097 3135 2150 bmrede
3188 2098 3442 2164 loquitur,
3492 2108 3671 2151 utrum

2112 2184 2306 2238 stultus
2359 2200 2426 2237 an
2470 2186 2680 2253 sapiens
2721 2184 2929 2237 futurus
2976 2186 3064 2246 sit,
3115 2186 3205 2251 qui
3242 2186 3421 2238 labore
3456 2186 3677 2240 alterius

2099 2274 2359 2328 fruiturus
2399 2275 2468 2327 sit
2493 2289 2507 2326 :
2537 2283 2593 2327 et
2619 2275 2670 2325 in
2697 2276 2940 2327 eumdem
2978 2276 3237 2327 circulum
3269 2288 3355 2327 res
3382 2275 3672 2327 revertitur

2098 2374 2159 2418 ut
2224 2364 2433 2419 labores
2506 2365 2845 2417 morientium
2916 2364 3115 2416 delicia:
3187 2364 3293 2416 sint
3362 2364 3673 2417 viventium.

2099 2451 2325 2504 Maxime
2373 2459 2547 2503 tamen
2599 2452 2663 2504 de
2726 2451 2908 2504 labore
2967 2452 3241 2517 sapientiae
3288 2452 3560 2519 disputat,
3620 2451 3675 2505 in

2098 2557 2202 2610 quo
2249 2541 2469 2593 studiosi
2510 2538 2663 2608 [Ms.,
2695 2540 2952 2610 studiost
3002 2542 3083 2593 vel
3128 2556 3307 2593 rerum
3354 2540 3673 2608 spiritalium

2097 2631 2180 2683 vel
2205 2630 2511 2692 visibilium,
2558 2630 2643 2682 die
2673 2646 2737 2680 ac
2783 2641 2937 2682 nocte
2968 2630 3231 2691 laborant,
3277 2630 3585 2699 ignorantes
3614 2630 3671 2682 in

2096 2709 2323 2785 quorum
2366 2733 2554 2770 manus
2596 2718 2907 2785 perveniant
2952 2718 3207 2786 opuscula
3235 2733 3351 2782 sua,
3381 2728 3560 2771 utrum
3586 2732 3674 2772 sa-

2095 2810 2301 2876 pientes
2339 2807 2405 2861 de
2434 2808 2624 2861 litteris
2666 2808 2933 2875 disputent
2972 2810 3103 2871 suis,
3132 2809 3214 2861 vel
3247 2810 3409 2861 etiam
3438 2809 3587 2863 stulti
3616 2815 3675 2863 et

2095 2901 2275 2954 otiosi.
2300 2900 2393 2953 Est
2417 2900 2707 2969 quidquam
2739 2908 2846 2950 tam
2876 2900 3100 2951 vanum?
3130 2902 3254 2967 quia
3277 2914 3374 2951 nec
3401 2900 3671 2963 noctibus,

2097 3004 2196 3042 nec
2221 2989 2409 3040 diebus
2443 2996 2619 3040 cessat
2644 3002 2673 3038 a
2701 2988 2901 3049 labore,
2933 2994 2988 3039 et
3016 2990 3185 3039 nescit
3209 2988 3276 3040 ad
3300 3002 3460 3054 quem
3491 2986 3671 3055 prole-

426 3075 551 3130 Ilzec
591 3079 735 3132 enim
775 3077 1080 3147 diligentius
1126 3079 1472 3134 considerans
1509 3081 1618 3133 dixi
1649 3098 1658 3132 :
1694 3080 1918 3148 Sapiens
1941 3091 1995 3134 et
2021 3050 2067 3110 ο
2097 3079 2240 3131 etuin
2270 3078 2446 3131 futuro
2472 3086 2707 3145 tempore
2734 3076 2946 3129 labores
2970 3076 3218 3129 evenient
3246 3077 3346 3128 sui.

424 3167 653 3229 stultus,
698 3167 874 3235 justus
904 3176 959 3219 et
989 3168 1215 3234 impius,
1259 3169 1445 3235 aequali
1477 3178 1649 3221 morte
1694 3169 1993 3221 moriuntur

428 3251 624 3324 [Uier.,
667 3264 809 3308 sorte
858 3255 1210 3326 morientur],
1241 3264 1295 3309 et
1333 3257 1511 3311 omnia
1556 3257 1608 3309 in
1651 3258 1751 3309 hoc
1800 3256 1993 3309 smeulo

426 3342 562 3393 mala
604 3351 796 3396 eventu
840 3342 999 3395 simili
1038 3342 1394 3409 sustinebunt.
1434 3343 1583 3398 Sicut
1617 3345 1759 3398 enim
1801 3345 1993 3411 impius

362 3504 363 3507 η
425 3430 793 3485 tribulationes
827 3433 1045 3500 patitur,
1076 3434 1151 3486 ita
1178 3428 1340 3487 etiém
1367 3443 1421 3489 et
1442 3435 1619 3504 justus
1644 3452 1656 3486 :
1688 3449 1785 3488 nec
1810 3449 1995 3502 quem-

424 3516 553 3571 libet
579 3520 634 3571 in
665 3522 766 3572 hoc
789 3522 984 3574 saeculo
1009 3537 1111 3587 sua,
1134 3521 1408 3587 adjuvabit
1436 3523 1664 3589 justitia,
1695 3522 1786 3575 sed
1816 3522 1993 3575 omnia

426 3608 625 3663 incerta
672 3619 817 3673 sunt,
859 3624 959 3677 pro
1000 3610 1262 3679 quo‘quid
1286 3611 1373 3663 cui
1397 3612 1627 3664 eveniat.
1668 3611 1724 3663 Si
1771 3612 1841 3663 ita
1890 3621 1991 3672 cst,

424 3700 533 3754 dixi
564 3700 616 3753 in
640 3700 799 3754 corde
827 3716 945 3754 meo
976 3718 987 3752 :
1015 3701 1152 3765 Quid
1183 3700 1311 3753 mihi
1340 3716 1467 3770 ergo
1493 3702 1710 3769 prodest
1736 3701 1877 3768 quod
1910 3715 1995 3753 se-
2014 3736 2026 3745 ο

425 3797 580 3843 cutus
609 3804 729 3844 sum
776 3790 1111 3860 sapientiam,
1142 3799 1197 3844 et
1240 3791 1357 3859 plus
1403 3792 1611 3845 cmteris
1658 3792 1915 3855 laboravi,
1949 3792 1994 3845 si

425 3894 577 3933 meus
603 3884 824 3933 occasus
851 3889 906 3932 et
930 3881 1076 3935 stulti
1104 3882 1324 3949 aequalis
1348 3882 1493 3934 erit?
1539 3881 1642 3935 Sed
1674 3897 1885 3934 rursum
1907 3896 1996 3935 eo-

426 3968 623 4039 gitans,
658 3968 1067 4037 diligentiusque
1118 3970 1481 4031 considerans,
1526 3986 1631 4023 non
1659 3971 1885 4023 similem
1912 3985 1997 4021 sa-

425 4061 655 4128 pientem
716 4067 771 4112 et
830 4059 1049 4112 stultum
1106 4059 1305 4111 habere
1355 4059 1406 4111 in
1458 4047 1635 4112 futuro
1683 4059 1992 4111 memoriam

425 4151 638 4219 quando
667 4151 1055 4205 consummatio
1082 4151 1257 4205 veniet
1288 4152 1680 4215 universitatis;
1715 4161 1767 4204 et
1799 4166 1996 4219 nequa-

424 4256 582 4312 quam
604 4242 719 4309 pari
740 4242 884 4295 exitu
906 4242 1133 4310 injustus
1152 4250 1205 4294 et
1220 4242 1395 4309 justus
1406 4240 1753 4308 iudicabitur,
1768 4242 1891 4310 quia
1910 4242 1997 4295 hic

2163 3165 2328 3235 418
2366 3165 2523 3218 Vens.
2563 3164 2747 3216 ‘24-‘26.
2796 3193 2868 3203 ——
2907 3164 3094 3215 Nonne
3147 3165 3330 3217 melius
3382 3174 3454 3216 est
3502 3180 3672 3220 come.

2094 3255 2212 3307 dere
2238 3265 2285 3306 et
2306 3254 2494 3317 bibere,
2522 3266 2569 3305 et
2596 3255 2863 3307 ostendere
2889 3259 3078 3307 animm
3099 3271 3207 3307 sure
3235 3255 3365 3307 bona
3390 3255 3453 3307 de
3473 3255 3675 3309 labori-

2097 3346 2189 3397 bus
2224 3346 2328 3397 suis
2351 3344 2374 3395 ?
2400 3342 2466 3395 Et
2495 3344 2592 3395 hoc
2617 3344 2679 3396 de
2701 3344 2980 3395 »παπαιυεὶ
3017 3354 3110 3395 est.
3144 3343 3271 3406 Quis
3298 3345 3370 3395 ita
3398 3344 3597 3396 vorabit
3625 3352 3677 3398 et

2064 3440 2067 3443 ’
2096 3433 2295 3486 deliciis
2325 3434 2490 3503 aﬁluet
2531 3443 2583 3485 ut
2621 3434 2758 3501 ego?
2786 3431 2999 3484 Homini
3032 3434 3163 3485 bono
3189 3432 3243 3485 in
3273 3442 3548 3501 conspectu
3576 3450 3673 3488 suo

2096 3524 2233 3575 dedit
2266 3523 2404 3575 Deus
2433 3525 2738 3592 sapientiam
2775 3532 2821 3575 et
2857 3524 3124 3575 scientiam
3151 3534 3196 3573 et
3238 3522 3471 3573 laetitiam
3500 3540 3517 3574 :
3548 3540 3671 3591 pec-

2098 3614 2262 3664 catori
2296 3623 2467 3665 autem
2490 3613 2628 3665 dedit
2658 3614 2981 3681 aﬂlictionem
3023 3621 3069 3664 et
3108 3627 3287 3663 curam
3326 3613 3668 3679 super/luam,

2096 3711 2151 3754 ut
2178 3702 2337 3753 addat
2381 3711 2428 3755 et
2468 3712 2735 3770 congregat
2771 3711 2819 3752 et
2845 3702 3018 3752 tradat
3058 3702 3127 3764 ei,
3155 3701 3245 3769 qui
3274 3700 3469 3768 placuit
3510 3699 3621 3752 Deo
3649 3717 3668 3753 :

2097 3792 2184 3845 sed
2213 3802 2257 3845 et
2288 3792 2382 3842 hoc
2418 3791 2637 3851 vanitas,
2668 3799 2713 3841 et
2755 3805 2902 3841 cassa
2943 3787 3237 3840 sollicitudo
3269 3790 3471 3839 mentis.
3512 3786 3671 3842 Aliud

2097 3890 2179 3935 est
2223 3896 2289 3934 ex
2340 3880 2765 3933 consideratione
2816 3877 3059 3937 rationis,
3110 3876 3251 3929 aliud
3291 3884 3471 3929 estex
3522 3875 3671 3929 inﬁr-

2097 3970 2293 4021 mantis
2315 3969 2452 4035 vulgi
2480 3968 2769 4020 tentatione
2792 3966 3083 4032 disputare.
3119 3964 3216 4018 llic
3240 3965 3366 4032 quid
3398 3965 3672 4018 indoctum

2096 4057 2284 4123 vulgus
2333 4056 2527 4107 sentiat
2561 4056 2773 4107 videtur
2809 4054 3051 4105 delinire.
3101 4052 3201 4105 Ubi
3239 4066 3367 4104 vero
3397 4052 3473 4103 ait
3504 4066 3517 4102 :
3553 4050 3668 4105 Me-

2096 4144 2195 4198 lius
2223 4155 2294 4197 cst
2320 4146 2393 4196 ire
2414 4144 2480 4195 ad
2504 4143 2713 4195 domum
2738 4142 2903 4194 luctus
2929 4159 3085 4210 quam
3108 4142 3175 4193 ad
3196 4142 3407 4193 domum
3432 4143 3670 4205 conuiuii,

2098 4247 2163 4285 ex
2209 4232 2429 4284 rationis
2475 4230 2797 4284 discretione
2843 4231 3075 4283 ostendit
3121 4244 3177 4282 se
3212 4229 3377 4298 loqui.
3422 4229 3672 4284 Dicamus

427 4328 492 4380 ad
510 4327 806 4397 refrigeria,
831 4329 916 4383 ille
936 4332 1109 4399 pergit
1130 4331 1195 4383 ad
1219 4346 1460 4399 pmnam:
1488 4331 1605 4385 ideo
1627 4333 1858 4400 priorem
1882 4348 1995 4385 sen-
2029 4371 2076 4427 Β
2101 4330 2276 4420 ifilli?“
2306 4321 2598 4427 ξςευηάυω
2642 4320 3081 4427 εοξιεειιυεξιιίθω
3111 4319 3403 4427 ξυρξνίίξξ
3430 4320 3672 4419 ξίίδρυξδ·

425 4418 643 4471 tentiam
675 4433 844 4471 meam
869 4418 1134 4479 damnavi,
1152 4426 1207 4471 et
1229 4433 1313 4471 me
1334 4419 1491 4471 stulte
1514 4419 1744 4473 locutum
1772 4435 1889 4473 esse
1916 4420 1996 4471 in-

425 4506 623 4569 tellexi,
642 4514 694 4559 et
714 4522 942 4572 errasse,
968 4507 1057 4576 qui
1084 4506 1233 4577 [Ms.,
1249 4505 1395 4577 quia]
1420 4515 1573 4560 antea
1596 4508 1673 4560 sic
1697 4522 1993 4561 senseram.

495 4596 657 4651 Vatis.
701 4598 879 4650 l7-l9.
913 4628 982 4637 —
1013 4597 1218 4650 Idcirco
1260 4596 1439 4649 trrduit
1479 4612 1559 4648 me
1598 4598 1714 4649 uittr
1736 4612 1881 4660 mete,
1919 4599 1993 4650 vi-

425 4684 625 4739 dentem
655 4683 791 4757 mala
818 4701 925 4736 esse
951 4686 1189 4737 universa
1219 4685 1310 4737 sub
1340 4683 1465 4746 sole,
1506 4693 1552 4737 et
1581 4693 1763 4737 cuncta
1790 4687 1990 4737 vanita-

427 4784 525 4827 tem
555 4784 705 4842 atque
732 4772 1072 4842 aﬂlictionem.
1099 4772 1327 4827 Rursum
1350 4775 1627 4829 detestatus
1653 4792 1768 4829 sum
1791 4793 1988 4829 omnem

426 4863 496 4913 ini
523 4864 737 4914 ustriam
760 4876 943 4921 meam,
968 4868 1068 4927 qua
1090 4861 1183 4912 sub
1210 4862 1315 4915 sole
1341 4865 1715 4918 studiosissime
1740 4866 1989 4928 laboravi;

426 4952 646 5004 habitur.
674 4969 694 5003 s
722 4951 974 5004 hatredem
1016 4961 1125 5018 post
1156 4968 1255 5014 me,
1295 4968 1444 5019 quem
1478 4955 1658 5020 ignoro
1695 4966 1867 5007 utrum
1910 4972 1993 5007 sa-

426 5039 569 5107 piens
602 5056 670 5090 απ
702 5038 891 5091 stultus
914 5038 1119 5105 futurus
1152 5041 1237 5099 sit,
1271 5050 1318 5091 et
1348 5040 1699 5092 dominabitur
1723 5044 1778 5093 in
1800 5044 1992 5094 labori-

428 5128 520 5181 bus
550 5128 689 5181 meis,
734 5131 789 5181 in
830 5130 1014 5195 quibus
1040 5130 1286 5182 desttdavi
1330 5140 1377 5181 et
1407 5129 1657 5182 sollicitus
1687 5132 1761 5198 fui
1789 5149 1805 5192 ;
1840 5142 1884 5183 et
1917 5143 1990 5183 est

426 5218 707 5287 quidamm
729 5226 839 5268 tam
866 5220 1092 5271 uanum?
1132 5220 1350 5272 Videtur
1379 5219 1593 5286 quidem
1622 5219 1685 5271 de
1716 5221 1917 5273 divitiis
1938 5230 1991 5274 et

427 5308 614 5374 opibus
666 5314 977 5369 retractare,
1014 5308 1135 5373 quia
1181 5309 1472 5362 secundum
1518 5307 1858 5377 Evangelium
1905 5325 1988 5363 rc-

429 5394 641 5459 pentins
679 5401 852 5447 morte
895 5393 1177 5456 subtracti,
1229 5395 1372 5461 quali
1423 5396 1715 5448 moriamur
1759 5398 1985 5457 hmredc,

433 5481 695 5535 nescimus
717 5490 896 5535 utrum
925 5480 1137 5550 sapiens
1162 5496 1229 5534 an
1251 5482 1445 5536 stultus
1470 5485 1557 5546 sit,
1586 5485 1676 5553 qui
1707 5493 1890 5539 nostro
1915 5488 1990 5539 la-

437 5565 561 5626 ὶοη
603 5576 686 5624 est
732 5566 1009 5624 fruiturus.
1064 5568 1132 5622 Et
1166 5569 1267 5623 hoc
1297 5567 1568 5627 Salomoni
1607 5573 1802 5627 malum
1848 5576 1988 5629 acci-

2100 4409 2275 4462 tionis.
2313 4408 2599 4475 Postquam
2628 4408 2873 4459 universa
2906 4408 3151 4466 tractavi,
3184 4415 3239 4459 et
3266 4406 3399 4460 nihil
3428 4408 3481 4458 in
3515 4409 3670 4461 istius

2100 4497 2283 4549 mundi
2337 4497 2516 4549 labore
2565 4504 2878 4565 perpetuum
2925 4495 3181 4556 intellexi,
3216 4496 3673 4564 posterioremun

2096 4585 2491 4653 generationem
2516 4586 2711 4651 prioris
2747 4583 2850 4636 frui
2884 4584 3173 4642 latoribus,
3208 4592 3318 4634 tum
3345 4583 3475 4634 mihi
3498 4584 3671 4635 visum

2096 4668 2327 4734 estfhoc
2360 4675 2413 4725 in
2442 4676 2599 4726 rebus
2626 4686 2744 4725 esse
2783 4673 3158 4737 Justissimum,
3189 4680 3241 4722 et
3280 4671 3431 4737 quasi
3462 4670 3556 4723 Dei
3582 4672 3671 4725 do-

2098 4780 2243 4827 num,
2284 4772 2339 4815 ut
2367 4778 2462 4817 suo
2487 4763 2607 4831 quis
2637 4762 2815 4814 labore
2852 4761 3139 4822 frueretur,
3172 4760 3358 4812 bibens
3389 4767 3442 4813 et
3484 4775 3669 4815 come-

2096 4853 2245 4915 dens,
2290 4860 2342 4905 et
2373 4866 2469 4919 pro
2495 4862 2730 4918 tempore
2772 4864 2997 4915 parcens
3028 4849 3157 4918 ML,
3190 4847 3435 4919 pascens]
3482 4850 3674 4917 opibus

2097 4946 2451 5013 coagregatis.
2503 4943 2567 4995 Et
2595 4944 2693 4996 hoc
2724 4942 2984 5010 siquidem
3014 4942 3105 4992 Dei
3137 4942 3334 4993 donum
3356 4938 3511 5003 [Ms.,
3554 4954 3670 4993 mu-

2098 5033 2219 5103 nus]
2272 5042 2394 5096 est,
2440 5034 2597 5088 talem
2634 5032 2783 5098 justo
2831 5034 2947 5085 dari
3001 5034 3115 5083 viro
3151 5040 3421 5093 mentem,
3470 5038 3529 5083 ut
3578 5046 3662 5094 ea,

2096 5140 2213 5193 qua:
2283 5125 2429 5179 euris
2495 5125 2797 5193 vigiliisque
2853 5123 3135 5190 quaesivit,
3192 5123 3307 5190 ipse
3367 5131 3668 5177 consumat.

2098 5214 2246 5267 Sicut
2277 5229 2306 5266 e
2347 5215 2618 5268 contrario
2648 5214 2740 5266 irre
2771 5213 2862 5267 Dei
2886 5220 2985 5277 est,
3027 5222 3085 5267 ut
3113 5222 3365 5282 peccator
3392 5214 3578 5268 diebus
3608 5228 3671 5268 ac

2096 5307 2339 5358 noctibus
2373 5320 2501 5373 opes
2529 5314 2816 5375 congregct
2842 5345 2856 5370 ,
2904 5318 2959 5360 et
3006 5321 3340 5374 nequaquam
3370 5306 3449 5357 eis
3491 5313 3669 5371 utens,

2096 5393 2427 5460 derelinquat
2472 5394 2552 5447 bis
2576 5395 2664 5460 qui
2698 5396 2749 5446 in
2778 5405 3065 5465 conspectu
3092 5395 3183 5447 Dei
3221 5394 3353 5461 justi
3380 5398 3523 5447 sunt.
3563 5390 3670 5447 Sed

2093 5491 2148 5535 et
2176 5483 2298 5545 hoc,
2330 5482 2519 5549 inquit,
2551 5483 2831 5553 diligenter
2855 5486 3167 5554 inspiciens,
3196 5493 3251 5539 et
3278 5482 3465 5537 videns
3487 5481 3668 5539 omnia
3728 5530 3731 5533 ,

2098 5580 2265 5628 morte
2290 5570 2450 5637 finiri,
2475 5572 2825 5630 vanissimum
2849 5574 3103 5643 iudicavi.
3123 5573 3247 5630 Hac
3273 5572 3484 5627 interim
3507 5583 3666 5639 super
