4230 6194
396 350 489 405 681

1235 348 1635 403 EXEGETICA.
1678 377 1744 385 —
1780 344 2129 415 COMMENT.
2168 343 2234 396 1N
2274 342 2797 399 ECCLESIASTEN.

3509 345 3611 398 689

396 459 689 522 scindendi,
719 468 771 512 et
802 468 1007 527 tempus
1028 458 1336 512 consuendi.
1362 458 1473 511 Sub
1496 457 1722 510 diversis
1750 470 1952 509 sermo-
1980 464 2028 518 Α
2056 460 2153 504 est.
2193 451 2307 505 Non
2350 462 2407 505 ut
2437 451 2503 505 ad
2534 453 2957 521 desperationem
2984 462 3034 506 et
3064 451 3327 506 luxuriam
3357 468 3611 521 provocco

396 548 553 603 nibus
585 547 724 600 idem
755 562 896 599 nunc
936 548 1025 614 qui
1061 560 1218 614 supra
1247 561 1436 608 sensus
1460 555 1579 609 est,
1608 546 1659 598 in
1689 559 1782 608 eo,
1813 543 1955 612 quod

396 640 491 700 ait,
519 646 727 703 tempus
756 634 1080 699 destruendi,
1108 643 1162 688 et
1187 644 1392 703 tempus
1418 634 1740 698 azdiiicandi;
1770 648 1833 686 ac
1866 633 1956 687 de-

398 725 519 778 inde
545 733 752 791 tempus
772 724 1065 786 scindendi,
1087 732 1139 776 et
1165 733 1367 791 tempus
1401 723 1689 777 consuendi
1736 740 1747 775 :
1801 721 1956 775 modo

396 816 537 868 enim
562 814 838 885 Synagoga
861 814 1171 877 destruitur,
1210 800 1268 866 ut
1294 812 1582 867 mdiftcetur
1617 811 1877 875 Ecclesia,
1904 818 1957 863 et

397 905 615 973 alligant
644 906 928 959 scissiones
974 905 1190 974 legales,
1223 913 1281 958 ut
1319 904 1594 972 Evangelii,
1625 903 1791 973 gloria
1831 918 1958 957 con-

397 1005 618 1051 suantur
644 996 794 1067 μὴ..
822 1000 879 1049 ut
904 995 1188 1063 Evangelia
1218 992 1588 1064 consuantur].
1622 992 1773 1058 Quod
1799 1007 1958 1046 evan-

398 1085 597 1157 gelista:
623 1085 811 1155 singuli
838 1091 1233 1153 perpetrarunt,
1265 1084 1329 1137 de
1346 1082 1463 1151 lege
1488 1090 1544 1136 et
1568 1082 1842 1151 prophetis
1867 1078 1959 1133 ad-

396 1182 589 1227 ventus
618 1173 876 1227 Dominici
909 1172 1206 1225 testimonia
1234 1179 1573 1225 consuentes.
1618 1170 1847 1238 Tempus
1874 1178 1955 1221 ta-

394 1262 576 1324 cendi,
612 1270 670 1314 ut
722 1262 989 1315 discamus
1018 1276 1134 1328 quae
1179 1261 1284 1313 sint
1331 1260 1598 1322 docenda;
1646 1266 1855 1326 tempus
1886 1258 1961 1311 lo—

397 1352 626 1419 quendi,
683 1359 741 1403 ut
791 1350 1076 1405 doceamus
1107 1365 1229 1419 qua:
1272 1357 1421 1403 recte
1459 1348 1759 1402 didicimus.
1819 1347 1959 1400 Nihil

400 1441 553 1494 nobis
581 1441 823 1493 videatur
864 1451 1065 1495 rectum
1104 1456 1240 1501 esse,
1279 1440 1381 1492 nisi
1410 1438 1552 1506 quod
1583 1439 1857 1500 discimus,
1903 1446 1961 1490 ut

398 1541 517 1601 post
553 1532 774 1585 multum
801 1533 1090 1595 silentium,
1130 1532 1193 1585 de
1217 1530 1491 1599 discipulis
1525 1528 1817 1583 efﬁciamur
1851 1543 1962 1581 ma-

401 1621 570 1687 gistri.
602 1621 833 1686 Tempus
860 1621 1070 1675 amandi
1101 1622 1291 1690 legem,
1310 1629 1364 1690 et
1392 1635 1453 1673 ea
1483 1635 1600 1687 qua:
1624 1633 1689 1672 ex
1713 1620 1826 1686 lege
1854 1618 1964 1671 fue-

402 1712 507 1763 rint
545 1712 801 1777 imperata
843 1734 855 1764 :
908 1713 1389 1776 circumcisionem,
1446 1713 1669 1777 hostias,
1719 1712 1959 1771 sabbata,

2054 1076 2316 1129 Dominus
2342 1076 2416 1127 ait
2459 1093 2472 1126 :

2059 558 2197 607 mur,
2225 542 2316 596 sed
2358 543 2612 596 habentes
2641 543 2837 595 victum
2883 552 2937 597 et
2975 544 3218 596 vestitum
3260 543 3344 597 his
3380 544 3615 597 contenti

2058 631 2243 695 simus,
2278 640 2331 685 et
2364 630 2618 699 quidquid
2649 630 2765 699 plus
2793 639 2877 684 est
2918 632 3234 686 necessitate
3272 632 3530 701 corporis,
3562 632 3617 685 in

2057 736 2347 790 pauperum
2390 721 2720 788 expendatur
2758 720 2965 773 solatia.
3004 720 3135 785 Quia
3175 722 3313 775 sicut
3341 736 3466 775 caro
3500 720 3621 775 cibo

2060 810 2218 863 alitur
2254 820 2305 863 et
2344 807 2491 879 potu,
2519 810 2591 862 ila
2638 811 2811 862 anima
2852 810 3203 880 eleemosynis
3230 818 3541 881 panperum,
3569 820 3622 865 et

2058 899 2262 953 solatiis
2291 896 2630 951 miserorum;
2658 898 2816 953 Juxta
2842 916 3131 970 anagogen,
3164 917 3325 955 verus
3354 903 3505 957 cibus
3540 913 3623 958 est

2058 1002 2184 1039 caro
2209 985 2427 1049 Christi,
2454 994 2507 1039 et
2536 1000 2693 1039 verus
2734 998 2892 1056 potus
2919 992 3135 1059 sanguis
3168 989 3299 1057 ejus,
3334 993 3471 1045 sicut
3510 992 3621 1059 ipse

2521 1075 2621 1140 Qui
2649 1076 2925 1129 manducat
2967 1074 3176 1131 carnem’
3200 1096 3385 1143 meam,
3410 1088 3455 1132 et
3499 1080 3621 1132 bibit

2058 1168 2362 1236 sanguinem
2390 1183 2580 1230 meum,
2610 1166 2664 1217 in
2692 1182 2771 1218 me
2806 1177 2995 1231 manet,
3026 1178 3071 1220 et
3097 1186 3188 1237 ego
3222 1171 3276 1223 in
3314 1170 3403 1221 illo
3441 1171 3621 1240 (Joan.

2060 1280 2132 1327 vi,
2162 1263 2270 1333 57).
2299 1264 2355 1316 In
2385 1264 2487 1316 hac
2509 1262 2610 1315 cibi
2636 1267 2690 1313 et
2714 1272 2872 1328 potus
2903 1262 3127 1330 spiritali
3162 1263 3495 1332 iucunditate
3535 1262 3598 1316 la'

2062 1353 2163 1405 tari
2206 1353 2481 1414 debemus,
2516 1366 2620 1405 non
2663 1352 2833 1405 solum
2862 1352 2914 1403 in
2947 1352 3225 1420 mysterio,
3258 1351 3350 1405 sed
3376 1352 3537 1405 etiam
3569 1351 3621 1403 in

2059 1442 2286 1495 lectione
2330 1449 2634 1493 sanctarum
2665 1439 3087 1507 Scripturarum,
3134 1442 3221 1494 ubi
3267 1456 3547 1509 pascantur
3575 1451 3627 1493 et

2060 1542 2306 1600 putemur
2332 1531 2395 1585 dc
2430 1531 2571 1599 ligno
2597 1531 2738 1595 vitae,
2760 1530 2900 1598 quod
2927 1531 3220 1597 plantatum
3251 1540 3333 1585 est
3360 1547 3513 1586 secus
3534 1532 3626 1585 de-

2062 1636 2252 1675 cursus
2279 1636 2557 1689 aquarum.

2137 1688 2445 1767 V’snsfM.
2506 1743 2577 1751 —-
2636 1713 2998 1783 Didicivquod
3064 1714 3236 1766 omnia
3296 1688 3450 1782 opera
3514 1730 3629 1783 qua:

408 1801 747 1863 neomenias;
786 1808 840 1853 et
877 1808 1084 1869 tempus
1116 1799 1327 1854 odiendi
1358 1814 1447 1863 ea,
1487 1800 1757 1866 Evangelii
1797 1800 1965 1868 gratia
1996 1798 2039 1855 Β
2069 1805 2186 1873 fecit
2242 1805 2381 1857 Deus
2412 1844 2425 1868 ,
2474 1814 2788 1873 perseverent
2836 1806 2888 1857 in
2926 1814 3258 1873 perpetuum,
3308 1820 3411 1856 non
3450 1820 3632 1873 pomi-

400 1891 736 1944 succedente.
788 1890 1017 1959 Tempus
1058 1890 1202 1954 belli,
1245 1901 1300 1944 et
1345 1899 1554 1959 tempus
1590 1890 1754 1958 pacis.
1788 1889 1965 1954 Quan-

401 1980 493 2034 diu
519 1980 571 2033 in
596 1981 696 2033 hoc
723 1980 916 2034 saeculo
938 1996 1148 2045 sumus,
1174 1988 1387 2049 tempus
1417 1988 1499 2034 est
1524 1980 1644 2033 belli
1670 1996 1683 2031 :
1712 1994 1832 2033 cum
1862 1979 1962 2032 mi-

400 2071 737 2139 graverimus
762 2077 944 2123 autem
972 2070 1038 2123 de
1073 2071 1175 2125 hoc
1202 2071 1415 2134 saeculo,
1459 2071 1608 2139 pacis
1638 2078 1847 2137 tempus
1874 2070 1965 2123 ad—

402 2158 582 2212 veniet
627 2176 639 2207 :
680 2160 731 2212 in
762 2174 893 2226 pace
934 2168 1015 2213 est
1044 2158 1159 2213 laus
1198 2160 1289 2213 Dei
1340 2159 1533 2230 [Hier.,
1566 2160 1712 2213 locus
1744 2159 1885 2231 Dei],
1910 2168 1966 2213 et

403 2247 596 2302 civitas
617 2257 799 2301 nostra
833 2249 1162 2303 Hierusalem
1192 2249 1255 2302 de
1283 2264 1412 2317 pace
1442 2249 1628 2303 sortita
1650 2249 1965 2303 vocabulum

399 2345 503 2390 est.
538 2334 704 2389 Nemo
732 2332 861 2406 ergo
886 2352 1027 2390 nunc
1056 2353 1111 2391 se
1140 2347 1289 2405 putet
1318 2354 1436 2391 esse
1472 2354 1722 2392 securum
1748 2338 1801 2391 in
1830 2346 1963 2390 tem-

402 2442 530 2497 pore
572 2427 718 2492 belli,
760 2428 848 2481 ubi
885 2428 1197 2481 certandum
1244 2436 1344 2489 est,
1385 2436 1438 2480 et
1480 2428 1773 2495 apostolica
1821 2442 1966 2480 arma

400 2520 675 2573 tractanda
706 2559 720 2585 ,
774 2528 834 2573 ut
879 2520 1111 2573 victores
1158 2518 1424 2587 quondam
1467 2518 1864 2586 requiescamus
1914 2519 1967 2570 in

402 2625 554 2677 pace.

470 2696 634 2766 420
660 2698 818 2750 Vens.
860 2698 1007 2751 9-H.
1048 2727 1118 2737 ——
1147 2696 1285 2761 Quid
1314 2700 1462 2752 habet
1482 2700 1635 2751 homo
1667 2698 1885 2766 aniplius
1907 2698 1969 2750 de

400 2786 577 2839 labore
604 2786 742 2843 suo?
771 2788 876 2840 uidi
902 2789 1222 2856 aﬂlictionem
1242 2804 1397 2856 quam
1418 2788 1553 2839 dedit
1580 2786 1719 2839 Deus
1737 2786 1863 2853 ﬁliis
1879 2788 1969 2837 ho-

403 2880 620 2931 minum.
662 2877 860 2932 Cuncta
884 2880 1003 2948 fecit
1027 2880 1157 2933 bona
1185 2880 1237 2933 in
1263 2892 1485 2949 tempore
1505 2896 1617 2943 suo,
1646 2888 1692 2932 et
1720 2878 1968 2931 mundum

401 2968 618 3021 tradidit
653 2969 989 3037 disputationi
1036 2986 1237 3033 eorum,
1285 2979 1339 3021 ut
1390 2986 1492 3021 non
1546 2967 1771 3021 inveniat
1818 2966 1970 3019 homo

399 3076 531 3128 opus
556 3059 695 3128 quod
719 3069 957 3127 operatus
983 3068 1056 3112 est
1085 3058 1223 3111 Deus
1248 3059 1311 3110 ab
1334 3060 1483 3111 initio
1509 3075 1667 3127 usque
1697 3057 1765 3109 ad
1792 3058 1966 3124 ﬁnem.

404 3125 651 3215 Plerique
687 3125 874 3215 putant
908 3149 1009 3201 hoc
1038 3148 1102 3201 de
1136 3147 1405 3215 magistris
1444 3162 1561 3200 esse
1583 3125 1818 3209 dictum,
1852 3146 1969 3213 qui—
1994 3125 2043 3188 (ἶ

404 3239 505 3293 bus
549 3238 688 3293 Deus
717 3237 862 3291 dedit
908 3253 1143 3302 sensum,
1188 3247 1245 3291 ut
1288 3244 1594 3303 qurererent
1621 3245 1843 3290 naturas
1881 3250 1971 3289 re-

404 3344 547 3393 rum,
571 3337 625 3383 et
653 3328 961 3383 Creatorem
992 3328 1271 3383 laudarent
1298 3343 1363 3381 ex
1408 3330 1509 3392 eis,
1538 3343 1604 3381 ne
1631 3326 1766 3381 forte
1800 3328 1971 3381 otiosa

405 3432 559 3471 mens
600 3426 929 3484 torpesceret
954 3426 1008 3470 et
1051 3418 1103 3471 in
1131 3418 1258 3469 vitia
1303 3425 1597 3471 corrueret.
1632 3417 1788 3470 Prius
1829 3418 1971 3470 enim

405 3506 702 3575 disputavit
732 3506 798 3558 de
826 3506 1136 3559 diversitate
1165 3515 1461 3573 temporum
1487 3514 1540 3558 et
1562 3506 1821 3559 varietate
1861 3521 1977 3557 mu-

406 3597 653 3653 tabilium
703 3611 898 3658 rerum,
950 3612 1092 3649 nunc
1142 3596 1273 3649 dicit
1314 3614 1326 3647 ε
1380 3595 1519 3658 Quid
1565 3596 1716 3647 habet
1756 3594 1973 3662 amplius

405 3687 560 3741 homo
586 3688 649 3740 de
673 3687 848 3739 labore
875 3704 987 3747 suo,
1014 3686 1115 3739 nisi
1147 3693 1204 3739 ut
1234 3687 1501 3753 sapienter
1524 3686 1785 3753 intelligat
1813 3685 1975 3738 Crea-

409 3792 581 3836 torem
608 3782 825 3835 laudare
850 3782 903 3833 in
930 3781 1191 3835 creaturis
1220 3781 1331 3835 suis
1360 3794 1458 3835 nec
1486 3780 1771 3848 quicquam
1805 3779 1855 3831 in
1874 3778 1977 3833 hoc

410 3869 605 3924 saeculo
626 3876 938 3937 perpetuum
962 3871 1183 3937 putare?
1210 3869 1344 3934 Quid
1367 3870 1509 3923 enim
1532 3868 1759 3935 amplius
1781 3869 1978 3922 habere

410 3974 694 4029 possumus
740 3959 793 4011 in
840 3960 942 4011 hoc
993 3960 1186 4011 smculo
1237 3958 1546 4022 laborando,
1586 3974 1745 4025 quam
1784 3966 1841 4012 ut
1883 3974 1980 4012 nos

412 4049 721 4104 erudiamur
776 4060 843 4101 ex
907 4046 1216 4100 diversitate
1272 4054 1641 4099 creaturarum
1707 4046 1979 4100 Creatoris

414 4149 701 4206 agnoscere
730 4134 1167 4203 magnitudinem,
1190 4142 1244 4186 et
1281 4148 1437 4187 omne
1466 4135 1665 4187 bonum
1695 4148 1813 4188 esse
1838 4134 1979 4203 quod

414 4225 557 4280 Deus
582 4223 728 4287 fecit,
771 4224 862 4292 qui
886 4224 1031 4277 dedit
1059 4222 1312 4297 mundum
1344 4223 1650 4277 hominibus
1682 4224 1748 4277 ad
1772 4224 1979 4277 inhabi-

416 4314 659 4377 tandum,
690 4322 746 4367 ut
771 4310 1019 4367 fruantur
1043 4328 1106 4367 eo
1132 4320 1185 4367 et
1215 4314 1502 4370 varietates
1525 4314 1823 4382 intelligant
1848 4323 1981 4367 tem-

416 4415 605 4469 porum
630 4438 645 4463 ,
690 4413 786 4452 nec
825 4408 1064 4467 qmerant
1108 4401 1373 4469 quomodo
1415 4410 1593 4461 creata
1630 4404 1737 4455 sint
1777 4405 1975 4467 omnia,

418 4503 585 4558 quare
616 4488 718 4542 hoc
751 4488 833 4541 vel
862 4488 989 4544 illud
1030 4490 1096 4543 ab
1141 4490 1290 4543 initio
1310 4491 1511 4544 .mundi
1539 4506 1708 4559 usque
1746 4493 1812 4545 ad
1851 4508 1980 4546 con-

420 4577 831 4631 summationem
861 4577 1045 4633 fecerit
1070 4592 1331 4643 crescere,
1356 4594 1589 4643 manere,
1623 4582 1836 4634 mutari.

496 4666 655 4720 Vsus.
688 4666 775 4731 l3,
804 4668 971 4720 15.-
1004 4668 1071 4724 Et
1102 4670 1314 4739 cognovi
1338 4670 1475 4739 quod
1502 4687 1604 4723 non
1625 4681 1752 4725 esset
1777 4670 1979 4735 melius,

422 4757 526 4813 nisi
576 4755 762 4817 icturi,
794 4765 840 4807 et
882 4756 1052 4824 facere
1086 4758 1209 4813 bene
1249 4760 1303 4812 in
1327 4760 1432 4813 vita
1470 4777 1585 4813 sua.
1629 4759 1808 4814 Omnis
1849 4760 1982 4813 enim

423 4846 577 4903 homo
606 4847 698 4917 qui
724 4845 940 4897 comedit
978 4854 1024 4897 et
1070 4847 1209 4909 bibit,
1248 4859 1296 4901 et
1321 4850 1455 4903 videt
1490 4851 1678 4905 bonum
1717 4852 1780 4905 de
1810 4852 1983 4905 labore

420 4949 542 5001 suo,
560 4935 656 4989 hoc
681 4934 875 4991 donum
895 4932 991 4987 Dei
1013 4942 1105 4986 est.
1144 4934 1427 5004 Propterea
1459 4938 1681 4993 colonus
1710 4948 1761 4992 et
1790 4940 1979 5008 hospes

420 5023 607 5077 mundi
635 5023 796 5077 homo
822 5023 975 5077 datus
999 5031 1115 5086 est,
1146 5030 1203 5075 ut
1236 5024 1414 5076 brevis
1438 5027 1563 5077 vitae
1596 5025 1804 5079 fruatur
1843 5036 1979 5081 tem-

421 5128 575 5182 pore,
601 5121 677 5177 et,
715 5128 807 5181 spe
835 5116 1142 5183 prolixioris
1165 5117 1339 5172 :etatis
1370 5118 1625 5182 abscissa,
1653 5129 1843 5176 cuncta
1866 5139 1983 5191 qua:

422 5203 665 5273 possidet
706 5204 860 5270 quasi
906 5206 972 5259 ad
1002 5207 1103 5260 alia
1135 5209 1243 5263 cito
1281 5206 1617 5277 profecturus
1654 5212 1899 5278 aspiciat,
1929 5223 1985 5266 et

423 5301 680 5361 quantum
708 5299 897 5359 potest,
927 5294 1062 5346 bene
1088 5294 1248 5350 faciat
1273 5299 1325 5351 in
1357 5299 1464 5351 vita
1490 5314 1583 5351 sua
1611 5316 1624 5363 ;
1656 5314 1755 5355 nec
1785 5301 1981 5357 frustm

424 5386 799 5453 congregando
843 5399 1065 5453 magnas
1106 5400 1252 5452 opes,
1294 5390 1697 5458 cogitationibus
1737 5399 1982 5460 torquea-

429 5478 516 5526 tur
545 5484 560 5524 :
583 5486 755 5539 neque
780 5489 839 5528 se
860 5483 1010 5545 putet
1039 5474 1158 5544 plus
1182 5476 1247 5529 de
1268 5494 1365 5533 suo
1389 5479 1571 5534 labore
1604 5479 1798 5534 lucrari
1828 5498 1985 5550 posse

430 5576 590 5630 quam
624 5563 801 5620 cibum
827 5576 881 5619 et
904 5574 1095 5635 potum
1120 5584 1134 5632 ;
1162 5574 1211 5619 et
1243 5571 1286 5622 si
1329 5572 1456 5638 quid
1484 5572 1548 5627 de
1572 5574 1758 5641 opibus
1784 5575 1894 5627 suis
1932 5576 1983 5627 in

434 5656 588 5711 bonis
626 5658 874 5727 operibus
913 5663 1224 5729 expenderit
1247 5703 1261 5727 ,
1302 5664 1402 5718 hoc
1446 5666 1617 5722 solum
1668 5670 1759 5723 Dei
1790 5670 1984 5724 donum

786 5749 1054 5809 Parant.
1102 5750 1168 5812 C.

2068 1912 2179 1946 mus
2234 1896 2306 1947 eis
2356 1895 2545 1946 addere
2588 1894 2897 1964 quidquam,
2945 1911 3034 1948 nec
3073 1895 3308 1963 auferre,
3357 1890 3472 1964 qua:
3513 1894 3631 1962 fecit

2066 1982 2206 2037 Deus
2233 1993 2349 2045 ,μαι
2405 1983 2666 2034 timeatur.
2714 1981 2851 2035 Nihil
2896 1991 2976 2035 est
3026 1982 3076 2035 in
3119 1982 3317 2035 mundo
3360 1982 3501 2051 quod
3538 1996 3634 2035 no-

2069 2087 2189 2124 vum
2238 2072 2326 2125 sit.
2372 2070 2511 2125 Solis
2547 2087 2737 2125 cursus
2772 2081 2826 2125 et
2858 2074 2995 2125 lume
3020 2074 3181 2136 vices,
3215 2081 3268 2127 et
3294 2081 3452 2127 terra:
3483 2074 3637 2127 arbo-

2068 2176 2290 2231 rumque
2316 2162 2527 2215 siccitas
2548 2162 2631 2215 vel
2652 2158 2817 2225 viror,
2840 2178 2960 2215 cum
2985 2164 3097 2229 ipso
3124 2163 3322 2216 mundo
3357 2173 3480 2216 nata
3511 2176 3632 2218 sunt

2069 2261 2229 2320 atque
2257 2260 2456 2315 creata,
2490 2260 2543 2305 et
2596 2251 2796 2306 idcirco
2833 2251 2974 2304 Deus
3022 2259 3165 2304 certa
3206 2252 3413 2305 ratione
3442 2261 3632 2305 cuncta

2070 2342 2372 2395 moderatus
2427 2348 2529 2405 est,
2569 2348 2622 2394 et
2654 2340 2815 2409 jussit
2859 2341 3106 2394 humanis
3146 2342 3330 2395 usibus
3373 2341 3631 2395 elementa

2070 2434 2287 2497 servire,
2338 2442 2395 2487 ut
2435 2434 2678 2487 homines
2726 2435 2964 2487 videntes
3015 2434 3128 2487 haec
3172 2433 3471 2503 intelligant
3516 2448 3636 2487 esse.

2067 2523 2455 2591 providentiam
2479 2522 2594 2586 Dei,
2620 2530 2675 2575 et
2696 2522 2917 2575 timeant
2938 2536 2967 2573 a
2990 2520 3123 2575 facie
3146 2521 3261 2585 Dei,
3296 2524 3422 2576 dum
3450 2538 3513 2575 ex
3548 2539 3633 2576 rc-

2070 2628 2187 2664 rum
2213 2613 2533 2679 aequalitate,
2550 2626 2729 2676 cursu,
2754 2611 2938 2665 ordine
2959 2620 3118 2679 atque
3139 2613 3455 2675 constantia,
3482 2613 3637 2665 intel-

2067 2699 2232 2767 ligunt
2257 2700 2584 2753 Creatorem.
2616 2700 2839 2754 Pulchre
2873 2709 3052 2753 autem
3086 2702 3405 2768 temperavit
3430 2701 3633 2761 dicens.

2068 2798 2125 2841 ut
2154 2788 2371 2844 timeant
2394 2804 2423 2841 a
2445 2788 2579 2842 facie
2604 2790 2718 2855 ejus
2751 2808 2763 2841 :
2798 2791 2968 2843 vultus
2998 2793 3191 2859 quippe
3234 2790 3446 2843 Domini
3486 2808 3639 2859 super

2069 2878 2312 2946 facientes
2334 2879 2472 2931 mala
2500 2878 2669 2947 (Psal.
2700 2896 2891 2943 xxxm,
2923 2880 3025 2949 l7).

2138 2968 2297 3022 Vens.
2336 2967 2420 3021 15.
2472 2998 2540 3006 -
2582 2967 2733 3032 Quod
2778 2968 2976 3037 factum
3012 2980 3105 3033 est,
3131 2971 3297 3039 ipsum
3328 2984 3589 3041 permanet
3616 2994 3632 3027 ;

2070 3076 2186 3129 qua:
2217 3060 2395 3127 futura
2445 3070 2595 3123 sunt,
2623 3058 2739 3126 jam
2777 3058 2981 3126 fuerunt
3029 3076 3046 3113 :
3098 3069 3145 3113 et
3193 3060 3334 3115 Deus
3381 3063 3635 3117 instaurat

2069 3148 2207 3215 quod
2256 3149 2400 3199 abiit.
2448 3148 2541 3201 Vel
2579 3144 2883 3215 praeterita,
2932 3150 3015 3203 vel
3067 3153 3382 3219 prarsentia,
3432 3154 3515 3209 vel
3554 3154 3640 3209 iu-

2072 3243 2213 3300 tura,
2262 3235 2374 3304 ipsa
2416 3235 2512 3305 [et]
2546 3236 2779 3300 fuerunt,
2812 3246 2863 3289 et
2897 3248 3040 3305 sunt,
3074 3249 3126 3293 ct
3154 3250 3348 3308 erunt,
3390 3245 3636 3299 universa

2074 3343 2193 3397 qua:
2239 3326 2527 3381 cernimus.
2563 3326 2654 3380 Sol
2704 3327 2794 3393 qui
2838 3342 2977 3380 nunc
3011 3331 3211 3393 oritur,
3257 3341 3311 3384 et
3352 3342 3641 3402 antequam

2075 3434 2173 3473 nos
2202 3432 2460 3482 essemus,
2494 3418 2547 3471 in
2568 3417 2765 3471 mundo
2789 3416 2907 3483 fuit,
2933 3427 2986 3472 et
3007 3428 3285 3489 postquam
3312 3426 3507 3478 mortui
3531 3424 3641 3479 fue-

2075 3512 2264 3573 rimus,
2295 3512 2530 3564 oriturus
2570 3519 2671 3563 est.
2720 3511 2873 3576 Quod
2903 3514 2967 3567 de
3007 3513 3116 3567 sole
3146 3514 3397 3579 diximus,
3438 3515 3541 3568 hoc
3578 3515 3643 3569 de

2074 3599 2322 3652 omnibus
2345 3600 2770 3666 cognoscendum
2800 3609 2883 3653 est
2914 3603 3196 3657 creaturis.
3223 3603 3388 3658 Terra
3421 3603 3643 3676 singulis

2077 3690 2231 3743 annis
2279 3689 2495 3752 arescit,
2538 3688 2837 3758 iterumque
2877 3692 3095 3745 virescit
3144 3694 3198 3745 in
3237 3698 3476 3763 germine
3525 3713 3640 3752 suo.

2078 3782 2221 3837 Mare
2242 3782 2374 3847 fluit,
2398 3790 2449 3835 et
2477 3782 2677 3836 recedit
2705 3790 2761 3834 ut
2795 3781 2998 3836 renuat.
3031 3782 3293 3837 Animalia
3317 3789 3639 3849 moriuntur,

2076 3882 2130 3927 et
2180 3883 2532 3927 renascuntur
2580 3874 2775 3927 iterum
2818 3872 3055 3941 ejusdem
3098 3876 3326 3944 generis.
3390 3877 3645 3932 Homines

2080 3973 2252 4019 morte
2276 3964 2551 4027 finiuntur,
2586 3973 2639 4017 et
2680 3965 2770 4019 alii
2791 3980 2887 4034 pro
2911 3966 2990 4020 eis
3026 3967 3288 4021 oriuntur.
3339 3969 3404 4021 Et
3438 3984 3501 4022 ea
3532 3967 3643 4038 lege

2078 4064 2446 4109 creaturarum
2480 4056 2612 4111 nihil
2656 4072 2850 4111 novum
2878 4058 3104 4112 inveniri
3138 4061 3353 4129 poterit,
3387 4060 3481 4115 sed
3502 4060 3641 4114 Deus

2077 4160 2174 4214 per
2216 4148 2554 4201 succedentia
2600 4157 2835 4216 tempora
2870 4150 3051 4203 omnia
3090 4159 3356 4205 restaurat
3382 4168 3501 4222 qua:
3535 4152 3647 4208 fue-

2080 4242 2223 4287 τυηι.

2148 4323 2518 4388 Vens-16,17.
2531 4352 2602 4363 —
2621 4323 2690 4376 Et
2710 4325 2814 4377 vidi
2833 4324 2927 4378 sub
2940 4326 3047 4379 sole
3063 4328 3116 4381 iu
3132 4328 3241 4381 loco
3252 4330 3446 4407 judicii
3460 4334 3641 4404 impie-

2082 4423 2258 4477 tatem,
2285 4423 2331 4465 et
2361 4413 2413 4465 in
2437 4410 2548 4465 loco
2560 4412 2782 4481 jastitia:
2802 4414 3140 4484 iniquitatem.
3177 4417 3245 4469 Et
3272 4419 3384 4471 diri
3416 4422 3469 4473 in
3490 4424 3644 4476 corde

2084 4519 2193 4555 meo
2230 4519 2246 4555 :
2269 4503 2473 4571 justum
2494 4512 2541 4555 et
2568 4504 2781 4572 impium
2796 4504 3055 4572 judicabit
3079 4508 3239 4572 Deus,
3278 4520 3473 4581 tempus
3502 4514 3646 4567 omni

2084 4593 2157 4645 rei
2180 4603 2301 4645 tunc
2324 4594 2439 4646 erit.
2476 4592 2584 4647 Sub
2610 4594 2741 4657 sole,
2769 4595 2956 4663 inquit,
2992 4598 3093 4651 isto
3117 4600 3394 4653 veritatem
3432 4611 3485 4657 et
3502 4603 3648 4673 judi-

2084 4685 2225 4738 cium
2278 4686 2560 4754 requisivi;
2592 4695 2645 4741 et
2675 4688 2778 4768 vidi
2812 4689 2863 4741 in
2878 4687 3093 4757 iudiciis
3120 4708 3224 4746 non
3254 4694 3530 4749 veritatem
3555 4711 3643 4751 va-

2083 4773 2212 4838 lere,
2260 4778 2352 4830 sed
2404 4792 2646 4831 munera.
2695 4779 2909 4832 Aliter:
2956 4782 3248 4837 arbitratus
3286 4799 3403 4839 sum
3444 4787 3641 4855 aliquid

2080 4864 2299 4931 iustitia:
2330 4866 2383 4918 in
2412 4868 2657 4933 przesenti
2684 4870 2879 4923 szeculo
2899 4870 3033 4939 geri,
3060 4881 3111 4924 et
3137 4873 3218 4923 vel
3245 4874 3389 4939 pium
3424 4890 3521 4942 pro
3548 4891 3645 4929 suo

2086 4967 2227 5006 nunc
2248 4954 2438 5006 merito
2463 4955 2719 5024 recipere,
2746 4958 2825 5010 vel
2855 4959 3093 5027 impium,
3120 4974 3215 5027 pro
3233 4958 3387 5029 42],
3414 4976 3510 5016 suo
3534 4979 3647 5018 scc-

2085 5040 2195 5095 lere
2241 5042 2502 5096 damnari.
2563 5045 2745 5100 Postea
2790 5061 2917 5098 vero
2955 5063 3074 5100 cum
3116 5049 3273 5101 corde
3311 5065 3429 5104 meo
3477 5054 3643 5108 collo—

2087 5146 2257 5199 quens
2284 5140 2340 5185 et
2368 5143 2620 5201 reputans
2639 5174 2652 5197 ,
2683 5134 2949 5199 intellexi,
2979 5152 3083 5189 non
3108 5152 3203 5204 per
3230 5148 3413 5206 partes
3444 5143 3607 5198 Deum
3631 5188 3642 5205 ,

2087 5216 2140 5272 et
2168 5235 2265 5288 per
2291 5222 2525 5291 singulos
2551 5236 2760 5289 semper
2776 5223 3034 5291 judicare,
3062 5228 3155 5279 sed
3180 5228 3229 5281 in
3255 5229 3491 5286 futurum
3516 5243 3647 5286 tem-

2089 5325 2187 5377 pus
2216 5327 2431 5365 servare
2454 5311 2732 5377 judicium,
2777 5322 2834 5367 ut
2880 5331 3065 5371 omnes
3096 5320 3298 5387 pariter
3319 5322 3647 5390 judicentur.

2089 5410 2143 5453 et
2170 5402 2387 5468 recipiat
2409 5403 2772 5471 unusquisque
2795 5408 3001 5461 meritis
3026 5410 3135 5465 suis
3165 5412 3338 5478 digna,
3360 5413 3672 5469 secundum.

2090 5490 2230 5559 quod
2259 5490 2422 5559 gessit
2452 5490 2503 5543 in
2543 5492 2643 5546 hoc
2672 5497 2894 5560 saeculo;
2926 5507 2978 5551 et
3002 5506 3129 5553 tunc
3169 5503 3412 5570 perspexi
3442 5510 3650 5575 tempus

2092 5581 2423 5635 discretionis
2452 5596 2571 5637 esse
2592 5586 2736 5638 omni
2768 5589 2863 5641 rei.

2164 5671 2319 5725 Vens.
2352 5672 2530 5727 18—21.
2554 5706 2622 5715 ——
2649 5676 2770 5729 Dixi
2794 5679 2846 5731 in
2872 5680 3023 5732 corde
3059 5698 3165 5731 meo
3210 5684 3272 5733 de
3320 5685 3441 5751 ﬁliis
3485 5688 3651 5739 Immi-

3220 5778 3294 5819 θῇ
