4286 6198
403 361 504 418 685

1261 356 1665 417 EXEGETICA.
1708 388 1775 397 —
1812 355 2163 412 COMMENT.
2198 355 2261 407 ΙΝ
2295 350 2818 408 ECCI.ESIASTEN.

3531 342 3633 397 686

404 472 579 539 inopia
606 472 872 541 opprimi;
898 481 1094 525 etesse
1119 480 1404 538 utrumque
1437 467 1811 530 miserabilem,
1841 468 1964 520 dum
1995 477 2041 530 Α
2074 467 2195 518 rede
2227 480 2284 517 se
2311 465 2531 525 cruciat,
2574 479 2715 516 nunc
2750 462 2814 514 ad
2844 462 3175 514 sodalitatem
3216 474 3390 513 sermo
3431 458 3637 512 co'nfer-
3680 524 3687 529 ι

402 564 539 618 alius
562 571 779 633 propter
799 579 927 633 opes
956 563 1305 632 periclitatur,
1339 562 1473 614 alius
1498 567 1713 628 propter
1733 559 1967 627 inopiam

403 661 640 723 egestate
682 654 980 710 conficitur.
1023 652 1225 708 Aliter:
1268 651 1455 705 Manus
1496 650 1685 704 crebro
1720 663 1818 717 pro
1844 661 1970 715 ope-

404 745 553 798 ribus
582 744 933 812 accipiuntur.
982 742 1190 798 Stultus
1231 741 1461 796 retrahit
1504 753 1693 793 manus
1736 750 1862 791 suas
1902 736 1971 788 ab

403 849 563 902 opere
583 835 742 898 bono,
774 841 826 887 et
864 849 970 888 non
990 834 1102 886 vult
1132 832 1360 886 viriliter
1398 844 1578 898 agere,
1609 827 1703 882 sed
1740 826 1972 881 comedit

404 936 593 975 carnes
634 938 775 986 suas,
820 923 872 977 id
912 914 1015 985 est,
1064 923 1355 977 secundum
1402 918 1636 974 carnalia
1674 917 1807 971 vivit
1834 916 1971 969 desi-

405 1008 573 1073 deria,
611 1011 886 1064 tabescens
914 1010 966 1063 in
1008 1009 1367 1077 voluptatibus
1408 1007 1540 1070 suis,
1590 1007 1757 1061 donec
1782 1020 1974 1059 consu-

404 1109 617 1153 mantur
644 1099 794 1170 μη,
824 1099 1267 1169 consummatur].

474 1220 635 1273 Vens.
660 1219 711 1273 6.
741 1250 810 1258 —
838 1219 1026 1273 Melior
1061 1229 1137 1273 est
1174 1217 1399 1288 pugillus
1440 1234 1557 1271 cum
1599 1218 1790 1286 requie,
1818 1233 1975 1285 quam

402 1310 554 1377 plena
585 1320 800 1377 utraque
828 1324 1011 1361 manus
1046 1324 1159 1361 cum
1191 1307 1365 1359 labore
1399 1316 1447 1359 et
1476 1307 1759 1378 afﬂictione
1791 1306 1971 1359 animi.

407 1398 591 1452 Melius
615 1408 697 1453 est
723 1398 986 1453 modicum
1016 1401 1211 1454 habere
1242 1398 1409 1466 justo,
1437 1412 1595 1467 quam
1619 1396 1833 1451 divitias
1855 1411 1977 1464 pec-

404 1502 645 1547 catorum
673 1492 885 1545 multas.
936 1491 1219 1561 Eleganter
1257 1490 1467 1559 iustitia
1515 1489 1753 1557 requiem
1792 1487 1972 1549 habet,

406 1583 663 1652 iniquitas
706 1582 981 1645 laborem;
1027 1590 1081 1635 et
1125 1582 1249 1650 quia
1298 1579 1583 1649 singularis
1620 1593 1876 1633 numerus
1924 1577 1977 1629 in

406 1674 546 1725 bono
573 1670 1088 1740 semper'accipitur,
1116 1680 1170 1723 et
1199 1670 1390 1739 duplex
1418 1670 1471 1722 in
1497 1668 1655 1731 malo,
1698 1675 1976 1735 propterea

407 1778 543 1815 unus
585 1761 812 1831 pugillus
855 1760 1016 1814 habet
1057 1760 1317 1828 requiem,
1346 1767 1401 1811 et
1429 1759 1547 1811 duae
1584 1772 1771 1809 manus
1798 1755 1977 1809 labore

405 1858 530 1903 sunt
551 1849 737 1917 plenae.

476 1967 635 2020 Vens.
666 1968 717 2029 7,
745 1966 797 2018 8.
819 1996 889 2004 —
914 1966 1260 2020 Considerans
1304 1967 1466 2035 reperi
1492 1975 1537 2017 et
1572 1965 1730 2017 aliam
1777 1963 1975 2015 vanita—

404 2064 510 2107 tem
536 2056 628 2108 sub
654 2055 760 2108 sole
782 2071 801 2108 :
832 2072 965 2109 unus
993 2063 1087 2120 est,
1131 2064 1179 2107 et
1204 2054 1487 2107 secundum
1527 2070 1629 2115 non
1670 2054 1843 2115 habet,
1875 2067 1977 2104 non

407 2146 590 2212 ﬁlium,
640 2163 742 2199 non
774 2146 1029 2214 fratrem;
1070 2154 1118 2197 et
1162 2154 1333 2197 tamen
1370 2143 1607 2196 laborare
1650 2158 1750 2195 non
1789 2150 1973 2203 cessat,

328 2274 335 2279 .
404 2252 497 2287 nec
536 2236 794 2287 satiantur
826 2235 961 2288 oculi
1004 2234 1115 2302 ejus
1160 2233 1374 2295 divitiis,
1416 2248 1506 2284 nec
1550 2233 1737 2299 cogitat
1780 2230 1972 2293 dicens,

408 2324 490 2374 cui
532 2323 708 2375 laboro
751 2332 797 2374 et
844 2323 1032 2387 fraudo
1076 2324 1303 2374 animum
1334 2337 1499 2374 meant
1540 2321 1683 2372 bonis
1708 2320 1733 2371 Ζ)
1774 2319 1840 2371 In
1881 2319 1977 2371 hoc

410 2414 608 2465 vanitas
642 2412 733 2474 est,
777 2423 823 2464 et
869 2413 1073 2481 afflictio
1118 2412 1360 2479 pessima.
1412 2409 1713 2487 Conversus
1747 2423 1865 2461 sum
1910 2407 1977 2459 ad

410 2502 558 2563 alios,
591 2510 645 2555 et
677 2502 782 2554 vidi
805 2516 899 2554 eos
922 2500 1040 2568 plus
1064 2514 1223 2568 quam
1250 2512 1471 2553 necesse
1516 2507 1677 2559 esset,
1707 2497 1973 2559 laborare,

410 2606 729 2662 congregare
756 2607 886 2660 opes
911 2606 1005 2659 per
1028 2590 1110 2644 fas
1135 2601 1188 2644 et
1215 2590 1385 2653 nefas,
1429 2598 1481 2644 et
1510 2579 1619 2644 neti
1640 2589 1716 2642 uti
1754 2600 1977 2655 congre-

412 2683 548 2750 gatis
571 2699 584 2745 ;
610 2684 804 2735 habere
825 2681 1024 2743 omnia,
1066 2681 1319 2733 incubare
1356 2679 1589 2740 divitias,
1617 2690 1832 2730 scrvare
1856 2674 1977 2727 aliis

414 2771 560 2841 Uis,
593 2752 842 2825 incubare
869 2771 1069 2824 divitiis
1106 2783 1301 2837 easque
1332 2782 1549 2821 servare
1571 2763 1770 2833 alteri],
1805 2772 1857 2816 et
1877 2778 1976 2817 suo

414 2864 593 2917 labore
640 2878 745 2916 non
793 2861 1031 2931 perfrui;
1083 2861 1313 2914 maxime
1354 2874 1476 2912 cum
1524 2872 1621 2909 nec
1666 2855 1831 2906 lilium
1879 2868 1977 2905 nec

415 2953 631 3005 fratrem
659 2952 909 3015 habeant,
946 2965 1041 3005 nec
1080 2951 1451 3019 prepinquum,
1488 2956 1548 2999 ut
1584 2945 1827 2999 videatur
1857 2942 1976 3011 pius

416 3044 561 3097 labor
582 3042 896 3095 necessariis
925 3048 1243 3093 reservatus.
1280 3037 1420 3090 Nihil
1450 3038 1628 3105 itaque
1648 3035 1837 3087 vanius
1856 3046 1975 3085 esse

2072 563 2177 614 tur,
2216 560 2271 604 et
2309 553 2505 605 dicitur
2551 552 2677 619 quid
2720 550 2842 604 boni
2887 551 3080 603 habeat
3112 551 3404 603 amicorum
3448 558 3638 603 contu-

2070 642 2334 704 bernium,
2366 649 2420 694 et
2448 655 2729 694 commune
2759 640 3023 702 solatium,
3049 640 3171 707 quia
3199 647 3252 693 et
3287 639 3506 695 alterius
3531 640 3638 693 rui~

2071 746 2139 783 na
2165 729 2386 784 alterius
2407 730 2608 784 auxilio
2639 729 2985 794 sublevatur;
3030 738 3085 783 et
3114 745 3272 783 curas
3295 729 3639 794 domesticas.

2071 820 2237 888 ipsius
2267 834 2478 888 quoque
2510 820 2683 873 noctis
2710 821 2948 887 requiem
2994 819 3181 874 melius
3224 821 3389 889 exigit
3412 821 3519 883 ille,
3548 823 3639 890 qui

2070 910 2236 963 fidum
2262 911 2492 963 amicum
2519 910 2678 963 habet
2705 924 2864 977 quam
2890 910 2979 979 qui
3020 909 3149 962 solis
3190 910 3379 975 opibus
3424 910 3643 963 incubat

2071 999 2368 1069 acquisitis.
2422 998 2575 1064 Quod
2604 999 2647 1051 si
2685 1000 2954 1053 robustior
2996 1000 3119 1068 quis
3163 999 3410 1052 inimicus
3456 1008 3643 1053 contra

2073 1102 2239 1140 unum
2284 1087 2601 1150 surrexerit,
2650 1086 2871 1140 alterius
2905 1087 3321 1140 imbecillitatem
3361 1086 3517 1140 amici
3558 1102 3644 1140 so-

2074 1172 2201 1227 latio
2228 1175 2517 1228 sustentari
2544 1175 2691 1227 dicit.
2732 1174 2794 1227 Et
2818 1185 3073 1243 quantum
3106 1175 3210 1227 duo
3239 1189 3344 1228 uno
3369 1174 3641 1240 differunt,

2075 1265 2120 1317 si
2148 1280 2332 1318 amore
2372 1263 2643 1331 conjuncti
2689 1274 2832 1326 sunt,
2865 1274 3009 1317 tanto
3049 1265 3209 1317 etiam
3250 1263 3409 1316 trium
3456 1272 3643 1317 contu-

2074 1354 2318 1407 bernium
2344 1354 2462 1423 plus
2501 1354 2693 1407 valerc.
2730 1354 2937 1407 Etenim
2966 1369 3088 1407 vera
3130 1354 3384 1416 Charitas,
3424 1362 3478 1406 et
3501 1346 3647 1407 nullo

2076 1444 2269 1496 violata
2303 1443 2487 1507 livore,
2513 1453 2711 1511 quanto
2750 1454 2972 1512 augetur
2996 1458 3235 1505 numero,
3268 1450 3415 1496 tanto
3452 1444 3648 1495 crescit

2078 1543 2130 1585 et
2156 1536 2366 1589 robore.
2394 1535 2459 1587 Et
2479 1534 2594 1587 hzec
2626 1534 2837 1587 interim
2868 1534 3178 1602 simpliciter
3204 1534 3349 1587 dicta
3379 1533 3504 1585 sint.
3532 1532 3647 1585 Cx-

2079 1632 2253 1677 tcrum
2280 1624 2419 1693 quod
2446 1625 2499 1677 in
2524 1624 2785 1692 superiori
2828 1624 2943 1677 loco
2970 1639 3128 1692 super
3149 1623 3363 1677 Christo
3385 1638 3645 1693 quorum-

2078 1713 2199 1765 dam
2227 1714 2626 1782 intelligentiam
2648 1715 2939 1782 posuimus,
2968 1724 3022 1767 et
3050 1712 3202 1784 μίση
3233 1713 3416 1784 etiam]
3441 1714 3644 1781 reliqua

2007 1799 2052 1859 Β
2079 1806 2265 1859 eodem
2292 1808 2478 1861 ordine
2513 1808 2822 1861 disserenda
2848 1814 2990 1861 sunt.
3021 1806 3205 1859 Melius
3226 1816 3312 1863 est
3339 1807 3483 1860 enim
3514 1807 3649 1859 duos

2076 1899 2281 1966 pariter
2302 1914 2418 1953 esse
2446 1914 2606 1967 quam
2649 1913 2812 1952 unum
2836 1913 2851 1950 :
2884 1897 3074 1951 melius
3112 1906 3193 1951 est
3222 1897 3365 1950 enim
3394 1896 3641 1951 habitan-

2078 1996 2185 2040 tem
2213 1988 2266 2040 in
2290 2002 2347 2041 se
2374 1986 2570 2041 habere
2591 1986 2887 2051 Christum,
2911 2001 3069 2055 quam
3097 1987 3266 2040 solum
3295 1985 3467 2058 [Apud
3490 1984 3641 2059 Hier.

2077 2074 2245 2128 solum
2270 2076 2510 2129 habitare
2532 2074 2605 2146 et]
2628 2084 2811 2144 patere
2834 2077 3040 2130 insidiis
3060 2076 3408 2129 adversantis.
3444 2075 3646 2130 Merces

2078 2165 2271 2233 quippe
2295 2164 2628 2218 contubernii
2666 2164 2847 2217 statim
2882 2166 2938 2217 in
2963 2165 3075 2233 ipsa
3117 2166 3392 2219 societatis
3416 2166 3645 2219 utilitate

2078 2262 2427 2308 monstratur.
2458 2253 2516 2307 Si
2562 2255 2704 2308 enim
2731 2255 2984 2309 ceciderit
3010 2270 3166 2319 unus,
3210 2253 3454 2309 Christus
3482 2256 3649 2325 eriget

2076 2343 2389 2411 participem
2428 2357 2603 2395 suum.
2638 2344 2728 2396 Vm
2760 2344 2951 2410 quippe
2980 2344 3051 2402 ei.
3081 2344 3170 2411 qui
3198 2359 3317 2397 cum
3360 2346 3645 2405 corruerit,

2075 2431 2346 2486 Christum
2369 2434 2421 2485 in
2442 2445 2499 2487 se
2523 2447 2628 2486 non
2650 2431 2811 2486 habet
2828 2434 3142 2502 erigentem.
3170 2433 3319 2499 Quod
3342 2435 3385 2487 si
3416 2442 3469 2487 et
3493 2432 3647 2503 [ιιι.

2075 2522 2259 2593 etiam]
2288 2523 2569 2577 dormierit
2596 2538 2755 2586 unus,
2788 2524 2890 2576 hoc
2930 2532 3032 2586 est,
3064 2525 3107 2577 si
3137 2534 3308 2577 morte
3346 2524 3513 2577 fuerit
3546 2523 3649 2577 dis—

2076 2611 2299 2675 solutus,
2330 2620 2385 2667 et
2420 2626 2598 2666 secum
2642 2611 2911 2665 Christum
2956 2612 3221 2673 habuerit,
3260 2612 3550 2667 calefactus
3573 2614 3651 2665 ci-

2078 2700 2184 2753 tius
2211 2700 2516 2763 reviviscit;
2548 2708 2601 2754 et
2629 2701 2672 2754 si
2702 2700 2953 2753 adversus
2984 2701 3251 2753 hominem
3292 2703 3560 2755 robustior
3589 2702 3642 2753 iu

2077 2790 2430 2857 expugnando
2457 2790 2701 2843 diabolus
2736 2791 3020 2853 exstiterit,
3069 2793 3231 2844 sta!:it
3274 2792 3454 2854 homo,
3486 2792 3651 2845 stabit

2076 2885 2132 2930 et
2154 2875 2399 2929 Christus
2444 2892 2539 2945 pro
2574 2877 2787 2931 homine
2830 2892 2944 2942 suo,
2994 2893 3091 2947 pro
3135 2879 3301 2933 sodali
3349 2894 3486 2933 suo:
3545 2894 3651 2933 non

2077 2965 2218 3033 quod
2250 2964 2413 3017 solius
2441 2964 2638 3017 Christi
2664 2964 2919 3019 adversus
2944 2967 3211 3020 diabolum
3237 2969 3407 3021 virtus
3434 2968 3639 3021 infirma

2078 3056 2170 3119 sit,
2197 3056 2290 3108 sed
2314 3053 2455 3122 quod
2483 3054 2706 3106 liberum
2733 3055 2932 3107 homini
2964 3056 3280 3122 relinquitur
3307 3056 3457 3126 ]Ms.,
3490 3057 3649 3110 relin-

415 3132 757 3215 depreheudi,
804 3147 963 3200 quam
1006 3146 1128 3184 eum
1174 3129 1441 3182 hominem
1472 3128 1561 3194 qui
1590 3125 1814 3215 divitias
1840 3137 1972 3215 con-
2004 3120 2049 3183 C
2080 3143 2296 3213 quamn]
2320 3120 2621 3206 Arbitrium,
2648 3144 3079 3215 (“adnitentibus
3104 3120 3274 3207 licus,
3304 3120 3415 3213 ipse
3438 3146 3487 3197 in
3515 3160 3651 3213 ρη-

415 3214 621 3291 gregat,
666 3222 750 3274 cui
800 3235 891 3273 eas
940 3220 1201 3287 relinquat
1246 3220 1516 3287 ignorans.
1568 3214 1719 3280 Quod
1762 3211 1977 3280 quidem

416 3326 695 3378 possumus
730 3312 1023 3364 secundum
1068 3310 1299 3379 priorem
1341 3305 1489 3377 μὴ,
1524 3300 1873 3371 superiorem]
1903 3300 1981 3352 in-

418 3400 847 3468 terpretationem
868 3408 923 3452 et
945 3399 1009 3452 de
1030 3399 1113 3450 his
1137 3396 1429 3461 intelligere
1453 3394 1541 3460 qui
1569 3393 1732 3445 libros
1752 3389 1983 3443 conscri-

344 3488 347 3491 ⁷
418 3489 620 3539 bnntet
640 3502 731 3539 eos
757 3486 1044 3539 fastidiosis
1087 3484 1373 3539 lectoribus
1403 3482 1724 3547 relinquunt.
1756 3477 1981 3542 Quidam

419 3578 558 3629 hunc
584 3576 757 3629 locum
785 3576 851 3628 ab
877 3590 962 3639 eo,
991 3578 1130 3642 quod
1158 3574 1255 3636 ait,
1284 3589 1415 3624 unus
1460 3582 1552 3631 est,
1582 3579 1628 3622 et
1669 3586 1769 3622 non
1794 3577 1865 3620 est
1903 3582 1983 3619 se-

418 3668 638 3730 cundus,
667 3681 827 3735 super
850 3665 1123 3719 Salvatore
1154 3664 1570 3729 interpretantur
1596 3677 1608 3710 :
1660 3659 1801 3725 quod
1840 3656 1983 3709 solus

419 3765 471 3808 et
494 3756 691 3823 absque
717 3756 824 3808 ullo
850 3755 1042 3809 comite
1063 3753 1129 3806 ad
1155 3750 1465 3805 salvamlum
1490 3747 1741 3809 mundum
1765 3744 1984 3797 descen—

415 3841 533 3905 dit;
562 3850 615 3894 et
643 3858 944 3911 quanquam
975 3841 1125 3895 multi
1149 3840 1240 3893 lilii
1269 3840 1359 3892 Dei
1382 3838 1507 3900 sint,
1530 3844 1584 3889 et
1605 3834 1796 3887 fratres
1823 3833 1983 3899 adop—

423 3932 566 3984 tione
588 3931 852 3993 dicantur,
902 3939 1076 3982 tamen
1125 3929 1298 3981 nullus
1326 3928 1518 3992 dignus
1564 3923 1769 3976 exstitit
1808 3922 1895 3989 qui
1929 3921 1981 3973 in

418 4024 523 4077 hoc
552 4023 601 4075 ei
625 4034 782 4089 Opere
799 4018 1130 4086 iungeretur.
1162 4016 1322 4083 Cujus
1348 4015 1587 4066 laborum
1614 4025 1719 4063 non
1740 4016 1821 4061 est
1840 4008 1980 4070 linis,

424 4114 683 4184 portantis
720 4120 908 4165 nostra
944 4109 1073 4161 vitia
1120 4114 1279 4173 atque
1321 4110 1559 4171 peccata,
1596 4108 1648 4152 et
1689 4114 1783 4168 pro
1832 4098 1983 4152 nobis

424 4204 565 4256 dolet
590 4218 604 4264 ;
634 4209 687 4253 et
715 4200 901 4253 oculus
928 4198 1042 4265 ejus
1079 4212 1182 4250 non
1209 4193 1491 4248 satiabitur
1520 4190 1739 4251 divitiis,
1776 4202 1983 4256 semper

422 4299 658 4345 nostram
682 4288 901 4356 cupiens
928 4287 1171 4346 salutem,
1199 4291 1251 4337 et
1294 4287 1493 4351 quanto
1522 4278 1640 4347 plus
1664 4291 1819 4344 quem
1864 4289 1985 4342 pec-

424 4393 546 4433 care
572 4376 780 4437 viderit,
812 4384 958 4427 tanto
985 4374 1151 4441 magis
1186 4371 1251 4423 ad
1293 4367 1657 4438 ptenitentiam
1697 4363 1984 4416 cohortans

428 4466 576 4539 μὴ,
592 4462 911 4533 eoarctans].
938 4461 1014 4515 Eo
1035 4473 1227 4529 genere
1248 4456 1529 4509 locutionis
1549 4452 1789 4511 dicimus,
1808 4450 1980 4527 Dolet,
2016 4444 2061 4500 D

427 4524 532 4625 quo
558 4524 839 4623 Apostolus
859 4524 932 4603 ait
955 4566 969 4603 :
1003 4524 1067 4601 Et
1090 4549 1194 4617 ipse
1220 4544 1429 4613 spiritus
1456 4539 1678 4610 postulat
1715 4554 1806 4607 pro
1837 4524 1979 4590 nobis

425 4646 695 4715 gemitibus
730 4639 1159 4696 inenarrabilibus
1191 4634 1364 4707 (Rom.
1392 4649 1506 4693 vui,
1536 4629 1650 4697 26),
1677 4630 1730 4682 id
1755 4637 1854 4689 est,
1887 4642 1983 4679 nos

428 4747 641 4803 gemere
664 4730 806 4784 facit.
840 4730 915 4781 Ita
940 4738 995 4781 et
1030 4728 1117 4781 hic
1146 4726 1286 4780 dolet
1325 4722 1587 4782 Christus,
1616 4718 1738 4786 quia
1775 4732 1870 4770 nos
1895 4718 1984 4769 do-

430 4825 538 4881 lere
562 4824 689 4877 facit
717 4836 814 4890 pro
838 4819 1069 4889 peccatis
1096 4818 1310 4870 nostris.

498 4943 656 5015 523
678 4943 841 4996 Vens.
863 4939 1013 4995 9-l2.
1043 4967 1106 4977 ——
1129 4936 1315 4989 Melius
1334 4950 1452 5003 ergo
1474 4942 1545 4985 est
1564 4933 1693 4985 duos
1715 4929 1867 4984 simul
1882 4943 1989 4980 esse

432 5048 587 5101 quam
633 5046 831 5083 unum:
876 5028 1061 5081 habent
1106 5026 1239 5077 enim
1283 5024 1681 5075 emolumentum
1729 5019 1987 5072 societatis

435 5136 540 5175 suae
563 5136 579 5182 ;
602 5120 646 5170 si
677 5134 808 5169 unus
834 5117 1088 5179 ceciderit,
1118 5116 1179 5167 ab
1218 5114 1374 5165 altera
1422 5111 1683 5177 fulcietur.
1742 5106 1826 5160 Vae
1868 5107 1985 5170 soli,

434 5210 556 5279 quia
581 5222 697 5259 cum
717 5205 987 5266 corruerit,
1014 5220 1115 5256 non
1142 5203 1287 5255 habet
1307 5199 1669 5253 sublevantem.
1708 5196 1773 5249 Et
1802 5197 1845 5248 si
1870 5196 1989 5247 dor-

437 5298 642 5350 mierint
682 5296 804 5357 duo,
844 5293 1151 5363 fovebuntur
1178 5300 1392 5351 mutuo;
1437 5303 1568 5340 unus
1614 5284 1867 5354 quomodo
1896 5300 1987 5337 ca-

440 5385 571 5452 leﬁet
613 5385 637 5435 7
685 5384 751 5436 Et
800 5383 844 5435 si
892 5380 1146 5451 quispiam
1198 5378 1519 5447 pravaluerit
1571 5384 1747 5427 contra
1807 5390 1987 5437 unum,

441 5471 544 5525 duo
570 5471 805 5523 resistunt
831 5471 897 5523 ei.
940 5464 1228 5521 Funiculus
1265 5464 1448 5532 triplex
1473 5461 1674 5533 difﬁcile
1716 5462 1987 5528 rumpitur.

442 5563 570 5617 Post
595 5562 976 5617 sollicitudines
1003 5568 1056 5614 et
1100 5558 1362 5619 miserias,
1394 5559 1447 5610 in
1476 5560 1671 5634 quibus
1710 5562 1991 5623 corruptus

445 5659 527 5704 est
551 5650 636 5706 ille
661 5651 749 5720 qui
784 5651 836 5703 in
874 5649 1059 5717 opibus
1082 5647 1455 5716 conquirendis
1488 5650 1685 5716 absque
1710 5650 1854 5697 certo
1884 5644 1991 5698 ha:—

2082 3232 2261 3287 liando
2301 3231 2489 3285 fortior
2536 3231 2645 3283 fiet.
2680 3231 2830 3295 Quod
2856 3232 2899 3284 si
2928 3241 2981 3285 et
3032 3232 3181 3301 [Ms.,
3227 3235 3365 3300 quod
3388 3235 3431 3287 si
3461 3233 3647 3303 etiam]

2078 3323 2243 3376 Pater
2267 3333 2321 3376 et
2368 3321 2533 3375 Filius
2559 3330 2611 3375 et
2657 3320 2889 3389 Spiritus
2922 3333 3136 3376 sanctus
3182 3324 3508 3385 advenerim,
3544 3339 3648 3379 non

2082 3412 2188 3466 cito
2216 3420 2589 3477 corrumpetur
2618 3409 2769 3478 [Ms.,
2806 3410 3087 3479 rumpitur]
3119 3412 3216 3463 ista
3255 3413 3521 3464 sodalitas.
3574 3411 3647 3463 De

2083 3500 2183 3552 hac
2212 3499 2491 3552 sodalitate
2520 3500 2571 3551 in
2622 3498 2908 3567 Evangelia
2949 3499 3142 3551 dicitur
3171 3518 3182 3548 τ
3230 3499 3295 3551 Et
3333 3508 3477 3565 pater
3504 3516 3648 3559 meus

2083 3588 2256 3656 diliget
2281 3604 2416 3650 eum,
2446 3597 2491 3639 et
2533 3586 2602 3639 ad
2628 3604 2744 3639 eum
2772 3590 3051 3645 veniemus,
3080 3600 3125 3640 et
3163 3590 3478 3642 mansionem
3507 3591 3646 3658 apud

2081 3694 2197 3729 eum
2225 3677 2492 3743 faciemus.
2517 3677 2581 3729 Et
2608 3676 2763 3743 paulo
2792 3686 2941 3743 post:
2990 3677 3294 3729 Paracletus
3332 3688 3501 3731 autem
3529 3676 3646 3747 Spi-

2085 3771 2234 3832 ritus,
2263 3771 2367 3838 ipse
2389 3785 2476 3821 vos
2522 3768 2718 3821 docebit
2764 3769 2936 3820 omnia
2965 3768 3142 3839 (Joan.
3176 3785 3281 3831 xw,
3306 3770 3392 3831 23,
3423 3770 3544 3839 26);
3577 3770 3653 3822 si-

2083 3860 2343 3929 gnificans
2382 3860 2561 3922 trium,
2596 3858 2647 3911 id
2688 3866 2787 3922 est,
2830 3858 3022 3920 Patris,
3056 3868 3109 3911 et
3157 3859 3294 3919 Filii,
3323 3869 3373 3911 et
3420 3858 3653 3927 Spiritus

2084 3951 2270 4009 sancti,
2300 3964 2463 4001 unum
2486 3963 2603 4003 esse
2621 3964 2772 4018 opus,
2791 3957 2845 4002 et
2872 3964 3031 4002 unam
3058 3950 3385 4002 mansionem
3412 3948 3466 3999 in
3488 3948 3652 4000 corde

2084 4038 2351 4107 diligentis
2390 4038 2575 4089 Deum.
2624 4038 2774 4101 Quod
2813 4040 3054 4106 superius
3098 4038 3250 4096 dixit,
3293 4037 3337 4088 si
3366 4052 3498 4088 unus
3523 4038 3649 4087 dor-

2082 4126 2273 4189 mierit,
2300 4125 2553 4194 quomodo
2580 4124 2816 4191 caleﬁet?
2844 4124 2952 4178 Nisi
3004 4126 3165 4194 igitur
3194 4124 3466 4178 nobiscum
3493 4122 3651 4177 Chri.

2085 4223 2197 4269 stus
2251 4215 2544 4277 dormierit,
2593 4223 2648 4268 et
2699 4216 2750 4267 in
2802 4225 2970 4268 morte
3026 4214 3361 4281 requieverit,
3416 4217 3648 4271 calorem

2084 4312 2295 4356 (eterna:
2324 4286 2445 4354 vitae
2474 4302 2719 4369 accipere
2751 4316 2852 4353 non
2882 4301 3136 4353 valemus.

2156 4390 2312 4442 Vens.
2346 4387 2522 4440 l'5-l6.
2544 4417 2613 4427 —
2642 4387 2828 4441 Melior
2868 4398 2942 4440 est
2984 4405 3111 4457 puer
3153 4401 3419 4457 pauperet
3449 4394 3653 4460 sapiens

2085 4495 2201 4531 sene
2230 4494 2343 4545 rege
2383 4487 2431 4529 et
2474 4476 2631 4529 stulto
2661 4478 2749 4546 qui
2797 4478 2952 4529 nescit
2982 4479 3245 4545 providere
3267 4481 3317 4531 in
3353 4493 3651 4547 posterum:

2083 4570 2219 4637 quod
2240 4580 2284 4621 et
2308 4569 2369 4620 de
2394 4584 2597 4621 carcere
2626 4570 2917 4637 catenisque
2942 4570 3197 4621 interdum
3225 4573 3337 4638 quis
3362 4574 3653 4639 egrediatur

2086 4659 2153 4709 ad
2186 4672 2414 4723 regnum,
2466 4664 2515 4706 et
2558 4655 2691 4707 alius
2742 4667 2894 4707 natus
2940 4658 2994 4708 in
3031 4673 3201 4723 regno,
3252 4660 3422 4725 inopia
3468 4677 3652 4712 consu-

2088 4755 2279 4799 matur.
2343 4742 2456 4795 Vidi
2496 4756 2705 4797 cunctos
2743 4746 2957 4797 ruentes
2984 4748 3071 4814 qui
3116 4749 3378 4802 ambulant
3409 4753 3499 4802 sub
3524 4752 3648 4810 so’c'.

2090 4847 2203 4884 cum
2235 4830 2551 4884 adolescente
2570 4834 2791 4885 secundo
2818 4835 2905 4905 qui
2933 4838 3190 4905 consurgit
3219 4854 3309 4905 pro
3340 4855 3417 4890 eo.
3459 4833 3649 4906 Inﬁni-

2088 4933 2168 4973 tus
2197 4931 2269 4973 es:
2296 4937 2539 4974 numerus
2562 4923 2734 4991 populi
2755 4926 2982 4976 omnium
3008 4927 3095 4993 qui
3122 4925 3329 4993 fuerunt
3360 4940 3476 4979 ante
3495 4944 3608 4979 eum
3635 4947 3648 4987 ;

2088 5022 2133 5063 et
2162 5012 2249 5079 qui
2286 5022 2462 5079 postea
2503 5012 2665 5078 futuri
2692 5022 2833 5075 sunt,
2864 5030 2964 5065 non
3000 5014 3311 5066 (relabuntur
3351 5018 3405 5067 in
3435 5032 3512 5067 eo.
3549 5014 3649 5069 Sed

2088 5104 2259 5157 ethoc
2288 5103 2489 5155 vanitas
2532 5111 2579 5155 et
2625 5104 2828 5173 afflictio
2873 5104 3102 5172 spiritus.
3156 5104 3361 5157 Hebraei
3406 5106 3548 5161 hunc
3575 5106 3651 5159 lo-

2089 5206 2212 5244 cum
2259 5190 2332 5243 ita
2374 5192 2677 5245 disserunt:
2732 5190 2915 5244 Melior
2956 5201 3039 5245 est
3078 5192 3299 5246 interior
3341 5196 3519 5257 homo,
3558 5196 3647 5262 qui

2074 5290 2207 5351 post
2257 5281 2767 5350 quartumdecimum
2814 5284 3108 5349 pubertatis
3154 5287 3351 5337 annum
3398 5286 3454 5337 in
3497 5286 3649 5339 nobis

2091 5372 2353 5435 exoritur,
2373 5370 2638 5424 exteriore
2658 5371 2895 5436 homine,
2917 5373 3004 5439 qui
3026 5373 3090 5427 de
3112 5375 3299 5427 matris
3323 5380 3474 5428 atem
3495 5374 3647 5445 μη,

2092 5462 2232 5531 alvo]
2255 5471 2413 5515 natus
2440 5468 2541 5523 est,
2568 5460 2657 5527 qui
2689 5460 2855 5513 nescit
2899 5462 3147 5517 recedere
3170 5477 3201 5515 a
3233 5461 3385 5525 vitio,
3421 5471 3477 5515 et
3500 5463 3591 5529 qui
3618 5478 3649 5516 c

2094 5551 2249 5604 domo
2276 5550 2523 5602 vitiorum
2550 5545 2700 5617 μισ..
2730 5546 3072 5618 vinctorum],
3102 5549 3167 5601 de
3206 5557 3362 5603 utero
3406 5547 3649 5602 videlicet

2095 5642 2357 5701 materno,
2388 5635 2453 5689 ad
2495 5634 2595 5690 hoc
2623 5635 2788 5689 exivit
2818 5642 2878 5688 ut
2915 5646 3160 5707 regnaret
3189 5637 3242 5691 in
3286 5637 3451 5703 vitiis,
3481 5638 3569 5707 qui
3594 5652 3648 5691 et
