4230 6186
301 344 404 400 689

1149 342 1554 398 EXEGETICA.
1592 371 1662 381 —-
1705 336 2057 396 COMMENT.
2099 339 2163 392 1N
2205 338 2734 396 ECCLESIASTEN.

3428 349 3529 405 690

301 458 434 510 tales
457 455 659 516 fecerit,
698 463 755 507 ut
791 451 994 508 carnali
1023 454 1288 508 desiderio
1327 452 1564 523 superati
1603 460 1864 519 cogantur
1891 458 1939 513 Α
1965 457 2172 516 segetes
2203 463 2468 504 messores
2496 451 2681 504 venire
2721 450 2974 519 iussurus
3001 461 3102 519 est,
3129 452 3220 510 "ut.
3254 465 3531 526 separetur

300 558 553 613 peccare;
591 552 647 596 et
672 544 773 597 hoc
797 551 894 605 est,
939 544 1082 612 quod
1122 545 1197 596 ait
1225 559 1238 596 :
1281 543 1364 597 Ne
1385 542 1588 595 dederis
1615 558 1670 594 os
1695 550 1859 602 tuum,

300 645 593 702 utpeceare
628 633 796 700 facias
835 649 1043 686 carnem
1088 642 1251 685 tuam.
1297 632 1413 686 Noli
1467 632 1667 698 itaque,
1719 629 1862 700 [ait,]

298 738 464 779 vanas
507 723 881 779 excusationes
924 735 1184 790 qumrere,
1245 729 1299 776 et
1347 721 1476 775 dare
1527 720 1864 775 occasionem

299 812 448 866 carni
475 819 578 864 tua:
602 810 668 865 ad
692 811 1038 878 peccandum,
1075 819 1131 864 et
1157 810 1335 864 dicere
1364 827 1375 861 :
1407 809 1522 863 Non
1551 824 1651 879 ego
1673 823 1857 877 pecco,

300 904 394 957 sed
432 903 575 971 quod
605 901 810 959 habitat
844 901 898 954 in
933 915 1050 956 mea
1089 916 1249 955 carne
1277 909 1572 968 peccatum.
1603 899 1659 951 Si
1698 899 1863 962 enim,

301 993 489 1062 inquit,
517 994 630 1046 haec
654 993 873 1054 dixeris,
913 993 1077 1045 Deum
1113 1007 1373 1060 provocas
1402 991 1553 1058 quasi
1589 997 1864 1044 auctorem

299 1084 424 1138 mali
447 1091 605 1150 atque
638 1083 866 1152 peccati,
895 1090 953 1135 ut
979 1083 1148 1135 iratus
1189 1083 1285 1144 sit;
1321 1089 1374 1133 et
1417 1081 1461 1134 si
1510 1079 1637 1148 quid
1667 1078 1866 1132 videris

299 1175 423 1230 boni
450 1175 665 1237 habere,
690 1172 897 1228 auferet
923 1173 986 1226 de
1011 1173 1256 1226 manibus
1283 1171 1418 1234 tuis;
1451 1170 1535 1223 vel
1563 1178 1710 1223 certe
1738 1169 1864 1221 talia

299 1264 633 1328 sentientem,
666 1265 840 1318 tradet
869 1271 920 1316 te
945 1263 998 1316 in
1033 1263 1316 1331 reprobum
1346 1253 1584 1325 sensum,
1609 1268 1670 1314 ut
1695 1259 1864 1314 facias

297 1370 359 1410 ea
387 1372 506 1425 qua
534 1371 638 1410 non
661 1355 1004 1410 conveniunt.
1066 1409 1083 1416 _
1189 1424 1192 1427 .

369 1443 529 1498 Vens.
570 1442 622 1496 6.
651 1471 722 1482 --
749 1441 850 1495 Ubi
887 1440 1050 1494 multa
1086 1447 1206 1494 sunt
1233 1440 1460 1504 somnia,
1485 1439 1723 1509 plurimae
1745 1446 1867 1491 sunt

297 1534 550 1587 vanitates
574 1541 621 1586 et
647 1546 904 1585 sermones
940 1530 1218 1584 innumeri.
1262 1528 1340 1584 Tu
1372 1545 1486 1583 vero
1525 1527 1691 1581 Deum
1721 1528 1860 1580 time.

298 1621 365 1674 Et
391 1621 533 1674 hunc
553 1619 729 1673 locum
762 1619 967 1672 ﬂebrtei
994 1619 1067 1671 ita
1097 1618 1398 1673 edisserunt
1428 1635 1439 1668 :
1473 1631 1571 1669 nec
1589 1615 1862 1685 superiora

298 1713 482 1774 facias,
511 1713 578 1765 de
610 1711 803 1780 quibus
824 1709 934 1777 jam
961 1710 1162 1762 dictum
1191 1715 1292 1772 est,
1331 1723 1429 1761 nec
1459 1705 1616 1761 facile
1641 1707 1864 1760 somniis

299 1803 503 1858 credas.
540 1800 671 1856 Cum
716 1800 860 1854 enim
894 1800 1102 1853 diversa
1155 1798 1351 1852 videris
1398 1811 1494 1864 per
1545 1805 1859 1848 nocturnam
1889 1787 1935 1846 Β

297 1891 553 1959 quietem,
581 1898 635 1942 et
664 1889 827 1942 variis
868 1888 1044 1941 anima
1083 1886 1245 1940 fuerit
1271 1886 1536 1955 exagitata
1566 1884 1861 1937 terroribus

299 1982 412 2034 sive
442 1978 664 2032 incitata
711 1977 1008 2046 promissis,
1058 1983 1114 2030 tu
1143 1984 1445 2029 contemne.
1486 1971 1610 2042 quia
1657 1971 1861 2025 somnia

298 2080 442 2136 sunt,
466 2078 522 2124 et
562 2071 731 2124 solum
766 2071 930 2125 Deum
959 2071 1117 2133 time;
1145 2069 1237 2137 qui
1266 2068 1407 2122 enim
1438 2067 1659 2123 somniis
1692 2065 1864 2120 credi-

299 2161 454 2225 derit,
484 2160 810 2213 vanitatibus
833 2167 895 2246 {et
924 2158 1138 2228 ineptiis
1166 2172 1224 2212 se
1266 2157 1457 2210 tradet:
1493 2155 1664 2209 Aliter
1693 2174 1703 2207 :
1738 2155 1863 2223 quia

298 2248 407 2301 dixi
449 2256 606 2316 atque
640 2248 888 2315 prurcepi,
939 2262 1045 2299 non
1093 2246 1188 2299 des
1221 2260 1281 2298 os
1320 2254 1488 2308 tuum,
1541 2252 1599 2297 ut
1639 2259 1864 2313 peccare

297 2337 469 2393 facias
492 2355 706 2393 carnem
737 2347 902 2402 tuam,
939 2345 992 2390 et
1029 2351 1236 2405 quaeras
1262 2351 1427 2389 vanas
1469 2334 1618 2406 [Ms.,
1664 2331 1862 2405 varias]

295 2429 698 2493 excusationes;
729 2429 831 2482 hoc
861 2443 1002 2481 nunc
1034 2427 1224 2490 infero,
1258 2426 1397 2494 quod
1435 2425 1488 2478 in
1529 2439 1718 2479 somno
1743 2424 1867 2478 vita

298 2516 472 2582 istius,
500 2527 555 2572 et
600 2519 653 2571 in
705 2519 933 2587 imagine
980 2519 1186 2571 umbra:
1237 2517 1411 2578 nubis,
1469 2531 1573 2583 qua
1617 2515 1864 2582 vivimus,

299 2607 464 2660 multa
494 2622 775 2675 possumus
818 2607 1059 2660 invenire
1108 2621 1224 2673 quae
1260 2605 1416 2660 nobis
1441 2604 1753 2659 verisimilia
1788 2604 1868 2657 vi-

299 2695 527 2750 deantur
547 2704 602 2749 et‘
636 2705 819 2749 nostra
857 2709 1115 2750 excusare
1161 2703 1401 2763 peccata.
1439 2694 1728 2762 Propterea
1775 2695 1866 2748 ad-

301 2801 508 2849 moneo,
543 2795 600 2840 ut
627 2786 676 2839 id
715 2785 1036 2840 omnimodis
1065 2799 1272 2848 caveas,
1303 2798 1370 2836 ne
1406 2789 1562 2850 putes
1591 2784 1864 2836 absentem

303 2879 467 2932 Deum
496 2878 562 2931 ab
594 2877 844 2944 operibus
880 2874 1007 2937 tuis,
1041 2875 1147 2927 imo
1183 2881 1237 2927 et
1284 2872 1697 2941 cogitationibus
1738 2886 1864 2941 per-

301 2967 489 3028 versis,
520 2967 613 3019 sed
640 2981 758 3018 eum
791 2966 998 3028 timeas,
1036 2972 1090 3017 et
1119 2965 1259 3017 scias
1287 2964 1340 3016 in
1375 2963 1584 3017 cunctis
1616 2962 1867 3031 operibus

301 3057 406 3111 tuis
440 3055 554 3124 ejus
587 3055 972 3123 providentiam
1023 3068 1157 3116 esse,
1211 3064 1367 3122 teque
1415 3054 1587 3107 libero
1639 3053 1864 3108 arbitrio

304 3114 653 3216 [Hs.,'liberi
684 3142 917 3212 arbitrii]
965 3114 1255 3208 conditum,
1282 3114 1405 3197 -non
1443 3144 1582 3213 cogi,
1614 3141 1706 3196 sed
1735 3141 1861 3213 [ιι.
1892 3114 1939 3180 c

301 3252 403 3288 orn.
439 3233 553 3304 sed]
588 3233 741 3298 velle,
768 3234 910 3301 quod
940 3232 1126 3287 facias.

371 3325 530 3381 Vens.
564 3325 617 3389 7,
643 3325 695 3380 8.
723 3355 790 3364 -—
823 3323 882 3380 Si
929 3325 1115 3378 uideris
1162 3322 1450 3377 calumnias
1479 3339 1777 3394 egenorum,
1817 3333 1867 3378 et

300 3415 520 3473 uiolenta
552 3416 696 3487 [Ms.,
728 3416 941 3486 violata]
958 3417 1184 3484 judicia,
1213 3425 1258 3469 et
1282 3416 1506 3469 subverti
1528 3416 1791 3484 justitiam
1813 3417 1865 3467 in

300 3507 581 3575 provincia,
627 3521 728 3558 non
755 3507 957 3558 mireris
979 3523 1133 3574 super
1159 3507 1253 3557 hoc
1278 3507 1500 3574 negotio,
1528 3507 1650 3575 quia
1678 3503 1866 3576 [excel-

302 3593 383 3666 so]
408 3594 659 3668 excelsior
678 3605 752 3648 est
796 3594 952 3658 alius,
1000 3604 1044 3646 et
1091 3609 1244 3662 super
1291 3595 1384 3647 hos
1410 3610 1608 3662 quoque
1635 3593 1778 3663 [Ms.,
1819 3603 1866 3646 et

301 3690 396 3742 hoc
417 3687 637 3759 quoque]
658 3689 1015 3742 eminentiores
1033 3694 1151 3739 sunt
1175 3684 1285 3750 alii,
1312 3694 1360 3738 et
1384 3685 1594 3753 insuper
1615 3685 1865 3737 universa:

301 3792 454 3833 terrae
481 3794 570 3832 rea:
612 3781 830 3849 irnperat
854 3779 1111 3833 sentienti.
1150 3777 1322 3834 Unum
1354 3776 1725 3845 disputationis
1753 3790 1866 3829 ser-

301 3881 486 3922 vemus
523 3874 747 3931 textum,
779 3875 831 3920 et
877 3869 1120 3922 eumdem
1168 3883 1382 3921 sensum
1411 3875 1466 3921 et
1501 3868 1738 3921 ordinem
1784 3882 1866 3920 se-

303 3939 546 4027 quamur.
586 3955 757 4025 Supra
784 3957 951 4011 dixit:
985 3956 1067 4010 Ne
1096 3958 1287 4010 dixeris
1319 3972 1494 4009 coram
1530 3956 1732 4025 angelo,
1762 3973 1864 4011 non

300 4056 374 4101 est
399 4046 735 4117 prouidentia,
765 4062 828 4100 ne
851 4045 984 4114 forte
1015 4048 1273 4099 irascatur
1321 4043 1461 4097 Deus
1502 4061 1656 4113 super
1695 4062 1865 4098 vocem

301 4147 444 4191 tuom
472 4145 526 4192 et
555 4138 778 4207 reliqua.
808 4137 1182 4207 Adversusque
1227 4150 1318 4190 eos
1362 4135 1572 4190 locutus
1622 4143 1725 4198 est,
1771 4137 1863 4204 qui

302 4237 559 4302 negarent
583 4246 678 4301 per
719 4231 1102 4300 providentiam
1150 4227 1244 4284 Dei
1297 4242 1384 4284 res
1432 4228 1692 4282 humanas
1729 4227 1859 4295 regi.

304 4318 408 4376 Sed
435 4322 521 4376 hic
575 4320 833 4375 intellexit
880 4321 1010 4374 oriri
1056 4335 1212 4390 posse
1259 4317 1562 4386 huiusmodi
1620 4317 1864 4386 quaestio-

303 4422 464 4463 nem:
498 4410 541 4462 si
573 4424 602 4461 a
653 4408 776 4461 Deo-
795 4416 1012 4461 auctore
1055 4421 1143 4459 res
1191 4406 1394 4474 regitur
1428 4407 1656 4459 humana
1706 4402 1859 4474 μη,

304 4514 390 4554 res
423 4506 679 4566 reguntur
718 4494 1004 4566 humanae],
1037 4508 1202 4564 quare
1252 4491 1379 4561 justi
1426 4493 1745 4546 calumniam
1775 4507 1870 4558 ροσ-

304 4590 525 4651 tiuntur,
556 4595 609 4640 et
635 4601 801 4657 quare
829 4587 992 4654 iniqui
1038 4592 1160 4639 sunt
1197 4584 1422 4653 judices,
1473 4571 1527 4636 et
1578 4599 1681 4635 non
1719 4582 1860 4638 Deus

303 4680 580 4734 ulciscitur
601 4681 653 4732 in
679 4695 769 4733 eos
795 4679 883 4747 qui
910 4678 1088 4746 iniqua
1119 4677 1316 4731 faciunt
1344 4673 1685 4742 etjudicant?
1715 4674 1865 4729 Nune

303 4767 482 4830 infert,
510 4773 563 4820 et
591 4767 744 4822 solvit
786 4767 1130 4833 qumstionem
1162 4780 1278 4834 quae
1312 4772 1519 4834 poterat
1546 4767 1758 4835 opponi,
1788 4766 1866 4819 di-

304 4873 469 4914 cens:
505 4858 562 4912 Si
593 4858 777 4911 videris
820 4851 1134 4922 calumniam
1162 4863 1421 4928 pauperis,
1453 4863 1543 4929 qui
1589 4862 1774 4915 beatus
1813 4862 1863 4913 iu

305 4949 592 5019 Evangelio
620 4949 954 5020 prmdicatur,
987 4937 1166 5001 etires
1208 4949 1405 5016 vigere,
1454 4960 1560 5000 non
1601 4947 1866 5014 justitiam

306 5039 505 5113 [Hier.,
532 5050 586 5094 et
609 5056 694 5095 res
716 5041 881 5109 vigeri
916 5037 1292 5113 noujustitia],
1332 5051 1434 5092 non
1459 5035 1614 5108 μὴ,
1644 5039 1732 5111 ne]
1763 5040 1864 5092 mi-

307 5111 462 5191 reris,
497 5142 595 5181 nec
620 5131 713 5182 tibi
737 5139 930 5182 om
963 5111 1161 5198 aliquid
1188 5142 1306 5182 esse
1334 5129 1591 5190 videatur,
1621 5130 1741 5198 quia
1774 5144 1865 5182 ex-

307 5220 447 5274 celso
470 5218 605 5270 alius
629 5218 891 5271 excelsior
920 5229 1019 5283 est,
1052 5228 1104 5273 et
1143 5219 1318 5273 omnia
1352 5220 1564 5286 respicit
1586 5218 1746 5282 Deus,
1776 5220 1864 5288 qui

309 5309 522 5377 angelos
548 5324 674 5363 suos
700 5323 858 5377 super
871 5309 1079 5376 jndices
1105 5322 1158 5366 et
1190 5327 1340 5381 reges
1371 5320 1529 5365 terra:
1552 5315 1860 5384 praeposuit,

309 5402 398 5468 qui
426 5406 647 5468 possunt
678 5399 861 5466 utique
900 5400 1186 5465 prohibere
1230 5403 1564 5471 iniustitiam,
1606 5412 1660 5455 et
1700 5404 1867 5472 magis

313 5489 368 5540 in
393 5496 536 5543 terra
560 5484 909 5555 valerequam
933 5487 1132 5554 qumvis
1154 5490 1430 5543 hominum
1455 5500 1689 5560 potestas
1714 5491 1860 5561 [Ms.,

311 5576 641 5647 potestates].
672 5576 774 5630 Sed
805 5579 1052 5644 quoniam
1082 5587 1256 5629 servat
1301 5582 1352 5633 in
1383 5581 1541 5634 finem
1586 5581 1861 5648 judicium,

311 5684 362 5724 ct
397 5675 450 5726 in
479 5676 985 5728 consummationem
1029 5675 1236 5736 mundi,
1289 5675 1500 5740 quando
1530 5677 1580 5728 in
1631 5689 1867 5728 maturas

1893 4462 1940 4521 D

1965 538 2202 591 triticum
2231 547 2286 591 et
2311 538 2364 590 in
2410 539 2660 593 horreum
2708 541 3121 613 cmlestis'rcgni
3147 545 3426 613 condatur,
3453 547 3531 603 lo-

1965 626 2095 679 lium
2130 634 2308 680 autem
2355 635 2558 681 aeterno
2607 623 2850 683 tradatur
2894 632 3170 698 incendio;
3219 635 3337 690 ideo
3392 653 3532 693 nunc

1964 726 2236 786 exspectat
2258 726 2312 771 et
2341 717 2518 772 dilfert
2555 723 2894 786 sententiam,
2927 724 3098 780 donec
3127 727 3179 779 in
3213 727 3315 782 line
3345 730 3529 785 mundi

1965 808 2129 875 iniqui
2162 809 2452 875 puniantur
2472 817 2526 862 et
2547 809 2677 876 justi
2708 826 2961 865 coronam
2988 816 3249 882 recipiant
3275 816 3529 885 justitizn.

2036 901 2196 956 Vnus.
2230 903 2285 964 9,
2313 903 2394 954 iO.
2420 933 2492 942 —
2512 904 2712 958 Avarus
2743 922 2844 959 non
2868 907 3162 975 implebitur
3196 912 3435 977 pecunia,
3485 921 3542 964 et

1961 998 2052 1065 qui
2073 1006 2214 1048 amat
2243 996 2473 1059 diuitias,
2518 997 2719 1064 fructus
2757 1012 2859 1048 non
2904 997 3067 1064 capiet
3095 1012 3158 1049 ea:
3199 991 3271 1065 sit
3302 1013 3318 1051 :
3363 1007 3409 1050 et
3439 999 3535 1052 hoc

1963 1063 2083 1154 ergo
2119 1085 2341 1139 vanitas.
2377 1081 2476 1138 Ubi
2514 1063 2690 1137 multa!
2724 1093 2842 1136 sunt
2890 1063 3032 1152 apes,
3076 1085 3226 1138 multi
3254 1063 3300 1139 et
3328 1088 3415 1156 qui
3445 1103 3543 1140 co--

1966 1173 2174 1227 medunt
2201 1190 2286 1227 eas
2310 1190 2326 1227 :
2354 1184 2401 1227 et
2427 1172 2551 1243 quid
2579 1173 2786 1242 prodest
2808 1174 3109 1240 possessori,
3141 1175 3241 1228 nisi
3263 1176 3401 1245 quod
3427 1193 3535 1230 cer-

1965 1264 2037 1315 nit
2068 1264 2274 1323 divitias
2305 1263 2468 1316 oculis
2492 1263 2640 1316 suis?
2689 1261 2788 1314 llic
2817 1276 2944 1316 vero
2972 1277 3164 1316 avarus
3191 1264 3534 1332 describitur,

1964 1354 2053 1421 qui
2085 1369 2354 1420 nunquam
2383 1354 2575 1420 opibus
2599 1351 2874 1421 expletur;
2914 1361 2968 1407 et
2994 1362 3194 1420 quanto
3221 1355 3340 1423 plus
3366 1358 3535 1425 capit,

1965 1449 2112 1495 tanto
2138 1441 2256 1510 plus
2295 1443 2441 1511 cupit
2471 1460 2482 1494 :
2528 1443 2667 1495 sicut
2700 1441 3044 1510 hydropicus,
3076 1451 3275 1508 quanto
3301 1445 3420 1511 plus
3458 1445 3540 1498 hi-

1963 1533 2062 1595 hit,
2093 1540 2298 1584 tantum
2326 1531 2444 1585 sitis
2471 1530 2650 1584 addita
2677 1531 2911 1583 crescit..
2942 1527 3117 1582 Flacci
3136 1544 3346 1598 quoque
3376 1546 3537 1599 super

1965 1620 2066 1674 hoc
2106 1621 2394 1674 concordat
2436 1620 2717 1684 sententia,
2746 1620 2835 1687 qui
2881 1619 2956 1672 ait
3004 1617 3192 1689 (Epist.
3228 1619 3281 1683 l,
3313 1620 3379 1672 ad
3411 1617 3533 1673 Lol-

1963 1708 2112 1777 lium)
2142 1727 2152 1759 ε

2357 1796 2568 1857 Semper
2590 1807 2761 1844 avarus
2784 1800 3006 1856 eget.....

1964 1888 2106 1942 Nihil
2136 1888 2334 1942 divitiae
2363 1896 2588 1956 prosunt
2627 1901 2754 1954 ergo
2783 1886 2978 1956 (inquit
3020 1887 3389 1958 Ecclesiastes)
3415 1904 3536 1956 pos.

1964 1979 2178 2043 sidenti,
2220 1981 2322 2034 nisi
2364 1981 2467 2034 hoc
2494 1980 2684 2044 solum,
2717 1986 2776 2032 ut
2799 1978 2978 2032 videat
3007 1981 3149 2048 quod
3180 1979 3342 2050 426
3368 1981 3536 2048 possi-

1965 2071 2072 2124 det.
2097 2061 2306 2136 Quanto
2333 2071 2475 2124 enim
2505 2070 2675 2138 major
2710 2069 2871 2124 fuerit
2896 2069 3211 2136 substantia,
3246 2080 3394 2125 tanto
3419 2072 3536 2140 plu-

1967 2175 2052 2216 res
2072 2162 2346 2215 ministros
2366 2161 2604 2225 habebit,
2621 2163 2711 2230 qui
2727 2177 2854 2229 opes
2870 2163 3124 2216 devorent
3152 2172 3530 2233 congregatas:

1963 2254 2211 2312 dominus
2249 2261 2430 2319 autem
2457 2267 2641 2306 earum
2671 2252 2850 2305 videat
2914 2260 3120 2305 tantum
3163 2237 3288 2321 quid
3317 2255 3530 2317 habeat,

1964 2352 2019 2400 et
2037 2345 2155 2415 plus
2177 2362 2336 2417 quam
2368 2346 2526 2399 unius
2553 2346 2786 2400 hominis
2806 2345 2980 2399 cibum
3005 2361 3194 2414 capere
3219 2361 3323 2398 non
3347 2347 3532 2414 possit.

2030 2430 2199 2484 ‘Vsas.
2235 2430 2319 2482 ll.
2352 2458 2424 2468 ——-
2464 2427 2646 2480 Dulcis
2677 2439 2751 2480 est
2791 2443 3003 2481 somnus
3033 2431 3289 2496 operanti,
3321 2433 3424 2484 sive
3450 2450 3540 2501 pa-

1967 2540 2083 2577 rum
2132 2523 2235 2576 sive
2279 2521 2500 2575 multum
2545 2521 2815 2574 comedat:
2865 2517 3112 2573 saturitas
3144 2531 3317 2575 autem
3359 2523 3534 2578 divitis

1968 2629 2071 2667 non
2101 2612 2224 2665 sinit
2261 2627 2376 2665 eum
2417 2610 2662 2663 dormire.
2710 2608 2900 2662 Adhuc
2947 2610 3011 2663 de
3060 2607 3222 2663 divite
3264 2621 3318 2663 et
3369 2624 3548 2665 avaro-

1965 2717 2143 2756 sermo
2173 2708 2273 2763 est,
2312 2709 2363 2753 et
2385 2706 2763 2766 comparantur
2784 2699 3046 2766 operanti,
3073 2707 3125 2752 et
3154 2699 3354 2768 absque
3385 2697 3534 2752 solli-

1965 2791 2202 2846 citudine
2231 2788 2536 2851 dormienti,
2571 2789 2682 2841 sive
2715 2802 2904 2856 parum
2942 2789 3064 2842 sive
3102 2789 3324 2842 multum
3353 2805 3533 2843 conte—

1967 2886 2126 2950 derit,
2157 2883 2300 2954 quod
2323 2882 2412 2937 ille
2438 2881 2620 2937 labore
2649 2883 2849 2950 operis,
2891 2889 2949 2937 et
2973 2882 3166 2935 sudore
3193 2879 3434 2948 quemvis
3458 2880 3533 2933 ci-

1966 2979 2093 3034 bum
2137 2976 2349 3048 digerit,
2382 2983 2436 3041 et
2473 2973 2614 3028 dulci
2644 2987 2831 3027 somno
2861 2969 3170 3042 perfruitur.
3217 2969 3374 3023 Dives
3409 2984 3536 3022 vero

1969 3069 2230 3123 distentus
2260 3049 2502 3144 dapibus,
2535 3063 2588 3117 in
2615 3062 2822 3118 diversa
2852 3061 3136 3123 laceratus,
3169 3058 3400 3139 dormire
3426 3073 3534 3112 non

1967 3159 2132 3223 valet,
2180 3137 2512 3230 redundante
2548 3155 2784 3223 crapula,
2817 3164 2870 3208 et
2914 3153 3122 3207 incocto
3165 3152 3283 3205 cibo
3326 3137 3390 3203 in
3425 3156 3535 3204 sto-

1969 3249 2146 3304 machi
2175 3247 2438 3318 angustiis
2463 3231 2743 3300 :estuantc.
2772 3244 2940 3298 Porro
2967 3242 3088 3312 quia
3119 3255 3352 3301 somnus,
3391 3253 3540 3293 com-

1968 3337 2145 3392 munis
2179 3337 2242 3390 de
2273 3337 2372 3390 hac
2401 3336 2507 3388 vita
2548 3335 2724 3387 exitus
2765 3331 3078 3400 appellatur,
3109 3330 3296 3383 melior
3324 3328 3428 3382 erit
3454 3342 3541 3384 re-

1967 3425 2118 3494 quies
2145 3423 2260 3490 ejus
2305 3423 2396 3491 qui
2430 3431 2684 3492 operatur
2731 3420 2784 3474 in
2823 3418 3094 3487 praesenti,
3139 3427 3193 3472 et
3243 3417 3546 3475 secundum

1967 3519 2108 3570 vires
2135 3531 2259 3570 suas
2301 3515 2355 3568 in
2381 3515 2537 3568 bonis
2570 3497 2821 3582 operibus
2857 3515 3218 3568 conversatur,
3252 3522 3412 3575 quam
3443 3522 3536 3562 eo-

1966 3622 2085 3660 rum
2115 3607 2313 3660 divitiaa
2336 3605 2401 3658 de
2430 3605 2622 3672 quibus
2651 3601 2903 3657 scribitur
2930 3619 2941 3652 :
2987 3596 3075 3652 Va:
3105 3597 3243 3651 vobis
3270 3594 3536 3660 diuitibus,

1964 3696 2086 3764 quia
2116 3695 2379 3762 recepistis
2407 3690 2809 3745 consolationem
2837 3698 3055 3745 vestram
3083 3686 3230 3757 (Luc.
3254 3701 3326 3747 vr,

2038 3785 2204 3839 Vsus.
2245 3781 2426 3837 i246.
2460 3809 2530 3822 ——
2576 3778 2671 3833 Est
2714 3789 2762 3833 et
2811 3779 2918 3832 alia
2965 3778 3244 3845 inﬁrmitas
3293 3779 3532 3846 pessima,

1965 3893 2122 3947 quam
2148 3875 2249 3930 uidi
2283 3875 2375 3929 sub
2397 3873 2502 3928 sole
2532 3890 2548 3926 :
2578 3872 2767 3926 diuitiis
2796 3879 3106 3924 conservatae
3139 3871 3191 3921 in
3225 3868 3417 3921 malum
3443 3868 3535 3923 do—

1967 3967 2094 4020 mini
2119 3968 2219 4019 sui.
2250 3964 2474 4019 Pereunt
2502 3966 2639 4017 enim
2676 3963 2730 4015 in
2776 3962 3047 4032 afﬂictione
3089 3962 3336 4030 pessima.
3369 3959 3537 4014 Gene-

1967 4060 2097 4110 ravit
2123 4056 2310 4125 ﬁlium,
2341 4057 2429 4126 qui
2454 4071 2654 4107 summa
2677 4055 2730 4106 in
2751 4061 2970 4121 egestate
2987 4052 3119 4114 erit;
3150 4053 3282 4105 sicut
3303 4069 3535 4120 egressus

1965 4159 2038 4200 est
2071 4149 2240 4201 nudus
2288 4148 2351 4208 de
2404 4157 2550 4199 utero
2599 4145 2779 4197 matris
2823 4160 2952 4208 suae,
3001 4145 3075 4200 sic
3133 4155 3426 4209 revertetur,
3483 4153 3534 4196 et

1967 4237 2094 4291 nihil
2133 4237 2330 4304 auferet
2359 4215 2534 4288 secum
2561 4232 2621 4284 de
2666 4231 2841 4283 labore
2882 4249 2998 4283 suo.
3033 4231 3347 4286 Miserabilis
3385 4249 3538 4301 pror-

1964 4344 2050 4379 sus
2097 4325 2374 4390 inﬁrmitas
2399 4340 2417 4387 ;
2447 4321 2705 4391 quomodo
2747 4321 2905 4384 venit,
2949 4321 3024 4372 sic
3064 4326 3362 4371 revertetur.
3395 4320 3534 4383 Quid

1965 4435 2083 4488 ergo
2107 4417 2310 4486 prodest
2334 4416 2380 4468 ei
2407 4412 2544 4483 quod
2572 4411 2822 4466 laboravit
2852 4411 2904 4463 in
2928 4410 3169 4463 ventum?
3194 4407 3404 4461 Cunctis
3426 4408 3533 4461 die-

1967 4509 2057 4560 bus
2084 4509 2198 4560 vita:
2227 4523 2334 4561 suae
2357 4505 2572 4559 comedit
2596 4505 2650 4556 in
2679 4503 2920 4565 tenebris,
2946 4510 2991 4555 et
3016 4503 3070 4553 in
3091 4502 3226 4553 curis
3258 4499 3455 4562 multis,
3487 4509 3536 4551 et

1965 4601 2019 4652 in
2049 4615 2281 4652 (erumna
2305 4575 2716 4667 atquetristitia.
2752 4595 2882 4648 Cum
2916 4594 3174 4661 superiori
3197 4591 3362 4661 iunge
3391 4594 3534 4660 quod

1968 4689 2227 4757 sequitur.
2266 4687 2589 4739 Ecclesiaste
2617 4683 2836 4736 divitem
2868 4681 3218 4743 dcscrihente,
3253 4682 3394 4751 quod
3436 4697 3537 4737 nec

1969 4782 2079 4848 ipse
2103 4779 2270 4846 possit
2297 4778 2406 4830 suis
2427 4776 2626 4829 divitiis
2656 4772 2878 4843 perfrui,
2913 4782 2967 4826 et
2989 4775 3178 4829 crebro
3199 4783 3418 4843 propter
3442 4791 3534 4829 eas

1970 4871 2021 4921 in
2054 4867 2336 4926 discrimen
2383 4865 2582 4929 veniat,
2613 4881 2713 4919 nec
2744 4866 2940 4919 hmredi
2983 4867 3124 4934 quod
3171 4866 3532 4932 congregavit,

1972 4959 2256 5024 relinquat,
2290 4956 2382 5010 sed
2416 4966 2468 5010 et
2498 4957 2612 5025 ipse
2652 4964 2705 5011 et
2737 4957 2876 5011 ﬁlius
2921 4974 3071 5020 suus,
3112 4959 3246 5010 sicut
3277 4964 3534 5008 venerunt

1970 5047 2114 5111 nudi,
2144 5047 2214 5100 ita
2242 5048 2367 5100 nudi
2395 5055 2734 5101 revertantur
2766 5049 2818 5100 in
2848 5031 3062 5107 terram.
3093 5058 3144 5100 et
3180 5043 3309 5095 nihil
3337 5058 3428 5096 eos
3454 5043 3534 5094 la-

1969 5141 2156 5193 borum
2189 5155 2407 5192 suorum
2449 5139 2754 5192 comitetur.
2787 5137 2973 5190 Nonne
3018 5129 3156 5189 enim
3202 5136 3422 5205 languor
3456 5142 3536 5189 est

1969 5229 2250 5297 pessimus,
2282 5244 2378 5298 pro
2410 5226 2608 5281 divitiis
2645 5225 2965 5293 cogitatione
3010 5226 3269 5292 torqueri,
3308 5234 3359 5280 et
3388 5225 3532 5292 peri-

1972 5331 2116 5374 turas
2158 5337 2304 5389 opes,
2347 5334 2478 5388 quas
2516 5318 2792 5372 nobiscum
2838 5334 2942 5372 non
2993 5334 3278 5388 possumus
3321 5316 3534 5369 auferre

1971 5412 2279 5472 morientes,
2315 5411 2363 5463 in
2410 5407 2645 5470 tristitia,
2699 5409 2754 5460 in
2798 5409 3015 5481 gemitu,
3055 5407 3108 5460 in
3151 5405 3531 5472 indignatione,

1972 5502 2022 5553 in
2050 5502 2253 5560 litibus,
2298 5514 2451 5552 casso
2497 5497 2675 5552 labore
2719 5500 3055 5574 conquirere.
3092 5499 3380 5551 Possumus
3418 5495 3534 5548 haec

1970 5593 2151 5645 eadem
2182 5590 2338 5644 verba
2369 5591 2432 5644 de
2460 5591 2894 5661 philosophorum
2927 5592 3260 5661 dogmatibus
3305 5590 3386 5644 vel
3421 5590 3533 5646 bre-

1973 5681 2258 5733 rcticorum
2291 5683 2730 5749 perversitatibus
2771 5681 3080 5751 intelligere,
3123 5683 3210 5749 qui
3259 5682 3310 5734 in
3336 5681 3532 5736 malum
