4230 6186
689 266 691 269 ’
710 281 811 338 est

1544 277 1600 329 Β.
1642 276 1700 328 F.
1741 262 1964 328 ALBLVI
2000 274 2131 329 SEU
2167 274 2439 331 ALCL’INI
2475 274 2754 332 OPl-leljbl
2794 275 2969 331 PARS
3006 278 3064 332 ll.

3758 232 3914 332 ‘69:).

710 393 792 445 sui
821 389 1029 443 divitias
1067 387 1395 440 diversorum
1437 392 1760 452 congregant
1803 384 2125 452 dogmatum,
2165 397 2264 436 nec
2292 377 2333 432 Α
2363 392 2419 436 et
2447 384 2793 437 nihilominus
2820 385 3130 437 stultissima
3168 385 3425 454 parcitate
3449 400 3506 439 se
3534 385 3765 449 cruciat,
3796 388 3914 441 aliis

710 483 942 549 aliquant
968 478 1022 530 in
1042 478 1124 530 eis
1154 475 1443 529 utilitatem
1486 474 1684 527 habent
1729 472 1881 543 [Hs.,
1933 471 2261 543 habebunt];

710 584 809 631 nec
832 566 1185 621 sectatoribus
1208 565 1322 619 suis
1339 563 1569 617 fructum
1598 561 1900 630 relinquunt
1926 570 2262 629 perpetuum,

707 657 802 712 sed
829 666 882 710 et
908 656 1029 725 ipsi,
1069 662 1124 709 et
1170 653 1414 722 discipuli
1463 667 1648 705 eorum
1696 651 1843 713 nudi,
1893 652 2095 717 absque
2142 650 2265 704 ullis

709 746 914 801 meritis
954 744 1104 816 [Ms.,
1148 744 1304 797 bonis
1340 741 1564 811 meritis]
1592 748 1929 795 revertentur
1966 742 2018 793 in
2045 750 2258 799 terram,

708 852 811 890 non
836 836 1090 889 habentes
1113 834 1284 887 lucem
1314 848 1452 885 vera:
1479 831 1771 900 sapientiae,
1810 831 1905 883 sed
1950 831 2001 883 in
2032 830 2264 884 tenebris

707 926 1035 995 ignorantiaz,
1060 925 1278 992 verique
1303 923 1520 976 luminis
1548 931 1811 990 expertes,
1838 937 2026 976 omnes
2052 922 2263 977 labores

707 1030 831 1068 suos
858 1015 1081 1083 perdent
1114 1013 1255 1065 illius
1288 1011 1490 1078 judicio
1514 1012 1604 1079 qui
1652 1011 1764 1063 ait:
1802 1010 2025 1064 Perdant
2060 1012 2262 1080 sapien-

706 1108 831 1158 tiam
851 1103 1176 1173 sapientium,
1204 1113 1251 1154 et
1276 1101 1598 1170 prudentiam
1633 1100 1960 1168 prudentium
1987 1100 2263 1167 reprobabo

711 1197 760 1253 il
790 1196 911 1247 (ἴον.
945 1211 993 1257 1,
1036 1194 1144 1261 19).

776 1285 934 1337 \‘cns.
974 1283 1152 1335 1'49.
1179 1312 1247 1321 —
1277 1281 1390 1335 Hoc
1418 1283 1588 1351 itaque
1614 1282 1739 1335 mihi
1759 1283 1923 1335 uisum
1951 1292 2025 1336 est
2049 1282 2259 1345 bonum,

708 1384 760 1427 ut
783 1374 1011 1428 comedat
1036 1374 1149 1442 quis
1167 1413 1180 1437 ,
1214 1382 1262 1425 et
1287 1373 1446 1436 bibat,
1475 1382 1523 1425 et
1562 1372 1773 1440 fruatur
1792 1373 1972 1425 la'titia
1997 1388 2061 1425 ea:
2088 1371 2262 1425 labore

702 1480 821 1528 suo,
848 1480 950 1533 quo
974 1462 1220 1515 laboravit
1248 1463 1355 1530 ipse
1382 1462 1474 1515 sub
1503 1461 1628 1523 sole,
1660 1478 1873 1513 numero
1910 1461 2111 1513 dierum
2145 1462 2262 1514 uitta

702 1568 833 1613 sum,
860 1567 987 1619 quos
1031 1550 1169 1602 dedit
1199 1549 1276 1601 illi
1321 1548 1483 1602 Deus.
1516 1547 1580 1600 Et
1619 1548 1729 1601 Iure
1753 1559 1826 1601 est
1862 1565 1986 1618 pars
2022 1548 2183 1614 illius,
2212 1558 2260 1601 et

704 1639 847 1691 οηιηὶ
870 1638 1064 1690 homini
1105 1638 1188 1689 cui
1230 1636 1371 1690 dedit
1402 1635 1537 1690 Deus
1578 1636 1804 1700 divitias,
1836 1638 1988 1706 atque
2023 1636 2261 1689 substan-

704 1731 851 1793 tiam,
878 1739 1276 1799 potestatemque
1302 1730 1347 1781 ei
1393 1729 1593 1793 tribuit,
1634 1738 1687 1780 ut
1727 1729 1959 1781 comedat
1989 1745 2052 1782 ex
2080 1731 2186 1794 eis;
2213 1740 2260 1782 et

704 1817 916 1883 fruatur
940 1826 1087 1885 parte
1107 1833 1221 1879 sua,
1262 1826 1310 1869 et
1338 1815 1541 1869 lectetur
1579 1817 1643 1869 de
1684 1815 1860 1869 labore
1895 1833 2011 1880 suo,
2052 1816 2145 1870 hoc
2186 1826 2259 1870 est

703 1908 895 1960 donum
924 1906 1040 1960 Dei.
1071 1906 1191 1959 Non
1217 1907 1350 1959 enim
1381 1907 1508 1959 satis
1533 1906 1886 1958 recordabitur
1912 1905 2117 1957 dierum
2143 1906 2259 1957 vita

701 2012 832 2057 sum,
863 2012 923 2049 eo
963 1996 1101 2066 quod
1130 1994 1268 2047 Deus
1298 2003 1501 2064 occupet
1531 1993 1727 2046 deliciis
1771 2009 1861 2045 cor
1899 1993 2031 2061 ejus.
2058 1991 2157 2057 Qui
2186 1992 2260 2044 la-

701 2084 920 2138 boribus
948 2084 1058 2137 suis
1095 2083 1149 2136 in
1185 2098 1432 2135 curarum
1477 2082 1711 2135 tenebris
1758 2082 2010 2146 vescitur,
2056 2090 2110 2135 et
2136 2096 2258 2136 cum

699 2173 887 2241 grandi
913 2173 1033 2226 vitm
1057 2172 1213 2226 taedio
1240 2172 1478 2240 peritura
1516 2179 1839 2239 comportat,
1870 2170 2145 2222 meliorem
2173 2168 2255 2222 di-

700 2265 773 2317 cit
796 2277 1077 2325 cumesse,
1104 2262 1195 2331 qui
1236 2262 1587 2330 prassentibus
1624 2261 1821 2313 fruitur
1860 2260 2016 2314 bonis
2042 2260 2095 2312 in
2126 2258 2259 2313 lazti-

700 2355 773 2406 tia
801 2363 855 2406 et
879 2351 1231 2419 iucunditate.
1274 2350 1368 2403 llic
1413 2351 1553 2403 enim
1600 2349 1681 2403 vel
1707 2363 1868 2418 parva
1895 2348 2139 2417 voluptas
2167 2356 2255 2401 est

702 2443 756 2494 in
790 2440 1031 2503 fruendo,
1070 2442 1144 2495 ibi
1180 2456 1309 2495 vero
1334 2440 1707 2495 sollicitudinis
1746 2440 2111 2494 tantummodo
2137 2454 2255 2493 ma-

701 2532 939 2601 gnitudo.
987 2532 1052 2585 Et
1097 2532 1270 2584 reddit
1325 2544 1514 2584 causas
1568 2545 1735 2598 quare
1784 2531 1978 2583 donum
2024 2530 2116 2582 Dei
2164 2528 2252 2592 sit,

697 2620 805 2676 frui
838 2636 993 2691 posse
1013 2623 1239 2685 divitiis;
1279 2622 1526 2689 quoniam
1555 2636 1660 2674 non
1694 2620 1916 2674 multum
1946 2619 2253 2675 recordabi-

703 2728 789 2768 tur
830 2714 1031 2767 dierum
1072 2713 1268 2766 laboris
1316 2714 1418 2776 sui,
1454 2713 1572 2767 ideo
1613 2728 1717 2765 non
1770 2712 1873 2766 erit
1921 2714 1973 2765 in
2015 2712 2250 2773 tristitia,

704 2820 807 2857 non
846 2804 1163 2869 cogitatione
1204 2802 1497 2861 vexabitur,
1544 2801 1801 2853 abductus
1836 2800 2018 2853 laetitia
2062 2807 2117 2851 et
2162 2813 2254 2851 vo-

704 2896 903 2962 luptate
943 2892 1210 2961 praesenti.
1246 2891 1348 2946 Sed
1400 2892 1587 2946 melius
1632 2901 1712 2947 est
1752 2891 1903 2961 juxta
1940 2891 2251 2959 Apostolum

704 2983 757 3052 (l
788 2984 905 3037 Cor.
939 3001 989 3047 χ,
1018 2984 1072 3053 5)
1108 2984 1397 3055 Spiritalem
1437 2998 1613 3038 escam
1643 2992 1699 3036 et
1737 2982 2029 3051 spiritalem
2064 2992 2247 3050 potum
2276 3012 2333 3076 c-

701 3075 1097 3143 spiritalemque
1121 3076 1357 3127 lzetitiam
1388 3089 1414 3125 a
1448 3076 1557 3127 Deo
1587 3073 1699 3126 dari
1729 3073 1966 3141 intelligi,
1994 3082 2047 3127 et
2074 3074 2253 3127 videre

702 3166 990 3219 bonitatem
1032 3164 1144 3225 Dei,
1192 3173 1245 3217 et
1281 3163 1663 3231 jucunditatem
1696 3164 1873 3216 cordis
1900 3163 1982 3215 sui
2019 3163 2070 3215 in
2107 3163 2253 3216 omni

706 3256 887 3310 labore
915 3271 1032 3320 suo,
1064 3272 1169 3323 quo
1215 3256 1524 3323 spiritaliter
1553 3256 1604 3307 in
1646 3255 1799 3308 bonis
1842 3255 2050 3308 laborat
2082 3254 2256 3323 operi-

707 3349 825 3409 bus,
865 3361 958 3415 spe
1000 3345 1301 3400 consolatus
1350 3344 1538 3399 l’utura:
1576 3344 1941 3397 retributionis
1975 3362 1987 3395 :
2041 3352 2093 3397 et
2141 3343 2255 3396 hinc

702 3445 785 3490 est
812 3451 936 3503 pars
961 3446 1162 3499 nostra,
1198 3447 1255 3489 ut
1288 3436 1529 3489 laetemur
1553 3438 1604 3488 in
1641 3436 1816 3490 studio
1841 3436 2100 3489 bonorum
2131 3448 2255 3502 ope-

709 3541 856 3591 rum;
902 3542 1018 3595 qua:
1047 3528 1249 3590 lartitia,
1286 3527 1409 3579 licet
1442 3526 1579 3579 bona
1617 3526 1706 3587 sit,
1742 3539 1840 3578 nec
1882 3535 2056 3579 tamen
2100 3525 2256 3593 plene

704 3616 843 3670 bona
882 3624 981 3681 est,
1033 3618 1199 3670 donec
1245 3614 1611 3669 manifestetur
1650 3613 1911 3677 Christus,
1942 3613 2091 3682 cujus
2121 3615 2254 3669 visio

701 3710 937 3783 perfecta
984 3710 1196 3764 bonitas
1224 3720 1303 3763 est
1331 3717 1385 3763 et
1408 3708 1733 3777 jucunditas.
1781 3706 2082 3761 Notandum
2126 3723 2253 3775 quo-

699 3818 802 3871 que
825 3811 906 3857 est
930 3802 1070 3871 quod
1114 3801 1389 3869 occupatio
1415 3801 1468 3853 in
1501 3800 1603 3853 hoc
1632 3798 1748 3851 loco
1771 3797 1825 3849 in
1866 3798 2005 3850 bono
2034 3795 2253 3863 intelligi

699 3896 875 3958 debet,
901 3910 999 3961 pro
1034 3894 1325 3945 intentione
1347 3890 1568 3959 spiritali
1604 3903 1836 3957 veraque
1859 3888 2062 3949 Iretitia,
2093 3901 2252 3956 quam

698 3986 874 4038 divina
893 3984 1109 4052 inspirat
1126 3983 1293 4053 gratia
1308 3982 1391 4037 hic
1406 3982 1457 4035 in
1471 3983 1747 4051 prteceptis
1760 3981 2123 4035 laborantibus
2140 3979 2249 4033 Dei.

1198 4082 1359 4151 427
1396 4080 1618 4135 canor
1660 4080 1743 4132 vt.

770 4165 931 4216 Vsus.
960 4161 1071 4213 l-6.
1088 4191 1154 4198 —
1176 4160 1267 4212 Est
1291 4169 1335 4211 et
1356 4159 1499 4211 aliud
1519 4157 1713 4210 malum
1735 4155 1872 4227 quod
1892 4158 1989 4210 ridi
2013 4157 2104 4208 sub
2126 4155 2252 4219 sole,

698 4268 744 4308 et
773 4255 976 4324 quidem
1004 4254 1241 4321 frequens
1270 4251 1407 4319 apud
1432 4252 1679 4303 homines.
1718 4249 1808 4302 Vir
1835 4252 1919 4302 cui
1948 4250 2088 4302 dedit
2114 4250 2253 4303 Deus

700 4345 931 4404 diuitias,
967 4352 1013 4394 et
1061 4342 1431 4402 substantiam,
1466 4352 1511 4392 et
1548 4342 1825 4404 honorem,
1862 4350 1906 4392 et
1943 4340 2070 4391 nihil
2114 4340 2250 4392 deest
2281 4366 2330 4425 ο

701 4435 888 4485 anima’
915 4432 1025 4499 ejus
1056 4446 1118 4483 ex
1144 4432 1378 4481 omnibus
1409 4445 1523 4495 qua:
1551 4429 1804 4480 desiderat
1831 4445 1847 4489 ;
1880 4444 1968 4479 nec
2000 4429 2176 4479 tribuit
2202 4429 2250 4479 ei

703 4523 837 4575 Deus
856 4530 1154 4589 potestatem
1178 4530 1229 4570 ut
1251 4518 1479 4570 comedat
1508 4533 1571 4569 ex
1594 4533 1673 4579 eo,
1697 4518 1783 4568 sed
1808 4517 1955 4567 homo
1976 4526 2249 4569 extraneas

698 4614 889 4666 vorabit
912 4611 1060 4663 illud.
1092 4610 1200 4662 Hoc
1221 4612 1437 4669 vanitas,
1460 4620 1506 4661 et
1528 4625 1713 4676 magna
1738 4608 1944 4659 miseria
1968 4617 2060 4659 est.
2088 4607 2145 4659 Si
2169 4623 2252 4675 ge-

700 4701 864 4754 nuerit
888 4702 1139 4768 quispiam
1163 4709 1361 4749 centum
1386 4698 1584 4758 liberos,
1610 4705 1655 4747 et
1669 4696 1847 4747 vixerit
1868 4696 2052 4747 multos
2066 4710 2249 4754 annos,

698 4802 743 4842 et
769 4790 936 4857 plures
966 4790 1073 4840 dies
1105 4789 1269 4839 a'latis
1296 4786 1555 4847 habuerit,
1581 4795 1626 4836 et
1655 4785 1827 4835 anima
1851 4783 1991 4835 illius
2016 4800 2115 4835 non
2138 4790 2254 4833 uta-

699 4893 782 4931 tur
810 4880 951 4931 bonis
980 4878 1280 4929 substantia:
1302 4890 1409 4927 sua’
1426 4914 1439 4938 ,
1461 4872 1819 4941 sepultumque
1842 4884 2048 4936 careat,
2076 4873 2138 4923 de
2158 4873 2253 4922 hoc

698 4986 788 5034 ego
818 4968 1091 5036 pronuntio
1125 4966 1260 5036 quod
1290 4964 1468 5017 melior
1498 4962 1587 5015 illo
1615 4963 1680 5014 sit
1721 4962 1993 5013 abortivus.
2030 4960 2254 5013 Frustra

699 5060 833 5111 enim
860 5059 989 5109 venit
1008 5098 1021 5119 ,
1047 5068 1092 5109 ct
1116 5062 1276 5127 pergit
1302 5058 1367 5109 ad
1391 5057 1643 5117 tenebras,
1666 5062 1710 5105 et
1736 5052 1981 5103 oblivione
2004 5052 2253 5104 delebitur

703 5166 882 5201 nomen
921 5149 1049 5214 ejus.
1088 5147 1205 5198 Non
1245 5149 1365 5199 vidit
1392 5145 1579 5207 solem,
1614 5158 1771 5211 neque
1800 5142 2026 5209 cognorit
2057 5141 2253 5191 distan—

702 5242 827 5291 tiam
856 5242 969 5290 boni
995 5253 1038 5291 et
1066 5240 1185 5291 mali
1212 5257 1226 5301 ;
1252 5248 1295 5289 et
1324 5238 1365 5289 si
1394 5238 1589 5288 duobus
1615 5234 1840 5286 millibus
1865 5232 2013 5283 annis
2039 5232 2217 5283 vixerit
2238 5272 2250 5293 ,

705 5342 748 5383 ct
784 5346 882 5381 non
912 5330 1065 5395 fuerit
1092 5331 1372 5397 perfruitus
1403 5328 1582 5378 bonis:
1607 5342 1771 5376 nonne
1798 5324 1863 5375 ad
1897 5339 2053 5375 unum
2084 5321 2253 5373 locum

708 5430 974 5484 properum
1005 5420 1174 5470 omnia
1200 5421 1222 5469 ?
1251 5418 1511 5470 Describit
1549 5430 1764 5465 avarum
1800 5415 2013 5467 divitem
2033 5454 2045 5475 ,
2075 5424 2121 5466 el
2157 5414 2255 5465 hoc

713 5510 901 5559 malum
954 5509 1199 5576 frequens
1245 5524 1358 5561 esse
1404 5509 1455 5560 in
1498 5506 1798 5561 hominibus
1846 5506 2029 5557 asserit
2057 5547 2073 5567 ,
2121 5505 2258 5570 quod

716 5598 837 5647 nr'ul
870 5614 1045 5650 eorum
1078 5618 1191 5668 qnzr
1226 5600 1275 5652 iu
1309 5600 1500 5652 mundo
1538 5605 1787 5666 putantur
1831 5598 1962 5651 bona
2008 5598 2052 5649 ei
2096 5596 2253 5649 desit.

2363 475 2737 527 devorantibus
2763 474 2959 544 [Hier.,
2980 475 3299 547 devoranda]
3326 492 3666 532 conservans.
3696 478 3912 534 Necnon

2362 571 2415 616 et
2440 563 2567 616 illud
2593 564 2926 632 hyperbolice
2966 566 3194 630 addidit,
3235 568 3377 635 quod
3414 568 3514 621 etsi
3554 568 3750 623 liberos
3787 585 3918 624 cen-

2364 663 2473 709 tum
2501 659 2889 725 procreaverit,
2921 667 2975 712 et
3013 675 3118 713 non
3145 668 3205 713 ut
3228 659 3396 714 Adam
3424 676 3587 731 prope
3614 664 3787 727 mille,
3818 665 3917 718 sed

2362 745 2568 799 duobus
2597 746 2828 799 millibus
2854 748 3046 801 vixerit
3073 750 3254 813 annis,
3283 758 3337 804 et
3361 752 3535 804 anima
3562 750 3677 819 ejus
3703 753 3914 822 cupidi:

2348 841 2472 886 ‘tate
2498 843 2553 886 et
2580 835 2800 887 avaritia
2827 839 3166 891 contabescat
3183 878 3199 903 ,
3230 839 3397 892 multo
3425 840 3705 895 deterioris
3729 841 3912 894 condi-

2362 923 2523 977 tionis
2556 924 2627 977 sit
2661 925 2900 1001 abortivo
2930 926 3018 981 illo
3045 928 3136 997 qui
3164 930 3347 982 statim
3380 938 3441 982 ut
3473 940 3630 984 natus
3666 940 3748 984 est
3779 932 3911 985 inte-

2362 1012 2487 1064 riit:
2518 1012 2608 1065 ille
2634 1013 2777 1066 enim
2812 1029 2909 1069 nec
2945 1016 3083 1068 mala
3120 1016 3252 1070 vidit
3285 1033 3381 1072 nec
3415 1019 3590 1085 bona;
3637 1021 3739 1074 iste
3782 1036 3910 1074 vero

2360 1116 2479 1155 cum
2510 1105 2646 1156 bona
2676 1105 2999 1170 possederit,
3044 1120 3252 1175 semper
3290 1109 3458 1163 tristis
3496 1119 3550 1163 et
3588 1112 3909 1180 cogitatione

2360 1193 2695 1247 excruciatus
2734 1203 2856 1257 est;
2905 1196 3175 1263 magisque
3213 1198 3446 1265 requiem
3492 1198 3710 1254 habebit
3751 1202 3907 1255 abor-

2362 1285 2502 1337 tivus
2537 1299 2697 1351 quam
2733 1268 2925 1338 avarus
2957 1286 3045 1339 ille
3078 1287 3379 1355 longzevus;
3429 1297 3484 1341 et
3530 1298 3705 1343 tamen
3750 1292 3917 1345 ambo

2360 1371 2548 1439 mquali
2575 1372 2677 1425 line
2700 1374 2989 1441 rapientur,
3012 1374 3136 1428 dum
3158 1384 3210 1428 et
3232 1376 3319 1429 hic
3339 1386 3394 1430 et
3415 1377 3503 1431 ille
3526 1379 3910 1433 subtrahuntur

2361 1458 2521 1512 simili
2553 1468 2739 1515 morte.
2779 1459 2957 1514 Potest
2986 1461 3085 1516 hoc
3114 1461 3211 1533 [et]
3241 1465 3305 1517 de
3337 1465 3499 1519 Israel
3530 1467 3727 1536 accipi,
3767 1470 3919 1538 quod

2361 1546 2566 1602 dederit
2589 1548 2663 1602 illi
2687 1549 2823 1603 Deus
2845 1549 3013 1619 legem
3035 1559 3088 1605 et
3106 1554 3420 1622 prophetas,
3452 1563 3826 1611 testamentum
3855 1568 3918 1612 et

2362 1638 2824 1705 repromissionem
2842 1679 2857 1704 ,
2888 1638 3167 1696 Salvatore
3190 1643 3435 1697 dicente:
3467 1645 3742 1713 Λημνίων
3769 1664 3800 1699 a
3829 1663 3913 1701 ro-

2364 1727 2439 1779 bis
2469 1743 2674 1794 regnum
2704 1727 2827 1791 Dei,
2859 1738 2905 1780 et
2934 1729 3143 1781 dabitur
3164 1733 3299 1798 genti
3319 1732 3528 1798 facienti
3552 1733 3775 1801 fructum
3800 1735 3914 1802 ejus

2363 1814 2581 1884 (Matth.
2610 1832 2696 1869 xxt
2717 1857 2730 1880 ,
2756 1817 2879 1887 45).
2910 1817 3033 1873 Haec
3058 1820 3236 1873 omnia
3262 1821 3328 1874 ad
3352 1821 3581 1876 alienum
3606 1832 3659 1878 et
3682 1824 3917 1893 ρει-(ξενία

2363 1921 2487 1959 num
2511 1907 2745 1974 gentium
2773 1908 3029 1962 translata
3056 1918 3178 1963 sunt
3202 1912 3451 1979 populum
3470 1953 3484 1976 ,
3513 1922 3572 1966 ut
3595 1913 3807 1968 videant
3833 1912 3921 1967 illi

2363 1995 2499 2049 bona
2530 2011 2654 2057 sua,
2686 2005 2739 2048 et
2762 2012 2866 2050 non
2890 1996 3153 2052 fruantur.
3182 2000 3447 2069 Multoque
3472 2016 3568 2056 nos
3590 2002 3912 2056 conditionis

2361 2100 2477 2140 esse
2510 2086 2773 2151 melioris,
2807 2089 2897 2156 qui
2931 2090 3084 2156 quasi
3117 2090 3342 2144 abortivi
3374 2099 3428 2146 et
3464 2092 3656 2146 novelli
3692 2094 3915 2161 putaba-

2360 2190 2479 2228 mur
2508 2176 2574 2229 ab
2602 2176 2703 2239 eis,
2732 2192 2892 2245 quam
2918 2178 2991 2232 illi
3020 2181 3108 2248 qui
3140 2181 3239 2234 sibi
3271 2181 3321 2234 in
3349 2183 3664 2252 antiquitate
3692 2185 3909 2253 applau—

2359 2265 2552 2319 debant
2568 2306 2580 2330 ,
2611 2266 2675 2319 de
2700 2268 2940 2334 patribus
2964 2268 3250 2335 gloriantes
3275 2281 3433 2339 atque
3457 2272 3694 2327 dicentes
3718 2290 3731 2325 :
3762 2272 3917 2326 Pater

2368 2364 2541 2406 uoster
2571 2355 2831 2407 Abraham
2860 2356 3036 2424 (Joan.
3065 2373 3191 2421 vnt,
3218 2360 3329 2428 59).
3361 2360 3425 2412 Et
3455 2368 3631 2413 tamen
3658 2360 3723 2414 ad
3750 2376 3928 2415 unum-

2357 2443 2533 2497 locum
2558 2453 2610 2497 et
2638 2460 2737 2499 nos
2765 2455 2818 2499 et
2846 2446 2969 2501 illos
2995 2463 3281 2515 properare
3300 2490 3313 2511 ,
3356 2449 3407 2503 id
3445 2458 3528 2505 est
3557 2452 3623 2506 ad
3653 2450 3927 2519 judicium

2358 2534 2471 2589 Dci.
2499 2533 2651 2599 Quod
2676 2546 2855 2588 autem
2886 2537 2938 2589 in
2968 2538 3141 2591 medio
3162 2538 3241 2590 ait
3267 2557 3280 2591 :
3306 2538 3372 2591 Et
3396 2539 3601 2608 quidem
3628 2539 3915 2608 sepulcrum

2358 2639 2458 2675 non
2484 2623 2582 2690 fuit
2611 2624 2692 2687 ei,
2721 2625 2831 2677 sive
2858 2625 2955 2679 hoc
2984 2625 3245 2695 signiﬁcat
3270 2628 3411 2695 quod
3438 2629 3586 2683 dives
3614 2627 3699 2683 ille
3724 2629 3789 2683 de
3816 2644 3915 2683 sua

2356 2720 2529 2765 morte
2558 2728 2659 2765 non
2687 2714 2906 2782 cogitet,
2941 2723 2993 2766 et
3020 2730 3139 2767 cum
3169 2716 3345 2767 omnia
3373 2717 3671 2784 possideat,
3705 2714 3912 2786 [etiam]

2355 2803 2410 2855 in
2438 2803 2797 2857 exstructione
2825 2803 3049 2870 sepulcri
3078 2818 3271 2858 avarus
3298 2805 3373 2858 sit
3397 2821 3410 2868 ;
3444 2805 3736 2877 sive_quod
3773 2819 3917 2873 saepe

2356 2902 2574 2963 pr0pter
2625 2895 2755 2948 istas
2804 2894 3013 2947 divitias
3061 2896 3268 2950 occisus
3319 2896 3564 2962 insidiis,
3619 2896 3913 2964 insepultus

2356 2982 2669 3051 abjiciatur;
2722 2983 2864 3047 sive,
2912 2986 3050 3053 quod
3100 2985 3288 3039 melius
3332 2995 3490 3053 puto,
3542 2985 3673 3038 nihil
3716 2986 3912 3040 bonum

2354 3072 2772 3128 honoriﬁcumve
2795 3072 2943 3144 [Ms.,
2963 3074 3094 3127 nihil
3114 3074 3238 3126 boni
3263 3073 3389 3127 facti
3419 3073 3762 3144 honorisque]
3794 3088 3911 3141 ege-

2353 3162 2444 3226 rit,
2476 3177 2541 3216 ex
2557 3176 2661 3229 quo
2685 3162 2785 3215 sibi
2799 3171 2958 3230 queat
2972 3162 3108 3229 apud
3122 3170 3361 3230 posteros
3373 3163 3681 3229 memoriam
3695 3176 3909 3231 compa-

2354 3264 2496 3313 rare,
2517 3250 2680 3302 vitam
2702 3248 2912 3303 silentio
2934 3249 3246 3319 velutpecus
3262 3252 3548 3313 transiens,
3577 3264 3695 3304 cum
3710 3251 3908 3303 habue-

2355 3340 2426 3394 rit
2437 3341 2712 3394 materiam
2726 3354 2822 3408 per
2835 3355 2993 3409 quam
3006 3340 3238 3408 potuerit
3259 3354 3514 3407 apparere
3528 3337 3669 3407 quod
3691 3338 3905 3391 vixerit.

2424 3432 2583 3485 Vsus.
2624 3431 2677 3494 7,
2703 3430 2829 3483 8.—
2852 3430 3031 3483 Omnis
3050 3430 3195 3482 labor
3212 3430 3434 3483 hominis
3464 3431 3517 3483 in
3540 3447 3626 3483 ore
3653 3430 3787 3499 ejus,
3817 3430 3907 3482 sed

2357 3524 2531 3575 anima
2560 3522 2673 3590 ejus
2704 3537 2805 3574 non
2833 3519 3125 3590 implebitur
3153 3520 3315 3573 bonis.
3346 3520 3485 3586 Quid
3509 3520 3658 3574 habet
3686 3519 3907 3588 amplius

2355 3612 2559 3681 sapiens
2589 3628 2619 3663 a
2648 3610 2833 3674 stulto,
2848 3620 2894 3663 et
2915 3610 3037 3679 quid
3060 3626 3254 3679 pauper
3276 3610 3374 3661 nisi
3396 3619 3449 3661 ut
3470 3618 3645 3677 pergat
3672 3607 3795 3659 illuc
3819 3608 3905 3659 ubi

2354 3710 2425 3753 est
2457 3702 2557 3752 vita
2582 3700 2605 3751 ?
2632 3699 2799 3753 Omne
2825 3698 2967 3773 quod
2994 3696 3235 3750 laborant
3264 3695 3504 3750 homines
3530 3695 3585 3748 in
3620 3696 3722 3749 hoc
3752 3710 3907 3748 mun-

2357 3790 2456 3850 do,
2487 3803 2580 3840 ore
2622 3786 2974 3850 consumitur,
3014 3793 3095 3848 et,
3139 3785 3377 3838 attritum
3415 3784 3688 3847 dentibus,
3735 3785 3904 3837 ventri

2356 3877 2585 3931 traditur
2615 3874 2957 3943 digerendum
2981 3891 2992 3926 :
3023 3874 3114 3927 sed
3143 3889 3247 3927 non
3278 3873 3580 3941 implebitur
3603 3873 3780 3925 anima
3809 3887 3904 3924 co-

2356 3966 2617 4021 medentis
2641 4006 2655 4031 ,
2686 3966 2810 4033 quia
2839 3979 3050 4018 rursum
3076 3963 3340 4017 desiderat
3368 3964 3505 4031 quod
3542 3964 3804 4018 comedat.
3842 3962 3910 4015 Et

2357 4069 2477 4106 cum
2508 4063 2614 4105 tam
2642 4052 2855 4122 sapiens
2880 4067 3039 4119 quam
3064 4052 3255 4105 stultus
3280 4053 3479 4119 absque
3503 4050 3621 4104 cibo
3645 4059 3911 4118 nequeant

2358 4144 2565 4204 vivere,
2594 4150 2649 4195 et
2678 4156 2877 4209 pauper
2902 4141 3036 4192 nihil
3074 4140 3216 4193 aliud
3256 4146 3459 4207 quaerat
3498 4139 3601 4193 nisi
3646 4140 3909 4208 quomodo

2356 4235 2524 4304 possit
2552 4246 2811 4303 organum
2842 4231 2923 4285 sui
2950 4230 3250 4299 corpusculi
3277 4239 3603 4291 sustentare,
3638 4230 3758 4285 ideo
3786 4230 3912 4285 illuc

2356 4333 2605 4396 properat
2629 4338 2847 4396 pauper,
2879 4323 2969 4375 ubi
2995 4336 3123 4390 opes
3148 4337 3265 4376 esse
3289 4323 3640 4391 perspexerit.
3671 4322 3773 4375 Sed
3802 4336 3909 4376 me—

2354 4418 2455 4470 lius
2494 4422 2575 4468 est
2612 4415 2713 4467 hoc
2748 4412 3043 4477 intelligere
3071 4413 3134 4466 de
3161 4412 3523 4465 ecclesiastico
3553 4412 3669 4463 viro
3703 4411 3822 4478 qui,
3853 4410 3906 4463 in

2356 4507 2644 4573 Scripturis
2674 4504 2979 4558 caelestibus
3008 4505 3275 4565 eruditus,
3307 4518 3515 4555 omnem
3551 4502 3783 4556 laborem
3814 4504 3908 4557 ha-

2355 4600 2443 4652 bet
2476 4601 2525 4651 in
2558 4614 2649 4651 ore
2679 4614 2773 4652 suo
2792 4640 2805 4661 ,
2833 4600 2884 4651 id
2910 4608 2989 4651 est
3018 4600 3069 4650 in
3101 4597 3340 4650 doctrina
3371 4596 3622 4663 spiritali;
3652 4606 3705 4651 et
3730 4598 3906 4650 anima

2356 4687 2469 4753 ejus
2496 4701 2598 4738 non
2630 4687 2952 4752 implebitur,
2980 4688 3102 4738 dum
3131 4700 3340 4754 semper
3361 4687 3507 4753 cupit
3535 4687 3739 4739 discere
3768 4685 3908 4752 quod

2359 4777 2542 4827 doceat
2568 4791 2580 4837 ;
2612 4784 2663 4827 et
2692 4775 2744 4825 in
2775 4790 2837 4827 eo
2868 4774 2983 4842 plus
3011 4776 3169 4827 habet
3196 4777 3407 4841 sapiens
3432 4790 3589 4841 quam
3620 4773 3871 4840 insipiens
3890 4814 3906 4838 ,

2360 4867 2483 4935 quia
2514 4882 2634 4919 cum
2660 4881 2891 4934 paupere
2921 4866 3007 4918 illo
3036 4866 3123 4931 qui
3160 4866 3212 4917 in
3251 4865 3535 4933 Evangelio
3563 4863 3749 4916 beatus
3782 4863 3913 4917 dici-

2360 4963 2469 5019 tur,
2495 4964 2745 5024 properat
2769 4955 2835 5007 ad
2860 4968 2921 5006 ea
2951 4953 3441 5022 comprehendenda
3470 4966 3587 5019 quae
3615 4951 3735 5006 vita:
3762 4960 3907 5017 sunt,

2360 5056 2413 5100 et
2441 5046 2674 5099 ambulat
2707 5052 2908 5098 arctam
2938 5052 2990 5097 et
3028 5052 3306 5113 augustam
3335 5042 3473 5093 viam
3512 5057 3630 5110 qua!
3663 5044 3809 5097 ducit
3845 5042 3911 5096 ad

2358 5137 2543 5187 vitam.
2578 5134 2643 5186 Et
2688 5149 2885 5202 pauper
2911 5144 2992 5187 est
3020 5140 3239 5185 ornatus
3264 5132 3512 5199 operibus
3538 5132 3685 5203 [Ms.,
3709 5141 3761 5184 et
3780 5148 3907 5202 pau-

2354 5240 2451 5292 per
2480 5234 2559 5277 est
2585 5239 2613 5275 a
2640 5226 2790 5279 malis
2815 5226 3061 5293 operibus
3084 5224 3101 5294 ]
3128 5263 3141 5287 ,
3171 5233 3224 5278 et
3257 5225 3355 5278 scit
3394 5226 3480 5279 ubi
3514 5224 3785 5290 Christus,
3818 5226 3908 5295 qui

2355 5320 2463 5372 vita
2492 5329 2596 5382 est,
2626 5328 3000 5374 commoretur.

2430 5413 2585 5463 Vens.
2626 5413 2676 5465 9.
2719 5441 2787 5449 -——
2818 5408 3005 5461 Melius
3048 5420 3117 5461 est
3151 5410 3317 5461 videre
3343 5409 3479 5475 quod
3509 5409 3684 5477 cupias
3712 5449 3726 5472 ,
3756 5423 3909 5475 quam

2361 5503 2649 5555 desiderare
2690 5502 2824 5567 quod
2868 5503 3080 5553 nescias.
3128 5502 3231 5553 Sed
3274 5509 3317 5550 ct
3358 5500 3450 5551 hoc
3492 5502 3686 5553 vanitas
3720 5509 3823 5561 est,
3864 5510 3911 5551 et

2363 5596 2687 5661 prit‘sttmplio
2716 5594 2939 5660 spiritus.
2976 5592 3156 5646 Melius
3183 5600 3256 5645 est
3284 5590 3460 5657 ,juxla
3490 5606 3699 5643 sensum
3723 5599 3773 5642 et
3798 5603 3910 5657 pro-
