4230 6188
356 322 455 377 3');

1178 313 1579 405 exessum.
1618 365 1685 375 -
1722 334 2067 393 conueur.
2108 334 2172 389 IN
2212 335 2732 394 ecceesmsren.

3450 342 3549 394 ΘΜ

350 437 637 491 videntiam
667 448 854 493 cuncta
883 454 1068 509 agere,
1100 444 1223 511 quia
1252 458 1441 502 sensus
1464 446 1648 501 oculus
1675 454 1757 501 est
1783 446 1896 499 ani-
1922 449 1971 505 Α
2000 446 2197 499 habere
2224 447 2498 500 videamur
2523 448 2606 500 vel
2636 448 3056 516 cmnpunctionis
3092 448 3145 500 in
3172 448 3329 501 corde
3350 488 3364 511 ,
3398 451 3551 502 amit-

349 537 483 589 mtn,
519 541 681 593 quam
720 527 1045 583 voluntatem
1083 530 1260 585 carnis
1292 533 1474 603 sequi,
1505 548 1623 602 qua:
1660 534 1901 587 nescien—

349 624 458 671 tem
504 619 649 673 ducit
691 621 757 673 ad
802 621 1170 690 perditionem.
1214 622 1307 676 Vel
1347 633 1492 678 certe
1526 625 1812 694 superbum
1849 629 1904 677 et

348 708 452 763 sibi
492 708 789 776 placentem
828 711 1032 779 arguit,
1063 720 1117 765 et
1160 712 1430 765 meliorem
1467 712 1595 768 dicit
1636 729 1752 768 esse
1780 729 1901 767 eum

350 798 439 866 qui
469 805 658 852 cuncta
688 800 1003 866 providerit,
1033 815 1190 868 quam
1222 802 1369 853 illum
1395 801 1482 856 cui
1522 802 1653 855 nihil
1690 804 1904 871 prodest

350 886 525 957 (Hier.
548 927 564 951 ,
596 888 679 947 cui
708 888 838 941 nihil
865 889 1067 959 placet]
1095 890 1193 943 nisi
1222 890 1362 957 quod
1391 891 1502 958 ipse
1530 889 1748 956 fecerit,
1777 892 1900 960 quia

350 978 465 1029 haec
501 985 582 1030 est
620 977 758 1029 mala
789 980 983 1032 mentis
1010 978 1221 1033 afﬂictio
1247 1018 1261 1041 ,
1292 987 1345 1032 et
1370 980 1710 1048 praesumptio
1736 982 1904 1048 pessi-

352 1085 434 1121 tua
459 1110 473 1132 ,
524 1085 590 1123 eo
636 1071 777 1138 quod
817 1070 956 1123 Deus
996 1070 1214 1139 dissipat
1250 1069 1422 1141 [Ms.,
1448 1070 1743 1143 despiciat]
1783 1087 1901 1127 ossa

352 1157 625 1211 hominum
666 1158 767 1212 sibi
795 1158 1136 1227 placentium.
1414 1174 1420 1178 ·

416 1248 582 1319 428
619 1250 779 1303 Vens.
824 1250 906 1303 10.
937 1281 1007 1291 --
1037 1250 1138 1315 Qui
1166 1252 1373 1320 futurus
1399 1261 1503 1318 est,
1523 1254 1639 1321 jam
1669 1263 1903 1307 vocatum

348 1348 423 1393 est
463 1355 645 1392 nomen
668 1340 801 1408 ejus,
828 1349 872 1392 et
899 1341 1063 1392 scitur
1086 1340 1221 1409 quod
1247 1342 1314 1393 sit
1342 1341 1512 1405 homo,
1539 1351 1586 1393 et
1618 1358 1718 1394 non
1746 1345 1904 1411 possit

349 1438 529 1481 contra
552 1428 813 1496 fortiorem
834 1444 888 1481 se
903 1429 1105 1497 judicio
1130 1428 1451 1482 contendere.
1479 1428 1675 1497 Aperte
1698 1428 1764 1481 de
1789 1427 1907 1481 Sal-

350 1520 549 1573 vatoris
583 1520 903 1587 praedicatur
928 1520 1153 1573 adventu
1177 1561 1192 1585 ,
1224 1520 1345 1589 quia
1374 1518 1510 1591 [qui]
1558 1519 1766 1575 futurus
1793 1528 1903 1587 est,

350 1616 632 1675 antequam
678 1610 732 1661 in
774 1624 999 1678 corpore
1046 1615 1371 1669 cerneretur,
1412 1607 1526 1675 jam
1567 1617 1810 1662 vocatum
1852 1609 1905 1662 in

351 1696 643 1765 Scripturis
671 1711 864 1751 nomen
907 1698 1059 1766 ejus;
1109 1706 1164 1752 et
1206 1699 1477 1765 cognitum
1516 1707 1598 1751 est
1635 1698 1905 1767 prephetis

2000 533 2163 586 timus
2185 573 2199 596 ,
2230 541 2283 586 et
2310 534 2436 602 qttid
2468 534 2628 587 futuri
2658 536 2827 589 simus
2856 550 2958 589 non
2990 533 3307 605 cogitamus.

2072 622 2231 675 Vens.
2266 621 2318 673 4.
2346 652 2416 661 -
2444 620 2630 675 Melior
2649 633 2719 675 est
2749 623 2828 675 ira
2859 624 2966 676 risu
2987 664 3001 688 ,
3028 623 3150 692 quia
3177 640 3266 691 per
3294 623 3555 675 tristitiam

2001 708 2170 761 vultus
2197 710 2475 778 corrigitur
2500 712 2703 764 animus
2730 711 3092 781 delinquentis.
3132 712 3291 767 Risus
3316 712 3555 766 dissolvit

2003 798 2324 865 sapientem,
2357 800 2433 852 ira
2462 801 2680 869 corripit
2710 810 2761 854 et
2789 803 3035 855 emendat
3072 811 3402 869 peccantem.
3441 800 3552 854 Ira-

2003 902 2217 941 scamur
2242 898 2295 942 et
2324 890 2507 952 nobis,
2539 891 2662 957 quia
2692 892 3027 957 peccavimus
3052 908 3063 955 ;
3099 893 3394 945 irascamur
3430 891 3549 943 aliis

2002 992 2211 1044 quoque
2239 978 2608 1045 peccantibus,
2640 981 2704 1031 ad
2732 979 3155 1035 emendationem
3198 981 3312 1044 sui,
3342 994 3447 1033 non
3491 980 3556 1033 ad

2006 1066 2264 1119 ultionem
2292 1066 2482 1119 nostri.

2073 1157 2233 1210 Vens.
2272 1156 2322 1208 5.
2354 1186 2424 1196 —
2460 1154 2563 1209 Cor
2608 1158 2916 1227 sapientium
2961 1158 3047 1210 ubi
3092 1160 3331 1223 tristitia,
3379 1170 3425 1212 et
3472 1174 3561 1212 cor

2003 1247 2278 1302 stultorum
2308 1250 2394 1302 ubi
2424 1248 2627 1303 laetitia.
2670 1250 2849 1314 Beati,
2877 1250 3046 1318 inquit
3084 1249 3346 1313 Salvator,
3379 1250 3560 1317 lugcn«

2005 1347 2105 1401 tes,
2133 1339 2384 1405 quoniam
2412 1339 2510 1407 ipsi
2540 1339 2953 1393 consolabuntur
2983 1338 3194 1408 (Matth.
3214 1338 3337 1408 v,5)
3367 1339 3561 1408 :igitur

2005 1427 2216 1495 sapiens
2260 1427 2343 1479 vir
2385 1427 2545 1480 vadat
2590 1428 2656 1480 ad
2698 1428 2909 1481 domum
2951 1428 3205 1498 lugentis,
3234 1437 3289 1482 et
3326 1429 3555 1496 seipsum

2007 1516 2321 1584 corrigentis
2349 1517 2585 1585 aliosque
2610 1518 2959 1583 admonentis,
2988 1528 3045 1571 ut
3068 1520 3319 1589 plangant
3342 1529 3560 1591 peccata

2008 1618 2099 1656 sua
2126 1620 2139 1667 ;
2173 1619 2277 1657 non
2307 1604 2373 1657 ad
2401 1605 2616 1659 domum
2645 1606 2966 1671 adulatoris,
2998 1608 3086 1674 qui
3126 1608 3343 1675 plausus
3370 1610 3561 1675 quaerit

2007 1693 2340 1746 audientium
2360 1733 2373 1757 ,
2406 1709 2510 1747 non
2542 1693 2803 1764 lacrymas
2830 1695 3265 1764 delinquentium.
3295 1697 3437 1750 Talis
3469 1698 3560 1750 ὀο-

348 1797 402 1841 ct
432 1788 628 1841 sanctis
656 1787 746 1840 Dei
773 1796 831 1841 ut
855 1758 1013 1841 hoino
1040 1788 1109 1841 sit
1128 1827 1142 1851 ,
1171 1796 1224 1840 et
1248 1787 1397 1855 juxta
1437 1788 1538 1841 hoc
1578 1758 1905 1855 (ιιίοάἰωιηο
1934 1758 1979 1817 Β
2006 1789 2123 1834 ctor
2156 1781 2424 1851 plangitur
2457 1783 2605 1835 dives
2644 1784 2694 1835 in
2734 1798 3009 1847 sermone,
3045 1800 3148 1837 non
3178 1785 3325 1837 dives
3355 1786 3407 1837 in
3435 1799 3559 1853 ope-

346 1886 457 1935 est,
488 1892 590 1929 non
617 1878 785 1945 possit
814 1892 870 1932 se
898 1876 1142 1931 conferre
1170 1892 1293 1931 cum
1324 1875 1507 1941 Patre,
1539 1884 1597 1930 ut
1636 1879 1689 1930 in
1732 1878 1903 1931 Evan-

349 1968 485 2035 gelio
531 1969 643 2035 ipse
686 1969 796 2019 ait:
848 1968 1009 2020 Pater
1042 1968 1129 2037 qui
1168 1983 1246 2021 me
1291 1968 1460 2031 misit,
1501 1968 1671 2035 major
1709 1984 1789 2020 me
1829 1976 1902 2020 est

350 2059 541 2125 (Joan.
567 2074 653 2111 xxv
672 2098 685 2119 ,
716 2057 783 2109 28
801 2057 839 2126 ).
877 2056 1041 2110 Verba
1069 2069 1187 2110 sunt
1224 2057 1445 2127 plurima
1465 2098 1479 2123 ,
1511 2056 1822 2127 multamque
1849 2059 1903 2110 in

347 2149 660 2218 disputando
690 2148 927 2200 habentia
954 2149 1248 2202 vanitatem.

938 2255 1161 2311 CAPUT
1218 2258 1323 2312 Vll.

421 2326 581 2379 Vens.
624 2328 672 2377 1.
714 2357 782 2365 -
817 2326 954 2390 Quid
1006 2344 1203 2380 necesse
1252 2336 1323 2381 est
1365 2330 1559 2383 homini
1602 2334 1806 2401 majora
1853 2350 1906 2386 se

346 2431 577 2485 quarere
596 2456 607 2475 ,
639 2432 755 2468 cum
784 2417 978 2483 ignoret
1006 2418 1129 2484 quid
1157 2419 1409 2472 conducat
1440 2421 1537 2473 sibi
1566 2423 1619 2473 in
1646 2423 1753 2475 vita
1778 2439 1903 2489 sua,

351 2523 564 2559 numero
593 2507 797 2559 dierum
824 2508 1246 2575 peregrinationis
1274 2527 1384 2563 sua?
1406 2553 1419 2575 ,
1451 2521 1497 2565 et
1527 2523 1777 2583 tempore,
1806 2532 1906 2583 quo

350 2606 405 2649 ut
437 2598 619 2649 umbra
648 2598 914 2665 prmteriit.
934 2598 1059 2675 βω
1087 2599 1202 2668 quis
1229 2601 1275 2651 ei
1299 2606 1485 2669 poterit
1514 2604 1743 2657 indicare
1782 2605 1906 2675 quid

348 2686 461 2751 post
504 2702 623 2737 eum
664 2668 1007 2753 futurum/sit
1051 2688 1143 2740 sub
1184 2668 1337 2741 sole?
1368 2691 1587 2743 Videtur
1630 2668 1803 2745 adhuc
1842 2691 1909 2745 de

353 2774 635 2828 Salvatore
659 2775 837 2831 dicere
856 2819 870 2843 ,
896 2788 947 2833 et
973 2780 1254 2849 prohibere
1279 2795 1344 2835 ne
1374 2781 1583 2835 curiose
1609 2796 1907 2849 qumramus

348 2866 552 2935 qualis,
584 2866 660 2918 vel
695 2877 956 2934 quantus,
984 2869 1064 2921 vel
1088 2870 1349 2938 quomodo
1380 2871 1641 2932 venisset,
1672 2871 1763 2924 sed
1790 2878 1907 2923 tan-

360 2968 471 3009 tum
512 2958 729 3011 credere
767 2958 905 3025 quod
943 2957 1216 3025 Scriptura
1252 2968 1433 3012 sancta
1466 2960 1529 3013 de
1564 2973 1628 3013 eo
1658 2968 1905 3013 testatur.

358 3050 489 3102 Cum
520 3048 660 3101 enim
690 3049 753 3102 de
780 3056 916 3100 statu
950 3056 1129 3101 nostro
1156 3048 1475 3117 ignoremus,
1508 3056 1562 3101 et
1591 3051 1695 3101 vita
1725 3059 1905 3103 nostra

358 3138 509 3205 quasi
554 3136 740 3189 ttmbra
788 3143 1155 3205 pertranseat,
1204 3143 1256 3187 et
1300 3134 1474 3188 futura
1518 3135 1718 3188 incerta
1767 3137 1905 3201 sint,

360 3243 463 3281 non
494 3228 648 3281 nobis
671 3228 883 3295 expedit
910 3235 968 3280 ut
995 3224 1193 3293 majora
1221 3242 1378 3295 quam
1416 3241 1699 3295 possumus
1739 3227 1910 3296 inqui-

358 3333 563 3380 ramus,
608 3318 700 3371 sed
736 3317 1004 3370 silentium
1042 3318 1373 3387 imponamus
1416 3310 1498 3372 ori
1540 3328 1745 3382 nostro,
1797 3334 1912 3373 cre-

353 3408 542 3462 dentes
570 3424 689 3462 eum
721 3409 929 3462 venisse
959 3409 1047 3476 qui
1078 3409 1363 3476 prredictus
1392 3418 1491 3463 est.

425 3500 584 3552 Vens.
625 3500 676 3550 2.
714 3530 779 3536 -
818 3498 999 3550 Melius
1039 3506 1111 3551 est
1146 3501 1280 3551 enim
1320 3517 1501 3553 nomen
1538 3502 1721 3554 bonum
1756 3519 1910 3571 quam

356 3598 615 3657 unguenta
645 3588 865 3655 pretiosa
886 3627 899 3651 ,
928 3596 973 3639 et
999 3587 1105 3639 dies
1134 3589 1310 3639 mortis
1340 3589 1421 3641 die
1448 3590 1749 3643 nativitatis.
1776 3590 1911 3645 Con-

358 3678 571 3735 sidera,
617 3676 817 3744 inquit,
855 3690 886 3727 o
921 3675 1109 3737 homo,
1151 3676 1262 3746 dies
1294 3683 1411 3747 tuos
1444 3677 1672 3739 breves,
1698 3686 1749 3728 et
1787 3678 1911 3744 quia

356 3773 463 3823 cito
489 3771 725 3823 sublatus
750 3784 907 3823 carne
935 3770 983 3821 in
1014 3770 1110 3822 hac
1137 3769 1241 3821 vita
1266 3782 1381 3821 esse
1408 3769 1658 3821 cessabis.
1688 3767 1792 3821 Fac
1817 3768 1911 3821 tibi

356 3863 407 3913 in
456 3860 605 3911 bonis
647 3862 897 3925 operibus
944 3859 1138 3912 famam
1183 3860 1508 3927 longiorem,
1551 3868 1607 3911 ut
1648 3860 1912 3927 quomodo

356 3964 513 4001 nares
548 3956 933 4015 unguentorum
966 3948 1127 3999 odore
1156 3949 1503 4011 delectantur,
1542 3949 1619 4003 sic
1654 3950 1718 4002 ad
1760 3958 1906 4002 tuum

357 4052 545 4088 uottten
599 4034 767 4104 [.ils.,
811 4035 1161 4105 vocabulum]
1198 4042 1386 4088 cuncta
1435 4039 1718 4104 posteritas
1770 4040 1911 4093 dele-

355 4135 547 4181 cietur.
588 4126 653 4178 Et
692 4127 792 4179 hoc
829 4133 910 4178 est
947 4125 1085 4193 quod
1121 4125 1172 4177 in
1209 4124 1512 4179 Proverbiis
1539 4127 1767 4180 dicitur:
1803 4127 1913 4180 Me-

356 4217 519 4269 moria
539 4216 804 4285 justorum
833 4232 949 4268 cum
978 4214 1132 4269 laude
1154 4255 1167 4279 ,
1210 4231 1391 4269 nomen
1430 4224 1599 4269 autem
1637 4217 1912 4285 impiorum

353 4306 595 4375 putrescit
648 4303 839 4372 (Prov.
868 4320 929 4368 ι,
964 4304 1047 4373 7).
1099 4304 1249 4371 Quod
1295 4314 1471 4359 autem
1522 4306 1634 4357 ait:
1687 4304 1752 4356 Et
1802 4304 1908 4356 dies

355 4395 533 4447 mortis
580 4410 733 4463 super
777 4395 909 4446 diem
963 4396 1243 4447 nativitatis
1293 4395 1437 4463 ejus,
1493 4396 1595 4448 hoc
1637 4378 1901 4455 ostendit,
1940 4417 1987 4475 ο

357 4486 549 4540 melius
584 4502 701 4540 esse
739 4488 816 4540 ire
850 4501 914 4541 ex
950 4487 1051 4540 hoc
1089 4486 1312 4549 szeculo,
1345 4495 1398 4539 et
1426 4502 1608 4541 carere
1637 4486 1908 4543 laboribus

352 4576 509 4644 hujus
552 4577 699 4640 vitae,
732 4592 887 4645 quam
930 4577 995 4629 ad
1035 4576 1400 4629 tribulationes
1440 4575 1754 4643 laboresque
1793 4583 1909 4627 tan-

353 4670 626 4723 tummodo
653 4671 832 4731 nasci,
865 4677 919 4723 et
946 4671 1122 4723 omnia
1155 4668 1305 4739 [Ms.,
1328 4676 1381 4721 et
1404 4668 1515 4721 inec
1536 4667 1711 4721 omnia
1744 4666 1904 4736 mala]

354 4761 615 4815 sustinere
643 4774 761 4827 quae
792 4760 841 4810 in
874 4760 974 4812 hoc
1004 4760 1198 4812 mundo
1226 4759 1529 4812 hominibus
1567 4759 1907 4827 supervenire

355 4849 621 4901 videntur.
654 4846 751 4900 Vel
778 4855 921 4899 certe
962 4847 1083 4913 quia
1131 4848 1183 4901 in
1230 4858 1433 4913 morte,
1481 4848 1663 4917 quales
1705 4849 1903 4913 simus,

355 4948 537 4991 notum
572 4938 680 5001 sit;
716 4934 1017 4990 inexordio
1042 4946 1171 4987 vero
1199 4937 1483 4999 nascendi,
1530 4938 1713 5005 quales
1742 4938 1904 4991 futuri

356 5030 523 5083 simus
541 5071 554 5092 ,
590 5031 880 5099 ignoretur.

426 5119 585 5170 Vens.
627 5120 679 5171 '5.
709 5149 779 5157 —
813 5117 996 5169 Melius
1026 5127 1098 5169 est
1124 5117 1197 5167 ire
1226 5116 1291 5167 ad
1320 5117 1528 5169 domum
1558 5116 1724 5169 luctus
1751 5135 1906 5185 quant

355 5207 420 5258 ad
450 5207 657 5259 domum
685 5208 929 5268 convivii;
957 5207 1008 5257 in
1037 5205 1129 5257 illa
1156 5205 1286 5256 enim
1328 5206 1444 5271 ﬁnis
1480 5216 1781 5258 cunctorum
1812 5209 1905 5259 ad-

356 5305 589 5347 monetur
615 5296 879 5349 hominum
900 5334 912 5356 ,
939 5310 983 5345 et
1005 5297 1168 5347 vivens
1198 5296 1380 5364 cogitat
1406 5297 1527 5364 quid
1556 5296 1787 5364 futurum
1813 5301 1896 5351 sit.

360 5383 550 5439 Utilius
577 5395 659 5441 est
688 5388 753 5440 ad
782 5385 1059 5451 exsequias
1085 5385 1283 5439 funeris
1314 5388 1390 5440 ire
1416 5402 1572 5453 quam
1597 5389 1660 5441 ad
1690 5388 1901 5443 domum

359 5474 608 5536 convivii,
638 5476 761 5542 quia
794 5476 862 5528 ibi
894 5474 1257 5527 recordatione
1287 5476 1602 5529 conditionis
1632 5486 1825 5531 nostra:
1852 5488 1905 5532 et

361 5558 654 5631 fragilitatis
685 5565 927 5617 humanm
955 5579 1017 5615 ex
1048 5565 1291 5631 prcesenti
1324 5566 1576 5619 cadavere
1603 5582 1904 5621 commone-

363 5664 495 5701 mur.
528 5653 580 5705 ln
610 5652 863 5707 conviviis
891 5660 1065 5705 autem
1098 5659 1146 5703 et
1176 5650 1383 5718 l;ctitia,
1417 5656 1514 5708 etsi
1547 5655 1672 5726 quid
1702 5656 1905 5709 timoris

2004 1886 2079 1924 re.
2109 1870 2233 1925 Ideo
2260 1887 2383 1925 mox
2417 1872 2469 1923 in
2500 1872 2741 1941 sequenti
2771 1873 3033 1929 versiculo
3070 1873 3341 1943 adiungit:

2073 1964 2231 2016 Vens.
2268 1964 2328 2026 6,
2371 1965 2422 2016 7.
2456 1996 2525 2004 —
2554 1966 2742 2020 Melius
2772 1976 2843 2020 est
2872 1985 2902 2019 a
2932 1968 3159 2037 sapiente
3187 1966 3377 2035 corrigi
3401 1981 3554 2035 quant

2001 2052 2275 2110 stultorum
2304 2054 2603 2108 adulatione
2628 2057 2824 2125 decipi,
2852 2058 2973 2126 quia
3000 2057 3131 2108 sicut
3160 2057 3357 2108 sonitus
3382 2057 3557 2125 spina—

2004 2161 2119 2198 rum
2150 2143 2443 2198 ardentium
2471 2145 2563 2197 sub
2596 2143 2698 2197 olla
2718 2186 2731 2208 ,
2761 2146 2833 2197 sic
2854 2147 3009 2198 'risus
3053 2144 3214 2197 stulti.
3249 2142 3350 2197 Sed
3383 2154 3429 2196 et
3463 2145 3558 2195 hoc

2006 2235 2219 2287 vanitas.
2243 2233 2375 2288 Huic
2398 2236 2673 2289 sententia:
2696 2234 2868 2289 simile
2891 2244 2973 2288 est
2996 2234 3121 2287 illud
3148 2250 3161 2286 :
3192 2233 3407 2287 Meliora
3434 2246 3552 2286 sunt

2005 2322 2215 2375 vulnera
2235 2325 2409 2387 amici,
2432 2340 2587 2393 quam
2610 2323 2939 2391 fraudulenta
2963 2323 3135 2377 oscula
3158 2324 3349 2375 inimici
3376 2323 3553 2393 (Prov.

2004 2425 2148 2462 xxvii
2170 2450 2184 2475 ,
2212 2410 2286 2480 6).
2321 2411 2471 2464 Sicut
2495 2413 2636 2465 enim
2670 2414 2873 2467 sonitus
2904 2414 3174 2481 spinarum
3203 2414 3301 2466 sub
3334 2412 3435 2467 olla
3466 2428 3556 2466 ar-

2006 2500 2277 2564 dentium,
2316 2500 2596 2569 strepitum
2633 2501 2857 2553 reddunt
2895 2500 3198 2565 insuavem,
3249 2500 3326 2555 sic
3357 2508 3409 2554 et
3442 2501 3559 2569 palo

2005 2591 2180 2659 pantis
2207 2590 2447 2658 magistri
2472 2591 2630 2643 verba
2660 2604 2763 2643 non
2792 2590 3063 2657 proderint
3087 2590 3355 2651 audienti,
3386 2589 3465 2642 vel
3496 2592 3559 2641 ad

2008 2696 2168 2733 curas
2204 2680 2383 2734 surculi
2409 2721 2422 2744 ,
2460 2696 2576 2749 quae
2613 2680 2779 2749 spina:
2812 2680 3245 2749 interpretantur,
3286 2679 3555 2732 auditores

2007 2786 2131 2825 suos
2148 2762 2494 2833 cohortandis,
2520 2772 2603 2825 vel
2624 2773 2799 2825 futuro
2819 2786 2908 2825 eos
2932 2770 3175 2825 incendio
3192 2770 3556 2839 pracparantis.

2078 2858 2238 2913 Vens.
2278 2860 2329 2913 8.
2362 2889 2432 2898 —
2455 2858 2729 2912 Calumnia
2754 2860 3021 2912 conturbat
3048 2860 3325 2929 sapientem
3343 2900 3356 2923 ,
3379 2868 3427 2911 et
3450 2874 3565 2927 per-

2007 2949 2081 3001 dit
2131 2948 2289 3001 robur
2338 2947 2507 3000 cordis
2552 2946 2713 3000 illius.
2769 2947 2994 3002 Utamur
3035 2950 3135 3002 hoc
3177 2949 3470 3009 versiculo,
3514 2948 3556 2999 si

2011 3053 2166 3109 quem
2192 3037 2393 3105 justum
2432 3036 2605 3089 virum
2652 3046 2809 3106 atque
2834 3038 3123 3105 sapientem
3168 3038 3442 3089 videamus
3471 3054 3559 3089 ca—

2015 3128 2245 3181 lumnias
2274 3127 2568 3189 sustinere,
2597 3134 2650 3180 et
2678 3126 2883 3179 turbari
2911 3124 2977 3179 de
3005 3124 3284 3191 iniquitate
3331 3124 3526 3189 jttdicis
3547 3165 3559 3185 ,

2011 3234 2109 3272 nec
2134 3218 2299 3271 Deum
2326 3215 2551 3287 [statim]
2578 3216 2897 3285 periclitanti
2920 3215 3199 3269 subvenire
3222 3223 3557 3282 praesentem.

2013 3308 2187 3361 Multa:
2218 3307 2587 3361 tribulationes
2616 3314 2737 3359 sunt
2759 3305 3055 3372 iustorum,
3104 3307 3225 3373 quia
3266 3302 3563 3369 refrigescit

2012 3400 2250 3451 Charitas
2280 3398 2601 3458 multorum,
2645 3404 2697 3449 et
2733 3397 2966 3448 abundat
3004 3396 3280 3462 iniquitas,
3322 3410 3419 3463 pro
3458 3409 3561 3462 qua

2012 3486 2416 3540 conturbabitur
2444 3500 2537 3537 cor
2566 3485 2821 3553 sapientis
2850 3485 3120 3551 Deumque
3149 3487 3405 3539 timentis.

2078 3574 2241 3645 429
2274 3574 2431 3626 Vens.
2464 3574 2515 3625 9.
2555 3603 2623 3610 —
2655 3572 2839 3626 Melior
2863 3582 2934 3625 est
2965 3572 3083 3637 finis
3124 3575 3372 3625 orationis
3412 3592 3563 3643 quam

2010 3665 2335 3731 principium.
2389 3662 2631 3715 Meliores
2674 3670 2795 3715 sunt
2824 3663 2876 3714 in
2916 3661 3138 3715 dicendo
3186 3661 3375 3729 epilogi
3406 3679 3564 3730 quam

2010 3755 2244 3817 exordia,
2276 3753 2395 3820 quia
2428 3753 2480 3805 in
2505 3753 2622 3805 istis
2648 3752 2912 3805 inchoatio
2942 3759 3021 3804 est
3050 3750 3347 3811 locutionis,
3380 3752 3431 3803 in
3464 3751 3567 3805 illis

2013 3844 2415 3899 consummatio.
2448 3842 2547 3909 Qui
2573 3842 2638 3895 ad
2674 3850 3055 3911 pneceptorcm
3096 3841 3261 3905 vadit,
3293 3832 3481 3893 melius
3512 3841 3564 3893 in

2013 3936 2118 3987 line
2153 3933 2299 3987 verbi
2346 3933 2591 4001 intelligit
2621 3947 2737 3999 qua:
2764 3932 3031 3996 dicuntur,
3064 3946 3220 3999 quam
3263 3930 3313 3982 in
3360 3930 3563 3999 princi—

2011 4023 2099 4090 pio
2130 4040 2141 4073 :
2194 4023 2263 4075 ita
2297 4022 2482 4075 melior
2512 4029 2591 4075 est
2620 4029 2984 4075 consummata
3028 4020 3228 4087 iustitia
3274 4036 3434 4089 quam
3479 4020 3564 4075 in-

2013 4112 2234 4171 choata;
2287 4111 2374 4163 illa
2407 4112 2685 4164 victoriam
2715 4119 2950 4179 pnestat,
2982 4112 3081 4162 ista
3108 4118 3314 4162 certare
3360 4109 3564 4176 incipit.

2014 4198 2109 4253 llic
2121 4200 2262 4253 enim
2276 4215 2339 4252 ex
2355 4209 2503 4267 parte
2518 4200 2875 4267 cognoscitur;
2892 4216 3009 4252 cum
3028 4209 3202 4252 autem
3215 4199 3567 4265 veneritquod

2012 4288 2303 4359 perfectum
2318 4296 2419 4354 est,
2440 4303 2542 4341 non
2562 4288 2665 4341 erit
2682 4303 2896 4341 necesse
2914 4271 3041 4340 illud
3060 4290 3199 4355 quod
3215 4305 3277 4340 ex
3292 4298 3442 4354 parte
3459 4298 3560 4342 est.

2086 4378 2271 4432 Melior
2297 4387 2369 4432 est
2411 4378 2608 4447 patiens
2648 4384 2941 4445 arrogante.
2990 4376 3123 4440 Quia
3153 4377 3397 4441 superius
3428 4376 3564 4427 iram

2011 4456 2369 4531 concesserat,
2393 4467 2597 4531 dicens,
2623 4466 2895 4521 meliorem
2927 4465 3060 4523 iram
3087 4479 3257 4533 quam.
3278 4465 3474 4527 risum;
3501 4478 3567 4515 no

2009 4564 2320 4623 putaremus
2368 4556 2503 4607 iram
2530 4571 2646 4622 qua:
2679 4565 2761 4609 est
2787 4556 2837 4607 in
2867 4556 3110 4623 passione
3140 4554 3341 4608 laudari
3367 4593 3380 4616 ,
3418 4568 3560 4607 nunc

2007 4649 2245 4719 prmcipit
2296 4649 2431 4700 iram
2481 4648 2734 4716 patientia
2779 4661 2896 4700 esse
2950 4646 3255 4699 tollendam.
3295 4644 3372 4699 lbi
3419 4645 3561 4698 enim

1958 4752 1959 4755 ‘
2008 4757 2103 4809 pro
2132 4739 2461 4793 correctione
2495 4738 2544 4790 in
2576 4744 2879 4805 peccantes,
2906 4743 2959 4787 et
2987 4735 3286 4788 eruditione
3319 4734 3371 4788 in
3396 4735 3563 4787 mino-

2009 4845 2095 4882 res
2120 4829 2252 4881 iram
2279 4826 2502 4896 posuisti
2540 4824 2690 4896 [Ms.,
2715 4822 2935 4893 posuit],
2965 4823 3053 4878 hic
3077 4840 3203 4878 vero
3229 4825 3561 4891 patientiam,

2006 4934 2123 4986 quae
2150 4933 2253 4971 non
2282 4916 2452 4970 solum
2484 4916 2536 4971 in
2565 4914 2843 4991 angustiis,
2880 4915 2973 4967 sed
3002 4922 3054 4967 et
3082 4916 3133 4966 in
3162 4914 3450 4968 lmtioribus
3472 4928 3560 4963 ne-

2006 5007 2235 5062 cessaria
2262 5014 2359 5068 est,
2390 5020 2455 5060 no
2484 5005 2600 5074 plus
2626 5020 2783 5073 quam
2808 5004 2957 5057 decet
2984 5003 3294 5057 exaltemur.

2078 5117 2235 5169 Vens.
2274 5115 2355 5169 10.
2385 5146 2453 5155 -—
2476 5115 2556 5167 Ne
2580 5117 2650 5167 sis
2674 5114 2818 5168 velox
2845 5114 2912 5165 ad
2945 5113 3288 5175 irascendum,
3328 5112 3451 5180 quia
3479 5115 3556 5163 ira

2004 5211 2056 5259 in
2085 5209 2199 5259 sinu
2243 5207 2386 5259 stulti
2419 5209 2703 5275 requiescit.
2754 5204 3150 5256 lnconsiderate
3187 5202 3343 5256 irasci
3380 5208 3556 5262 vetat,

2009 5298 2129 5364 quia
2162 5298 2469 5366 repentinus
2514 5296 2660 5347 furor
2686 5294 2962 5347 consilium
2994 5308 3097 5345 non
3129 5293 3306 5355 habet,
3341 5300 3393 5343 et
3426 5292 3558 5345 nihil

2008 5391 2121 5444 viro
2152 5391 2371 5457 sapienti
2394 5386 2505 5441 sine
2535 5390 2738 5441 ratione
2758 5389 3016 5455 agendum
3046 5397 3147 5441 est.
3178 5388 3377 5442 Idcirco
3400 5388 3561 5441 comi-

2008 5497 2101 5533 cus
2126 5480 2337 5546 quidam
2382 5480 2453 5530 ait
2482 5494 2494 5531 :
2532 5479 2609 5531 Ne
2638 5480 2760 5548 quid
2790 5481 2937 5530 nimis
2958 5518 2969 5539 ,
3000 5481 3121 5547 quia
3165 5480 3335 5531 omnis
3372 5481 3559 5533 intem-

2010 5567 2242 5635 perantia
2270 5567 2411 5619 cadit
2435 5568 2487 5618 in
2516 5567 2721 5623 Vitium.
2754 5567 2844 5619 Ira
2872 5568 2923 5619 in
2954 5569 3071 5619 sinu
3102 5569 3244 5620 stulti
3274 5570 3557 5637 requiescit.

2014 5660 2232 5723 Semper
2263 5655 2536 5710 iracundia
2564 5656 2823 5724 superbire
2846 5655 3031 5723 juncta
3060 5657 3315 5712 ultionem
3340 5660 3548 5724 quanit,
