4286 6204
588 310 689 368 695

1426 303 1484 360 Β.
1525 305 1585 361 r.
1626 306 1846 360 ALBlNl
1882 304 2011 361 seu
2051 305 2320 363 ALCUlNl
2358 306 2639 363 orenun
2678 270 2951 363 passu.

3695 314 3796 367 696

588 426 713 494 quia
732 422 976 493 quamvis
998 422 1185 489 aliquis
1205 430 1391 491 potens
1415 422 1672 485 videatur,
1694 431 1748 476 et
1772 423 1983 489 sapiens
2000 422 2140 474 testi-
2168 426 2217 480 Α
2310 420 2471 490 430
2494 422 2648 475 Vsus.
2669 422 2754 474 lli.
2778 452 2840 461 ——
2871 421 2997 475 Ha'c
3027 439 3223 491 quoque
3246 425 3346 476 vidi
3366 424 3543 477 diebus
3565 428 3801 481 uanitatis

584 522 784 577 metur,
814 511 859 566 si
882 511 1165 564 iracundus
1192 512 1305 564 sine
1332 512 1537 565 ratione
1556 518 1657 574 est,
1686 512 1942 579 insipiens
1969 512 2144 579 argui-

594 616 698 660 tur.
740 605 814 659 Et
843 605 897 658 in
938 602 1223 671 Evangelio
1252 620 1264 653 :
1312 601 1413 667 Qui
1441 603 1687 655 irascitur
1715 603 1866 670 fratri
1890 619 2003 665 suo,
2055 602 2141 655 illa

588 695 669 749 vel
697 694 799 747 alia
829 691 956 763 [Με.
975 690 1087 760 illa]
1106 691 1453 743 aestimatione
1460 687 1647 758 judicii
1664 690 1852 758 dignus
1863 690 2137 744 elllcietur.

657 783 821 837 Vens.
853 782 939 834 ll.
967 809 1038 819 —-
1065 779 1144 832 Ne
1169 780 1312 833 dicas
1338 794 1355 831 :
1380 777 1518 843 Quid
1545 788 1697 845 putas
1723 794 1881 831 causa
1914 787 1986 831 est
2005 780 2142 848 quod

586 874 762 942 priora
792 881 1020 941 tempora
1046 868 1261 923 meliora
1284 869 1427 937 fuere
1444 883 1600 937 quam
1629 884 1763 920 nunc
1788 870 1944 921 sunt?
1966 868 2141 922 Stulta

583 965 720 1018 enim
742 973 815 1017 est
837 961 1135 1032 hujusmodi
1160 960 1512 1026 interrogatio.
1536 958 1613 1013 Ne
1639 959 1786 1036 dicas
1806 972 1933 1027 ergo
1957 960 2139 1013 melio.

585 1067 671 1108 res
697 1052 862 1107 fuisse
886 1052 1000 1106 dies
1028 1051 1124 1104 sub
1153 1050 1331 1119 Moyse
1356 1058 1409 1102 et
1432 1050 1530 1102 sub
1558 1048 1770 1103 Christo
1795 1062 1951 1118 quam
1982 1050 2141 1106 modo

586 1149 732 1195 sunt.
764 1139 895 1193 Nam
924 1147 977 1193 et
1008 1138 1098 1192 illo
1124 1144 1362 1205 tempore
1388 1123 1567 1204 plures
1591 1135 1805 1189 fuerunt
1848 1136 2134 1201 increduli,

581 1238 636 1282 et
676 1228 791 1283 dies
815 1240 1001 1305 eorum
1051 1224 1177 1278 mali
1226 1223 1352 1278 facti
1389 1231 1543 1287 sunt;
1592 1232 1645 1277 et
1673 1239 1815 1278 nunc
1859 1227 2139 1281 credentes

581 1317 736 1371 multi
764 1316 1129 1385 reperiuntur,
1154 1314 1220 1369 de
1238 1314 1433 1381 quibus
1454 1314 1529 1367 ait
1559 1313 1802 1369 Salvator
1826 1330 1839 1367 :
1864 1312 2137 1371 Beatiores

581 1416 723 1473 sunt,
754 1407 844 1475 qui
866 1421 950 1462 me
972 1421 1078 1459 non
1106 1406 1371 1469 viderunt,
1400 1413 1451 1459 et
1474 1406 1814 1459 crediderunt
1835 1406 2014 1475 (Joan.
2041 1422 2133 1471 xx,

578 1494 688 1563 9.9).
720 1494 925 1549 Aliter:
960 1492 1125 1547 debes
1170 1494 1247 1547 sic
1272 1492 1470 1556 vivere,
1498 1501 1558 1545 ut
1595 1507 1805 1561 semper
1846 1494 2136 1560 praesentes

578 1584 691 1637 dies
717 1582 963 1636 meliores
987 1580 1087 1634 tibi
1126 1581 1233 1635 sint
1256 1594 1413 1648 quam
1441 1581 1716 1647 prteteriti,
1760 1596 1826 1633 ne
1852 1596 1972 1635 cum
2004 1596 2136 1649 pan-

578 1670 727 1724 latim
771 1671 1079 1724 decrescere
1118 1670 1361 1737 coeperis,
1414 1670 1621 1725 dicatur
1654 1670 1747 1724 tibi
1790 1684 1805 1721 :
1838 1668 2133 1725 Currebatis

2243 525 2401 573 mete;
2412 511 2586 578 justus
2608 513 2736 579 perit
2762 514 2816 564 in
2831 513 3041 580 justitiu
3066 529 3182 575 sua,
3207 522 3253 565 et
3276 514 3462 582 impius
3489 514 3651 568 multo
3684 517 3801 571 sirit

2240 611 2463 669 tempore
2490 604 2543 654 in
2564 600 2765 653 malitia
2786 617 2900 653 sua.
2927 600 3039 654 Hoc
3068 601 3206 654 idem
3232 611 3288 655 et
3307 601 3572 670 Propheta
3594 604 3650 657 in
3676 617 3802 673 scp-

2242 691 2533 768 tuagesimo
2553 691 2784 745 secundo
2804 690 3009 758 psalmo
3028 690 3341 746 detestando
3366 693 3589 747 miratus
3611 702 3712 749 est.
3736 694 3803 749 Et
3892 688 3895 691 ’

2243 778 2490 833 Habacuc
2533 780 2791 847 propheta
2826 777 2977 848 [Ms.,
3009 780 3061 832 in
3088 781 3366 850 prophetia
3401 781 3519 852 sua]
3558 782 3802 851 deplorat

2242 884 2405 936 quare
2434 869 2580 937 impii
2633 868 2806 924 felicia
2850 870 3081 924 habeant
3130 877 3389 939 tempora,
3422 881 3473 926 et
3507 871 3640 939 justi
3685 875 3802 943 plu-

2241 956 2392 1010 rimis
2418 964 2767 1025 torqueantur
2793 958 3049 1012 adversis.
3081 956 3231 1029 [Sed]
3265 961 3359 1013 Dei
3387 962 3439 1014 in
3470 962 3680 1016 occulto
3710 976 3804 1030 pa-

2242 1045 2424 1097 tientia
2454 1052 2554 1107 est.
2584 1045 2828 1099 tribulari
2850 1062 2992 1101 nunc
3021 1058 3252 1111 sanctos,
3281 1056 3341 1102 ut
3381 1052 3640 1120 recipiant
3663 1052 3800 1106 mala

2240 1132 2292 1184 in
2323 1134 2431 1186 vita
2478 1149 2593 1198 sua,
2641 1145 2693 1188 et
2723 1146 3031 1204 peccatores
3070 1153 3175 1192 non
3206 1139 3425 1194 visitare
3468 1156 3565 1218 pro
3599 1143 3803 1197 scelere

2241 1236 2338 1274 suo
2362 1221 2414 1274 in
2444 1222 2547 1275 hoc
2576 1223 2769 1277 szeculo
2794 1224 3076 1291 praesenti;
3104 1234 3163 1279 ut
3192 1235 3247 1281 et
3271 1226 3373 1280 illis
3401 1229 3571 1295 possit
3601 1237 3801 1285 aeterna

2238 1311 2376 1363 bona
2406 1313 2706 1376 restituere,
2736 1322 2791 1367 et
2836 1314 2920 1368 his
2948 1316 3086 1369 mala
3116 1324 3313 1385 atterna
3345 1316 3499 1387 μίση
3522 1320 3799 1391 perpetua]

2237 1402 2455 1467 inferre,
2486 1404 2625 1456 sicut
2652 1404 2717 1457 de
2744 1402 2947 1459 Lazaro
2969 1413 3024 1459 et
3043 1406 3107 1460 de
3132 1407 3297 1461 divite
3322 1408 3534 1476 legitur.
3575 1409 3720 1464 Unde
3748 1420 3802 1465 et

2237 1489 2487 1556 prmfatus
2536 1490 2815 1545 Psalmista
2859 1494 3150 1561 respiciens
3175 1493 3333 1549 linem
3372 1497 3656 1561 malorum,
3705 1501 3797 1567 qui

2237 1580 2323 1634 hic
2370 1580 2596 1635 feliciter
2633 1582 2832 1645 vivunt,
2866 1583 3183 1638 exclamavit
3230 1586 3412 1641 dicens
3462 1605 3473 1638 :
3512 1586 3799 1640 Existima-

2238 1671 2351 1722 bam
2382 1682 2436 1721 nt
2482 1686 2835 1739 cognoscerem
2882 1672 2996 1735 hoc,
3048 1671 3195 1725 labor
3232 1683 3305 1726 est
3362 1684 3480 1728 ante
3505 1691 3603 1736 me,
3636 1676 3798 1740 donec

578 1758 855 1827 bcne,qruis
875 1774 961 1812 vos
986 1758 1243 1827 impedivit
1260 1759 1459 1811 veritati
1474 1760 1789 1829 nonobedire
1807 1758 1946 1829 (Gal.
1969 1775 2020 1823 v,
2044 1758 2137 1829 7)?
2169 1746 2209 1802 Β
2239 1758 2422 1810 intrem
2455 1759 2506 1810 in
2543 1761 2897 1811 sanctuarium
2928 1760 3057 1824 Dei,
3106 1771 3155 1813 et
3189 1761 3473 1830 intelligam
3526 1764 3801 1817 novissima

650 1853 810 1907 Vens.
840 1851 925 1916 η,
946 1850 1299 1905 15.-Ι]ιίιὶον
1324 1859 1397 1903 est
1419 1850 1669 1918 sapientia
1694 1866 1847 1919 quam
1860 1851 2070 1912 divitite,
2087 1860 2133 1903 et

579 1944 747 2013 magis
788 1941 993 2011 prodest
1046 1938 1331 1993 videntibus
1358 1937 1535 1990 solem.
1583 1937 1729 1992 Sicut
1760 1941 1895 1991 enim
1920 1940 2135 2007 protegit

581 2034 853 2103 sapientia,
908 2032 983 2084 sic
1011 2031 1229 2100 protegit
1278 2028 1516 2097 pecunia.
1568 2025 1683 2079 Hoc
1718 2037 1889 2080 autem
1913 2027 2135 2096 amplius

580 2126 724 2179 habet
752 2123 974 2175 eruditio
1003 2131 1049 2173 et
1091 2122 1361 2190 sapientia,
1385 2133 1521 2188 quoa
1560 2120 1717 2169 vitam
1755 2117 1984 2169 tribuunt
2017 2132 2136 2185 pos-

581 2213 763 2265 sessori
788 2227 901 2264 suo.
931 2209 1143 2276 Majoris
1168 2216 1249 2261 est
1272 2206 1452 2276 gloriae
1483 2205 1738 2272 sapientia
1770 2218 1890 2256 cum
1915 2202 2133 2255 divitiis.

583 2299 687 2351 Alii
706 2299 847 2352 enim
867 2297 1125 2365 sapientia
1142 2296 1394 2363 indigent,
1415 2294 1505 2346 alii
1523 2293 1741 2361 opibus:
1766 2300 1820 2345 et
1837 2291 2025 2345 melior
2035 2298 2133 2355 est,

583 2388 675 2455 qui
700 2396 983 2453 utrumque
1006 2392 1467 2455 praestatutroque
1498 2380 1773 2449 indigenti.
1803 2377 1903 2444 Qui
1924 2380 2137 2446 sapiens

580 2485 677 2537 est,
704 2484 757 2529 et
781 2491 886 2529 non
905 2476 1083 2539 dives,
1101 2482 1276 2542 potest
1311 2472 1522 2539 quidem
1553 2471 1744 2524 docere
1764 2468 1905 2536 quod
1939 2468 2138 2522 bonum

582 2575 685 2631 est,
704 2568 797 2621 sed
820 2567 1083 2620 interdum
1104 2580 1209 2618 non
1233 2571 1407 2633 potest
1433 2569 1712 2629 praestare,
1746 2560 1887 2628 quod
1906 2560 2133 2627 petitur;

583 2657 703 2711 ideo
726 2657 843 2709 ait:
888 2656 1157 2724 quomodo
1188 2653 1419 2722 protegit
1452 2652 1711 2721 sapientia
1731 2691 1744 2714 ,
1800 2650 1872 2703 ita
1909 2650 2141 2719 protegit

582 2754 637 2799 et
680 2744 905 2813 pecunia
942 2762 955 2795 :
1000 2744 1092 2797 sed
1133 2743 1184 2795 in
1226 2758 1288 2795 eo
1329 2741 1501 2809 major
1530 2748 1611 2794 est
1638 2740 1896 2809 sapientia
1941 2739 2140 2793 divitiis

581 2836 722 2902 quod
748 2836 947 2902 absque
987 2834 1107 2887 ullis
1134 2834 1323 2900 opibus
1366 2831 1524 2900 hujus
1556 2832 1736 2885 saeculi
1759 2832 1923 2884 vitam
1952 2830 2139 2884 tribuit

584 2922 796 2975 habenti
845 2936 982 2974 eam.
1045 2920 1332 2974 Sciendum
1386 2928 1467 2973 est
1503 2929 1680 2974 tamen
1730 2920 1871 2989 quod
1926 2921 2027 2974 hoc
2074 2920 2140 2973 de

584 3026 704 3063 vera
729 3011 922 3063 dicitur
950 3010 1230 3078 sapientia,
1258 3024 1374 3077 qua:
1395 3011 1461 3062 ad
1481 3012 1644 3063 vitam
1670 3010 1837 3063 tendit
1860 3018 2134 3073 eternam,

581 3110 634 3151 et
662 3099 873 3152 deducit
898 3102 965 3153 ad
989 3099 1154 3153 solem
1170 3098 1392 3164 iustitiae
1411 3105 1718 3164 sequentem
1742 3111 1817 3149 se.
1850 3096 2001 3150 Unde
2022 3096 2096 3147 ait
2122 3114 2133 3146 :

596 3186 894 3241 Videntibus
922 3188 1101 3250 solem,
1147 3188 1201 3241 id
1238 3195 1339 3251 est,
1387 3186 1799 3255 intelligentibus
1819 3188 1910 3255 qui
1955 3187 2026 3241 sit
2061 3186 2141 3241 sol

584 3276 830 3345 justititc,
856 3268 910 3331 et
950 3277 1212 3346 quomodo
1245 3278 1661 3350 perveniendum
1690 3279 1760 3331 sit
1785 3277 1851 3330 ad
1875 3293 2017 3331 eum.

656 3371 812 3426 Vens.
844 3370 927 3422 Η».
950 3399 1020 3408 -
1046 3368 1329 3423 Considera
1358 3384 1511 3435 opera
1535 3367 1654 3431 Dei,
1684 3366 1822 3436 quod
1864 3383 2008 3419 nemo
2026 3384 2142 3435 pos-

586 3468 652 3518 sit
680 3467 930 3532 corrigere
945 3480 1093 3533 quem
1117 3462 1204 3516 ille
1225 3462 1527 3530 despexerit.
1552 3462 1608 3514 In
1631 3462 1732 3515 hoc
1747 3460 2009 3514 versiculo
2019 3474 2141 3527 per-

589 3554 770 3622 spicue
804 3554 869 3605 ad
907 3553 1142 3604 studium
1189 3566 1287 3603 nos
1314 3552 1557 3603 hortatur
1589 3551 1865 3617 sapientiae
1891 3558 1944 3602 et
1974 3550 2142 3602 scien-

589 3644 704 3705 tiae;
752 3648 813 3693 ut
854 3640 1253 3693 consideremus
1301 3652 1461 3705 opera
1504 3638 1617 3701 Dei,
1651 3652 1808 3705 quam
1855 3652 2044 3705 magna
2092 3644 2146 3689 et

590 3744 753 3798 quam
784 3728 1045 3781 mirabilia
1075 3728 1199 3789 sint,
1228 3735 1283 3781 et
1303 3726 1565 3795 quomodo
1592 3726 1754 3779 alium
1786 3726 2013 3795 gratuita
2036 3725 2144 3791 pie-

592 3825 700 3870 tate
728 3817 964 3885 elegerit,
1000 3818 1159 3869 alium
1180 3816 1326 3883 justo
1344 3816 1543 3883 judicio
1572 3816 1892 3882 despexerit,
1924 3816 2062 3866 sicut
2080 3814 2146 3866 de

593 3904 755 3957 Jaoob
795 3912 849 3957 et
890 3904 1028 3958 Esau
1072 3905 1311 3957 dicitur:
1352 3903 1513 3956 Jacob
1545 3902 1733 3965 dilexi,
1764 3911 1811 3955 et
1858 3902 1998 3955 Esau
2028 3903 2145 3955 odio

593 3992 753 4044 habui
776 3990 949 4062 (Itoni.
987 4007 1061 4055 ix,
1090 3992 1199 4060 l3).
1228 3992 1429 4045 Dicitur
1456 4003 1509 4045 et
1540 3992 1591 4043 in
1619 3991 1821 4059 psalmo
1845 4004 1858 4041 :
1888 3988 2147 4043 Universa:

594 4082 686 4134 rite
707 4090 811 4134 tua:
835 4082 1187 4134 misericordia
1214 4090 1260 4133 et
1288 4082 1467 4133 veritas
1493 4079 1661 4148 (Psal.
1692 4095 1838 4141 xxiv,
1871 4078 1974 4145 l0).

663 4166 822 4219 Vens.
852 4166 939 4217 15.
972 4195 1043 4206 -
1078 4166 1143 4217 1η
1182 4166 1265 4216 die
1294 4163 1424 4217 bona
1464 4164 1634 4231 fruere
1661 4164 1825 4228 bonis,
1873 4173 1918 4215 et
1954 4164 2149 4216 malum

596 4253 731 4306 diem
757 4269 1003 4317 pratcave.
1060 4252 1205 4307 Sicut
1235 4254 1371 4306 enim
1421 4254 1578 4316 hunc,
1632 4255 1705 4305 sic
1754 4263 1801 4306 et
1848 4252 1995 4306 illum
2031 4254 2149 4321 fecit

599 4342 753 4405 Deus,
786 4351 839 4395 ut
865 4359 966 4395 non
994 4343 1215 4396 inveniat
1241 4343 1393 4394 homo
1426 4352 1605 4395 contra
1637 4358 1753 4394 eum
1770 4344 1945 4409 justas
1973 4344 2147 4411 queri-

599 4437 816 4487 monias.
853 4433 965 4488 Hoc
991 4435 1135 4487 enim
1161 4438 1257 4499 ait,
1286 4436 1592 4502 significans
1618 4435 1857 4487 omnium
1899 4451 2018 4489 esse
2069 4451 2153 4489 re-

600 4524 977 4577 tributionem:
1008 4524 1128 4577 ideo
1153 4525 1402 4577 admonet
1428 4539 1543 4585 nos,
1576 4524 1715 4577 diem
1747 4524 1964 4587 malum,
1992 4526 2042 4579 id
2073 4534 2153 4579 est

602 4615 739 4667 diem
781 4612 1043 4675 vindictze,
1074 4627 1392 4679 priccavere.
1426 4612 1565 4664 Bene
1589 4626 1713 4666 vero
1746 4611 1959 4665 facienti
1984 4614 2152 4668 bonus

605 4714 683 4758 est
716 4706 869 4773 hujus
894 4704 1015 4756 vita:
1038 4704 1177 4767 dies,
1196 4704 1260 4756 ad
1300 4703 1707 4770 promerendum
1735 4710 1950 4756 eterna:
1988 4705 2154 4758 beati-

606 4796 800 4851 tudinis
826 4797 993 4849 diem.
1020 4795 1169 4847 Sicut
1187 4796 1335 4847 enim
1363 4796 1499 4847 Deus
1539 4793 1663 4846 fecit
1706 4795 1889 4856 istum,
1916 4804 1973 4846 ut
2016 4797 2153 4849 bene

608 4887 841 4940 vivamus
877 4888 931 4939 in
959 4900 1044 4949 eo,
1089 4884 1160 4936 its
1191 4891 1245 4936 et
1287 4884 1431 4936 illum
1477 4884 1613 4935 male
1643 4882 1957 4937 facientibus
2003 4884 2153 4937 fecit.

609 4976 773 5029 Aliter
802 4994 813 5027 :
849 4976 1015 5038 Bona,
1044 4974 1236 5041 inquit,
1267 4982 1323 5028 et
1347 4974 1502 5035 mala,
1533 4973 1585 5026 id
1610 4981 1693 5026 est
1710 4987 1962 5041 prospera
1986 4984 2042 5027 et
2061 4975 2149 5027 ad-

610 5080 781 5127 versa,
808 5075 965 5131 prout
988 5065 1229 5119 venerint
1261 5064 1411 5134 [Hs.,
1456 5062 1747 5133 evenerint]
1782 5065 1899 5127 tibi,
1929 5065 2153 5119 viriliter

610 5153 833 5214 sustine,
881 5154 1003 5219 quia
1034 5161 1256 5219 utraque
1300 5151 1390 5203 Dei
1427 5150 1627 5216 judicio
1654 5153 1899 5205 evenient
1945 5167 2153 5219 semper

604 5241 770 5308 justo,
802 5243 1045 5307 quamvis
1090 5255 1225 5306 saepe
1252 5240 1475 5292 occulto.
1514 5239 1871 5307 Probibetque
1889 5241 2154 5306 querimo—

615 5333 727 5385 nias
760 5338 945 5384 contra
992 5330 1178 5391 Deum,
1230 5344 1323 5382 cur
1371 5329 1457 5382 alii
1509 5328 1815 5383 felicitatem
1865 5336 2023 5397 atque
2066 5329 2152 5382 alii

613 5422 881 5476 miseriam
908 5424 962 5475 in
990 5420 1090 5474 hoc
1116 5421 1343 5475 habeant
1371 5422 1588 5476 saeculo.

684 5527 860 5597 ullast:
886 5544 951 5583 ex
996 5527 1051 5583 S.
1082 5526 1225 5580 Hier.
1256 5529 1328 5581 ita
1356 5528 1642 5597 supplenda
1688 5535 1809 5582 sunt
1835 5543 1848 5579 :
1902 5545 1919 5575 ι
1952 5528 2150 5597 Bonum

617 5604 699 5649 est
718 5596 873 5665 justis
906 5597 1230 5659 benefacere,
1266 5597 1355 5649 sed
1382 5596 1433 5649 et
1456 5596 1819 5663 peccatoribus
1843 5596 2153 5651 benefacere

2241 1863 2417 1899 eorum
2450 1846 2619 1917 (Psal.
2647 1864 2813 1911 Lxxn,
2848 1848 2955 1917 l6).

2309 1936 2471 1990 Vens.
2504 1936 2590 1988 l7.
2617 1967 2687 1976 -—
2715 1936 2841 1989 Noli
2868 1954 2976 1989 esse
2996 1938 3174 2005 justus
3199 1938 3440 2004 multum,
3474 1957 3563 1994 nec
3582 1941 3699 2010 plus
3717 1959 3804 1995 sa-

2235 2028 2347 2095 pias
2367 2044 2520 2094 quam
2547 2045 2747 2082 necesse
2782 2038 2879 2092 est,
2909 2044 2969 2080 ne
3001 2029 3347 2097 obstupescas.
3374 2030 3474 2095 Qui
3497 2046 3624 2085 vero
3667 2047 3797 2085 nun-

2236 2130 2396 2181 quam
2424 2115 2682 2170 fraternis
2728 2118 3005 2186 ignoscere
3048 2125 3285 2190 peccatis
3325 2125 3460 2190 vult,
3508 2128 3598 2179 sed
3623 2127 3801 2180 omnia

2236 2204 2506 2258 vindicare
2541 2207 2830 2259 secundum
2863 2208 3096 2263 furorem
3126 2214 3289 2267 animi
3336 2215 3437 2278 sui,
3471 2214 3587 2282 plus
3625 2214 3801 2282 justus

2236 2302 2317 2347 est
2344 2310 2503 2363 quam
2533 2296 2703 2350 decet.
2728 2296 2863 2351 Cum
2886 2300 3027 2351 enim
3055 2300 3302 2355 Salvator
3335 2304 3410 2356 ait
3434 2320 3445 2354 :
3500 2303 3677 2357 Nolite
3703 2305 3795 2372 ju—

2239 2384 2433 2447 dicare,
2458 2394 2513 2436 ut
2538 2401 2639 2437 non
2659 2386 2969 2453 judicemini
3000 2387 3149 2457 (Luc.
3182 2405 3251 2451 v1,
3278 2391 3376 2455 5'7;
3415 2402 3469 2445 et
3497 2408 3509 2444 :
3546 2391 3605 2446 Si
3642 2394 3800 2445 dimi-

2238 2472 2407 2523 seritis
2442 2472 2731 2525 hominibus
2757 2483 2965 2541 peccata
2991 2491 3189 2539 eorum,
3233 2478 3452 2531 dimittet
3474 2480 3611 2532 vobis
3642 2479 3804 2533 Pater

2240 2569 2399 2612 vester
2424 2560 2638 2613 caelestis
2668 2560 2853 2613 delicta
2890 2572 3055 2614 vestra
3084 2564 3293 2633 (Matth.
3339 2582 3413 2629 vn,
3443 2567 3549 2637 M).
3583 2568 3691 2622 Nec
3720 2568 3803 2622 ni-

2240 2649 2341 2701 mis
2364 2648 2580 2717 rigidus,
2610 2658 2700 2701 aut
2726 2650 2904 2705 animo
2932 2651 3080 2721 [Ms.,
3112 2654 3293 2725 nimis]
3320 2645 3523 2711 solutus
3550 2660 3806 2727 magister

2240 2735 2396 2789 debet
2419 2751 2555 2800 esse,
2583 2737 2675 2790 sed
2703 2738 2787 2790 via
2814 2740 2959 2807 regia
2988 2741 3213 2808 ingredi,
3239 2752 3291 2795 et
3314 2746 3653 2799 considerare
3684 2748 3806 2801 dili-
3876 2794 3879 2795 ν

2241 2833 2427 2894 genter
2454 2826 2581 2893 quid
2628 2826 2714 2878 cui
2763 2829 3045 2881 conveniat
3085 2830 3150 2882 ad
3196 2830 3417 2884 salutem
3445 2834 3635 2888 anima:
3673 2851 3801 2889 sum.

2241 2914 2393 2978 Quod
2430 2923 2607 2967 autem
2643 2916 2720 2968 ait
2749 2934 2760 2967 :
2804 2916 2929 2970 Noli
2961 2935 3191 2986 quazrere
3234 2921 3478 2989 amplius,
3530 2940 3591 2975 ne
3626 2924 3805 2976 obstu-

2241 3021 2448 3073 pescas;
2496 3014 2733 3059 mentem
2772 3014 3007 3061 nostram
3055 3010 3157 3061 scit
3184 3008 3474 3077 perfectam
3518 3025 3623 3064 non
3652 3026 3806 3079 posse

2242 3096 2694 3162 comprehendere
2724 3096 3061 3164 sapientiam,
3094 3106 3148 3149 et
3175 3112 3478 3152 mensuram
3507 3098 3807 3170 fragilitatis

2239 3193 2436 3238 nostra:
2454 3184 2606 3250 jubet
2632 3199 2728 3237 nos
2756 3185 2895 3237 scire
2923 3186 3135 3238 debere.

2312 3273 2472 3325 Vens.
2504 3272 2587 3325 l8.
2619 3301 2689 3310 —-
2725 3271 2804 3325 Ne
2846 3273 3000 3342 impie
3024 3291 3149 3342 agas
3189 3276 3428 3339 multum,
3470 3288 3518 3331 et
3554 3279 3659 3332 noli
3698 3296 3808 3334 esse

2240 3362 2447 3427 stultus,
2474 3379 2535 3414 ne
2556 3364 2797 3415 moriaris
2811 3365 2866 3417 in
2886 3373 3110 3432 tempore
3136 3381 3236 3416 non
3260 3374 3368 3418 tuo.
3392 3366 3525 3420 Cum
3551 3368 3807 3424 Dominus

2242 3454 2525 3522 loquatur:
2572 3454 2704 3507 Nolo
2753 3462 2978 3507 mortem
3015 3456 3332 3522 peccatoris,
3384 3460 3475 3512 sed
3509 3469 3713 3513 tantum
3748 3469 3810 3515 ut

2243 3554 2545 3599 revertatur
2566 3556 2619 3599 et
2642 3548 2783 3598 vivat
2811 3546 3023 3616 (Ezech.
3056 3565 3209 3614 xvm,
3234 3552 3344 3621 52),
3370 3553 3533 3606 semel
3555 3568 3807 3625 peccasse

2244 3634 2489 3698 sufficiat,
2525 3636 2779 3690 debemus
2803 3654 2899 3691 nos
2928 3638 3133 3706 erigere
3161 3643 3539 3707 postxruinam.
3573 3642 3627 3695 Si
3658 3644 3804 3697 enim

2236 3726 2387 3793 juxta
2433 3742 2525 3782 eos
2551 3728 2641 3795 qui
2666 3728 2733 3781 de
2775 3729 3012 3796 physicis
3056 3729 3347 3796 disputant,
3395 3733 3541 3784 novit
3576 3732 3806 3787 hirundo

2243 3817 2414 3883 pullos
2456 3831 2580 3870 suos
2601 3817 2669 3869 de
2713 3832 2808 3870 sua
2850 3818 3061 3872 oeulare
3104 3820 3429 3886 chelidonia;
3474 3822 3804 3875 dictamnum

2245 3918 2450 3970 capreae
2498 3914 2750 3973 appetunt
2791 3908 3115 3971 vulneratus;
3146 3925 3270 3975 Icur
3324 3926 3421 3963 nos
3486 3911 3796 3977 ignoremus

2246 3994 2561 4048 medicinam
2589 3997 2913 4063 paenitentia:
2937 3998 3260 4065 propositam
3288 4012 3404 4052 esse
3425 4002 3811 4067 peccantibus?

2248 4084 2398 4148 Quod
2439 4094 2616 4156 autem
2654 4086 2727 4139 ait
2769 4102 2781 4138 :
2832 4087 2911 4140 Ne
2940 4090 3178 4141 moriaris
3220 4090 3274 4141 in
3300 4099 3523 4157 tempore
3553 4109 3655 4144 non
3694 4103 3801 4151 tuo,

2250 4173 2449 4226 scimus
2477 4157 2671 4236 Cbore,
2698 4183 2752 4227 et
2774 4176 3000 4239 Dathan,
3032 4185 3086 4228 et
3122 4178 3319 4229 Abiron
3356 4188 3575 4245 propter
3595 4181 3808 4234 seditio-

2251 4276 2374 4315 nem
2420 4262 2675 4316 advcrsus
2730 4263 2945 4333 Moysen
3001 4272 3054 4316 et
3097 4266 3274 4317 Aaron
3326 4268 3599 4333 repentino
3649 4277 3807 4324 terra:

2180 4353 2401 4444 Dhiatu
2438 4352 2721 4406 devoratos
2758 4352 2942 4422 (Num.
2993 4354 3126 4421 xvi),
3175 4363 3227 4407 et
3273 4355 3339 4407 ad
3380 4358 3806 4412 emendationem

2254 4442 2479 4495 aliorum
2509 4452 2631 4496 ante
2662 4444 2799 4497 diem
2820 4445 3005 4513 judicii
3037 4444 3243 4515 [etiam]
3274 4447 3326 4497 in
3358 4447 3456 4499 hac
3492 4448 3599 4499 vita
3639 4450 3808 4514 pluri-

2255 4545 2369 4583 mos
2386 4530 2672 4597 judicatos.
2694 4532 2844 4597 Quod
2869 4548 2995 4602 ergo
3021 4522 3149 4586 dicit
3174 4534 3276 4585 tale
3301 4544 3381 4586 est
3400 4552 3410 4584 :
3431 4534 3543 4587 Noli
3569 4539 3804 4604 peccatis

2254 4623 2481 4690 adjicere
2507 4632 2747 4689 peccata,
2776 4638 2841 4675 ne
2866 4636 3120 4689 provoces
3156 4623 3338 4685 Deum,
3364 4633 3417 4676 et
3444 4626 3527 4680 hic
3553 4627 3643 4680 tibi
3674 4628 3807 4681 infe-

2256 4721 2338 4766 rat
2367 4710 2513 4781 [Ms.,
2542 4712 2704 4764 etiam
2731 4711 2817 4764 hic
2845 4711 2940 4763 tibi
2968 4710 3183 4783 inferre]
3215 4715 3550 4782 supplicium.

2324 4802 2483 4855 Vens.
2512 4800 2595 4853 l9.
2624 4828 2693 4837 —
2732 4800 2933 4852 Bonum
2973 4810 3043 4853 est
3072 4812 3118 4853 te
3138 4811 3423 4854 sustentare
3446 4804 3670 4870 justum,
3712 4804 3802 4856 sed

2255 4889 2316 4941 ab
2341 4887 2428 4940 illo
2458 4904 2518 4939 ne
2538 4888 2810 4940 subtrahas
2833 4905 3040 4940 manum
3066 4898 3209 4939 tuam
3233 4904 3251 4940 :
3279 4891 3400 4957 quia
3431 4891 3517 4957 qui
3540 4891 3679 4943 timet
3700 4889 3804 4941 Do-

2255 4980 2469 5039 minum,
2501 4976 2628 5029 nihil
2655 4976 2879 5044 negligit.
2908 4976 3107 5029 Bonum
3136 4978 3393 5043 estjustis
3422 4970 3555 5033 bene
3594 4979 3801 5045 facere,

2256 5082 2361 5119 non
2388 5067 2637 5133 injustum
2662 5073 2743 5123 est
2766 5072 2968 5117 tantum
2991 5067 3308 5121 domesticos
3328 5069 3448 5120 fidei
3470 5070 3729 5124 sustinere
3753 5085 3801 5135 ει,

2258 5155 2349 5210 sed
2399 5152 2493 5223 [et]
2524 5154 2666 5207 omni
2704 5156 2900 5221 petenti
2928 5157 3186 5219 tribuere,
3210 5167 3531 5226 przeceptum
3562 5171 3663 5213 est.
3705 5160 3800 5213 Ti-

2259 5257 2409 5296 mens
2431 5244 2621 5311 quippe
2662 5243 2965 5307 Dominum,
3004 5254 3057 5296 et
3084 5246 3316 5299 imitator
3351 5247 3651 5301 Conditoris
3689 5248 3800 5315 sui,

2260 5331 2348 5398 qui
2396 5331 2526 5397 pluit
2556 5347 2712 5400 super
2751 5331 2925 5398 justos
2952 5340 3005 5386 et
3047 5334 3287 5402 injustos,
3321 5338 3519 5403 absque
3558 5349 3801 5405 respectu

2259 5434 2601 5485 personarum
2645 5422 2890 5476 omnibus
2929 5422 3247 5477 benefacere
3290 5424 3522 5477 festinat.
3573 5426 3743 5479 Aliter
3783 5441 3799 5480 :

2258 5545 2360 5581 non
2390 5532 2639 5595 injustam
2668 5541 2765 5584 est.
2808 5532 3007 5586 Bonum
3050 5542 3134 5587 est
3160 5532 3475 5589 domesticos
3500 5534 3617 5588 lidci
3644 5535 3803 5590 susti-

2260 5615 2400 5659 nere,
2438 5619 2454 5647 ›
2483 5608 2585 5651 etc.
3676 5614 3679 5615 '
