4286 6202
424 353 523 408 697

1225 348 1629 405 EXEGETICA.
1672 378 1738 387 --
1777 343 2129 401 COMMENT.
2172 343 2235 397 IN
2277 341 2801 399 ECCLESIASTEN.

3537 342 3640 393 698

425 464 560 531 Quia
589 462 695 515 vita
726 461 837 514 hinc
870 460 1185 515 miserabilis
1217 462 1444 516 diversis
1470 462 1706 530 quotidie
1745 461 1984 513 variatur
2013 463 2053 515 Α
2087 455 2291 508 uincula
2320 465 2438 507 sunt
2486 472 2669 506 manus
2698 454 2839 505 illius
2866 469 2881 504 :
2930 453 3017 521 qui
3040 451 3207 519 placet
3255 451 3488 509 Domino,
3523 454 3654 520 ιιίῙη-

425 551 727 613 cventibus,
760 559 868 603 tam
913 549 978 602 ad
1007 550 1229 604 adversa
1258 566 1417 618 quam
1456 551 1521 604 ad
1560 564 1813 619 prospera
1853 547 1982 614 justi

426 644 637 696 animus
663 651 1012 710 praeparetur,
1043 650 1097 695 et
1124 653 1310 709 poscat
1340 642 1431 695 Dei
1461 640 1899 698 misericordiam,
1929 647 1985 689 ut

427 733 779 803 quodcunque
812 734 1069 795 evenerit,
1114 734 1279 787 libera
1336 742 1512 786 mente
1557 732 1838 785 sustineat.
1886 729 1983 801 Qui

430 816 619 892 [enim]
652 821 805 873 timet
831 820 1135 881 Dominum,
1165 834 1262 872 nec
1287 819 1557 887 prosperis
1587 816 1779 888 [Edit.,
1812 824 1987 884 postc-

430 907 525 981 ris]
558 910 813 972 elevatur,
839 925 938 962 nec
961 909 1281 978 opprimitur
1310 906 1567 961 adversis.

499 1001 661 1054 Vens.
699 1000 788 1061 20,
823 1000 911 1053 ει.
946 1030 1016 1039 --
1050 997 1317 1067 Sapientia
1357 996 1663 1065 confortaeit
1710 994 1986 1062 sapientem

428 1106 581 1159 super
609 1091 779 1142 decem
810 1091 1064 1159 principes
1095 1088 1337 1140 civitatis.
1396 1085 1517 1139 Non
1547 1094 1619 1138 est
1663 1085 1797 1136 enim
1838 1084 1988 1135 homo

427 1180 516 1247 qui
544 1178 703 1247 faciat
735 1178 921 1231 bonum
940 1189 987 1231 et
1016 1194 1119 1229 non
1147 1185 1334 1245 peccet.
1366 1174 1638 1242 Sapientia
1672 1186 1817 1234 vero,
1854 1171 1991 1226 sicut

430 1266 534 1321 alio
559 1266 675 1320 loco
698 1266 911 1335 legitur,
958 1265 1144 1318 melior
1171 1272 1251 1317 est
1290 1262 1623 1322 fortitudine,
1667 1275 1825 1328 quam
1863 1260 1991 1312 dicit

430 1356 612 1410 decem
662 1355 993 1424 principibus
1037 1368 1156 1406 esse
1192 1351 1475 1414 fortiorem
1506 1352 1557 1403 in
1600 1364 1707 1402 uno
1731 1349 1987 1416 sapiente.

431 1444 640 1499 Aliter:
679 1444 866 1499 decem
915 1443 1005 1511 qui
1062 1451 1377 1511 potestatem
1429 1440 1627 1493 habent
1662 1448 1715 1493 et
1763 1438 1814 1490 in
1862 1439 1993 1492 urbe

431 1532 751 1598 consistunt,
785 1533 958 1604 angeli
990 1542 1131 1597 sunt,
1159 1534 1249 1601 qui
1289 1535 1354 1585 ad
1386 1533 1683 1602 perfectum
1716 1548 1992 1585 numerum

431 1625 709 1692 pervenire
736 1632 961 1692 possunt
996 1624 1272 1677 denarium
1313 1621 1512 1693 [lIier.,
1560 1636 1839 1675 numerum
1877 1637 1995 1689 per-

431 1726 628 1765 venere
652 1710 975 1781 denarium],
994 1720 1048 1764 et
1074 1710 1396 1764 auxiliantur
1416 1712 1648 1764 humano
1663 1712 1864 1779 generi.
1892 1710 1995 1763 Sed

429 1799 478 1856 si
505 1801 625 1870 quis
652 1801 955 1854 consideret
980 1801 1157 1853 omnia
1184 1797 1397 1869 auxilia,
1431 1798 1601 1864 majus
1627 1809 1708 1853 est
1736 1799 1990 1852 auxilium
2025 1785 2069 1844 Β

431 1890 728 1959 sapientiae,
759 1890 809 1943 id
836 1898 918 1943 est
941 1889 1150 1944 Domini
1176 1890 1343 1943 nostri
1368 1887 1495 1942 Jesu
1512 1888 1729 1951 Christi,
1757 1889 1992 1942 omnium

432 1981 761 2052 angelorum,
810 1981 935 2050 quia
980 1980 1155 2033 nullus
1183 1996 1249 2034 ex
1278 1980 1480 2049 angelis
1518 1962 1783 2033 redimere
1826 1980 1997 2047 potuit

435 2072 729 2125 humanum
758 2084 923 2140 genus
950 2070 1185 2138 peccatis
1214 2070 1523 2123 obnoxium.
1562 2069 1698 2121 Tum
1742 2067 1996 2120 Dominus

433 2158 742 2227 angelorum
775 2156 1067 2218 descendit,
1098 2166 1151 2209 et
1178 2172 1451 2225 respersos
1474 2172 1570 2209 nos
1594 2157 1993 2237 sanguinesuo,

434 2248 642 2302 sanavit
674 2248 740 2299 ab
775 2247 920 2299 omni
950 2247 1262 2299 infirmitate
1291 2253 1630 2313 peccatorum
1669 2253 1993 2297 nostrorum.

435 2334 587 2389 Sicut
616 2336 757 2389 enim
809 2349 904 2403 per
949 2350 1112 2387 unum
1159 2335 1426 2388 hominem
1480 2334 1696 2387 intravit
1752 2348 1895 2386 mors
1945 2333 1996 2384 in

435 2424 687 2478 mundum
719 2424 887 2492 (Rom.
921 2440 972 2488 ν,
1014 2424 1117 2493 l2),
1154 2425 1223 2476 ita
1254 2438 1347 2491 per
1377 2440 1562 2485 unum,
1599 2426 1649 2477 id
1681 2432 1782 2488 est,
1815 2422 1997 2476 Jesum

434 2512 725 2575 Christum,
761 2513 1052 2580 redemptio
1082 2513 1227 2566 venit
1259 2514 1309 2565 in
1339 2514 1611 2565 mundu‘m.

446 2670 451 2671 ν
506 2602 665 2654 Vens.
690 2601 781 2664 22,
806 2601 894 2653 23.
921 2632 987 2639 —
1011 2600 1112 2654 Sed
1138 2612 1182 2654 et
1207 2603 1400 2655 cunctis
1430 2603 1749 2654 sermonibus
1776 2618 1890 2670 qua:
1914 2602 1997 2653 di-

442 2702 629 2744 cuntur
658 2709 719 2744 ne
754 2691 1107 2745 accommodes
1132 2708 1221 2743 cor
1249 2701 1413 2753 tuum,
1440 2708 1501 2743 ne
1527 2692 1657 2759 forte
1680 2692 1864 2743 audias
1895 2708 2001 2743 ser-

439 2796 555 2833 uum
582 2789 727 2831 tuum
765 2781 1149 2832 maletliccntent
1181 2780 1290 2831 tibi.
1324 2778 1431 2832 Scit
1467 2782 1601 2830 enim
1631 2790 1720 2831 tua
1741 2781 2002 2831 conscien—

442 2871 514 2921 tia
536 2871 659 2937 quia
691 2878 735 2921 et
758 2880 812 2921 tu
836 2870 1009 2921 crebro
1032 2868 1345 2921 muledia‘isti
1374 2868 1509 2919 aliis.
1550 2869 1711 2920 Docet
1737 2868 1898 2934 igitur
1918 2881 2001 2919 sa-

441 2957 672 3024 pientem
724 2954 1104 3023 maledicorum
1151 2955 1359 3023 linguas
1411 2970 1514 3007 non
1562 2954 1871 3015 auscultari,
1913 2953 2003 3006 sed

443 3045 716 3113 sapientia:
762 3044 959 3097 auxilio
1008 3043 1366 3097 confortatum
1416 3046 1583 3113 magis
1629 3060 1806 3098 mores
1840 3060 2005 3097 vanos

444 3133 845 3203 parvipenderc,
877 3133 1152 3202 magisque
1182 3133 1519 3186 conscientia:
1545 3130 1701 3201 431
1740 3134 1878 3185 bono
1916 3132 2005 3184 lae-

342 3259 361 3265 -
430 3222 551 3276 ‘tari
598 3237 758 3290 quam
802 3222 1107 3276 maledictis
1140 3223 1327 3276 alienis
1374 3222 1683 3275 contristari
1728 3239 1740 3273 :
1776 3222 2007 3275 maxime

443 3312 537 3382 qui
582 3312 817 3379 seipsum
848 3312 1008 3365 novit"
1038 3311 1323 3397 aliquoties
1351 3312 1470 3365 aliis
1499 3312 1814 3374 detrahere;
1864 3319 1918 3363 et
1962 3312 2007 3365 si

445 3403 550 3457 sibi
585 3403 684 3471 ipsi
716 3403 914 3471 ignosci
939 3403 1205 3456 desideret
1238 3402 1370 3455 alios
1400 3402 1842 3468 reprehendenti,
1891 3402 2009 3455 aliis

452 3507 665 3560 quoque
696 3507 751 3545 se
781 3491 1292 3567 reprehendentibus
1334 3492 1590 3559 ignoscat.
1641 3488 1697 3543 Si
1726 3490 1867 3543 enim
1909 3505 2007 3542 cu-

447 3580 625 3633 riosus
652 3588 733 3631 est
763 3579 1029 3647 quispiam
1058 3579 1183 3646 quid
1218 3579 1306 3631 alii
1332 3580 1398 3632 de
1426 3594 1483 3633 se
1533 3578 1817 3647 loquantur
1844 3587 1897 3632 et
1923 3577 2009 3646 ju-

446 3669 638 3731 dicent,
672 3682 882 3738 semper
928 3671 982 3722 in
1013 3669 1356 3723 tribulatione
1397 3672 1519 3733 erit,
1542 3671 1666 3737 quia
1710 3671 2009 3724 nullatenus

446 3774 546 3813 nec
574 3775 850 3813 servorum
879 3776 1098 3814 suorum
1132 3761 1533 3814 mussitationes
1557 3776 1897 3829 compescere
1919 3777 2009 3815 va-

447 3847 549 3910 let;
575 3856 628 3900 et
658 3848 815 3900 simul
847 3849 1001 3902 docet
1028 3864 1133 3901 non
1158 3848 1690 3915 facilejudicandum,
1715 3857 1767 3901 et
1792 3848 2009 3902 habenti

448 3937 653 3990 trabem
680 3936 731 3988 in
758 3936 929 3999 oculo,
956 3938 1023 3990 de
1050 3938 1252 3991 festuca
1280 3936 1501 3993 alterius
1534 3955 1638 3993 non
1665 3939 2003 4008 loquendum.

517 4024 693 4077 Vens.
718 4023 806 4087 24,
837 4024 925 4079 25.
955 4024 1235 4079 —Cuncta
1256 4028 1446 4079 tentaoi
1467 4028 1520 4079 in
1542 4030 1817 4098 sapientia.
1843 4030 1966 4083 Dixi
1990 4046 2007 4083 .‘

448 4112 663 4184 Sapiens
698 4114 916 4181 efficiar,
947 4124 995 4167 et
1020 4116 1130 4185 ipsa
1165 4115 1367 4184 longius
1401 4119 1606 4170 recessit
1652 4136 1682 4171 a
1729 4135 1806 4172 me
1846 4120 2007 4172 multo

447 4205 611 4273 mgis
639 4221 794 4273 quam
832 4214 984 4269 erat;
1020 4215 1067 4258 et
1113 4205 1220 4258 alta
1260 4207 1612 4275 profunditas,
1642 4210 1755 4277 quis
1792 4210 2010 4261 inveniet

448 4308 562 4346 eam
585 4293 610 4345 ἵ
632 4293 770 4346 Dicit
805 4310 882 4358 se,
929 4303 987 4347 ut
1016 4295 1322 4364 Regnorum
1346 4310 1557 4362 quoque
1582 4305 1844 4348 testantur
1863 4297 2003 4358 libri,

450 4380 587 4433 ultra
613 4396 798 4435 omnes
836 4384 1080 4435 homines
1127 4384 1381 4451 quaesisse
1430 4384 1767 4451 sapientiam,
1816 4393 1869 4437 et
1896 4394 2007 4437 ten-

452 4478 593 4525 tasse
639 4472 705 4525 ad
762 4472 920 4525 ﬁnem
961 4473 1099 4525 illius
1151 4475 1471 4541 pervenire:
1504 4474 1595 4529 sed
1650 4487 1850 4544 quanto
1890 4478 2008 4546 plus

450 4561 739 4628 qmierit,
764 4570 911 4615 tanto
939 4564 1113 4614 minus
1137 4564 1418 4629 reperisse,
1441 4572 1494 4616 et
1525 4565 1577 4617 in
1606 4567 1776 4618 media
1804 4568 2011 4621 demer-

452 4664 569 4701 sum
600 4650 823 4717 caligine
863 4652 1095 4705 tenebris
1123 4653 1433 4719 ignorantiae
1470 4654 1876 4707 circumdatum.
1900 4656 2007 4707 Αιιο

454 4744 535 4791 ter
562 4746 738 4790 autem
772 4756 783 4790 :
833 4740 932 4803 Qui
962 4743 1201 4795 eruditus
1237 4741 1396 4796 fuerit
1424 4744 1475 4795 in
1502 4742 1813 4811 Scripturis,
1839 4761 2008 4814 quan-

455 4834 511 4883 ω
545 4828 664 4898 plus
685 4843 898 4896 surgere
950 4828 1144 4898 [Hier.,
1172 4831 1290 4897 plus
1319 4832 1479 4902 scire]
1519 4836 1759 4901 cceperit,
1788 4843 1934 4887 tanto
1958 4834 2007 4888 ei

454 4916 511 4971 in
536 4918 620 4970 his
641 4918 873 4984 quotidie
892 4920 1065 4970 oritur
1088 4920 1255 4986 major
1280 4922 1578 4976 obscuritas
1605 4943 1613 4975 :
1650 4926 1774 4992 quia
1806 4926 1857 4978 in
1886 4941 2005 4993 spe-

457 5024 481 5061 ‹
507 5009 589 5062 ιιο-
612 5017 665 5060 et
696 5010 921 5078 imagine
945 5012 1200 5073 videmus,
1228 5012 1399 5065 donec
1424 5013 1620 5077 veniat,
1669 5016 1809 5081 quod
1837 5015 2009 5083 perl‘e-

458 5113 504 5150 ct
530 5113 601 5151 tm
655 5108 715 5151 est
745 5117 759 5162 ;
792 5101 909 5153 ideo
936 5101 1048 5155 huic
1086 5102 1345 5167 sapientia
1389 5104 1693 5156 mortalium
1743 5118 1902 5171 parva
1930 5112 2009 5157 est

459 5187 523 5239 ad
548 5186 650 5239 illa.
682 5206 712 5251 η,
740 5204 859 5255 qua:
893 5188 1089 5243 sanctis
1107 5189 1264 5243 datur
1290 5190 1341 5242 in
1373 5190 1552 5247 futuro
1596 5208 1757 5261 regno
1788 5193 1899 5244 Dei.

533 5276 688 5329 Vrsas.
716 5275 804 5340 26,
838 5278 926 5328 27.
966 5280 1033 5317 —4-
1070 5278 1304 5332 Lnstravi
1329 5282 1562 5333 universa
1600 5284 1771 5335 animo
1797 5298 1929 5341 meo,
1954 5291 2008 5334 ut

460 5367 660 5428 scirem,
780 5366 1179 5431 considerarem,
1208 5380 1253 5439 et
1291 5386 1571 5439 qua'rerem
1610 5374 1935 5439 sapientiam,
1964 5380 2010 5422 et

464 5456 730 5517 rationem,
755 5466 801 5506 et
830 5463 882 5505 ut
907 5469 1255 5521 cognoscerem
1279 5460 1585 5527 impietatem
1603 5460 1768 5525 stulti,
1795 5472 1841 5515 et
1872 5480 2011 5516 erro-

467 5555 568 5591 rem
598 5544 969 5609 imprudentum
991 5561 1007 5607 ,'
1032 5555 1076 5597 ct
1106 5547 1271 5599 inveni
1292 5552 1611 5601 amariorem
1640 5560 1799 5603 morte
1827 5552 2009 5606 mulio-

466 5642 592 5693 rem,
617 5647 729 5699 qua?
755 5634 963 5703 laqueus
1008 5649 1301 5689 venatorum
1330 5652 1420 5702 est,
1466 5650 1510 5692 ct
1547 5658 1746 5708 sngemr
1774 5660 1858 5694 cor
1881 5645 2010 5711 ejus,

2086 547 2185 615 giet
2230 562 2386 608 eam;
2437 546 2524 610 qui
2578 553 2749 617 autem
2797 553 3035 610 peccator
3077 552 3169 603 est,
3196 542 3426 609 capietur
3444 543 3507 593 ub
3537 542 3649 593 illa.
3706 560 3715 569 ο

2087 635 2218 698 Quia
2251 649 2410 701 supra
2440 632 2788 685 Ecclesiastes
2813 631 3017 683 dixerat
3040 630 3218 683 omnia
3248 644 3305 682 se
3354 630 3405 681 in
3439 630 3650 697 sapien—

2089 724 2158 777 tia
2200 733 2451 786 tentasse,
2488 730 2543 776 et
2570 730 2769 789 quanto
2802 736 2919 774 eam
2968 720 3085 787 plus
3137 720 3459 786 inquisierit,
3503 728 3653 773 tanto

2091 813 2232 865 illam
2260 812 2465 880 longius
2490 810 2789 879 refugisse:
2836 823 2976 862 nunc
3022 808 3115 869 ait,
3142 807 3341 859 ctiilud
3367 805 3419 859 in
3457 822 3551 859 sua
3578 806 3653 858 in—

2088 902 2299 955 venisse
2335 899 2593 968 sapientia
2645 892 2858 956 malum,
2920 897 3061 961 quod
3113 911 3164 947 tn
3202 895 3360 948 rebus
3412 893 3658 967 humanis

2088 989 2266 1043 omnia
2291 989 2529 1040 vinceret
2558 986 2716 1049 mala,
2749 987 2798 1037 id
2834 995 2933 1047 est,
2967 983 3243 1037 mulierem
3276 982 3513 1036 omnium
3542 999 3659 1036 esse

2090 1060 2351 1132 malorum
2381 1084 2560 1143 caput,
2591 1076 2712 1143 quia
2737 1088 2831 1142 per
2859 1073 3000 1125 illam
3024 1087 3170 1126 mors
3196 1073 3246 1124 in
3273 1074 3458 1125 orbem
3490 1081 3657 1125 terra—

2092 1187 2209 1225 rum
2245 1170 2504 1231 introivit,
2533 1177 2586 1221 et
2614 1168 2877 1236 pretiosas
2905 1166 3111 1217 animas
3153 1166 3388 1217 virorum
3420 1165 3577 1232 capit,
3608 1175 3660 1216 et

2092 1275 2212 1313 cum
2253 1259 2305 1311 in
2358 1266 2590 1311 mentem
2630 1256 2809 1308 miseri
2868 1254 3121 1307 amatoris
3170 1254 3438 1319 inciderit,
3498 1256 3663 1307 trahit

2092 1362 2213 1401 eum
2262 1348 2314 1400 in
2346 1362 2604 1415 praeceps,
2635 1361 2731 1399 nec
2767 1355 2889 1398 ante
2917 1345 3077 1413 pedes
3104 1360 3231 1398 suos
3262 1346 3527 1414 respicere
3562 1362 3651 1415 pa-

2094 1442 2243 1503 titur,
2272 1442 2365 1495 sed
2400 1441 2549 1508 quasi
2579 1441 2799 1507 laqueus
2826 1449 2879 1492 et
2909 1454 3119 1506 sagenae
3170 1454 3265 1492 cor.
3300 1439 3658 1494 adolescentis

2096 1532 2335 1584 innectit.
2388 1529 2605 1582 Vincula
2639 1540 2757 1582 sunt
2792 1546 2973 1581 manus
3006 1529 3165 1580 illius.
3218 1528 3273 1581 Id
3298 1539 3401 1591 est,
3434 1531 3662 1585 suadere

2094 1629 2286 1688 potest,
2342 1622 2448 1674 vim
2484 1621 2658 1674 facere
2705 1635 2805 1672 non
2840 1627 3032 1687 potest,
3087 1634 3185 1672 nec
3221 1621 3286 1674 ad
3323 1636 3379 1674 se
3425 1621 3666 1675 nolentes

2097 1714 2433 1782 compellere.
2466 1712 2649 1767 Justus
2696 1713 2785 1780 qui
2820 1712 2982 1765 fuerit
3011 1720 3063 1765 et
3100 1714 3271 1766 bonus
3318 1728 3499 1767 coram
3528 1713 3660 1779 Deo,

2095 1813 2310 1856 eruetur
2356 1803 2421 1855 ab
2447 1818 2507 1855 ea
2539 1817 2551 1853 :
2602 1811 3006 1868 peccatorrvero
3038 1811 3233 1869 captus
3280 1801 3570 1855 deducetur
3598 1802 3665 1853 ad

2097 1901 2340 1946 mortem.
2370 1891 2481 1944 Non
2509 1901 2754 1959 putemus
2790 1891 2916 1943 hinc
2946 1888 3099 1959 [.lls.,
3132 1890 3294 1961 hanc]
3324 1890 3663 1943 Salomoncm

2096 1983 2159 2034 de
2191 1982 2334 2037 omni
2388 1995 2581 2050 genere
2643 1980 2923 2033 mulierum
2980 1980 3263 2047 protulisse
3294 1979 3655 2031 sententiam:

2096 2073 2235 2140 quod
2290 2080 2541 2139 expertus
2589 2080 2673 2123 est
2724 2070 2994 2137 loquitur;
3027 2072 3145 2123 ideo
3200 2072 3394 2138 quippe
3451 2068 3675 2122 ollendit

2099 2162 2285 2222 Deum,
2322 2159 2444 2227 quia
2477 2168 2665 2227 captus
2691 2157 2789 2210 fuit
2816 2175 2844 2211 a
2876 2160 3207 2212 mulieribus.
3249 2160 3316 2211 Et
3341 2160 3451 2212 haec
3474 2174 3663 2211 secun-

2100 2255 2224 2306 dum
2287 2252 2539 2305 litteram.
2581 2251 2845 2305 Caeterum
2908 2252 3198 2304 secundum
3264 2251 3665 2319 intelligentiam

2100 2342 2419 2410 spiritalem,
2472 2342 2720 2394 hazretica
2754 2341 2989 2407 pravitas
3021 2339 3257 2391 mulieris
3286 2338 3496 2391 nomine
3531 2338 3670 2391 desi-

2099 2441 2310 2501 gnatur,
2350 2447 2467 2499 quas
2504 2432 2749 2485 mollibus
2772 2432 3012 2483 incautos
3062 2445 3202 2497 smpe
3236 2429 3359 2496 ligat
3411 2429 3669 2481 sermoni—

2101 2524 2218 2583 bus,
2249 2525 2371 2590 quia
2404 2524 2555 2591 panis
2590 2524 2932 2576 absconditus
2958 2530 3011 2574 et
3048 2537 3200 2588 aquas
3227 2520 3435 2575 furtiva:
3474 2520 3672 2575 dulcio-

2102 2630 2189 2666 res
2225 2613 2600 2680 ins'pientibus
2631 2612 2802 2664 solent
2841 2626 2976 2664 esse.

2169 2704 2331 2755 Vens.
2391 2702 2573 2755 28—50.
2614 2732 2685 2741 ——-
2727 2702 2867 2754 Ecce
2902 2702 2996 2754 hoc
3026 2702 3214 2764 inreni,
3253 2700 3375 2752 dicit
3411 2698 3672 2752 Ecclesia—

2101 2802 2220 2853 stes,
2254 2808 2412 2843 urtum
2451 2800 2498 2842 et
2530 2790 2770 2852 alterunt,
2811 2800 2865 2842 ut
2901 2792 3179 2843 invenirem
3232 2792 3483 2842 rationem
3518 2806 3671 2858 quam

2104 2881 2271 2933 adhuc
2308 2883 2492 2949 qua'rit
2536 2882 2710 2933 animo
2740 2897 2871 2943 mea,
2902 2890 2947 2933 et
2996 2898 3097 2934 non
3150 2883 3339 2934 inveni.
3408 2880 3581 2933 Virum
3609 2882 3673 2934 de

2104 2969 2244 3020 mille
2273 2986 2430 3021 unum
2465 2973 2646 3039 reperi,
2674 2972 2938 3022 mulierem
2986 2989 3049 3027 ex
3075 2972 3309 3023 omnibus
3346 2987 3446 3023 non
3475 2972 3667 3023 inveni.

2111 3055 2446 3109 Solummodo
2476 3057 2571 3108 hoc
2611 3057 2797 3119 inveni,
2836 3059 2973 3126 quod
3022 3060 3197 3125 fecerit
3242 3059 3379 3111 Deus
3420 3060 3676 3113 hominem

2112 3154 2325 3208 rectum,
2374 3154 2419 3197 et
2466 3147 2570 3213 ipse
2604 3162 2655 3198 se
2691 3146 2908 3212 infinitis
2963 3149 3222 3199 miscuerit
3284 3148 3673 3217 quwstionibus.

2108 3233 2298 3288 Omnia
2350 3236 2631 3304 diligenter
2691 3236 2969 3289 tractando
3026 3237 3380 3299 considerari,
3410 3246 3479 3309 rut
3512 3238 3674 3289 rati0«
3718 3252 3722 3257 ‘

2111 3341 2233 3379 nem
2271 3327 2427 3379 unius
2465 3326 2753 3379 alteriusve
2802 3328 2899 3389 rei,
2952 3328 3005 3380 id
3053 3336 3136 3380 est
3188 3326 3550 3393 cujuscunque
3595 3328 3673 3380 rei

2111 3418 2423 3477 invenirem,
2452 3417 2531 3467 vel
2563 3416 2723 3469 etiam
2772 3416 2911 3469 inter
2944 3417 3189 3470 homines
3236 3432 3526 3484 eorumque
3566 3433 3679 3469 mo-

2111 3523 2198 3561 res
2226 3508 2622 3569 discretionem,
2656 3508 2774 3575 quis
2819 3504 3052 3574 perfecte
3084 3507 3255 3559 bonus
3280 3515 3443 3558 esset.
3485 3504 3589 3558 Sed
3612 3520 3675 3558 ex

2110 3598 2359 3652 omnibus
2386 3598 2515 3650 viris
2544 3614 2705 3650 unum
2739 3598 2914 3651 inveni
2943 3596 3175 3665 perfecte
3220 3598 3439 3660 bonum,
3474 3595 3524 3649 id
3560 3608 3662 3657 est,

2110 3686 2382 3740 Christum
2409 3704 2419 3737 :
2454 3687 2592 3738 sicut
2624 3686 2887 3752 Propheta
2938 3686 3105 3739 dicit:
3144 3685 3263 3737 Non
3294 3695 3367 3736 est
3390 3686 3479 3753 qui
3508 3684 3669 3751 faciat

2112 3777 2317 3836 bonum,
2365 3791 2467 3827 non
2518 3783 2591 3826 est
2640 3790 2800 3841 usque
2854 3775 2921 3825 ad
2978 3791 3137 3825 unum
3168 3772 3341 3842 (Psal.
3371 3789 3484 3834 xm,
3517 3772 3566 3833 1,
3599 3772 3675 3839 3).

2114 3862 2271 3916 Solus
2299 3862 2547 3915 Christus
2572 3862 2686 3914 sine
2733 3862 2876 3915 omni
2932 3860 3047 3913 labe
3091 3861 3293 3930 peceati
3327 3862 3571 3914 inventus
3602 3869 3683 3914 est

2110 3953 2298 4005 bonus.
2343 3952 2667 4006 Millenarius
2728 3968 2855 4006 vero
2906 3969 3160 4007 numerus
3209 3969 3304 4020 pro
3363 3961 3671 4006 sanctorum

2110 4042 2431 4094 discretione
2468 4058 2496 4093 a
2523 4044 2917 4108 peccatoribus,
2946 4045 3035 4110 qui
3066 4044 3304 4097 mulieris
3338 4043 3551 4095 nomine
3578 4042 3675 4095 dc—

2112 4130 2411 4199 signantnr,
2438 4130 2538 4183 hoc
2575 4130 2626 4183 in
2658 4130 2772 4183 loco
2816 4132 3046 4198 ponitur.
3092 4132 3184 4184 Vir
3210 4132 3370 4201 igitur
3410 4146 3441 4184 a
3485 4131 3680 4184 virtute

2110 4219 2323 4283 dicitur,
2372 4227 2425 4273 et
2457 4221 2648 4275 mulier
2671 4236 2702 4273 a
2739 4222 2975 4275 mollitie.
3018 4221 3196 4276 Potest
3246 4238 3457 4291 quoque
3488 4224 3679 4277 mulier

2110 4324 2207 4375 pro
2230 4312 2536 4365 carnalibus
2564 4312 2732 4380 accipi
2769 4313 3035 4380 operibus,
3093 4322 3145 4365 et
3174 4313 3275 4377 vir,
3318 4314 3460 4382 quia
3483 4313 3681 4365 virtute

2111 4398 2323 4461 dicitur,
2351 4414 2447 4465 pro
2474 4399 2747 4453 rationalis
2792 4402 2956 4452 animi
2989 4400 3327 4454 excellentia.
3362 4400 3466 4454 Sed
3509 4415 3574 4452 ne
3602 4402 3681 4453 vi—

2110 4488 2325 4541 deretur
2354 4488 2437 4541 his
2458 4490 2793 4543 sermonibus
2824 4506 3157 4544 communem
3202 4493 3419 4545 humani
3468 4494 3711 4560 generis~

2110 4584 2356 4627 naturam
2390 4578 2663 4640 damnare,
2692 4586 2744 4629 et
2774 4578 2939 4631 Deum
2987 4590 3260 4633 auctorem
3300 4580 3479 4634 facere
3532 4582 3679 4643 mali,

2110 4663 2232 4713 dum
2262 4663 2443 4715 talium
2472 4666 2717 4717 conditor
2743 4667 2812 4717 sit
2844 4668 2934 4732 qui
2990 4668 3187 4720 malum
3220 4670 3388 4721 vitare
3423 4685 3525 4721 non
3560 4686 3681 4737 pos-

2109 4761 2251 4814 sunt,
2290 4762 2475 4821 argute
2502 4755 2753 4821 prmcavit
2774 4764 2825 4809 et
2852 4757 2945 4820 ait,
2977 4758 3145 4811 bonos
3178 4773 3275 4811 nos
3303 4760 3499 4811 scimus
3522 4776 3549 4811 a
3572 4760 3679 4813 Deo

2112 4850 2342 4905 creatos,
2380 4844 2473 4896 sed
2509 4843 2633 4911 quia
2668 4844 2834 4898 libero
2862 4861 3044 4899 sumus
3074 4849 3297 4901 arbitrio
3323 4848 3584 4911 derelicti,
3608 4850 3682 4901 vi-

2114 4932 2185 4983 tio
2215 4941 2399 4985 nostro
2434 4934 2498 4986 ad
2523 4934 2704 5000 pejora
2732 4936 2858 4999 labi,
2893 4938 3017 4990 dum
3062 4938 3266 5003 majora
3296 4940 3599 5005 quaerimus,
3624 4950 3679 4993 et

2112 5018 2248 5070 ultra
2276 5020 2415 5073 vires
2458 5033 2669 5075 nostras
2702 5025 2848 5075 varia
2870 5026 3183 5092 cogitamus.

2598 5111 2756 5182 432
2782 5112 3006 5169 CAPUT
3038 5116 3165 5169 vnl.

2183 5202 2342 5254 Vsus.
2374 5203 2423 5255 l.
2461 5234 2531 5242 —
2569 5204 2697 5268 Quis
2729 5206 2847 5257 talis
2888 5216 2941 5257 ut
2994 5209 3195 5275 sapiens
3218 5217 3310 5270 est,
3344 5217 3391 5261 et
3438 5210 3552 5277 quis
3591 5226 3675 5261 co-

2114 5295 2281 5362 gnovit
2316 5294 2621 5346 solutionem
2661 5295 2795 5347 uerbi
2824 5296 2847 5347 ?
2885 5295 3153 5364 Sapientia
3197 5298 3422 5353 hominis
3465 5299 3594 5351 lucet
3619 5302 3671 5352 in

2116 5380 2254 5433 vultu
2284 5382 2417 5449 ejus,
2448 5391 2495 5433 et
2538 5383 2917 5449 potentissimus
2945 5384 3127 5451 faciem
3164 5386 3277 5454 ejus
3323 5388 3671 5439 commutavit.

2118 5466 2288 5535 Supra
2328 5468 2583 5521 docuerat
2626 5467 2837 5523 dill‘icilc
2865 5472 3059 5525 bonum
3106 5473 3374 5527 hominem
3423 5474 3673 5535 inveniri,

2117 5562 2168 5606 et
2199 5555 2496 5610 venientem
2524 5566 2708 5611 contra
2758 5559 2990 5614 eluserat
3030 5562 3376 5629 quaestionem
3406 5564 3610 5623 dicens,
3640 5580 3673 5615 a

2122 5647 2225 5702 Deo
2255 5648 2422 5705 bonos
2447 5652 2685 5707 homines
2712 5652 2973 5716 conditos,
3020 5650 3108 5706 sed
3138 5660 3321 5720 sponte
3352 5668 3447 5707 sua
3479 5654 3527 5706 in
3550 5668 3674 5723 pec-
