4230 6218
556 310 660 372 69⁸9

553 438 740 483 catum
765 424 961 493 lapsos.
986 420 1145 475 Nunc
1180 419 1308 487 quid
1337 418 1477 472 bono
1503 415 1704 470 homini
1728 412 1936 467 dederit
1959 410 2118 473 Deus,
2153 415 2197 470 Α

554 517 712 588 quasi
756 511 1137 585 gloriabundus
1187 514 1488 573 enumerat,
1538 503 1854 572 sapientiam
1898 499 2121 559 scilicet,
2176 548 2183 553 .

560 607 827 662 rationem
854 599 1171 672 prudentia,
1200 595 1411 651 occulta
1456 594 1550 647 Dei
1580 605 1737 647 nosse
1765 589 2039 660 mysteria,
2071 596 2127 641 et

557 708 756 749 arcana
777 688 893 757 ejus
920 702 1080 743 sensu
1123 685 1299 739 cordis
1327 683 1548 736 intrare.
1605 680 1831 748 Oblique
1857 688 2035 732 autem
2060 677 2125 731 de

556 799 615 838 sc
646 782 882 850 loquitur
908 778 1050 855 quod
1091 790 1247 830 nemo
1274 775 1348 847 ita
1384 772 1544 827 fuerit
1568 772 1784 840 sapiens
1812 778 1870 823 ut
1908 769 2038 838 ipse,
2070 776 2126 821 et

556 874 735 927 nullus
756 871 834 925 sic
860 869 1022 923 Sciret
1044 865 1379 936 problemata
1397 871 1452 916 et
1472 860 1800 924 solutiones;
1827 866 1882 914 et
1906 858 2122 926 sapien-

556 967 629 1021 tia
674 964 791 1033 ejus
840 978 869 1015 a
900 967 1095 1015 cuncto
1122 956 1337 1010 laudata
1385 954 1457 1008 sit
1504 952 1719 1023 populo,
1756 965 1875 1020 qua:
1904 964 2009 1003 non
2038 962 2126 1002 so-

558 1059 667 1111 lum
700 1055 1026 1110 intrinsecus
1056 1049 1293 1111 latuerit,
1322 1047 1415 1101 scd
1445 1057 1499 1101 et
1529 1047 1581 1099 in
1612 1043 1893 1115 superﬁcie
1936 1055 2125 1110 corpo-

556 1150 632 1201 ris
664 1155 716 1200 et
742 1144 957 1214 speculo
975 1141 1152 1196 vultus
1176 1139 1428 1199 eluserit,
1471 1137 1716 1206 ultraque
1741 1148 1926 1188 omnes
1953 1133 2126 1187 homi-

555 1254 652 1291 ltt's
678 1234 1017 1304 prudentiam
1049 1230 1244 1284 mentis
1270 1228 1323 1280 iu
1366 1226 1502 1281 facie
1530 1240 1626 1279 sua
1670 1224 1921 1294 pinxerit.
1975 1221 2143 1275 Multi

550 1332 675 1378 sunt
704 1322 795 1389 qui
814 1320 1135 1389 promittunt
1154 1315 1472 1385 sapientiam
1494 1322 1550 1367 ct
1571 1311 1887 1367 solutionem
1906 1326 1964 1365 se
1984 1310 2124 1364 scire

550 1413 745 1467 divinae
799 1409 1111 1477 Scriptura},
1144 1406 1237 1460 sed
1283 1404 1435 1473 pauci
1485 1411 1611 1457 sunt
1656 1404 1746 1470 qui
1780 1402 2125 1454 veramim'e-

552 1502 707 1555 uiant
740 1497 1061 1552 solutionem
1097 1507 1304 1547 meam.
1348 1491 1452 1546 Sed
1491 1500 1545 1544 et
1568 1490 1670 1544 hoc
1714 1490 1991 1543 sciendum
2018 1495 2121 1551 est,

551 1589 696 1660 quod
724 1589 941 1658 sapiens
982 1599 1122 1655 saepe
1152 1583 1391 1637 moribus
1431 1579 1740 1650 agnoscitur
1784 1578 2043 1641 honestis,
2070 1586 2126 1633 et

552 1682 670 1734 visu
696 1675 1023 1735 discernitur
1043 1693 1072 1729 a
1102 1676 1284 1730 stulto.

1400 307 1458 360 Β.
1497 305 1557 359 Ιθ.
1597 301 1821 358 ALBINI
1860 298 1990 356 SEU
2030 298 2301 355 ALCUlNl
2341 297 2627 362 (ιιιειιυιι
2664 296 2841 351 PARS
2881 295 2939 349 ll.

3689 298 3793 352 ’7υο

2406 408 2575 459 Nescia
2599 422 2738 458 mens
2761 408 2965 458 hominis
2987 407 3068 457 tati
3092 420 3330 470 sortisque
3348 409 3542 458 future.
3570 460 3604 467 _

3110 490 3248 541 Vino.
3270 491 3456 541 .Eneid.
3494 504 3546 542 x.

2295 616 2550 683 Quamvis
2596 631 2751 672 nemo
2797 617 2868 687 sit
2917 617 3164 671 conscius
3227 617 3295 668 l'u'
3350 630 3550 680 rerum,
3612 626 3795 672 tamen

2226 708 2366 762 scire
2391 708 2549 762 debet
2571 707 2752 761 omnia
2778 723 2808 762 a
2830 707 2939 761 Deo
2960 707 3334 762 ad'utilitatem
3357 707 3630 760 hominum
3654 705 3794 772 ﬁeri,

2224 807 2277 851 et
2306 813 2408 851 non
2453 798 2653 866 absque
2671 794 2786 863 ejus
2812 797 3082 852 voluntate
3106 796 3338 865 disponi,
3377 797 3491 851 sine
3515 797 3666 865 cujus
3687 797 3801 852 dis-

2225 889 2487 957 positione
2518 903 2617 943 nec
2644 904 2784 942 unus
2815 902 3002 957 passer
3029 888 3082 941 in
3105 888 3352 957 laqueum
3377 886 3540 941 cadit.

2298 977 2457 1030 Vens.
2487 978 2543 1030 8.
2579 1006 2649 1016 —-
2685 975 2807 1029 Non
2836 985 2910 1030 est
2935 975 2990 1029 in
3015 977 3240 1030 hominis
3268 976 3461 1029 ditione
3493 974 3641 1046 [Ms.,
3673 991 3800 1029 cort-

2224 1064 2437 1136 ditione]
2452 1065 2718 1134 prohibere
2738 1066 2997 1132 spiritum,
3026 1081 3116 1118 nec
3140 1065 3290 1117 habet
3310 1073 3614 1134 potestatem
3632 1064 3689 1119 in
3711 1064 3801 1121 die

2224 1156 2426 1218 mortis,
2476 1173 2565 1210 nec
2614 1158 2805 1210 sinitur
2848 1157 3109 1227 quiescere
3137 1156 3408 1225 ingruente
3454 1154 3605 1220 bello,
3632 1148 3800 1226 neque

2224 1245 2439 1298 salrabt't
2466 1246 2703 1314 impietas
2725 1245 2964 1316 impium.
3005 1242 3122 1298 Non
3152 1252 3235 1298 εει
3260 1259 3389 1315 ergo
3432 1244 3720 1314 lugendum
3747 1247 3795 1299 si

2225 1337 2403 1390 futura
2432 1324 2570 1391 seire
2594 1353 2699 1391 non
2736 1352 3041 1406 possumus,
3090 1345 3145 1391 et
3182 1352 3321 1406 smpe
3369 1338 3437 1392 ab
3466 1338 3664 1408 iniquis
3698 1353 3797 1408 po-

2225 1425 2543 1480 tentioribus
2560 1426 2945 1495 epprimamur,
2975 1441 3097 1479 cum
3122 1435 3297 1481 morte
3313 1428 3494 1483 omnia
3516 1427 3795 1492 ﬁniantur,

2224 1527 2278 1569 et
2301 1514 2562 1584 superbus
2592 1524 2646 1568 et
2672 1522 2863 1583 potens
2887 1515 2979 1584 qui
3004 1523 3196 1570 cuncta
3242 1516 3530 1587 populatus
3557 1525 3659 1581 est,
3685 1534 3796 1573 non

2225 1604 2364 1659 valet
2388 1605 2623 1659 animam
2655 1619 2806 1659 suam
2855 1606 3110 1670 retinere,
3141 1620 3263 1660 eum
3290 1606 3441 1660 exire
3470 1604 3692 1675 iubetur
3728 1606 3799 1662 de

2225 1701 2487 1762 corpore;
2526 1709 2624 1749 nec
2644 1709 2769 1748 eum
2808 1695 3034 1750 salvabit
3068 1696 3315 1765 impletas
3357 1710 3477 1761 sua,
3501 1697 3596 1750 sed
3625 1697 3799 1765 magis

622 1771 785 1824 Vsus.
816 1768 926 1821 2-4.
967 1794 1036 1806 --
1066 1765 1179 1834 Ego
1231 1780 1286 1816 as
1340 1763 1471 1832 regis
1517 1762 1748 1825 οὐκετι-ο,
1787 1771 1833 1814 et
1866 1770 2120 1831 prrrcepta
2153 1752 2161 1810 l

2227 1760 2479 1852 aggrat'at
2500 1785 2552 1837 in
2582 1784 2669 1839 die
2699 1785 2877 1840 exitus
2904 1784 3010 1849 sui,
3032 1786 3157 1840 dum
3184 1785 3393 1839 meritis
3412 1786 3634 1855 aequalia
3659 1787 3797 1840 reci-

545 1859 830 1926 jurameuti
856 1857 971 1910 Dei.
1016 1855 1097 1909 Ne
1136 1854 1345 1924 festines
1378 1853 1610 1907 recedere
1636 1869 1668 1905 α
1690 1851 1825 1917 facie
1861 1852 1995 1920 ejus,
2030 1866 2122 1902 ne-

547 1967 646 2019 que
674 1965 977 2021 permaneas
1004 1949 1058 2000 in
1080 1962 1229 2015 opere
1258 1944 1415 2007 malo,
1458 1946 1580 2013 quia
1609 1960 1759 1997 autne
1778 1943 1918 2014 quod
1946 1943 2120 1998 ralite-

550 2040 634 2102 rit,
676 2040 850 2107 faciet,
882 2047 927 2089 et
956 2052 1123 2090 sermo
1162 2034 1306 2087 illius
1350 2044 1596 2103 potestate
1652 2034 1835 2104 plenus
1881 2045 1996 2088 est:
2028 2050 2119 2089 nec

547 2128 720 2182 dicere
741 2127 1014 2197 quisquam
1052 2133 1239 2194 potest,
1284 2139 1446 2193 quare
1489 2124 1561 2176 ita
1608 2123 1774 2192 facias
1801 2122 1827 2174 Ρ
1861 2123 1935 2177 De
1959 2137 2023 2176 eo
2048 2123 2122 2177 si-

547 2218 761 2284 quidem
793 2218 999 2270 i'idetur
1030 2215 1229 2276 dicere,
1264 2214 1331 2268 de
1358 2229 1465 2282 quo
1512 2214 1563 2267 in
1587 2213 1802 2267 Psalmo
1825 2218 2075 2265 cantatur
2104 2225 2118 2264 :

552 2307 769 2360 Domine
817 2307 870 2357 in
900 2306 1082 2359 virtute
1137 2314 1227 2356 tua
1260 2302 1524 2357 la’tabitur
1567 2319 1665 2361 rex,
1713 2300 1885 2373 (Psal.
1924 2317 2014 2365 xx,
2050 2302 2117 2371 l).

549 2409 605 2453 et
635 2400 689 2452 in
713 2398 819 2452 alio
848 2397 984 2459 loco,
1017 2406 1073 2449 ut
1101 2394 1279 2449 Patris
1328 2407 1382 2448 et
1404 2395 1523 2449 Filii
1569 2411 1787 2469 regnum
1798 2396 2115 2475 _t_i‘n_pm:vsi:

547 2489 849 2558 guilicetur,
901 2488 1177 2557 Scriptura
1220 2497 1649 2543 commemorat:
1686 2470 2120 2557 [1εᾶῗὶἷᾶἱῖὶίὶηί

547 2591 693 2633 tuum
723 2580 827 2648 regi
881 2579 970 2643 da,
1013 2588 1060 2633 ct
1095 2579 1359 2648 justitiam
1406 2588 1553 2633 tuam
1599 2577 1710 2646 [ilio
1757 2578 1890 2648 regis
1946 2577 2119 2651 (Psal.

548 2687 693 2733 Lxxt,
730 2671 803 2738 l).
848 2668 971 2722 Non
1016 2671 1153 2722 enim
1194 2667 1405 2738 judicat
1445 2667 1611 2722 Pater
1667 2685 1998 2740 quemquam,
2030 2670 2121 2723 sed

547 2777 698 2815 omne
736 2762 1000 2830 judicium
1049 2758 1193 2814 dedit
1247 2759 1387 2814 Filio
1438 2762 1615 2831 (Joan.
1644 2761 1831 2834 v,‘22).
1894 2760 1995 2828 Qui
2025 2777 2121 2816 rex

551 2854 712 2915 titius,
762 2852 852 2906 Dci
897 2851 1074 2909 Patris
1110 2852 1252 2921 regis
1276 2860 1358 2905 est
1404 2851 1560 2906 (ilius.
1602 2851 1771 2919 llujus
1818 2852 1999 2923 itaque
2028 2869 2121 2907 cu-

550 2942 825 2996 stodieuda
863 2950 987 2994 sunt
1021 2951 1307 3010 pnccepta,
1367 2943 1457 3011 qui
1506 2943 1621 2996 ait:
1659 2941 1717 2997 Si
1756 2944 1828 2997 eis
1858 2944 2013 2997 vitam
2039 2946 2121 2998 in-

546 3034 708 3119 gredi,
733 3049 877 3085 serva
899 3032 1147 3086 mandata
1178 3032 1389 3104 (Matth.
1424 3051 1534 3096 xix,
1570 3036 1672 3105 l7).
1698 3034 1960 3089 Admonet
1987 3050 2121 3104 quo-

2223 1872 2300 1940 pit
2327 1871 2460 1937 suis,
2484 1880 2539 1925 et
2566 1872 2846 1943 ingruente
2897 1887 3058 1942 super
3083 1888 3141 1929 se
3165 1874 3304 1929 bello
3344 1876 3573 1931 miseria:
3603 1890 3795 1944 pecea-

2227 1968 2405 2015 torum
2432 1976 2671 2027 suorum,
2704 1961 2898 2016 salvari
2926 1978 3031 2017 non
3074 1965 3291 2033 poterit,
3318 1980 3385 2018 eo
3404 1966 3548 2033 quod
3569 1964 3796 2034 negligit

2225 2046 2379 2118 μη,
2408 2048 2501 2118 qui
2524 2048 2779 2121 neglexit]
2815 2058 3022 2119 tempus
3053 2053 3400 2119 poenitentiae.

2290 2134 2449 2208 533
2494 2137 2653 2192 Vens.
2693 2138 2845 2193 9-H.
2880 2168 2951 2179 —
2986 2137 3177 2193 Omnia
3212 2140 3323 2193 Ιιωο
3358 2140 3706 2203 considerari,
3747 2152 3797 2194 et

2219 2226 2339 2279 dedi
2366 2242 2457 2279 cor
2477 2243 2647 2280 meum
2675 2228 2731 2281 in
2760 2230 2959 2281 cunctis
2989 2228 3228 2297 operibus
3248 2246 3364 2300 qua:
3387 2230 3523 2297 fiunt
3545 2231 3639 2284 sub
3662 2231 3793 2283 sole.

2221 2314 2495 2369 Interdum
2531 2314 2834 2369 dominatur
2873 2317 3025 2370 homo
3066 2319 3264 2372 homini
3292 2321 3347 2373 in
3384 2320 3581 2374 malum
3619 2310 3795 2376 suum.

2198 2401 2349 2469 {fdi
2386 2404 2572 2473 impios
2608 2405 2856 2474 sepultos,
2886 2408 2977 2475 qui
3006 2409 3162 2460 etiam
3190 2423 3307 2461 cum
3344 2409 3515 2463 adhuc
3550 2412 3797 2478 viverent,

2218 2493 2275 2545 in
2312 2491 2425 2546 loco
2462 2504 2641 2547 sancto
2676 2506 2822 2548 erant
2841 2536 2855 2559 ,
2885 2506 2932 2549 et
2962 2494 3313 2550 laudabuntur
3337 2498 3393 2551 in
3417 2500 3619 2570 ciuitate
3645 2517 3802 2569 quas:

2210 2582 2478 2651 justorum
2506 2598 2736 2651 operum.
2770 2581 2875 2636 Sed
2897 2592 2946 2636 et
2975 2584 3069 2637 hoc
3092 2586 3292 2639 vanitas
3315 2570 3409 2639 est.
3441 2584 3647 2640 Etenim
3671 2605 3800 2657 quia

2220 2687 2323 2724 non
2368 2670 2632 2739 profertur
2671 2670 2772 2724 cito
2813 2674 3065 2726 sententia
3116 2690 3327 2742 operum
3378 2684 3558 2745 contra
3606 2677 3797 2743 malos,

2220 2760 2410 2830 absque
2456 2760 2562 2814 ulla
2611 2762 2796 2815 timore
2840 2763 2938 2830 filii
2981 2764 3247 2817 hominum
3293 2775 3588 2836 perpetrant
3629 2767 3795 2821 mala.

2220 2850 2371 2904 llaue
2405 2852 2723 2904 sententiam
2759 2850 2946 2905 beatus
2982 2850 3336 2924 Hieronymus
3373 2854 3445 2908 ita
3478 2855 3799 2924 interpreta-

2219 2950 2307 2995 tus
2332 2949 2416 2995 est
2443 2959 2455 2992 :
2486 2941 2635 3003 Dedi,
2670 2941 2870 3009 inquit,
2899 2957 2993 2995 eor
3020 2957 3228 3004 meum,
3255 2952 3316 2997 ut
3342 2960 3504 3016 omne
3524 2946 3665 3013 quod
3695 2947 3800 3000 sub

2220 3032 2334 3087 sole
2375 3032 2577 3101 geritur
2625 3030 2883 3097 intuerer,
2932 3041 2988 3087 et
3031 3034 3134 3087 hoc
3183 3032 3311 3105 [vel]
3357 3035 3608 3098 maxime,
3656 3037 3802 3103 quod

550 3138 651 3191 que
685 3106 791 3176 non
822 3136 942 3177 esse
986 3088 1319 3177 discutienda
1371 3088 1647 3191 prtccepta,
1681 3124 1793 3185 Dei,
1823 3138 1991 3193 quare
2006 3088 2120 3180 lhoe
2146 3088 2194 3151 ο
2228 3123 2388 3177 homo
2417 3125 2470 3176 in
2500 3122 2740 3176 homines
2768 3122 2957 3191 accipit
2990 3088 3335 3190 potesta‘tem‘,
3364 3129 3425 3175 ut
3451 3088 3804 3191 quoscutique

551 3210 630 3264 vel
652 3210 778 3263 illud
790 3211 1120 3280 przeceperit,
1145 3212 1235 3265 sed
1250 3212 1603 3282 quodcunque
1626 3212 1816 3267 viderit
1834 3229 1953 3269 esse
1976 3231 2123 3268 man-

510 3288 517 3303 “
550 3304 754 3364 datum,
787 3301 887 3355 hoc
914 3301 998 3371 pia
1056 3317 1206 3357 tuens
1260 3304 1490 3356 hominis
1535 3303 1753 3371 implere
1802 3301 2035 3367 festinet,
2067 3312 2124 3357 ut

550 3394 622 3447 sit
649 3393 703 3447 in
734 3392 849 3463 lege
874 3393 1083 3446 Domini
1112 3392 1357 3446 voluntas
1400 3390 1515 3459 ejus
1546 3392 1630 3445 die
1668 3406 1731 3445 ac
1756 3401 1930 3447 nocte.
1970 3391 2125 3446 Jura-

554 3491 792 3536 mentum
838 3483 929 3536 Dei
957 3483 1152 3537 dicitur
1176 3499 1273 3552 pro
1304 3481 1661 3538 affirmatione
1683 3485 1960 3538 sententia:
1984 3485 2122 3554 ejus,

550 3592 670 3645 qua:
704 3574 1008 3629 nullatenus
1046 3575 1315 3629 immutari
1365 3575 1579 3643 poterit.
1620 3574 1822 3628 idcirco
1842 3574 2121 3627 consilium

552 3668 643 3720 dat
670 3682 738 3720 ne
786 3675 989 3720 stemus
1043 3665 1095 3718 in
1122 3679 1283 3732 opere
1335 3664 1491 3725 malo,
1557 3664 1682 3733 quia
1741 3664 1910 3718 nescit
1964 3665 2125 3719 homo

549 3755 679 3824 quid
705 3762 928 3807 ventura
966 3754 1140 3823 pariat
1169 3754 1300 3807 dies.
1338 3753 1503 3822 Igitur
1541 3755 1819 3821 pmnitenti
1858 3752 2123 3824 [Ms.,pa-

551 3843 726 3915 tienti]
754 3844 1079 3913 indulgentia
1127 3845 1387 3911 promissa
1422 3852 1524 3906 est,
1572 3846 1841 3898 crastinus
1862 3845 1975 3899 dies
1996 3860 2122 3899 vero

551 3934 750 3990 nemini
780 3942 960 3986 certus
1003 3941 1104 3985 est.
1137 3933 1259 3985 ldeo
1300 3932 1430 3985 dicit
1477 3930 1794 4003 Scriptura:
1829 3933 1910 3988 Ne
1950 3936 2121 3989 tardes

550 4028 781 4083 converti
823 4025 891 4077 ad
920 4025 1199 4078 Dominum
1230 4022 1418 4095 (Eccli.
1447 4041 1498 4089 ν,
1533 4026 1609 4095 8).

622 4120 780 4174 Vens.
816 4119 866 4173 5.
906 4149 976 4159 —-
1014 4118 1117 4183 Qui
1146 4116 1445 4171 custodierit
1475 4119 1779 4171 mandatum
1809 4118 1959 4189 [Ms.,
1988 4137 2122 4190 prte-

550 4209 797 4280 eeptum],
844 4226 946 4265 non
973 4210 1263 4278 experietur
1317 4208 1369 4258 in
1402 4207 1576 4273 futuro
1639 4206 1922 4277 quidquam
1973 4207 2118 4261 mali.

551 4301 651 4367 Qui
680 4301 730 4353 iu
760 4302 861 4355 hoc
887 4298 1079 4353 smeulo
1106 4305 1426 4367 praeceptum
1471 4297 1681 4351 Domini
1732 4296 1983 4361 custodit,
2016 4314 2121 4352 nou

553 4391 858 4460 experietur
878 4390 1165 4459 quidquam
1195 4388 1339 4441 mali.
1389 4388 1610 4458 Tempus
1662 4396 1709 4441 et
1740 4389 2119 4456 responsionem

557 4502 645 4541 cor
670 4483 916 4552 sapientis
943 4482 1198 4550 intelligit.
1230 4480 1477 4549 Praecipit
1513 4490 1690 4533 autem
1717 4488 1771 4532 et
1797 4480 1937 4548 regis
1958 4480 2122 4547 impe-

560 4576 721 4638 rium,
753 4574 805 4627 id
838 4582 919 4627 est
956 4568 1180 4631 Christi,
1216 4570 1661 4643 conservandum,
1711 4577 1766 4623 et
1794 4571 1933 4624 scire
1974 4571 2123 4640 quid,

559 4674 613 4720 et
639 4680 821 4732 quare,
854 4672 905 4717 et
930 4679 1034 4733 quo
1062 4662 1516 4733 tcmporejubeat.

630 4754 793 4807 Vens.
822 4752 873 4812 6,
907 4754 958 4803 ’1.
998 4783 1068 4792 ——
1107 4752 1259 4805 Omni
1286 4753 1484 4821 negotio
1521 4762 1719 4821 tempus
1745 4761 1837 4814 est,
1864 4763 1911 4806 et
1942 4770 2127 4822 oppor—

560 4845 773 4908 tunitas,
814 4853 860 4895 et
898 4841 1057 4894 multa
1098 4842 1321 4894 hominis
1352 4843 1576 4911 aﬂlictio,
1618 4842 1741 4910 quia
1770 4843 1974 4912 ignorat
1998 4855 2127 4913 prm-

561 4936 733 4997 terita,
765 4944 809 4987 et
843 4934 1019 5001 futura
1045 4932 1187 4986 nullo
1215 4933 1345 4986 scire
1392 4941 1555 5002 potest
1605 4933 1811 4985 nuncio.
1852 4932 2005 4987 Omni
2038 4950 2130 4989 nc-

564 5030 724 5099 gotio,
758 5027 850 5088 ait,
880 5036 1084 5093 tempus
1104 5034 1204 5089 est,
1242 5026 1379 5081 idem
1405 5024 1559 5097 [Ms.,
1589 5024 1640 5079 id
1666 5024 1768 5096 est]
1792 5026 1933 5094 quod
1964 5025 2017 5079 in
2044 5043 2130 5080 su-

564 5135 628 5187 pe
638 5120 865 5170 tioribus
889 5118 1042 5181 dixit,
1057 5118 1235 5172 omnia
1248 5118 1699 5185 opportunitatem
1722 5114 1950 5170 habere:
1968 5132 2132 5184 quon-

566 5211 686 5262 dam
706 5207 805 5261 fuit
819 5215 1025 5276 tempus
1038 5207 1481 5271 circumcisionis,
1496 5208 1588 5262 sed
1603 5207 1761 5263 modo
1776 5214 1984 5276 tempus
2012 5221 2133 5275 gra-

567 5299 671 5349 ti:e.
700 5294 906 5347 Etenim
924 5294 1074 5365 [Ms.,
1091 5306 1170 5350 est
1187 5294 1353 5364 enim]
1373 5310 1559 5363 magna
1577 5295 1791 5349 aﬂlictio
1803 5294 2014 5365 generis
2033 5294 2129 5346 hu—

575 5383 875 5450 mani,quiu
895 5386 958 5438 ad
977 5384 1214 5439 laborem
1244 5386 1402 5439 homo
1426 5384 1680 5447 nascitur,
1696 5394 1748 5439 ct
1768 5385 1931 5439 variis
1946 5383 2129 5456 aﬂligi-

573 5481 660 5524 tur
684 5471 1134 5535 tribulationibus,
1152 5474 1237 5543 cui
1252 5489 1389 5542 saepe
1413 5474 1554 5528 aliud
1574 5475 1769 5538 evenit,
1787 5484 1839 5529 ct
1856 5476 1994 5529 aliud
2012 5492 2128 5545 spc-

574 5566 691 5619 rat;
717 5559 783 5611 ab
805 5559 969 5614 altero
994 5564 1093 5617 sibi
1120 5562 1261 5615 velut
1279 5564 1345 5617 ab
1372 5565 1521 5617 hoste
1543 5572 1713 5625 cavet,
1738 5573 1792 5617 et
1820 5564 2128 5632 alteriusja-

577 5647 695 5702 culo
708 5649 1034 5721 vulneratur,
1049 5654 1172 5723 quia
1189 5654 1488 5709 nesciusest
1503 5654 1684 5720 futuri,
1705 5654 1835 5709 sicut
1853 5662 2006 5723 pocla
2022 5657 2121 5709 uit:

2224 3214 2337 3267 vult
2358 3254 2371 3277 ,
2402 3213 2600 3282 allligat
2628 3223 2787 3282 atque
2818 3213 3151 3266 condemnet.
3183 3211 3317 3267 Cum
3345 3213 3524 3282 itaque
3561 3222 3802 3268 mentem

2222 3317 2397 3356 meam
2429 3303 2495 3356 ad
2535 3303 2649 3357 haec
2683 3303 2934 3356 intuenda
2966 3302 3281 3371 dirigerem,
3311 3303 3417 3358 vidi
3455 3303 3646 3373 impios
3676 3317 3803 3357 cum

2223 3396 2315 3449 tali
2346 3395 2595 3465 opinione
2620 3403 2877 3458 mortuos,
2905 3403 2959 3447 et
2987 3394 3063 3447 sic
3091 3393 3342 3462 sepultos,
3368 3402 3427 3449 ut
3454 3394 3626 3448 sancti
3650 3392 3801 3449 aesti-

2223 3495 2501 3540 marentur
2538 3487 2588 3539 in
2625 3495 2786 3549 terra,
2818 3485 2980 3553 quod,
3022 3486 3436 3549 cum'viverent,
3472 3484 3806 3553 putabantur

2222 3577 2365 3647 digni
2393 3592 2511 3632 esse
2550 3576 2802 3631 Ecclesiae
2840 3575 3129 3645 principes,
3163 3584 3219 3629 et
3256 3574 3454 3645 templo
3482 3573 3610 3637 Dei;
3638 3582 3695 3629 et
3719 3574 3805 3629 in-

2221 3683 2384 3738 super
2408 3667 2744 3722 ambulantes
2777 3668 2963 3720 tumidi
3004 3667 3358 3721 laudabantur
3384 3666 3439 3719 in
3476 3666 3634 3721 malis
3664 3666 3801 3731 suis,

2221 3760 2362 3814 sicut
2401 3760 2657 3829 scriptum
2697 3766 2823 3813 est:
2857 3756 3128 3811 Laudatur
3162 3768 3401 3828 peccator
3437 3760 3492 3813 in
3529 3758 3804 3814 desideriis

2222 3851 2412 3905 animm
2440 3859 2568 3911 sum,
2597 3856 2645 3900 et
2669 3848 2756 3916 qui
2784 3849 2963 3918 iniqua
2992 3849 3141 3916 gerit,
3174 3848 3489 3902 benedicitur
3515 3846 3687 3918 (Psal.
3720 3865 3803 3917 ix,

2221 3940 2332 4008 ει).
2366 3938 2478 3993 lloc
2501 3946 2678 3991 autem
2704 3944 2987 4006 propterea
3015 3937 3191 3990 evenit
3218 3938 3359 4005 quod
3388 3951 3544 3991 nemo
3567 3950 3804 4005 peccan-

2221 4032 2363 4083 tibus
2398 4029 2660 4099 episc0pis
2690 4028 2849 4082 audet
2884 4026 3280 4089 contradicere;
3322 4039 3422 4079 nec
3450 4027 3627 4079 statim
3658 4027 3806 4083 Dcu's

2222 4120 2291 4173 oh
2338 4120 2513 4173 scelus
2556 4119 2856 4181 ulciscitur,
2906 4117 3000 4171 sed
3048 4113 3222 4170 dill‘ert
3264 4130 3498 4185 poenam,
3542 4132 3663 4171 cum
3708 4131 3805 4171 ex—

2223 4208 2425 4278 spectat
2460 4209 2847 4279 paenitentiam.
2879 4206 3198 4263 Peccatores
3229 4218 3406 4261 autem
3433 4207 3524 4276 qui
3560 4221 3665 4261 non
3694 4215 3807 4261 sta-

2225 4298 2320 4352 tim
2347 4299 2519 4368 arguti
2546 4304 2705 4367 atque
2734 4297 2964 4351 correcti
2994 4305 3145 4361 sunt,
3189 4302 3438 4367 putantes
3464 4309 3804 4364 nequaquam

2225 4388 2462 4443 futurum
2498 4403 2617 4441 esse
2642 4388 2899 4456 judicium
2918 4425 2931 4451 ,
2965 4388 3017 4441 iu
3050 4387 3251 4441 scelere
3275 4394 3642 4455 perseverant.
3670 4384 3807 4440 Pos-

2226 4494 2410 4532 sunms
2448 4480 2549 4533 hoc
2584 4478 3216 4549 testimoniumaccipere
3242 4480 3499 4533 adversus
3521 4477 3807 4546 episcopos

2228 4571 2317 4639 qui
2359 4577 2682 4639 acceperunt
2722 4570 2775 4623 iu
2816 4569 3053 4623 Ecclesia
3098 4576 3439 4638 potestatem,
3481 4576 3537 4622 et
3578 4569 3807 4624 scanda-

2226 4661 2392 4713 lizant
2416 4661 2584 4731 magis
2602 4676 2696 4714 eos
2717 4674 2850 4730 quos
2872 4660 3064 4714 docere
3088 4668 3145 4714 et
3168 4658 3234 4711 ad
3261 4658 3479 4713 meliora
3509 4659 3809 4714 debuerant

2227 4750 2469 4804 incitare.
2520 4750 2582 4803 lli
2633 4749 2942 4817 frequenter
2983 4756 3105 4816 post
3148 4758 3376 4804 mortem
3423 4749 3703 4804 laudantur
3748 4748 3805 4801 in

2228 4840 2462 4894 Ecclesia
2492 4839 2647 4910 [Ms.,
2678 4840 2730 4892 in
2768 4837 3006 4907 smculo],
3050 4845 3106 4894 et
3146 4839 3286 4893 beati
3328 4840 3381 4894 in
3421 4838 3505 4893 his
3533 4850 3651 4905 qua:
3691 4851 3801 4891 non

2230 4931 2579 5001 probabiliter
2626 4929 2864 4985 iecerunt
2908 4930 3119 5001 publice
3165 4932 3276 4985 sive
3324 4946 3355 4983 a
3405 4926 3806 4984 successoribus

2230 5024 2344 5077 sive
2375 5038 2404 5076 a
2446 5021 2652 5090 populis
2695 5022 3069 5091 praedicantur.
3114 5022 3182 5076 Et
3221 5024 3323 5076 hoc
3360 5020 3575 5088 quidem
3603 5033 3801 5072 vanum

2230 5123 2333 5177 est,
2361 5112 2501 5181 quod
2530 5128 2634 5167 non
2664 5113 2802 5167 sicut
2828 5120 3080 5181 egerunt,
3113 5113 3190 5166 sic
3218 5111 3477 5176 audiunt,
3497 5124 3595 5164 nec
3618 5107 3802 5163 statim

2230 5202 2592 5270 corripiuntur
2618 5203 2671 5256 in
2702 5213 2920 5272 peccato
2946 5218 3062 5257 suo.
3099 5201 3265 5255 Nemo
3299 5202 3493 5272 quippe
3522 5201 3685 5255 audet
3711 5211 3805 5251 ae-

2231 5306 2423 5347 cusare
2462 5293 2735 5362 majorem.
2772 5292 3059 5361 Propterea
3091 5293 3245 5361 quasi
3274 5293 3445 5347 sancti
3470 5300 3527 5347 et
3565 5287 3705 5344 beati
3745 5288 3802 5345 in

2232 5382 2508 5453 praeceptis
2534 5382 2743 5437 Domini
2765 5382 3117 5445 ambulantes,
3149 5393 3342 5452 augent
3366 5386 3583 5450 peccata
3610 5391 3805 5446 pecca-

2233 5474 2318 5526 tis.
2347 5472 2580 5528 Dillicilis
2603 5482 2685 5528 cst
2709 5472 2977 5527 accusatio
3002 5474 3051 5526 in
3074 5467 3381 5541 cpisc0pum
3408 5487 3419 5522 :
3448 5468 3489 5523 si
3514 5467 3655 5523 enim
3679 5479 3804 5538 pec-

2233 5564 2455 5625 caverit,
2502 5580 2603 5617 non
2652 5562 2915 5628 creditur;
2964 5572 3016 5617 ct
3058 5565 3103 5618 si
3149 5563 3421 5617 convictus
3466 5558 3644 5626 fuerit,
3693 5569 3804 5613 non

2233 5655 2463 5724 punitur.
