4286 6212
497 299 594 358 701

1312 306 1714 365 EXEGETICA.
1752 340 1823 350 —
1857 296 2206 367 COMMENT.
2248 311 2315 366 11v
2351 313 2875 369 ECCLESIASTEN.

3617 316 3718 369 709.

561 420 722 475 Vens.
760 419 845 472 12.
880 448 950 458 -
984 420 1220 475 Attamen
1253 438 1315 474 ex
1348 438 1407 475 eo
1431 423 1569 491 quod
1596 431 1834 492 peccator
1859 430 2043 475 centies
2072 424 2123 483 Δ
2146 435 2265 476 esse
2294 422 2461 475 dixit:
2489 437 2695 477 necnon
2722 423 3019 476 esurientes
3043 430 3096 476 et
3124 424 3372 477 sitientes
3389 424 3575 478 beatos
3600 439 3720 478 esse

492 509 618 577 facit
651 507 870 576 malum,
910 520 957 573 et
998 527 1090 579 per
1126 512 1424 580 patientiam
1460 522 1796 577 sustentatur,
1834 528 1926 581 ego
1967 528 2053 564 co-

490 598 641 666 gnovi
676 598 814 667 quod
845 601 941 654 erit
974 601 1163 654 bonum
1196 602 1487 655 timentibus
1516 602 1818 666 Dominum,
1854 602 1943 672 qui
1972 619 2053 656 ue-

491 693 670 739 rentur
714 686 899 755 {aciem
938 690 1072 759 ejus.
1119 678 1302 744 Exeo
1346 692 1485 759 quod
1528 691 1721 759 impius
1764 691 2051 761 plurimum

490 781 679 841 peccat
714 774 839 843 (hoc
872 777 1065 845 quippe
1100 775 1361 848 signiﬁcat
1392 778 1533 844 quod
1570 777 1663 841 ait,
1693 778 1925 848 centies),
1960 778 2054 831 dat

491 858 630 915 Deus
650 860 824 916 locum
844 863 1188 932 paenitentia},
1211 872 1265 919 et
1286 879 1389 918 non
1416 863 1581 937 [eum]
1612 865 1793 918 statim
1821 866 1971 934 punit
1996 867 2050 920 in

406 970 413 975 ·
490 949 716 1013 scelere,
759 952 856 1005 sed
893 960 1167 1021 eXSpectat
1204 960 1264 1006 ut
1297 961 1636 1008 convertatur
1670 952 1738 1007 ab
1771 954 2051 1022 iniquitate

492 1053 586 1091 sua
614 1048 669 1091 et
692 1047 817 1109 agat
842 1041 1206 1109 pmnitentiam
1238 1060 1250 1095 :
1281 1044 1403 1111 quia
1430 1038 1613 1115 [Deus]
1644 1058 1747 1097 non
1771 1043 1885 1097 vult
1909 1058 2051 1098 mor—

490 1135 598 1181 tem
626 1132 945 1197 peccatoris,
983 1132 1077 1185 sed
1103 1139 1163 1185 ut
1196 1140 1536 1186 convertatur
1560 1141 1616 1185 et
1643 1133 1806 1197 vivat,
1848 1149 1946 1202 ego
1971 1135 2053 1187 in-

491 1216 669 1286 telligo
692 1218 817 1286 quia
840 1220 1101 1289 benignus
1122 1228 1178 1273 et
1202 1220 1502 1274 misericors
1533 1234 1695 1289 super
1722 1235 1815 1275 eos
1842 1219 2051 1275 futurus

490 1306 559 1359 sit
596 1308 738 1361 Deus
776 1308 866 1375 qui
908 1307 1107 1361 habent
1144 1294 1388 1363 timorem
1430 1308 1590 1373 illius,
1629 1316 1684 1364 et
1702 1308 1789 1378 _ad
1827 1309 2048 1363 verbum

489 1392 604 1460 ejus
631 1398 1069 1462 contremiscunt,
1098 1405 1152 1452 et
1189 1406 1353 1468 agunt
1378 1396 1746 1467 paenitentiam
1770 1399 1834 1452 de
1860 1405 2051 1465 prazte-

490 1485 627 1550 ritis,
653 1493 708 1539 et
732 1486 799 1540 de
823 1487 1015 1542 futuris
1050 1488 1149 1543 sibi
1186 1502 1377 1543 cavere
1412 1489 1690 1557 incipiunt,
1715 1489 1835 1557 quia
1861 1503 2050 1558 pecca-

490 1584 573 1630 tor
607 1585 728 1645 post
762 1578 1150 1646 paenitentiam,
1190 1579 1240 1633 si
1275 1586 1572 1634 revertetur
1607 1580 1800 1632 iterum
1834 1580 1899 1633 ad
1928 1594 2051 1648 pec-

487 1673 606 1721 cata
628 1667 830 1734 priora,
854 1667 974 1722 cani
998 1676 1338 1739 comparatur
1362 1669 1455 1737 qui
1483 1669 1769 1723 revertitur
1792 1669 1858 1722 ad
1882 1669 2050 1722 vomi-

489 1766 602 1812 tum
628 1774 780 1814 suum
788 1799 801 1813 .

556 1848 716 1903 Vens.
752 1850 836 1904 15.
866 1878 936 1889 -
968 1848 1089 1904 Non
1117 1850 1183 1903 sit
1210 1850 1396 1903 bonum
1420 1851 1598 1919 impio,
1630 1866 1720 1903 nec
1744 1848 2050 1919 prolongen-

486 1947 573 1992 tur
598 1938 707 1993 dies
728 1940 864 2009 ejus,
900 1940 989 1994 sed
1010 1942 1159 2010 quasi
1196 1940 1377 1994 umbra
1404 1950 1699 2005 transeant,
1737 1941 1826 2010 qui
1853 1956 1957 1993 non
1985 1943 2051 1994 ti-

485 2036 621 2082 ment
642 2029 827 2098 faciem
853 2029 969 2083 Dei.
996 2029 1324 2100 lmprecatur
1343 2030 1479 2085 male
1500 2031 1585 2085 his
1604 2032 1694 2100 qui
1718 2046 1824 2085 non
1851 2031 2051 2084 habent

487 2116 733 2172 timorem
759 2118 876 2184 Dei,
895 2127 955 2188 et
978 2125 1129 2187 optat
1150 2134 1218 2173 ne
1242 2119 1332 2173 diu
1353 2117 1663 2173 differantur
1690 2134 1719 2171 a
1745 2134 1924 2188 poma,
1954 2118 2050 2172 sed

486 2209 669 2261 statim
698 2216 868 2263 morte
897 2209 1154 2264 subtracti
1187 2209 1458 2263 Cruciatus
1494 2209 1754 2277 recipiant
1778 2222 1912 2277 quos
1938 2223 2050 2261 me-

486 2304 689 2351 rentur.
722 2296 906 2351 Simile
942 2298 1068 2366 quid
1107 2304 1160 2353 et
1197 2297 1480 2367 Apostolus
1520 2298 1795 2367 loquitur:
1835 2295 2047 2350 Utinam

482 2385 857 2453 pmcidantur,
893 2386 981 2456 qui
1019 2402 1111 2439 nos
1147 2384 1293 2457 [Ms.,
1331 2385 1437 2457 vos]
1476 2386 1781 2439 conturbant
1820 2382 1961 2455 (Gal.
1995 2400 2044 2447 v,

484 2473 605 2543 12)!
646 2474 712 2529 Et
744 2474 873 2529 alibi
908 2494 926 2529 ι
962 2474 1254 2530 Alexander
1286 2478 1504 2530 aerarius
1549 2474 1713 2528 multa
1752 2474 1893 2527 mala
1922 2466 2077 2525 mihi

483 2565 723 2626 ostendit,
746 2565 921 2618 reddet
944 2564 1022 2617 illi
1040 2565 1180 2618 Deus
1199 2566 1477 2618 secundum
1500 2582 1653 2634 opera
1674 2565 1785 2633 ejus
1808 2563 1896 2633 (II
1913 2562 2044 2615 Tim.

484 2668 560 2716 IV,
586 2650 787 2722 14).Ἐῑ
810 2650 964 2705 malis
989 2653 1203 2721 quidem
1223 2654 1313 2721 qui
1334 2654 1572 2706 converti
1600 2668 1703 2706 non
1727 2652 1930 2717 volunt,
1956 2654 2047 2705 sed

484 2741 540 2795 in
570 2742 771 2796 malitia
798 2757 891 2796 sua
920 2756 1251 2810 permanere,
1290 2743 1480 2796 melius
1506 2750 1588 2795 est
1612 2741 1747 2795 mori
1777 2755 1939 2809 quam
1963 2741 2046 2793 vi-

482 2844 630 2896 vere,
654 2832 776 2899 quia
803 2839 1002 2900 quanto
1026 2831 1205 2900 plures
1234 2832 1362 2885 vivit
1388 2831 1520 2893 dies,
1556 2837 1702 2885 tanto
1726 2830 2047 2884 atrociorem

484 2920 586 2974 sibi
611 2928 878 2991 praeparat
906 2935 1138 2989 ptenam.
1173 2920 1322 2977 Unde
1348 2929 1403 2975 et
1427 2921 1664 2977 comicus
1685 2921 1760 2975 ait
1787 2938 1801 2973 :

606 3031 728 3090 Quid
752 3030 860 3081 mali
880 3033 1124 3091 imprecer
1148 3031 1352 3090 homini,
1373 3032 1463 3080 nisi
1488 3038 1543 3080 ut
1565 3033 1647 3081 diu
1670 3032 1830 3083 vivat?

556 3135 713 3187 Vens.
747 3133 833 3185 ii.
862 3162 936 3172 —
962 3131 1056 3185 Est
1090 3140 1137 3185 et
1166 3132 1279 3185 alia
1297 3134 1494 3186 vanitas
1518 3148 1634 3203 qua:
1658 3133 1719 3201 fit
1753 3148 1907 3201 super
1942 3142 2049 3187 ter-

483 3239 598 3278 ram
621 3238 640 3276 :
664 3230 783 3276 sunt
801 3221 935 3290 justi
960 3221 1141 3290 quibus
1170 3220 1311 3273 mala
1338 3219 1479 3291 [Ms.,
1503 3219 1690 3292 multa]
1720 3222 2043 3290 proveniunt,

479 3314 631 3383 quasi
668 3328 821 3382 opera
858 3312 1049 3381 egerint
1086 3310 1393 3380 impiorum;
1429 3319 1477 3364 et
1513 3320 1633 3364 sunt
1669 3312 1814 3381 impii
1849 3312 1941 3381 qui
1972 3312 2045 3364 ita

438 3426 441 3427 ν
480 3414 603 3457 sunt
632 3404 820 3466 securi,
848 3403 997 3472 quasi
1014 3403 1279 3471 justorum
1303 3402 1443 3471 facta
1471 3402 1708 3456 habeant.
1743 3401 1850 3457 Sed
1875 3410 1927 3454 et
1950 3402 2045 3454 hoc

483 3492 816 3546 vanissimam
850 3491 1051 3559 judico.
1088 3478 1483 3545 inter-Ceteras
1522 3493 1786 3546 vanitates
1834 3506 1950 3560 qua:
1992 3491 2045 3543 in

482 3581 681 3635 mundo
707 3580 856 3633 vario
882 3578 1124 3633 feruntur
1150 3588 1362 3643 eventu,
1398 3582 1559 3634 etiam
1596 3584 1697 3634 hoc
1724 3582 2046 3649 deprehendi

482 3670 624 3737 quod
643 3669 802 3738 justis
823 3684 886 3723 ea
907 3668 1211 3736 frequenter
1231 3669 1480 3722 eveniunt
1497 3684 1614 3736 qua:
1637 3668 1812 3736 impiis
1832 3668 2045 3721 evenire

480 3759 795 3821 debuerant,
825 3767 879 3811 et
913 3758 1060 3826 impii
1096 3765 1202 3811 tam
1233 3757 1455 3813 feliciter
1491 3758 1546 3811 in
1585 3758 1687 3811 hoc
1724 3757 1919 3810 mundo
1955 3757 2046 3809 de»

481 3858 608 3916 gant
646 3848 799 3919 [Ms.,
836 3847 1078 3918 degunt],
1116 3856 1174 3901 ut
1207 3864 1300 3903 eos
1334 3858 1487 3918 putes
1526 3863 1644 3903 esse
1676 3846 1998 3915 iustissimos
2030 3865 2063 3907 2,

480 3936 927 4006 quemadmodum
961 3936 1031 3989 de
1053 3936 1212 3989 divite
1239 3945 1553 4004 purpurato,
1582 3946 1637 3991 et
1665 3937 1871 3989 Lazaro
1899 3951 2047 3988 men-

480 4031 600 4085 dico
640 4029 832 4100 legitur
871 4030 925 4082 in
954 4027 1238 4096 Evangelio
1267 4027 1414 4098 (Luc.
1444 4027 1577 4094 xvi).
1612 4027 2047 4095 Septuagesimus

479 4136 692 4191 quoque
726 4119 991 4174 secundus
1029 4117 1263 4187 psalmus
1304 4118 1368 4171 de
1410 4118 1509 4171 hac
1552 4133 1610 4171 re
1655 4118 1907 4185 disputat,
1951 4132 2048 4169 cur

474 4210 635 4279 iustis
673 4211 938 4264 interdum
978 4208 1117 4261 mala
1146 4214 1199 4262 et
1237 4208 1412 4277 impiis
1450 4208 1697 4261 eveniant
1736 4208 1892 4261 bona.
1940 4206 2046 4260 Sed

482 4300 688 4353 Hebraei
730 4300 830 4351 hoc
866 4299 931 4351 de
971 4298 1092 4351 ﬁliis
1119 4298 1298 4350 Aaron
1338 4296 1652 4365 intelligunt,
1687 4296 1778 4362 qui
1816 4296 1923 4347 Deo
1958 4296 2046 4349 Sa-

2153 511 2351 585 ibidem
2387 517 2632 565 testatur.
2676 510 2781 564 Sed
2821 511 3013 565 melius
3046 519 3130 565 est
3164 512 3230 565 de
3266 511 3493 578 spiritali
3520 512 3639 565 cibo
3667 524 3723 566 et

2151 612 2279 673 potu
2300 604 2572 671 sapientiae
2592 605 2707 657 lure
2727 602 3039 672 intelligere,
3063 606 3127 657 de
3151 603 3341 671 quibus
3362 609 3415 655 et
3438 602 3490 655 in
3514 603 3722 670 psalmo

2152 694 2387 765 legitur:
2423 697 2615 751 Vinum
2654 697 2888 750 laetiﬁcat
2914 712 3007 751 cor
3042 698 3291 762 hominis,
3328 707 3381 749 et
3410 696 3561 765 panis
3590 712 3719 751 con-

2153 783 2333 838 ﬁrmat
2380 784 2547 856 (Psal.
2593 801 2707 849 cm,
2739 785 2844 856 15).
2875 785 3025 851 Quod
3062 794 3239 839 autem
3269 786 3382 839 Ι)ωο
3409 785 3721 855 spiritaliter

2150 875 2427 927 sentienda
2470 881 2613 938 sunt,
2662 889 2888 943 sequens
2934 874 3225 929 versiculus
3268 875 3619 938 demonstrat,
3668 875 3720 927 in

2151 977 2256 1032 quo
2286 962 2362 1014 ait
2391 979 2403 1013 :

2221 1052 2380 1106 Vens.
2400 1048 2486 1115 16,
2502 1048 2729 1102 l7.—Et
2744 1052 2958 1118 apposui
2972 1068 3061 1103 cor
3070 1067 3237 1104 meum
3252 1062 3305 1104 ut
3318 1052 3499 1104 scirem
3514 1050 3722 1119 sapien-

2151 1142 2299 1203 tiam,
2329 1148 2375 1192 et
2399 1138 2732 1207 intelligerem
2758 1139 3125 1191 dissensionem
3161 1138 3305 1207 [δίδη
3334 1136 3717 1209 distentionem]

2150 1245 2265 1298 qua?
2292 1237 2524 1281 versatur
2550 1228 2606 1279 in
2633 1237 2791 1279 terra.
2822 1226 2914 1279 Est
2943 1228 3116 1290 homo,
3149 1226 3236 1295 qui
3263 1225 3442 1279 diebus
3469 1243 3531 1278 ac
3556 1228 3723 1279 nocti-

2151 1318 2243 1369 bus
2264 1333 2500 1369 somnum
2523 1316 2685 1367 oculis
2709 1330 2809 1366 non
2827 1315 2982 1383 capit,
3000 1323 3047 1367 et
3067 1313 3314 1379 intellexi,
3334 1313 3469 1384 quod
3491 1313 3722 1389 omnium
3752 1350 3757 1355 ς

2150 1424 2359 1477 operum
2393 1407 2489 1461 Dei
2514 1405 2711 1460 nullam
2740 1406 2902 1475 possit
2928 1407 3079 1458 homo
3109 1407 3333 1459 invenire
3359 1404 3611 1457 rationem
3637 1418 3724 1455 eo—

2150 1515 2265 1551 rum
2294 1514 2407 1567 qua:
2436 1496 2568 1563 ﬁunt
2593 1494 2685 1548 sub
2711 1493 2816 1547 sole
2842 1510 2860 1546 :
2885 1502 2930 1545 et
2956 1503 3147 1561 quanto
3174 1491 3289 1560 plus
3317 1492 3625 1544 laboraverit
3654 1490 3721 1542 ad

2149 1585 2502 1658 qucerendum,
2530 1594 2671 1637 tanto
2701 1584 2874 1635 minus
2896 1583 3114 1635 inveniet
3144 1597 3161 1633 :
3190 1580 3390 1633 etiamsi
3417 1578 3605 1632 dixerit
3635 1594 3723 1631 sa-

2151 1679 2295 1747 piens
2322 1693 2375 1728 se
2402 1692 2548 1729 nosse
2567 1716 2582 1738 ,
2623 1690 2724 1727 non
2751 1675 2935 1743 poterit
2968 1674 3205 1741 reperire.
3238 1671 3487 1725 Testatur
3519 1668 3724 1722 scilicet

2152 1764 2339 1820 melius
2362 1780 2481 1819 esse
2514 1766 2567 1818 in
2600 1762 2943 1817 meditatione
2973 1762 3262 1829 Scriptum
3287 1768 3485 1814 sancta:
3512 1759 3721 1813 versari

2151 1856 2236 1909 die
2259 1869 2322 1908 ac
2347 1861 2527 1917 nocte,
2554 1867 2712 1922 quam
2738 1852 2789 1904 in
2815 1850 2986 1919 epulis
3011 1850 3312 1903 carnalibus
3336 1850 3561 1917 perdere
3585 1856 3721 1901 tem-

2093 1934 2099 1938 ’
2150 1962 2281 2018 pora
2325 1945 2424 2000 sibi
2454 1959 2484 1998 a
2524 1941 2636 1999 Deo
2675 1944 2795 1998 data
2840 1944 2905 1997 ad
2944 1940 3327 2011 proﬁciendum
3357 1943 3408 1994 in
3447 1941 3721 2007 sapientiae

2150 2035 2359 2099 studiis,
2382 2042 2443 2089 ut
2467 2040 2753 2104 cognoscat
2788 2031 3052 2086 mirabilia
3076 2030 3192 2097 D‘ei,
3217 2041 3269 2085 et
3296 2029 3478 2083 laudet
3502 2028 3721 2083 Creatov

2150 2143 2264 2182 rem
2302 2128 2353 2181 in
2390 2126 2642 2197 operibus
2673 2126 2785 2180 suis
2826 2142 2839 2177 :
2881 2124 3125 2193 quamvis
3160 2122 3365 2177 occulta
3404 2130 3529 2175 sunt
3567 2117 3721 2189 [Ms.,

2150 2215 2275 2287 sint]
2311 2216 2511 2284 judicia
2532 2215 2645 2278 Dei,
2675 2223 2852 2269 tamen
2888 2214 3127 2267 miranda
3158 2218 3305 2275 sunt,
3332 2219 3386 2264 et
3408 2209 3636 2263 Creator
3665 2209 3718 2261 in

2148 2306 2227 2358 eis
2264 2304 2560 2359 laudandus
2588 2311 2687 2358 est.
2728 2303 2793 2356 Et
2832 2302 2959 2371 quid
2978 2302 3054 2355 'de
3091 2301 3254 2354 stulto
3282 2298 3565 2353 dicendum
3602 2306 3721 2362 est,

2149 2395 2274 2449 dum
2298 2395 2567 2448 studiosus
2593 2394 2869 2462 sapientia:
2891 2398 3160 2446 scrutator
3183 2390 3422 2444 invenire
3450 2403 3554 2442 non
3579 2388 3723 2441 valet

2148 2500 2317 2555 quare
2352 2485 2456 2538 hoc
2481 2483 2566 2537 vel
2595 2483 2721 2536 illud
2751 2480 2949 2535 factum
2982 2482 3067 2544 sit,
3099 2488 3154 2533 et
3182 2494 3349 2548 quare
3377 2478 3602 2531 mundus
3628 2492 3722 2531 va—

2150 2574 2245 2627 riis
2271 2573 2597 2642 gubernetur
2622 2559 2931 2633 eventibus,
2955 2585 3049 2623 cur
3078 2568 3213 2622 alius
3246 2582 3439 2629 caecus,
3469 2565 3604 2619 alius
3630 2566 3721 2618 de-

2148 2660 2288 2722 bilis,
2331 2659 2467 2713 alius
2501 2659 2687 2713 videns
2716 2666 2770 2711 et
2806 2672 2979 2712 sanus
2997 2665 3249 2711 nascatur
3277 2674 3289 2709 :
3322 2654 3411 2710 hie
3437 2661 3721 2724 pauperta-

2148 2757 2253 2802 tem
2287 2748 2502 2812 babeat,
2545 2748 2632 2802 ille
2668 2749 2911 2813 divitias;
2944 2750 3046 2802 iste
3079 2751 3151 2803 sit
3187 2747 3401 2810 nobilis,
3439 2746 3525 2800 ille
3555 2745 3722 2814 inglo-

2147 2838 2278 2892 rius.
2319 2836 2667 2891 Subostendit
2697 2838 2877 2904 itaque
2911 2839 2996 2891 bis
3029 2838 3227 2900 verbis,
3261 2851 3380 2890 esse
3410 2850 3599 2889 causas
3639 2851 3722 2887 re-

2146 2925 2275 2981 rum‘
2311 2927 2547 2980 omnium
2594 2925 2938 2979 rationabiles
2980 2941 3077 2995 per
3105 2924 3365 2991 justitiam
3411 2923 3505 2976 Dei
3551 2937 3719 2990 quare

2145 3015 2560 3085 unumquodque
2587 3014 2701 3078 ﬁat,
2740 3014 2834 3069 sed
2863 3016 2917 3067 in
2952 3013 3167 3068 occulto
3191 3027 3284 3067 eas
3316 3011 3503 3076 latere,
3532 3021 3585 3065 et
3612 3026 3720 3065 non

2072 3072 2120 3135 Ο
2150 3121 2305 3177 posse
2330 3072 2398 3161 ab
2422 3072 2722 3163 hominibus
2747 3105 3145 3181 comprehendi.

2748 3212 2983 3271 CAPUT
3010 3214 3100 3267 ιχ.

2216 3308 2380 3361 Vens.
2415 3309 2464 3372 1,
2490 3308 2545 3359 2.
2566 3336 2637 3347 —-
2662 3306 2848 3361 Omnia
2878 3308 2987 3359 hac
3013 3308 3230 3358 tractavi
3254 3307 3307 3359 in
3331 3308 3483 3360 ccrde
3506 3323 3637 3370 meo,
3666 3325 3717 3368 ut

2145 3397 2346 3449 curiose
2382 3394 2738 3463 intelligerent.
2778 3393 2912 3447 Sunt
2942 3394 3073 3461 justi
3104 3403 3151 3445 et
3180 3396 3451 3461 sapientes,
3484 3402 3529 3445 et
3567 3411 3721 3461 opera

2145 3502 2323 3539 eorum
2365 3486 2420 3537 in
2468 3502 2626 3537 manu
2674 3481 2790 3546 Dei,
2838 3492 2884 3535 et
2932 3493 3103 3536 tamen
3151 3484 3306 3535 nescit
3352 3484 3503 3535 homo
3546 3494 3719 3537 utrum

2147 3591 2323 3630 amore
2368 3592 2436 3628 an
2482 3574 2601 3628 odio
2644 3574 2831 3643 dignus
2879 3574 2976 3636 sit,
3024 3573 3111 3627 sed
3158 3575 3332 3626 omnia
3382 3574 3435 3625 in
3484 3573 3721 3641 futurum

2145 3675 2415 3717 servantur
2456 3665 2675 3729 incerta,
2719 3680 2778 3716 eo
2814 3665 2952 3733 quod
2992 3666 3237 3723 universa
3283 3682 3425 3738 a'que
3465 3663 3720 3718 eveniant.

2147 3755 2317 3808 Porro
2351 3754 2441 3807 hic
2475 3767 2665 3807 sensus
2694 3761 2777 3807 est
2812 3751 2969 3817 hujus
3002 3754 3280 3806 sententia:
3318 3771 3333 3804 :
3370 3755 3421 3805 in
3461 3755 3561 3806 hoc
3598 3754 3719 3806 dedi

2149 3860 2247 3899 cor
2272 3859 2470 3905 meum,
2502 3850 2555 3897 et
2580 3843 2717 3896 scire
2742 3841 2882 3896 volui
2912 3856 3044 3910 quos
3073 3841 3211 3894 Deus
3234 3841 3481 3911 diligeret
3504 3853 3555 3895 et
3582 3858 3718 3910 quos

2149 3936 2367 3988 odisset.
2404 3932 2583 3987 inveni
2607 3930 2876 3998 justorum
2904 3947 3065 4000 opera
3092 3932 3144 3985 in
3174 3946 3332 3984 manu
3364 3930 3454 3985 Dei
3480 3946 3634 3995 esse;
3669 3942 3724 3983 et

2151 4035 2329 4079 tamen
2364 4033 2540 4077 utrum
2586 4031 2831 4076 amentur
2859 4039 2889 4076 a
2919 4022 3026 4076 Deo
3055 4038 3120 4075 an
3154 4036 3279 4085 non,
3317 4023 3457 4075 seire
3492 4037 3721 4089 nequeo,

2149 4121 2204 4169 et
2247 4114 2455 4181 ambigo
2499 4111 2760 4166 ﬂuctuans
2800 4113 2853 4165 in
2898 4114 3311 4182 cogitationibus
3346 4113 3501 4177 meis,
3542 4121 3721 4165 utrum

2148 4205 2449 4257 sustineant
2476 4204 2541 4255 ad
2570 4204 2937 4269 probationem
2970 4203 3101 4269 justi
3132 4204 3498 4258 tribulationes
3538 4204 3591 4257 in
3622 4204 3724 4257 hoc

2148 4292 2361 4353 saeculo,
2394 4284 2531 4344 sicut
2561 4289 2691 4354 Job;
2728 4306 2794 4342 an
2832 4305 2928 4357 per
2955 4292 3155 4353 odium,
3200 4300 3255 4343 ut
3288 4294 3499 4358 plurimi
3534 4310 3726 4362 pecca-

479 4385 781 4439 crilicantes
814 4384 1116 4453 perierunt;
1148 4392 1201 4437 et
1237 4384 1302 4436 de
1339 4382 1599 4446 Manasse,
1628 4384 1716 4451 qui
1748 4392 1866 4451 post
1896 4392 2041 4436 tanta
2075 4409 2122 4467 ο
2148 4392 2309 4437 tores.
2341 4381 2445 4435 Sed
2468 4382 2571 4434 hoc
2593 4395 2733 4433 nunc
2761 4380 2987 4434 habetur
3012 4382 3314 4434 omnimodo
3345 4382 3627 4437 incertum.

481 4474 621 4528 mala
651 4476 899 4529 reductus
927 4482 1008 4527 est
1034 4474 1099 4527 de
1130 4473 1452 4541 captivitate,
1486 4479 1541 4524 et
1573 4472 1847 4524 restitutus
1879 4474 1929 4525 in
1962 4488 2044 4527 re—

481 4550 664 4638 gnum,
692 4576 751 4622 ut
778 4569 892 4621 dies
920 4582 1043 4621 suos
1072 4564 1295 4620 feliciter
1323 4564 1517 4617 finiret.

548 4656 711 4728 434
747 4658 907 4710 Vens.
944 4656 1025 4709 l5.
1062 4687 1131 4695 —
1168 4654 1397 4708 Laudavi
1436 4656 1593 4725 igitur
1628 4654 1882 4719 ltetitiam,
1909 4655 2046 4726 quod

481 4765 584 4803 non
608 4757 734 4801 esset
762 4747 957 4798 homini
982 4746 1283 4800 bonumsub
1304 4746 1427 4810 sole,
1457 4747 1555 4799 nisi
1577 4746 1713 4814 quod
1741 4746 2044 4807 comederet,

480 4848 528 4891 et
557 4837 774 4897 biberet,
806 4843 957 4904 atque
984 4828 1261 4901 gauderet,
1288 4846 1331 4887 et
1362 4837 1455 4887 hoc
1482 4836 1646 4887 soluat
1676 4853 1846 4887 secum
1874 4837 2048 4903 aufert-

483 4940 555 4982 ret
583 4928 646 4982 de
674 4928 847 4980 labore
874 4943 966 4979 suo
992 4926 1045 4977 in
1066 4925 1241 4978 diebus
1266 4926 1396 4985 vitae,
1420 4941 1545 4992 quos
1566 4925 1705 4977 dedit
1729 4928 1775 4977 ei
1798 4926 1934 4979 Deus
1955 4928 2046 4978 sub

481 5021 607 5072 sole.
632 5018 987 5073 Concionator
1006 5024 1205 5077 noster,
1227 5016 1317 5083 qui
1338 5016 1538 5069 multas
1553 5016 1605 5067 in
1628 5016 2053 5085 setraustigurat

481 5122 763 5176 personas,
795 5107 952 5161 modo
978 5106 1118 5177 vulgi
1148 5106 1309 5160 verba
1340 5105 1555 5174 profert,
1590 5108 1729 5175 quod
1756 5108 1884 5161 nihil
1911 5108 2051 5161 aliud

483 5198 679 5251 bonum
707 5196 965 5259 aestimat,
993 5198 1095 5251 nisi
1126 5198 1293 5250 hetari
1325 5197 1691 5250 manducando
1721 5205 1774 5251 et
1800 5198 2050 5261 bibendo,

481 5299 535 5342 et
570 5287 749 5344 saeculi
789 5286 1065 5341 serviendo
1096 5287 1248 5358 [Ms.,
1278 5287 1497 5358 servire]
1534 5289 1755 5353 deliciis,
1787 5305 2047 5343 summam

482 5382 724 5450 accipere
750 5378 1075 5433 felicitatem.
1109 5378 1214 5433 Sed
1240 5381 1351 5433 haec
1373 5381 1655 5444 sententia,
1684 5382 1726 5434 si
1758 5382 1832 5433 sic
1863 5380 2049 5433 intelli-

481 5469 621 5538 gitur
657 5469 793 5523 sicut
828 5466 1025 5534 scripta
1064 5474 1175 5528 est,
1218 5471 1439 5521 miseros
1479 5468 1789 5537 approbavit
1828 5485 1958 5535 quos
1998 5469 2048 5520 in

484 5558 768 5627 Evangelio
806 5554 1017 5625 (Matth.
1062 5555 1113 5623 v)
1154 5556 1407 5612 Dominus
1444 5558 1627 5610 beatos
1670 5560 1859 5610 usserit
1898 5558 2047 5625 μὴ,

487 5644 662 5719 dixit],
710 5644 761 5701 id
808 5654 890 5703 est
929 5660 1206 5716 pauperes,
1260 5664 1482 5716 quorum
1530 5664 1747 5716 regnum
1796 5648 2048 5701 strictum

2219 4476 2381 4529 Vens.
2411 4475 2462 4527 5.
2486 4502 2555 4511 ~——
2580 4474 2731 4527 Iusto
2762 4482 2807 4525 et
2838 4474 3014 4541 impio,
3046 4474 3177 4525 bona
3205 4483 3247 4525 et
3280 4473 3437 4533 malo,
3464 4475 3655 4527 mundo
3678 4486 3724 4529 et

2146 4564 2442 4627 immundo,
2492 4563 2779 4615 immolanti
2827 4563 3059 4615 victimas
3101 4572 3148 4615 et
3189 4551 3455 4628 sacriﬁcia
3497 4573 3727 4617 contem-

2151 4660 2309 4713 nenti.
2366 4657 2511 4713 Sicut
2565 4658 2754 4721 bonus,
2805 4656 2878 4708 sic
2927 4665 2973 4707 et
3024 4664 3260 4724 peccator
3308 4671 3325 4707 :
3380 4666 3439 4707 ut
3486 4657 3728 4726 perjurus

2153 4748 2346 4819 [Edit.,
2372 4746 2683 4817 periturus],
2712 4747 2784 4796 ita
2822 4753 2869 4795 et
2908 4743 2995 4795 ille
3025 4745 3113 4813 qui
3151 4761 3325 4797 verum
3362 4745 3578 4813 deierat.
3618 4745 3729 4797 Hoc

2157 4851 2226 4893 est
2267 4840 2541 4906 pessimum
2585 4837 2717 4887 inter
2757 4836 2929 4887 omnia
2971 4853 3085 4904 qum
3126 4836 3256 4903 ﬁunt
3299 4840 3390 4888 sub
3439 4834 3561 4896 sole,
3608 4837 3729 4904 quia

2158 4928 2333 4981 eadem
2363 4928 2561 4979 cunctis
2590 4927 2845 4979 eveniunt.
2880 4926 2952 4979 Ea
2986 4944 3101 4995 qum
3131 4942 3223 4996 per
3250 4944 3306 4979 se
3336 4942 3431 4978 nec
3458 4924 3595 4978 bona
3634 4940 3732 4979 nec

2159 5016 2298 5069 mala
2330 5024 2472 5080 sunt,
2498 5026 2550 5070 et
2578 5032 2607 5069 a
2637 5016 2964 5083 sapientibus
2992 5019 3147 5087 hujus
3181 5017 3357 5072 saeculi
3391 5015 3561 5069 media
3595 5031 3731 5067 nun-

2163 5118 2444 5178 cupantur,
2478 5108 2599 5176 quia
2628 5107 2903 5175 :equaliter
2936 5110 3095 5178 justis
3125 5110 3374 5163 eveniunt
3410 5114 3463 5161 et
3497 5107 3727 5174 injustis.

2164 5201 2431 5269 simplices
2474 5214 2711 5266 quosque
2752 5201 3070 5253 conturbant
3113 5198 3207 5255 cur
3248 5202 3319 5253 ita
3359 5196 3636 5259 eveniant,
3679 5208 3733 5250 et

2156 5300 2433 5361 propterea
2477 5304 2577 5341 non
2620 5298 2810 5358 putant
2853 5306 2971 5344 esse
3016 5291 3287 5353 iudicium,
3332 5303 3452 5341 cum
3492 5289 3731 5340 omnium

2156 5396 2334 5434 rerum
2376 5380 2425 5431 in
2475 5377 2650 5433 futuro
2694 5382 2976 5435 discrimen
3024 5383 3109 5436 sit.
3165 5380 3289 5433 Tale
3328 5380 3454 5449 quid
3498 5376 3633 5448 [et]
3679 5380 3727 5429 in

2158 5469 2439 5536 Evangelia
2480 5470 2589 5539 ipse
2628 5472 2882 5524 Dominus
2932 5472 3003 5523 ait
3054 5489 3063 5522 :
3119 5470 3289 5521 Estote
3340 5468 3550 5537 perfecti
3600 5468 3728 5518 sica:

2164 5559 2317 5609 Pater
2356 5568 2515 5611 vester
2543 5563 2793 5627 perfectus
2824 5571 2928 5621 est,
2966 5560 3053 5627 qui
3082 5558 3237 5611 solem
3264 5574 3413 5610 suum
3445 5558 3572 5609 oriri
3607 5558 3726 5623 facit

2156 5666 2307 5717 super
2355 5650 2508 5706 (tonos
2560 5662 2603 5705 ct
2654 5652 2845 5712 malas,
2890 5661 2931 5701 et
2978 5650 3106 5719 pluit
3151 5667 3301 5719 super
3343 5652 3511 5721 justas
3561 5658 3605 5701 et
3652 5647 3731 5699 in.
