4286 6192
514 313 617 371 793

1354 321 1411 373 Β.
1454 318 1513 374 F.
1555 320 1779 376 ALBINI
1820 322 1950 377 εει]
1990 321 2262 377 ΑιευιΝι
2298 324 2582 381 ΟΡΕΗΠΙΙ
2620 324 2796 382 PARS
2832 327 2893 381 ll.

3644 293 3765 390 τοι

498 432 673 501 justas
716 430 929 499 (Matth.
968 449 1018 495 v,
1062 431 1151 494 65,
1179 433 1289 501 48).
1332 429 1481 496 Quod
1518 441 1699 486 autem
1726 435 1828 496 ait,
1856 443 2079 488 eventus
2109 436 2155 493 Α
2183 432 2346 495 zelus,
2379 444 2433 488 et
2460 436 2678 499 invidia,
2708 446 2761 491 et
2788 438 3073 502 aemulatio,
3104 456 3263 508 quam
3292 442 3595 499 habuerunt
3620 459 3749 502 con-

502 533 589 577 est
618 537 753 577 unus
778 522 1047 584 omnibus,
1069 522 1216 589 justo
1252 530 1307 574 et
1344 524 1526 590 impio,
1567 524 1679 577 sive
1714 526 2081 594 angustiarum

505 612 617 664 sive
660 612 851 665 mortis
890 610 1158 680 signiﬁcat
1192 619 1458 664 eventum.
1507 612 1627 667 Ideo
1674 628 1773 667 nec
1818 616 2084 669 chan‘tate

504 702 598 757 Dei
620 703 808 771 dignos
832 701 917 755 vel
944 702 1066 755 odio
1089 702 1292 770 seip-‘os
1313 717 1430 756 esse
1456 703 1777 773 intelligunt.
1807 703 1917 757 Hoc
1938 705 2081 758 enim

502 793 791 861 pessimum
820 807 941 845 esse
963 792 1199 861 omnium
1228 808 1348 860 qua:
1374 793 1472 847 sub
1494 793 1604 847 sole
1631 800 1757 845 sunt
1780 792 1936 856 dixit,
1957 792 2079 860 quia

503 882 645 936 nulla
668 883 923 937 discretio
951 884 1037 937 hic
1059 897 1179 937 esse
1202 884 1411 936 videtur
1447 884 1586 937 inter
1611 882 1779 938 bonos
1804 891 1859 937 et
1890 884 2079 945 malos,

500 985 557 1029 et
591 974 691 1029 hoc
726 975 863 1043 apud
894 988 986 1027 eos
1009 975 1096 1041 qui
1127 989 1246 1025 cum
1283 973 1546 1043 Pmpheta
1583 989 1686 1027 non
1725 974 2000 1027 intrabunt
2028 975 2081 1029 in

503 1066 868 1120 sanctuarium
894 1064 1008 1128 Dei,
1034 1072 1091 1115 ut
1113 1064 1407 1131 intelligant
1431 1063 1719 1117 novissima
1747 1078 1953 1118 eorum.

572 1195 734 1250 Vsus.
774 1194 826 1247 4.
864 1225 933 1234 --
976 1190 1123 1247 Unde
1160 1201 1205 1246 et
1238 1193 1397 1245 corda
1425 1190 1951 1258 ﬁliorum’hominum
1980 1193 2080 1244 im-

500 1287 710 1355 plentur
736 1286 936 1339 malitia
977 1296 1023 1338 et
1052 1293 1343 1353 contemptu
1375 1283 1427 1335 in
1462 1283 1566 1335 rita
1593 1299 1711 1345 sua,
1750 1292 1797 1335 et
1830 1292 1945 1352 post
1974 1282 2082 1337 ha'c

502 1377 571 1431 ad
600 1376 793 1445 inferos
824 1376 1162 1429 deducentur.
1198 1372 1363 1428 Nemo
1394 1384 1465 1427 est
1494 1374 1584 1444 qui
1609 1384 1808 1443 semper
1833 1375 1969 1427 vivat
1990 1416 2005 1439 ,
2034 1384 2082 1427 et

496 1470 584 1538 qni
610 1467 767 1535 Imjus
798 1469 870 1519 rei
907 1466 1092 1519 habent
1122 1465 1390 1535 ﬁduciam.
1422 1466 1681 1520 Ettmdem
1728 1482 1944 1521 sensum
1994 1482 2083 1520 re—

498 1559 661 1629 plicat
701 1574 859 1627 quem
906 1566 1032 1611 ante
1074 1559 1273 1626 posuit,
1321 1558 1443 1626 quia
1474 1572 1785 1611 communes
1824 1557 2082 1626 angustia:

496 1648 655 1720 £35
682 1650 857 1717 justos
882 1656 935 1700 et
963 1648 1187 1714 injustos
1228 1656 1498 1716 premunt.
1539 1646 1660 1699 Ideo
1696 1645 1810 1699 sine
1838 1654 2081 1714 respectu

500 1738 746 1792 homines
775 1751 999 1807 peccare
1038 1752 1139 1789 non
1174 1745 1444 1801 metuunt,
1477 1737 1600 1804 quia
1629 1738 1679 1789 in
1719 1737 1966 1804 przesenti
1991 1736 2080 1806 ju-

498 1831 695 1883 dicium
737 1830 829 1883 Dei
872 1843 977 1883 non
1012 1828 1196 1881 vident
1225 1843 1384 1897 super
1415 1828 1627 1895 impios,
1665 1828 1753 1895 qui
1788 1826 1964 1880 subito
1994 1842 2081 1879 ta-

498 1921 716 1987 piuntur
754 1934 852 1989 pro
882 1919 1117 1987 peccatis
1142 1918 1209 1970 ad
1240 1916 1458 1978 inferos,
1492 1916 1616 1969 dum
1648 1932 1743 1969 nec
1768 1930 1983 1985 semper
2008 1916 2086 1969 vi-

499 2023 624 2062 vere
664 2014 982 2077 potestatem
1016 2007 1237 2071 habent,
1270 2020 1369 2059 nec
1399 2005 1537 2059 ullus
1569 2014 1675 2057 tam
1704 2016 1891 2075 potens
1919 2013 2001 2059 est
2031 2006 2084 2059 in

497 2099 715 2161 sacculo,
758 2100 849 2165 qui
896 2099 1055 2167 hujus
1107 2099 1202 2163 rei,
1255 2099 1303 2151 id
1348 2107 1453 2162 est,
1502 2100 1617 2153 sine
1663 2110 1835 2152 morte
1882 2100 2083 2163 vivere,

500 2189 806 2242 facultatem
852 2188 1047 2243 habere
1090 2189 1281 2242 valeat.
1317 2189 1465 2242 lInde
1496 2189 1546 2241 in
1577 2190 1925 2258 sequentibus
1958 2203 2082 2242 mox

497 2277 740 2348 adjungit
775 2294 785 2329 :

570 2413 729 2466 Vens.
758 2411 813 2473 5,
842 2410 893 2463 6.
919 2440 988 2449 -—
1012 2410 1199 2463 Melior
1218 2421 1290 2463 est
1319 2412 1460 2463 canis
1490 2413 1655 2465 vivens
1682 2412 1826 2466 leone
1847 2424 2083 2477 mortuo;

496 2503 717 2556 virentes
757 2503 894 2554 enim
936 2503 1107 2555 sciunt
1154 2518 1206 2555 se
1249 2518 1357 2555 esse
1399 2504 1697 2565 morituros,
1738 2506 1929 2556 mortui
1974 2520 2084 2556 vero

504 2591 635 2643 nihil
668 2602 914 2644 noverunt
959 2590 1198 2660 amplius,
1246 2608 1335 2643 nec
1376 2592 1563 2645 habent
1605 2592 1742 2644 ultra
1783 2593 2081 2652 ntercedem,

496 2684 621 2749 quia
661 2682 904 2734 oblivioni
944 2682 1069 2733 data
1112 2691 1185 2733 est
1225 2682 1472 2733 memoria
1514 2700 1710 2734 eorum.
1755 2683 1915 2735 Amor
1954 2700 2085 2752 quo—

497 2789 614 2841 que,
644 2772 911 2833 etodium,
950 2784 996 2825 et
1034 2774 1228 2825 invidia
1269 2772 1423 2826 simul
1457 2775 1739 2843 perierunt,
1774 2791 1863 2826 nec
1900 2774 2085 2826 habent

498 2872 696 2927 partem
736 2862 789 2913 in
828 2861 1041 2924 strcnlo,
1081 2872 1127 2914 et
1168 2864 1221 2914 in
1259 2879 1410 2930 opere
1437 2862 1573 2931 quod
1612 2862 1704 2914 sub
1734 2862 1839 2915 sole
1868 2863 2082 2930 geritur.

500 2952 651 3017 Quod
700 2962 877 3005 autem
926 2968 1089 3021 supra
1124 2954 1367 3016 dixerat,
1409 2969 1503 3007 cor
1542 2953 1770 3007 filiorum
1811 2954 2085 3007 hominum

502 3039 713 3110 impleri
763 3042 965 3103 malitia
1015 3051 1070 3096 et
1116 3043 1429 3111 iniquitate,
1484 3052 1539 3097 et
1580 3052 1701 3112 post
1746 3044 1861 3096 hzcc
1905 3044 2085 3095 omnia

505 3139 677 3183 morte
718 3130 880 3193 finiri,
920 3146 1059 3185 nunc
1086 3132 1274 3185 eadem
1310 3130 1543 3200 complet
1576 3139 1630 3185 et
1668 3134 1879 3199 repetit,
1917 3130 2085 3185 donec

505 3220 688 3272 vivant
711 3220 975 3283 homines,
1004 3236 1161 3289 posse
1192 3236 1285 3276 eos
1319 3224 1492 3291 justos
1526 3220 1670 3285 ﬁeri,
1698 3230 1820 3290 post
1854 3230 2085 3275 mortem

502 3321 632 3361 vero
662 3307 862 3361 nullam
902 3309 1026 3361 boni
1063 3311 1242 3377 operis
1279 3310 1613 3362 occasionem
1649 3309 1786 3361 dari.
1831 3309 2087 3362 Peccator

503 3398 647 3451 enim
688 3398 895 3461 vivens,
934 3412 1093 3465 quem
1129 3399 1247 3451 cani
1285 3399 1646 3467 comparavit,
1686 3400 1860 3468 potest
1901 3399 2088 3455 melior

503 3502 621 3540 esse
655 3488 802 3556 justo
833 3496 1063 3549 mortuo,
1094 3503 1251 3556 quem
1286 3488 1492 3541 leonem
1533 3488 1667 3541 dixit
1700 3507 1711 3540 :
1747 3490 1871 3557 quia
1902 3490 2086 3543 vivens

504 3575 763 3644 prolicere
802 3577 997 3645 poterit
1036 3577 1085 3628 in
1125 3591 1286 3643 opere
1316 3577 1477 3639 bono,
1518 3587 1761 3629 mortuus
1790 3592 1917 3631 vero
1955 3578 2087 3631 nihil

504 3675 685 3736 potest
721 3668 919 3721 addere
950 3666 1153 3720 meritis
1181 3667 1312 3719 suis.
1343 3666 1631 3720 Possumus
1660 3681 1870 3735 quoque
1899 3681 2087 3720 canem

504 3772 794 3828 pauperem
835 3758 1040 3826 justum
1089 3756 1384 3824 intelligere
1430 3758 1695 3810 viventem
1720 3796 1735 3819 ,
1782 3766 1847 3827 et,
1879 3758 2088 3812 leonem

508 3857 777 3903 mortuum
815 3856 1087 3917 potentem
1138 3845 1296 3915 hujus
1346 3844 1544 3907 smculi,
1590 3846 1681 3913 qui
1729 3847 1861 3901 nihil
1904 3862 2089 3901 secum

506 3939 771 3992 bonorum
800 3938 985 3990 exiens
1021 3937 1086 3989 de
1125 3936 1227 3988 hoc
1265 3934 1462 3988 mundo
1499 3936 1815 3988 meritorum
1849 3936 2085 3989 abstulit.

509 4029 615 4083 Sed
650 4037 705 4083 et
748 4028 962 4079 dilectio
1003 4040 1213 4088 eorum,
1254 4034 1308 4078 et
1351 4024 1551 4088 odium,
1592 4033 1645 4078 et
1684 4025 1998 4091 immolatio,
2036 4036 2090 4080 et

506 4135 665 4179 omne
695 4119 836 4188 quod
864 4119 914 4170 in
945 4116 1139 4171 szeculo
1168 4115 1369 4169 habere
1400 4124 1685 4185 potuerunt
1704 4158 1717 4180 ,
1749 4118 1936 4171 mortis
1970 4115 2087 4171 {lni-

507 4218 597 4266 tur
624 4209 890 4269 adventu,
929 4219 1028 4258 nec
1056 4205 1201 4273 juste
1231 4205 1501 4274 quidpiam
1530 4215 1754 4273 possunt
1781 4220 1957 4275 agerc,
1990 4220 2090 4260 nec

507 4314 761 4373 peccare;
794 4312 892 4352 nec
921 4298 1145 4351 virtutes
1170 4296 1419 4364 adjicere,
1455 4312 1551 4351 nec
1581 4298 1730 4351 vitia.
1764 4297 2088 4367 Spiritaliter

508 4395 671 4449 etiam
695 4390 1051 4459 intelligamus
1071 4388 1428 4443 Chananatam
1452 4388 1617 4451 illam,
1642 4390 1725 4443 cui
1749 4390 1946 4443 dictmu
1968 4398 2048 4442 est
2070 4408 2081 4442 :

509 4484 667 4537 Fides
696 4492 785 4533 tua
808 4491 853 4533 te
874 4480 1071 4532 salvam
1100 4479 1218 4547 fecit
1248 4478 1459 4547 (Matt/1.
1490 4493 1563 4540 ix,
1589 4478 1703 4545 ‘22),
1726 4494 1911 4532 canem
1928 4478 2083 4547 juxta

509 4570 853 4642 Evangelium
891 4583 1041 4632 esse;
1090 4569 1294 4622 leonem
1337 4566 1509 4638 [vero]
1550 4576 1816 4620 mortuum
1854 4568 2083 4623 circum-

508 4662 723 4715 cisionis
752 4658 1026 4728 populum,
1058 4659 1195 4710 sicut
1218 4656 1433 4708 Balaam
1464 4657 1719 4724 propheta
1748 4657 1873 4711 dicit
1902 4674 1913 4706 :
1948 4656 2081 4710 Ecce

505 4752 748 4823 populus,
778 4763 831 4801 ut
864 4749 1063 4802 catulus
1105 4746 1288 4810 leonis,
1319 4755 1575 4815 exsurget,
1609 4755 1662 4797 ut
1698 4746 1777 4798 leo
1817 4746 2081 4799 exsultans

506 4844 696 4912 (Num.
730 4858 887 4903 χχιιι,
916 4841 1029 4907 2i).
1061 4840 1222 4894 Canis
1254 4840 1435 4892 vivens
1474 4838 1573 4892 nos
1600 4854 1781 4891 sumus
1806 4854 1869 4891 ex
1912 4838 2085 4892 natio-

507 4935 697 4997 nibus,
735 4932 818 4985 leo
855 4946 981 4983 vero
1019 4939 1261 4984 mortuus
1298 4928 1601 4983 Judzeorum
1640 4930 1867 4998 populus
1906 4946 1936 4983 a
1975 4928 2087 4984 Deo

508 5022 812 5076 derelictus.
842 5022 904 5074 Et
932 5021 1119 5075 melior
1140 5028 1224 5073 est
1245 5021 1381 5086 apud
1411 5021 1692 5074 Dominum
1719 5021 1869 5091 [.lls.,
1894 5021 2085 5094 Deum]

508 5110 610 5163 iste
649 5112 797 5163 canis
830 5112 1036 5173 vivens,
1069 5125 1230 5178 quam
1267 5110 1357 5163 ille
1397 5108 1481 5163 leo
1521 5117 1779 5162 mortuus.
1819 5110 1926 5164 Nos
1961 5126 2089 5166 vero

506 5203 747 5256 viventes
775 5204 1146 5271 cognoscimus
1168 5203 1405 5266 Patrem,
1429 5213 1481 5256 et
1512 5202 1721 5265 Filium,
1751 5212 1803 5255 et
1830 5201 2085 5270 Spiritum

508 5303 778 5359 sanctum,
823 5294 896 5348 illi
930 5309 1055 5345 vero
1085 5295 1279 5348 mortui
1312 5294 1444 5348 nihil
1470 5295 1667 5357 sciunt,
1695 5310 1792 5348 nec
1816 5293 2088 5347 :estimant

513 5384 747 5454 aliquam
778 5385 1244 5455 repromissionem
1270 5396 1428 5454 atque
1460 5386 1791 5451 mercedem,
1826 5386 1917 5441 sed
1942 5400 2087 5439 como

512 5474 652 5543 pleta
695 5486 779 5531 est
806 5493 988 5533 eorum
1030 5478 1285 5532 memoria
1329 5496 1339 5528 :
1383 5493 1555 5547 neque
1594 5480 1953 5533 meminerunt
1988 5479 2086 5548 ipsi

514 5583 631 5634 qua:
675 5570 814 5625 scire
859 5570 1174 5632 debuerunt,
1226 5584 1393 5638 neque
1441 5572 1651 5625 illorum
1695 5570 1950 5645 Dominus
1975 5572 2086 5641 jam

519 5660 829 5715 recordatus
854 5672 955 5727 est,
982 5665 1070 5731 qui
1104 5663 1374 5731 perierunt
1405 5662 1453 5714 in
1483 5660 1681 5715 scelere
1708 5677 1819 5718 suo.
1853 5662 2087 5730 Quorum

2187 532 2268 577 tra
2296 524 2570 580 Christum
2598 535 2652 579 et
2682 527 2967 595 apostolos,
2999 530 3200 598 pariter
3224 533 3396 600 periit.

2255 616 2415 669 Vsus.
2445 616 2495 669 7.
2526 647 2597 657 —
2632 616 2775 672 Vade
2801 635 2920 688 ergo
2948 629 2996 673 et
3030 621 3236 674 comede
3266 622 3321 675 in
3349 622 3529 678 la'titia
3567 641 3751 695 partem

2183 712 2347 764 tuum,
2375 712 2423 756 et
2452 704 2563 757 bibe
2591 706 2645 758 in
2672 707 2862 775 gaudio
2887 709 3058 759 vinum
3083 716 3250 773 tuum,
3276 713 3398 777 quia
3422 711 3624 781 placent
3644 713 3752 769 Deo

2184 806 2339 858 opera
2380 801 2493 845 tua.
2530 793 2714 848 Melius
2752 795 2869 849 bzec
2905 797 3100 859 omnia,
3148 798 3284 852 sicut
3320 814 3460 869 stupe
3499 801 3751 871 diximus,

2184 880 2498 945 spiritaliter
2526 882 2895 953 intelliguntur
2915 900 3075 953 quam
3103 888 3407 950 carnaliter,
3438 903 3506 943 ne
3535 887 3673 945 forte
3701 890 3755 945 in
3782 920 3785 921 ν

2185 966 2399 1035 Epicuri
2446 970 2636 1039 dogma
2679 986 2929 1035 ruamus,
2963 973 3054 1040 qui
3098 972 3309 1027 beatam
3349 976 3631 1030 aestimavit
3678 976 3755 1031 vi-

2186 1065 2313 1117 tam,
2343 1060 2581 1126 corporis
2607 1058 3048 1114 delectationibus
3073 1061 3177 1116 frui
3206 1080 3220 1115 :
3254 1064 3357 1118 nisi
3382 1063 3519 1120 torte
3544 1067 3756 1121 concio-

2186 1144 2390 1199 naloris
2425 1160 2575 1201 more
2599 1148 2924 1202 :cstimemus
2953 1147 3291 1228 Salomonem
3317 1153 3459 1223 vulgi
3488 1156 3675 1221 verba,
3699 1161 3767 1213 et

2186 1246 2377 1285 sensus
2423 1246 2488 1286 ex
2541 1249 2637 1288 sua
2682 1250 2911 1319 perspna
2958 1236 3221 1307 proferre.
3278 1240 3528 1298 Dicamus
3580 1243 3757 1299 altiuri

2185 1337 2344 1377 sensu
2387 1342 2398 1375 :
2444 1324 2578 1389 Quia
2616 1324 2849 1381 didicisti
2887 1329 3055 1396 priori
3096 1332 3386 1395 sententia,
3418 1334 3560 1402 quod
3587 1344 3759 1390 morte

2183 1413 2363 1465 omnia
2412 1412 2691 1480 liniuntur,
2740 1427 2795 1471 et
2840 1417 2892 1472 in
2933 1417 3139 1473 inferno
3185 1436 3289 1475 non
3334 1422 3405 1475 sit
3446 1425 3757 1493 poenitentia

2185 1499 2477 1565 fructuosa,
2514 1518 2613 1558 nec
2639 1505 2833 1575 aliquis
2862 1508 3073 1562 virtutis
3103 1524 3379 1575 recursus;
3422 1511 3547 1565 dum
3573 1514 3627 1567 in
3658 1513 3758 1571 isto

2186 1593 2379 1648 saeculo
2404 1608 2481 1657 es,
2516 1593 2731 1659 festina,
2770 1596 3051 1661 contende,
3079 1613 3177 1667 age
3205 1600 3603 1667 paenitentiam;
3634 1602 3759 1656 dum

2160 1682 2352 1737 'habes
2390 1692 2620 1754 tempus,
2651 1686 2865 1752 labora;
2909 1688 3138 1744 libenter
3173 1690 3314 1744 enim
3361 1689 3503 1745 Deus
3539 1692 3761 1761 suscipit

2116 1764 2157 1821 Β
2186 1778 2588 1843 paenitentiam;
2617 1786 2667 1830 et
2693 1780 2913 1833 comede
2934 1794 3125 1847 panem
3160 1781 3459 1846 charitatis,
3490 1789 3547 1835 et
3580 1783 3758 1836 vinum

2187 1867 2460 1934 sapientia:
2482 1868 2626 1932 bibe,
2651 1876 2709 1921 ut
2730 1868 2840 1923 Deo
2860 1868 3106 1939 placeant
3124 1886 3287 1940 opera
3310 1881 3417 1937 tua,
3445 1874 3583 1927 sicut
3602 1889 3760 1929 verus

2185 1952 2627 2013 Ecclesiastes‘in
2664 1960 2952 2032 Evangelio
2987 1962 3113 2016 dicit
3143 1977 3157 2016 :
3193 1962 3294 2029 Qui
3322 1966 3451 2029 sitit,
3488 1965 3656 2019 veniat
3690 1966 3760 2019 ad

2184 2064 2264 2101 mc
2289 2058 2335 2101 et
2362 2048 2499 2101 bibat
2528 2049 2704 2119 (Joan.
2735 2067 2831 2114 vn,
2863 2051 2974 2121 37).
3006 2052 3074 2105 Et
3101 2055 3153 2106 in
3184 2054 3525 2109 Proverbiis:
3561 2054 3758 2119 Venite,
3844 2062 3847 2063 ⁷

2185 2139 2431 2190 comrdite
2468 2155 2685 2206 partem,
2722 2149 2768 2192 et
2810 2139 2961 2194 bibite
2994 2142 3199 2207 trinum,
3229 2144 3366 2212 quod
3405 2145 3588 2198 miscui
3620 2148 3757 2199 vobis

2186 2226 2367 2295 (Prov.
2399 2245 2475 2291 ιι,
2506 2228 2582 2295 5).

2257 2316 2416 2369 Vsus.
2447 2318 2499 2371 8.
2528 2346 2597 2355 —
2628 2315 2781 2370 Omni
2806 2326 3029 2386 tempore
3056 2321 3157 2372 sint
3180 2323 3483 2376 vestimenta
3514 2333 3603 2375 tua
3633 2339 3757 2377 can-

2186 2405 2332 2467 dida,
2370 2416 2416 2458 et
2446 2406 2615 2459 oleum
2648 2406 2711 2458 de
2736 2409 2901 2479 capite
2929 2416 3017 2460 tuo
3042 2426 3143 2462 non
3168 2410 3393 2477 deﬁciat.
3424 2411 3644 2473 Habeto,
3680 2412 3761 2466 lno

2186 2498 2320 2563 quit,
2354 2510 2547 2565 corpus
2574 2497 2827 2550 mundum
2858 2507 2911 2551 et
2934 2508 3165 2563 castum,
3191 2508 3245 2553 et
3270 2509 3385 2554 esto
3408 2502 3714 2555 misericors
3743 2520 3756 2555 :

2188 2586 2288 2638 hoc
2328 2594 2429 2649 est,
2476 2587 2617 2654 quod
2660 2588 2714 2639 in
2756 2587 3043 2657 Evangelia
3084 2588 3196 2657 ipsa
3238 2589 3445 2644 Veritas
3483 2592 3602 2649 ait:
3643 2590 3761 2646 Sint

2186 2674 2347 2725 lumbi
2371 2676 2525 2727 restri
2553 2676 2837 2743 pra’cincti,
2868 2686 2913 2729 et
2944 2675 3167 2730 lucerna!
3192 2678 3427 2731 ardentes
3449 2679 3504 2731 in
3524 2676 3761 2734 manibus

2186 2768 2366 2819 uestris
2397 2745 2546 2836 lLuc.
2572 2784 2671 2830 xu,
2700 2768 2811 2838 55).
2841 2768 2898 2821 1η
2924 2770 3208 2838 prmeinctu
3236 2770 3536 2822 castitatem
3568 2784 3761 2838 carpo-

2188 2860 2263 2912 ris
2308 2859 2591 2927 signiﬁcat,
2638 2868 2691 2911 et
2738 2861 2788 2911 in
2830 2860 3065 2913 lucernis
3107 2860 3435 2919 ardentibus,
3484 2874 3602 2927 qua:
3643 2858 3761 2913 oleo

2188 2949 2400 3001 alantur
2426 2950 2685 3003 bonorum
2714 2964 2952 3017 operum,
2978 2950 3261 3003 candorem
3289 2958 3343 3004 et
3361 2949 3759 3019 praadicationis

2141 3088 2157 3106 ,
2189 3037 2380 3091 lucem.
2414 3038 2526 3093 Hoc
2551 3039 2669 3094 oleo
2697 3040 2875 3095 vultus
2903 3050 3087 3095 noster
3106 3040 3482 3095 exhilarandus
3510 3048 3630 3095 est:
3660 3041 3763 3095 hoc

2180 3125 2485 3197 jc-junantes
2513 3138 2842 3199 unguentum
2880 3130 2933 3183 in
2961 3130 3134 3199 capite
3170 3130 3435 3196 habeant,
3463 3131 3605 3199 and
3636 3144 3762 3200 pec-

2186 3226 2398 3272 catores
2418 3218 2618 3271 habere
2639 3232 2744 3273 non
2764 3228 3002 3289 possunt,
3026 3232 3252 3290 quorum
3279 3220 3362 3273 vir
3382 3220 3560 3290 justus
3582 3219 3761 3275 oleum

2186 3311 2504 3373 detestatur,
2536 3308 2625 3363 ubi
2660 3310 2734 3362 ait
2767 3327 2779 3361 :
2818 3308 3001 3363 Oleum
3030 3312 3313 3379 peccatoris
3342 3328 3446 3365 non
3481 3312 3763 3381 impingat

2186 3412 2340 3471 caput
2366 3417 2534 3454 meum
2566 3399 2738 3469 (Psal.
2768 3416 2889 3466 cn,
2920 3400 2995 3471 5).
3027 3400 3177 3467 Quod
3202 3400 3378 3455 oleum
3403 3401 3639 3457 heretici
3668 3401 3763 3459 ha-

2186 3490 2313 3543 bere
2340 3492 2534 3552 solent,
2562 3498 2622 3543 ut
2646 3486 2968 3559 perfundant
2993 3489 3167 3560 capita
3192 3489 3552 3562 deceptorum,
3582 3489 3637 3545 id
3658 3498 3759 3554 est,

2187 3579 2348 3635 verba
2377 3578 2583 3642 suavia,
2610 3577 2703 3631 sed
2732 3576 2952 3633 fallacia:
2977 3579 3151 3647 plena.

2256 3668 2418 3724 Vens.
2447 3668 2501 3723 9.
2529 3697 2600 3707 ——-
2629 3666 2907 3735 Perfruere
2932 3668 3038 3721 vita
3064 3683 3182 3719 cum
3206 3682 3367 3720 uxore
3385 3681 3541 3735 quam
3562 3664 3758 3734 diligis,

2188 3760 2381 3812 cunctis
2402 3757 2580 3811 diebus
2606 3758 2723 3809 vita:
2744 3755 3097 3809 instabilitatis
3125 3764 3252 3819 tute,
3272 3755 3361 3819 qui
3382 3754 3492 3807 dati
3519 3763 3637 3813 sunt
3664 3752 3761 3810 tibi

2190 3846 2280 3899 sub
2309 3845 2415 3899 sole
2443 3844 2680 3897 omnibus
2715 3843 2892 3897 diebus
2921 3844 3163 3897 vanitatis
3198 3854 3321 3899 tute.
3365 3842 3493 3897 Haec
3521 3853 3594 3899 est
3620 3844 3757 3898 enim

2186 3954 2307 4007 pars
2336 3938 2390 3990 in
2420 3939 2541 4000 vita,
2581 3945 2628 3989 et
2656 3937 2711 3987 in
2738 3933 2912 3989 labore
2950 3944 3060 3999 tuo,
3104 3953 3204 4005 quo
3246 3934 3453 3990 laboras
3494 3934 3589 3989 sub
3630 3932 3757 3987 sols.

2190 4026 2516 4096 Sapientiam
2566 4039 2820 4095 sequere,
2875 4032 2929 4079 et
2981 4026 3263 4079 scientiam
3318 4024 3756 4091 Scripturarum,

2186 4119 2349 4204 ως
2388 4126 2442 4171 et
2486 4120 2627 4171 hanc
2666 4117 2762 4171 tibi
2802 4118 2854 4171 in
2890 4116 3192 4186 coniugium
3232 4114 3440 4183 copula,
3472 4114 3538 4168 de
3563 4128 3667 4183 qua
3708 4113 3762 4167 iu

2189 4208 2497 4277 Proverbiis
2522 4226 2534 4259 :
2564 4207 2696 4260 Ama
2726 4206 2871 4259 illam
2896 4216 2942 4260 et
2972 4206 3192 4261 servabit
3217 4215 3284 4269 te,
3308 4204 3603 4275 amplexare
3625 4220 3761 4270 eam,

2188 4307 2234 4351 et
2272 4296 2613 4350 circumdabit
2652 4305 2699 4349 te
2731 4294 2911 4367 (Prov.
2946 4312 3019 4359 IV,
3050 4294 3125 4363 8).
3161 4293 3285 4348 Dies
3311 4294 3452 4347 enim
3482 4291 3634 4368 [Ms.,
3664 4309 3762 4349 au-

2117 4418 2162 4477 D
2190 4387 2319 4458 tem]
2346 4387 2617 4451 vanitatis,
2656 4388 2773 4441 dies
2804 4388 2967 4477 hujus
2995 4387 3174 4441 saeculi
3211 4400 3438 4477 nequam
3473 4386 3757 4477 signiﬁcat,

2190 4479 2254 4531 de
2282 4478 2475 4546 quibus
2511 4485 2567 4530 et
2598 4476 2884 4545 Apostolus
2925 4491 3029 4529 non
3071 4484 3229 4530 tacet.
3267 4476 3497 4531 Pulchre
3523 4475 3764 4545 prmeipit

2187 4577 2249 4621 ut
2282 4569 2333 4622 in
2370 4569 2556 4623 diebus
2584 4568 2835 4623 vanitatis
2872 4578 3067 4623 nostra:
3104 4583 3286 4623 veram
3326 4568 3493 4621 vitam
3518 4582 3637 4622 cum
3673 4583 3761 4623 sa-

2189 4661 2388 4730 pientia
2418 4675 2583 4714 uxore
2606 4675 2909 4727 qureramus
2938 4677 2950 4712 :
2981 4660 3094 4713 hzec
3123 4657 3264 4711 enim
3292 4672 3417 4726 pars
3445 4666 3623 4714 nostra
3649 4667 3758 4721 est,

2190 4761 2243 4804 et
2282 4750 2369 4803 hic
2410 4748 2610 4803 laboris
2651 4748 2876 4813 fructus,
2912 4748 2957 4802 si
2994 4748 3046 4801 in
3088 4749 3190 4803 hac
3218 4749 3325 4804 vita
3362 4748 3631 4805 umbratili
3676 4762 3763 4803 sa-

2190 4840 2445 4909 pientiam
2480 4854 2660 4893 veram
2679 4880 2693 4905 ,
2722 4855 2839 4910 quae
2867 4839 2935 4894 ad
2961 4839 3125 4895 vitam
3162 4856 3259 4897 nos
3287 4841 3447 4897 ducat
3472 4849 3759 4905 atteruam,

2196 4930 2435 4984 invenire
2462 4930 2751 4985 valeamus.

2267 5022 2424 5076 Vens.
2462 5023 2545 5076 l0.
2575 5050 2645 5061 ο-
2676 5021 3025 5090 Quodcunque
3053 5021 3225 5091 facere
3248 5030 3407 5091 potest
3437 5037 3620 5073 manus
3648 5030 3757 5084 tua,

2194 5114 2445 5166 instanter
2476 5128 2707 5183 operare,
2738 5112 2859 5181 quia
2896 5129 2985 5166 nec
3011 5129 3157 5181 opus,
3187 5128 3276 5165 nec
3307 5113 3459 5180 ratio,
3486 5129 3575 5167 nec
3596 5114 3764 5167 scisn-

2192 5207 2287 5268 tia,
2313 5221 2401 5257 nec
2428 5203 2679 5273 sapientia
2706 5212 2857 5256 erunt
2887 5203 3024 5273 apud
3050 5201 3263 5269 inferos,
3287 5219 3386 5273 quo
3412 5212 3467 5255 tu
3494 5218 3760 5274 properas.

2192 5294 2299 5348 Fac
2323 5292 2677 5361 quodcunque
2719 5293 2843 5347 boni
2882 5290 3062 5360 operis
3098 5290 3307 5355 valeas;
3346 5307 3488 5346 nunc
3514 5291 3763 5348 laboran-

2189 5386 2311 5440 dum
2351 5381 2501 5455 μὴ,
2533 5381 2741 5453 labora]
2776 5402 2787 5435 :
2830 5382 2997 5437 habes
3037 5389 3241 5452 tempus
3281 5380 3591 5446 laborandi,
3635 5380 3760 5449 quia

2191 5490 2335 5529 mors
2375 5474 2489 5539 tibi,
2536 5490 2653 5544 qua:
2691 5471 2886 5527 inferni
2930 5473 3142 5527 nomine
3183 5474 3509 5542 designatur,
3554 5468 3761 5542 tem’pu:

2191 5567 2339 5621 tollet
2358 5565 2684 5635 proficiendi,
2704 5562 2972 5631 Propheta
2993 5562 3201 5618 dicente
3227 5580 3240 5615 ι
3266 5560 3517 5630 Nunquid
3544 5559 3761 5615 mortuis

2192 5661 2350 5730 [aries
2391 5658 2672 5723 mirabilia,
2704 5664 2791 5709 aut
2824 5657 2876 5707 in
2910 5655 3109 5724 inferno
3138 5654 3248 5724 quis
3282 5650 3608 5721 conﬁtebitur
3632 5647 3763 5702 tibi?
