4230 6196
421 346 523 401 703

1225 333 1630 391 EXEGETICA.
1668 361 1735 370 —
1774 325 2127 384 COMMENT.
2170 322 2235 376 ιδ
2278 317 2801 375 ECClJ-ZSIASTEN.

3551 314 3651 366 706

426 454 677 527 Nunquid
706 452 968 507 enarrabit
1004 452 1191 521 aliquis
1231 452 1281 503 iu
1312 450 1542 519 sepulcro
1575 436 1982 497 misericordiam
2012 446 2058 503 Α
2086 438 2344 489 virtutum
2387 432 2635 493 imitatio,
2668 444 2764 500 per
2792 446 2909 498 quae
2951 430 3193 497 laqueum
3226 436 3427 499 ponunt
3454 429 3655 480 anima-

423 554 567 602 tum
591 544 758 617 (Psal.
783 558 860 606 vi,
886 540 949 605 6;
981 552 1218 603 Luxvtt,
1246 538 1331 603 ll,
1360 537 1481 604 12)?
1507 534 1692 589 Simile
1718 532 1844 602 quid
1868 531 1984 584 Sal-

422 644 577 691 vator
620 635 674 688 in
710 629 1000 701 Evangelio
1038 628 1206 683 dicit:
1242 626 1538 695 Operamini
1578 624 1700 675 dum
1741 622 1849 673 dies
1887 629 1981 682 est,

419 726 587 781 veniet
613 739 736 786 nox,
761 719 968 791 quando
991 733 1137 773 nemo
1163 717 1344 785 poterit
1374 713 1576 783 operari
1602 710 1780 779 (.Ioan.
1808 725 1881 769 nt,
1907 706 1981 777 4).

499 814 655 867 Vens.
684 812 771 865 Η.
790 838 861 850 -
889 806 1027 862 Verti
1053 823 1133 861 me
1156 805 1222 859 ad
1252 804 1419 867 aliud,
1440 813 1487 856 et
1508 802 1613 855 vidi
1642 800 1734 860 sub
1764 798 1869 851 sole
1898 814 1986 849 nec

423 904 671 958 velocium
699 918 807 955 esse
832 914 1060 961 cursum,
1082 912 1172 950 nec
1197 894 1407 961 fortium
1434 890 1642 952 bellum,
1671 904 1759 941 nec
1787 887 1988 953 sapien-

424 995 554 1046 tium
582 1006 789 1061 panem,
819 1004 908 1041 nec
936 986 1203 1039 doctorum
1227 982 1449 1041 divitias,
1473 994 1561 1030 nec
1586 975 1844 1041 artiﬁcum
1869 988 1989 1041 gra-

427 1058 683 1145 tiam,vsed
713 1087 909 1146 tempus
932 1087 1206 1141 casumque
1229 1069 1371 1140 [Ms.,
1403 1067 1491 1121 sed
1522 1080 1724 1118 cassum
1764 1058 1986 1129 tempus]

425 1171 481 1223 in
509 1168 762 1223 omnibus.
792 1162 1025 1233 Epistola
1052 1162 1119 1214 ad
1143 1160 1408 1213 Romanos
1434 1155 1558 1209 huic
1581 1153 1694 1205 loco
1723 1149 1985 1208 convenit,

428 1261 517 1314 ubi
551 1259 711 1320 dicit,
743 1273 846 1309 non
873 1270 981 1307 esse
1015 1251 1229 1306 volentis
1266 1263 1423 1317 neque
1460 1244 1734 1304 currentis,
1775 1240 1862 1293 sed
1896 1238 1990 1289 Dei

425 1349 717 1403 miserantis
745 1346 921 1417 (Rom.
960 1360 1035 1407 ix,
1064 1340 1149 1409 l6)
1178 1355 1191 1392 :
1222 1339 1345 1408 quia
1386 1337 1500 1390 sine
1536 1334 1704 1403 gratia
1738 1331 1852 1395 Dei,
1896 1345 1994 1383 nec

426 1441 672 1495 voluntas
714 1439 853 1492 bona
892 1435 996 1490 erit
1038 1434 1091 1486 in
1132 1432 1376 1490 homine;
1423 1440 1592 1494 neque
1640 1436 1827 1476 cursus
1866 1420 1993 1473 boni

428 1531 605 1601 operis
630 1531 744 1585 sine
771 1527 881 1582 Deo
908 1524 1022 1578 ﬁeri
1059 1522 1217 1599 valet.
1263 1520 1329 1573 Et
1366 1518 1451 1570 hic
1480 1516 1627 1569 locus
1655 1511 1993 1579 Pelagianam

430 1627 630 1674 sectam
666 1617 867 1685 optime
892 1612 1135 1667 destruit.
1174 1608 1272 1674 Qui
1305 1605 1449 1675 gravi
1485 1609 1824 1671 peccatorum
1856 1612 1991 1667 pon-

431 1710 559 1763 dere
596 1683 874 1775 premitur,
916 1716 1023 1754 non
1065 1708 1148 1753 est
1178 1706 1343 1777 aptus
1381 1694 1448 1745 ad
1486 1703 1701 1743 cursum
1743 1686 1890 1749 illum
1929 1683 1993 1736 de

2086 523 2184 575 bus
2220 519 2539 589 simplicium
2560 559 2574 583 ,
2605 528 2663 571 ut
2701 519 2917 587 capiant
2943 533 3053 579 eas,
3096 520 3232 571 sicut
3261 518 3435 586 pisces
3462 531 3655 587 sagena

2085 613 2385 681 capiuntur,
2418 618 2475 664 et
2502 624 2629 662 aves
2665 607 2874 677 laqueo.
2908 606 3195 661 Sciendum
3224 616 3308 660 est
3337 606 3656 660 ecclesiasti-

2085 717 2179 756 cos
2205 714 2417 770 quoque
2450 700 2616 763 viros,
2657 699 2749 767 qui
2783 697 2875 750 lilii
2910 698 3184 751 hominum
3220 696 3567 765 appellantur,
3604 704 3661 747 et

2086 799 2211 843 sunt
2234 789 2453 842 modica:
2481 786 2623 848 ﬁdei,
2648 787 2753 839 cito
2776 800 2931 854 posse
2955 798 3228 838 corruere.
3255 782 3552 836 Notandum
3578 791 3659 836 est

2089 879 2241 949 [Ms.,
2274 877 2484 948 etiam),
2516 877 2658 944 quod
2688 892 2781 944 per
2807 886 2976 929 totum
3002 875 3195 928 librum
3215 915 3228 937 ,
3260 874 3559 941 ubicungue
3581 872 3660 925 di-

2088 968 2247 1029 citur,
2272 966 2370 1034 lilii
2400 966 2687 1025 hominum,
2718 965 2769 1017 in
2794 964 3015 1016 llebrmo
3037 964 3264 1016 habetur
3292 962 3382 1014 lilii
3411 961 3659 1019 hominis.

2088 1056 2188 1109 hoc
2209 1065 2293 1109 est
2319 1054 2411 1107 ﬁlii
2440 1054 2638 1117 Adam;
2664 1063 2718 1106 et
2736 1053 2912 1105 omnis
2939 1067 3075 1120 pene
3104 1051 3379 1119 Scriptura
3406 1051 3506 1103 hoc
3531 1049 3665 1103 idio-

2090 1155 2231 1197 mate
2271 1144 2425 1212 plena
2464 1151 2564 1204 est,
2612 1144 2915 1193 universum
2956 1156 3122 1208 genus
3166 1141 3454 1194 humanum
3492 1139 3660 1192 Adam

2091 1234 2226 1286 ﬁlios
2255 1248 2471 1285 vocans.

2159 1321 2319 1391 437
2341 1321 2498 1373 Vens.
2536 1319 2721 1371 15-15.
2738 1348 2805 1356 -—-
2825 1318 2976 1371 Hanc
2993 1337 3191 1388 quoque
3214 1321 3315 1372 ridi
3333 1319 3662 1388 sapientiam,

2091 1421 2137 1461 et
2158 1409 2368 1478 probavi
2397 1408 2701 1459 maximam.
2724 1406 2916 1459 Ciuitas
2940 1425 3118 1475 parra,
3138 1420 3182 1458 et
3206 1410 3359 1476 pauci
3377 1409 3473 1459 viri
3498 1409 3550 1459 in
3580 1424 3661 1467 ea.

2090 1506 2135 1548 et
2168 1497 2299 1548 venit
2342 1511 2431 1547 rex
2464 1503 2643 1546 contra
2694 1509 2805 1544 eam
2851 1510 3089 1561 magnus,
3122 1503 3166 1545 et
3213 1494 3415 1546 vallavit
3444 1510 3578 1555 eam,
3610 1504 3656 1546 et

2090 1584 2345 1637 exstruxit
2381 1582 2690 1634 munitiones
2735 1596 2825 1648 per
2864 1596 3069 1647 gyrum,
3097 1590 3141 1631 et
3182 1581 3409 1646 perfecta
3435 1592 3507 1632 est
3534 1582 3665 1632 obsi-

2092 1672 2200 1734 dio,
2215 1672 2546 1737 inventusque
2569 1678 2641 1720 est
2665 1670 2716 1719 iu
2736 1684 2795 1720 ea
2821 1670 2896 1719 t'ir
2918 1683 3132 1736 pauper,
3158 1678 3202 1718 et
3231 1668 3461 1719 liberauit
3490 1668 3664 1720 urbem

430 1812 540 1867 quo
572 1756 775 1857 dficitur
828 1806 842 1844 :
893 1789 1114 1843 Cursum
1158 1770 1503 1838 consummavi
1526 1794 1561 1843 ,'
1596 1777 1751 1845 ﬁdem
1794 1772 1990 1828 servavi
2025 1770 2066 1829 Β
2092 1776 2182 1829 per
2204 1760 2510 1827 sapientiam
2540 1772 2711 1818 suam,
2734 1766 2781 1809 et
2804 1757 2977 1807 nuflus
3000 1756 3236 1823 deinceps
3261 1756 3560 1809 recordatus
3591 1768 3664 1810 est

1721 1864 1730 1867 _
1856 1862 1923 1867 --.-
2102 1852 2113 1867 ι
2223 1852 2232 1860 ι
2279 1851 2288 1858 ·
2348 1849 2433 1867 '11:,
2466 1865 2476 1867 μ
2512 1848 2742 1867 ακ,γη,..ἓ-
2800 1846 2915 1867 Ali!"
2950 1848 3115 1867 ---._.?_
3145 1846 3340 1867 2---_--
3375 1848 3661 1867 Al!_-_.!l,--,

431 1862 515 1954 (It
547 1882 681 1935 Tim.
706 1896 780 1943 iv,
808 1879 882 1947 7).
926 1875 1026 1941 Qui
1062 1880 1238 1927 autem
1266 1870 1397 1924 levis
1423 1875 1522 1929 est,
1562 1874 1614 1918 et
1650 1864 1823 1916 anima
1854 1862 1995 1913 illius

434 1949 538 2025 non
566 1976 835 2039 gravatur,
880 1963 1221 2017 nihilominus
1254 1969 1308 2011 et
1346 1959 1457 2025 ipse
1495 1957 1693 2021 absque
1730 1949 1995 2018 adjutorio

434 2060 643 2114 Domini
672 2073 776 2111 non
804 2048 978 2124 pot'cst
1012 2052 1079 2105 ad
1114 2049 1305 2104 ctrlum
1332 2044 1632 2114 pervenire,
1669 2056 1794 2110 quia
1822 2053 1993 2107 quan-

434 2149 764 2205 diu'sarcina
793 2145 969 2201 carnis
993 2143 1169 2195 anima
1194 2143 1528 2209 aggravatur,
1555 2132 1751 2187 bellum
1778 2130 1877 2183 sibi
1905 2130 1995 2181 ad-

434 2254 649 2294 versum
674 2237 846 2291 aerias
868 2241 1034 2289 restat
1066 2238 1355 2300 potestates
1385 2245 1399 2278 2
1430 2226 1551 2280 licet
1573 2223 1715 2276 enim
1744 2222 1813 2274 sit
1840 2218 1991 2290 [Δίκη

436 2342 572 2398 quas
598 2327 722 2381 licet
748 2322 839 2393 sit]
868 2323 1145 2383 robustus,
1166 2317 1396 2388 propriis
1421 2314 1624 2368 viribus
1645 2312 1861 2364 vincere
1890 2323 1997 2361 non

436 2416 659 2485 poterit,
706 2428 806 2467 nec
849 2403 1119 2466 omlestem
1162 2415 1215 2461 et
1260 2408 1523 2459 viventem
1568 2416 1755 2472 panem
1798 2399 1997 2451 habere

438 2505 664 2575 poterit,
709 2502 809 2555 nisi
854 2513 950 2568 per
990 2497 1300 2565 sapientiam
1346 2494 1756 2547 cohortantem:
1802 2485 1995 2546 l’enite,

436 2592 685 2645 eomedite
711 2604 869 2660 panes
895 2603 1031 2643 meos
1055 2581 1236 2656 (Ρὲου.
1270 2598 1343 2648 Ix,
1374 2582 1450 2651 5).
1481 2578 1765 2633 Sciendum
1790 2587 1999 2643 quoque

437 2688 521 2734 est
540 2680 713 2733 virum
741 2678 1056 2747 prudentem
1080 2673 1292 2728 divitias
1319 2670 1507 2724 salutis
1527 2678 1580 2721 et
1603 2666 1877 2734 sapientia:
1907 2677 1999 2714 na-

437 2767 565 2822 bere
590 2781 693 2820 non
717 2779 895 2834 posse,
930 2764 1032 2818 nisi
1059 2777 1150 2816 eas
1175 2776 1203 2815 a
1240 2760 1348 2814 Deo
1376 2757 1658 2825 acceperit,
1693 2754 1845 2823 cujus
1874 2752 1999 2818 ipsa:

438 2855 635 2919 divitia
676 2865 820 2919 sunt,
859 2853 927 2907 de
970 2852 1161 2921 quibus
1200 2858 1253 2903 et
1292 2848 1415 2901 alibi
1459 2844 1715 2911 scriptum
1742 2850 1863 2895 est:
1898 2840 2000 2892 Re-

438 2943 660 3011 demptio
697 2943 886 2995 animae
919 2942 1019 2994 uiri
1058 2938 1280 3010 propria:
1319 2936 1509 2988 divitia:
1540 2932 1721 3001 (Prov.
1760 2946 1881 2994 xui,
1920 2928 1996 2999 8).

439 3031 675 3085 Gratiam
702 3044 933 3098 quoque,
976 3029 1077 3081 nisi
1119 3027 1394 3081 scientiam
1429 3024 1679 3078 comitata
1714 3020 1906 3083 fuerit,
1946 3026 2001 3070 et

2094 1851 2313 1902 hominis
2342 1849 2480 1901 illius
2504 1848 2766 1917 pauperis.
2790 1846 2921 1899 Aliis
2945 1848 3120 1899 omnia
3145 1846 3345 1899 incerta
3367 1848 3666 1900 dicentibus

2094 1941 2369 2008 ctjustum
2419 1939 2485 1991 ab
2524 1936 2719 2002 injusto
2764 1936 2990 2002 amplius
3033 1936 3164 1988 nilnl
3202 1936 3417 1998 habere,
3450 1952 3547 2004 ego
3578 1952 3663 1990 sa-

2095 2028 2349 2095 pientiam
2378 2027 2429 2078 in
2472 2027 2575 2079 hoc
2603 2025 2888 2078 maximam
2914 2024 3275 2091 comprobavi,
3310 2026 3450 2092 quod
3477 2027 3667 2078 crebro

2096 2117 2294 2179 evenit,
2316 2124 2373 2169 ut
2398 2132 2559 2184 parva
2579 2117 2646 2169 sit
2668 2115 2873 2176 civitas,
2899 2124 2950 2166 et
2978 2115 3303 2167 habitatores
3329 2116 3378 2166 in
3401 2130 3462 2168 ea
3487 2118 3662 2183 pauci,

2096 2219 2149 2263 et
2202 2206 2668 2260 innumerabilium
2720 2206 2953 2258 hostium
3003 2204 3247 2271 cingatur
3294 2205 3568 2268 exercitu,
3615 2216 3667 2258 et

2096 2296 2372 2349 obsidione
2409 2302 2462 2347 et
2490 2291 2628 2346 fame
2657 2292 2881 2360 populus
2909 2292 3051 2344 intus
3073 2300 3319 2355 necetur;
3353 2300 3409 2344 et
3450 2302 3665 2361 repente

2098 2393 2281 2439 contra
2302 2383 2543 2436 omnium
2573 2381 2927 2449 suspicionem
2959 2378 3183 2431 inueniri
3214 2380 3386 2431 virum
3407 2378 3666 2432 humilem

2096 2482 2151 2525 ct
2178 2486 2482 2541 pauperem,
2510 2470 2603 2537 qui
2634 2471 2855 2525 haberet
2882 2470 3196 2537 sapientiam
3243 2468 3493 2534 majorem
3528 2485 3660 2522 cun--

2098 2563 2199 2615 etis
2224 2562 2477 2614 divitibus
2520 2558 2728 2627 magnis
2755 2566 2808 2611 et
2836 2558 3178 2625 potentibus;
3217 2564 3273 2609 et
3318 2557 3561 2624 superbis
3610 2557 3662 2609 in

2097 2649 2333 2719 periculo
2374 2649 2560 2717 positis
2586 2656 2640 2700 et
2666 2646 2995 2700 obsidionem
3026 2646 3361 2713 paventibus,
3392 2644 3591 2715 cogitat
3613 2655 3669 2697 et

2099 2740 2343 2807 inquirit,
2391 2748 2448 2790 ut
2495 2738 2730 2792 inveniat
2773 2737 3040 2803 quomodo
3066 2751 3095 2788 a
3123 2736 3277 2788 malis
3302 2744 3457 2789 eruat
3481 2735 3667 2788 civita-

2101 2839 2226 2881 tem.
2269 2827 2334 2880 Et
2376 2827 2582 2895 ingrata
2608 2825 2881 2879 hominum
2913 2823 3128 2885 oblivio,
3159 2832 3439 2891 postquam
3471 2822 3667 2875 iuerint

2100 2916 2327 2971 libertati
2356 2916 2515 2970 dediti
2542 2924 2593 2968 et
2634 2913 2807 2968 soluta
2844 2911 3141 2981 captivitas,
3172 2920 3227 2965 ct
3251 2911 3453 2965 reddita
3484 2912 3667 2978 patria:

2100 3004 2347 3067 libertas,
2395 3017 2549 3056 nemo
2594 3002 2837 3055 meminit
2889 3000 3145 3067 sapientis
3200 2999 3341 3053 illius
3389 3001 3669 3069 pauperis,

442 3133 692 3174 concessa
718 3084 748 3171 ξ,
775 3084 902 3183 θέο,
931 3119 1050 3187 (μή,
1073 3116 1312 3171 erudin
1338 3114 1421 3166 vi,
1443 3112 1639 3181 ροιετίι
1674 3110 1913 3163 invenire
1939 3108 2000 3159 n?
2025 3084 2068 3143 C
2103 3110 2258 3149 nemo
2281 3092 2499 3164 pauperi
2555 3090 2717 3146 refert
2745 3091 2943 3158 gratias
2973 3104 3068 3158 pro
3109 3089 3299 3153 salute,
3339 3090 3430 3143 sed
3483 3104 3669 3142 omnes

442 3208 594 3273 Quod
619 3206 813 3260 Paulus
839 3207 1031 3271 sciens,
1058 3206 1196 3275 plus,
1226 3202 1426 3270 inquit,
1458 3200 1693 3252 omnibus
1722 3196 1950 3249 laboravi
1981 3212 1997 3248 :

443 3311 549 3350 non
574 3305 745 3349 autem
773 3311 883 3364 ego,
905 3296 995 3349 sed
1019 3296 1189 3366 gratia
1208 3294 1323 3367 Dei,
1346 3309 1461 3361 qua:
1487 3306 1685 3345 mecum
1708 3299 1780 3341 est
1806 3287 1855 3357 (I
1877 3286 1995 3339 Cor.

440 3400 534 3453 xv,
557 3386 665 3457 l0).
692 3387 756 3439 Et
783 3388 973 3439 iterum
996 3403 1009 3453 ;
1037 3384 1219 3440 Gratia
1248 3386 1359 3453 ejus
1384 3384 1439 3435 in
1460 3398 1539 3435 me
1564 3395 1853 3457 oacuapon
1878 3377 1996 3445 fuit.

442 3474 512 3531 Et
528 3477 596 3530 ad
617 3454 913 3530 extremum
942 3474 1176 3533 nescitur
1197 3474 1265 3526 ab
1290 3472 1521 3534 homine,
1551 3454 1765 3538 quando
1793 3478 2001 3533 tempus

443 3567 717 3631 adveniat,
756 3567 813 3620 in
854 3564 1178 3634 quo'varius
1214 3569 1459 3624 eventus,
1508 3569 1563 3615 et
1602 3558 1725 3611 linis
1763 3556 1999 3610 omnium

349 3707 359 3719 .
445 3658 818 3727 subsequatur.

515 3749 674 3804 Vm.
717 3750 799 3802 l2.
830 3778 901 3788 —
930 3748 1106 3802 Nescit
1144 3749 1293 3801 homo
1337 3744 1491 3812 ﬁnem
1529 3756 1701 3803 suum,
1738 3740 1825 3792 sed
1865 3740 1999 3790 sicut

442 3838 603 3907 pisces
630 3838 904 3906 capiuntur
926 3838 1099 3899 hamo,
1128 3848 1175 3889 et
1205 3838 1336 3888 sicut
1364 3850 1479 3887 aues
1508 3828 2001 3900 comprehenduntur

444 3926 645 3995 laqueo,
674 3926 745 3976 sic
774 3925 1048 3993 rapiuntur
1080 3925 1310 3976 homines
1338 3931 1560 3989 tempore
1594 3917 1753 3981 malo,
1782 3932 1898 3969 cum
1926 3917 1999 3968 eis

443 4015 691 4084 extemplo
716 4015 1076 4081 supervenerit.
1107 4010 1355 4065 Nesciunt
1382 4010 1640 4070 homines,
1672 4008 1810 4059 sicut
1839 4020 1998 4071 supra

445 4102 642 4157 dictum
685 4110 796 4165 est,
846 4099 1212 4154 tribulationes
1253 4097 1335 4150 vel
1374 4097 1680 4164 repentinas
1725 4092 1996 4153 miserias,

446 4201 563 4257 qum
602 4190 982 4259 superveniunt
1022 4188 1101 4243 eis
1128 4189 1330 4243 incerto
1374 4187 1463 4240 Dei
1500 4184 1720 4253 judicio,
1749 4198 1887 4252 saepe
1911 4197 2001 4237 oc-

446 4276 608 4341 culto,
638 4279 731 4332 sed
757 4293 1025 4346 nunquam
1053 4276 1278 4344 iniusto;
1310 4291 1408 4331 nec
1434 4276 1594 4329 etiam
1624 4274 1790 4341 ipsius
1814 4272 2002 4325 mortis

447 4367 632 4421 horam
653 4380 810 4422 nosse
833 4375 1101 4435 poterunt,
1117 4381 1236 4435 quae
1257 4367 1397 4420 sicut
1422 4365 1507 4418 fur
1534 4364 1725 4425 veniet,
1746 4370 1809 4414 ut
1829 4370 2002 4415 vastet

445 4456 660 4510 domum
689 4453 1125 4524 peregrinationis
1158 4462 1371 4507 nostrae.
1412 4451 1561 4506 Sicut
1586 4452 1758 4519 pisces
1786 4448 2002 4518 capiam

448 4554 534 4599 tur
557 4547 658 4601 reti
676 4587 691 4611 ,
719 4546 801 4600 vel
835 4561 961 4601 aves
991 4546 1201 4612 laqueo,
1240 4544 1313 4597 ita
1341 4542 1478 4596 ﬁlios
1514 4540 1785 4595 hominum
1816 4554 2002 4607 repen—

448 4635 571 4688 tina
596 4635 865 4689 involvent
889 4634 1163 4703 angustiis.
1191 4631 1356 4685 Porro
1380 4630 1664 4684 secundum
1694 4627 2000 4696 allegoriam

447 4725 718 4781 sciendum
757 4734 868 4786 est,
908 4739 1130 4791 regnum
1166 4723 1418 4777 caelorum
1450 4719 1620 4774 simile
1645 4733 1765 4773 esse
1793 4729 2001 4779 sagena:

448 4819 622 4873 atina:
666 4806 721 4870 in
766 4829 959 4867 mare:
992 4806 1093 4867 hoc
1126 4823 1236 4877 est,
1278 4812 1580 4881 evangelica
1624 4808 1999 4879 predicatione

446 4908 610 4963 missa
642 4908 696 4961 in
729 4906 885 4972 hujus
920 4902 1101 4955 mundi
1136 4900 1441 4967 noctivagas
1469 4907 1828 4968 tempestates,
1861 4900 2001 4951 unde

448 4995 704 5049 Dominus
738 4994 793 5048 in
827 4991 1101 5046 vocatione
1136 4987 1494 5057 apostolorum
1532 4988 1606 5039 ait
1636 5004 1645 5036 :
1688 4984 1861 5041 Venite
1888 4995 1999 5055 post

450 5096 559 5146 me,
588 5083 791 5150 faciunt
812 5097 903 5135 vos
934 5080 1046 5148 ﬁeri
1084 5080 1359 5147 piscatores
1390 5077 1653 5129 hominum
1675 5073 1892 5144 (Matth.
1926 5092 1995 5136 tv,

452 5174 560 5242 l9).
597 5170 667 5225 Et
688 5185 728 5223 e
752 5172 1043 5235 contrario,
1068 5183 1317 5239 sagenam
1356 5167 1553 5219 habent
1588 5165 1821 5235 haeretici
1850 5166 2000 5218 malae

450 5257 864 5330 pradicltionis,
893 5273 997 5325 qua
1024 5258 1239 5326 capiunt
1265 5256 1468 5308 animas
1499 5254 1810 5306 innocentes
1829 5252 1895 5305 ad
1921 5253 2000 5303 in-

455 5342 686 5404 teritum.
717 5346 1135 5415 Sagena‘eorum
1156 5354 1239 5398 est
1263 5358 1437 5397 sermo
1464 5341 1687 5395 aﬂ‘abilis
1704 5380 1719 5405 ,
1750 5342 1998 5395 blandum

457 5436 738 5506 eloquium,
760 5435 1001 5492 simulata
1028 5442 1119 5487 aut
1136 5442 1317 5489 coacta
1338 5432 1557 5502 jejunis,
1578 5433 1745 5485 vestis
1760 5433 1996 5496 humilis,

2100 3185 2363 3239 honorant
2394 3183 2601 3244 divites,
2633 3181 2724 3249 qui
2753 3181 2805 3234 in
2835 3181 3072 3248 periculo
3102 3178 3231 3231 nihil
3262 3179 3543 3231 subvenire
3570 3194 3667 3248 po-

2102 3281 2293 3325 terant.
2321 3270 2489 3323 Aliter
2520 3283 2533 3319 :
2564 3268 2734 3320 Parva
2761 3268 2967 3327 civitas,
2997 3275 3049 3320 et
3087 3266 3188 3319 viii
3218 3266 3271 3319 in
3301 3282 3362 3320 ea
3394 3266 3572 3334 pauci,
3598 3268 3665 3320 ad

2100 3362 2549 3428 comparationem
2575 3357 2735 3410 totius
2762 3356 2968 3418 mundi,
2998 3354 3233 3408 Ecclesia
3265 3362 3364 3407 est.
3396 3356 3667 3409 Adversus

2100 3468 2218 3506 eam
2244 3438 2388 3520 saepe
2406 3449 2680 3517 consurgit
2708 3462 2801 3499 rex
2846 3460 3069 3514 magnus
3101 3445 3344 3499 diabolus
3372 3446 3666 3520 (nonquod

2102 3554 2325 3608 magnus
2360 3540 2447 3596 sit.
2495 3514 2756 3602 sedquod
2785 3549 3035 3603 magnum
3086 3547 3142 3603 se
3186 3547 3307 3591 esse
3347 3514 3575 3602 iactitet)
3616 3544 3669 3588 et

2100 3626 2395 3679 circumdat
2416 3638 2533 3677 eam
2560 3622 2852 3682 obsidione,
2878 3621 2989 3675 sive
3014 3620 3402 3687 persecutione,
3426 3622 3535 3674 sive
3560 3622 3667 3673 alio

2100 3718 2460 3785 angustiarum
2492 3727 2706 3783 genere,
2730 3721 2784 3765 et
2806 3711 3004 3766 invenit
3026 3712 3076 3764 in
3098 3726 3159 3764 ea
3186 3712 3355 3763 virum
3377 3726 3663 3779 pauperem

2100 3818 2154 3861 et
2187 3808 2496 3876 sapientem,
2545 3802 2823 3857 Dominum
2866 3809 3106 3855 nostrum
3162 3798 3342 3853 lcsum
3369 3799 3666 3864 Christum,

2100 3896 2189 3964 qui
2215 3911 2312 3963 pro
2357 3893 2510 3948 nobis
2538 3890 2711 3945 factus
2752 3898 2835 3944 est
2861 3904 3059 3960 pauper
3090 3888 3169 3959 (Il
3200 3889 3322 3941 Cor.
3354 3903 3471 3952 vin,
3507 3889 3583 3957 9),
3612 3898 3671 3942 et

2105 3984 2292 4038 liberat
2318 3983 2502 4037 urbem
2524 3983 2577 4034 in
2601 3981 2859 4047 sapientia
2880 3994 2997 4033 sua.
3028 3978 3153 4041 Sed,
3180 3979 3315 4046 proh
3337 3977 3517 4031 dolor!
3543 3992 3667 4031 cum

2102 4072 2230 4125 urbs
2271 4085 2368 4139 per
2405 4071 2545 4123 hunc
2572 4082 2862 4137 pauperem
2910 4067 3205 4134 sapientem
3236 4065 3453 4119 liberata
3482 4064 3669 4128 fuerit,

2100 4161 2184 4213 vix
2213 4160 2402 4228 aliquis
2422 4159 2535 4227 ejus
2574 4157 2834 4220 meminit,
2860 4157 2949 4209 vix
2977 4155 3119 4209 illius
3144 4155 3387 4209 mandata
3418 4154 3662 4210 coaside-

2101 4260 2210 4314 rat;
2237 4251 2331 4305 sed
2353 4259 2490 4304 totos
2510 4264 2567 4303 se
2594 4248 2816 4302 luxuria:
2837 4256 2891 4301 et
2910 4246 3269 4315 voluptatibus
3291 4248 3667 4311 concedentes,

2101 4350 2346 4410 quierunt
2370 4341 2601 4401 divitias,
2638 4354 2757 4407 qua:
2784 4347 3023 4406 tempore
3051 4337 3386 4413 necessitatis
3420 4345 3473 4392 et
3503 4352 3666 4408 angu-

2033 4424 2078 4482 D
2102 4431 2217 4484 suae
2244 4413 2348 4484 non
2376 4429 2605 4482 liberant
2631 4442 2724 4481 eos

2173 4539 2333 4590 Vens.
2365 4536 2450 4589 16.
2475 4565 2543 4576 --
2570 4534 2634 4587 Et
2654 4536 2885 4587 dicebam
2911 4549 3020 4601 ego,
3052 4532 3314 4585 meliorest
3332 4549 3443 4585 esse
3462 4536 3669 4601 sapien-

2102 4630 2227 4681 tiam
2274 4628 2596 4695 fortitudine.
2642 4624 2913 4691 Quomodo
2956 4640 3077 4691 ergo
3124 4624 3378 4691 sapientia
3420 4628 3667 4695 pauperis

2102 4727 2385 4788 contempta
2411 4728 2508 4781 est,
2536 4726 2584 4769 et
2606 4715 2753 4769 verba
2780 4714 2892 4783 ejus
2920 4730 3021 4765 non
3050 4723 3168 4765 sunt
3193 4714 3416 4765 audita?
3444 4714 3673 4780 Quando

2103 4808 2276 4863 nullus
2324 4808 2563 4863 meminit
2610 4806 2864 4874 sapientis
2912 4806 3163 4875 pauperis
3206 4805 3366 4869 illius,
3392 4821 3513 4859 etun
3542 4809 3664 4862 lata

2103 4905 2226 4950 sunt
2262 4896 2459 4959 omnia,
2490 4896 2586 4949 sed
2614 4896 2847 4950 universi
2878 4896 3113 4959 divitias,
3159 4905 3215 4949 et
3254 4897 3544 4965 potentiam
3572 4898 3667 4951 ad-

2104 4986 2364 5039 mirantur
2386 4984 2511 5055 [Με.
2534 5027 2548 5050 ,
2584 5001 2954 5055 quanquam...
2991 4987 3359 5041 meminerit...
3397 4986 3666 5043 admiren-

2105 5073 2235 5144 tur.]
2265 5074 2375 5145 Ego
2417 5083 2592 5128 tamen
2635 5088 2731 5143 per
2774 5089 2961 5129 omnes
2999 5088 3161 5142 supra
3202 5075 3667 5143 interpretationes

2105 5164 2273 5232 magis
2300 5164 2503 5217 honoro
2527 5172 2884 5231 contemptam
2918 5164 3255 5232 sapientiam,
3280 5173 3335 5220 et
3365 5167 3524 5219 verba
3545 5182 3666 5237 qua

2103 5254 2276 5309 nullus
2310 5254 2492 5309 audire
2519 5254 2785 5321 dignatur.

2173 5344 2331 5397 Vens.
2365 5344 2448 5394 l7.
2479 5371 2548 5381 —
2583 5340 2747 5395 Verba
2777 5344 3088 5410 sapientium
3114 5345 3400 5396 audiuntur
3430 5346 3486 5399 in
3508 5346 3667 5401 silen-

2105 5433 2194 5493 tio,
2223 5430 2337 5498 plus
2380 5445 2535 5498 quant
2580 5429 2779 5483 clamor
2817 5432 3061 5499 principis
3092 5432 3226 5484 inter
3253 5431 3455 5486 stulta.
3490 5431 3665 5489 Verba

531 5585 554 5614 ι
590 5572 685 5627 Is.
714 5581 771 5643 et
792 5570 920 5643 ilict
950 5566 1175 5643 :_Gratia
1202 5578 1431 5632 quoque,
1462 5564 1561 5619 nisi
1606 5561 1823 5643 scientia
1864 5563 2117 5616 comitata
2170 5558 2345 5621 fuerit,
2376 5568 2429 5612 et
2481 5574 2731 5615 concessa
2764 5576 2793 5613 a
2846 5559 2973 5622 Deo,
3002 5560 3122 5627 quis
3166 5559 3404 5613 eruditus
3432 5560 3516 5612 vir
3543 5574 3662 5614 eam

470 5655 569 5695 non
592 5639 787 5710 poterit
811 5638 1047 5691 invenire
1060 5635 1083 5685 ἲ
