4286 6190
654 346 753 402 ῗθτ

1484 351 1544 403 Β.
1587 352 1643 405 F.
1686 351 1903 405 ALBINI
1941 350 2072 406 δεῖ]
2114 348 2383 406 ALCUINI
2421 350 2697 407 OPERUM
2737 351 2911 407 PARS
2945 354 3001 407 ιι.

3737 358 3836 411 ῗο8

643 469 841 535 quippe
865 467 1175 534 sapientium
1208 468 1257 521 in
1298 470 1491 536 quiete,
1523 478 1575 521 et
1612 468 1885 523 moderato
1912 468 2197 521 audiuntur
2226 471 2269 527 Α
2301 481 2329 518 a
2365 475 2581 534 peccato
2621 467 2869 530 maximo,
2916 481 2982 520 ne
3024 466 3225 521 scilicet
3269 467 3636 537 cogitationem
3677 484 3835 537 opere

645 553 885 614 silentio;
913 562 968 606 et
992 555 1080 621 qui
1106 570 1209 608 non
1248 564 1491 622 quaerunt
1530 555 1745 623 plausus
1771 556 2003 610 excitare
2031 554 2191 623 vulgi,

646 641 739 695 sed
768 642 988 696 salutem
1026 641 1327 697 desiderant
1360 644 1703 699 audientium.
1754 644 1853 709 Qui
1899 659 2027 698 vero
2068 645 2194 698 insi-

2294 554 2652 621 compleamus
2669 571 2680 606 :
2697 554 2820 620 quia
2840 553 2978 607 aliud
2993 563 3080 607 est
3102 555 3416 625 cogitatione
3430 568 3679 624 peccare,
3695 555 3835 611 aliud

2290 656 2469 711 opere.
2500 643 2575 696 De
2607 659 2711 712 quo
2738 644 2921 713 grandi
2960 653 3172 712 peccato
3204 646 3258 699 in
3289 645 3491 713 psalmo
3518 644 3709 717 legitur
3735 660 3751 700 :
3775 645 3837 700 Si

645 732 795 799 piens
818 733 1190 801 est,.quamvis
1232 734 1302 786 sit
1325 740 1529 801 potens,
1553 742 1606 785 et
1633 732 1917 786 clamorem
1946 734 2057 786 sive
2083 747 2193 787 sua:
2290 730 2391 781 mei
2424 746 2525 783 non
2563 731 2753 799 fuerint
2788 732 3055 796 dominati,
3097 742 3217 785 tunc
3252 733 3612 788 immaculatus
3650 743 3837 800 ero,“

643 821 809 885 vocis,
836 821 944 875 sive
972 822 1146 890 pepuli
1171 821 1364 876 haheat
1386 823 1744 888 acclamantis,
1782 824 1922 877 inter
1944 823 2193 890 insipien-
2286 820 2606 872 emundabor
2642 837 2673 872 a
2696 820 2879 873 delicto
2916 821 3138 874 maximo
3172 820 3344 891 (Psal.
3381 837 3534 887 xvm,
3560 821 3666 893 16).

644 916 723 961 tes
748 918 1101 977 computatur,
1129 913 1219 979 qui
1259 912 1367 966 sibi
1409 912 1620 965 laudem
1659 911 1848 980 quzerit
1882 911 2186 973 humanam,

643 1012 746 1051 non
775 997 1067 1065 profectum
1110 1001 1284 1067 populi
1306 1000 1585 1053 audientis.

710 1088 869 1143 VEIS.
901 1089 981 1143 18.
1000 1118 1069 1127 -
1084 1089 1270 1142 Melior
1285 1100 1357 1142 est
1370 1091 1626 1157 sapientia
1644 1106 1799 1159 quam
1819 1106 1965 1141 arma
1987 1088 2186 1153 bellica,

639 1188 686 1231 et
728 1180 815 1247 qui
858 1180 913 1231 in
952 1196 1055 1231 uno
1088 1181 1391 1247 peccaverit,
1427 1180 1590 1231 multa
1630 1180 1762 1232 bona
1806 1180 1999 1248 perdet.
2040 1178 2189 1232 Nunc

639 1278 845 1332 quoque
872 1265 1182 1333 sapientiam
1218 1264 1432 1333 prtefert
1474 1264 1798 1329 fortitudini,
1824 1274 1877 1318 et
1918 1266 2045 1319 dicit
2069 1280 2187 1319 eam

638 1352 754 1419 plus
800 1353 977 1406 valere
1021 1348 1071 1404 in
1098 1352 1293 1419 praeliis
1331 1368 1489 1420 quam
1534 1368 1683 1406 arma
1729 1354 2103 1423 pugnantium;
2136 1364 2190 1407 et

636 1444 823 1494 crebro
848 1442 1042 1503 evenit,
1071 1440 1208 1507 quod
1246 1458 1341 1509 per
1363 1442 1519 1495 unius
1548 1443 1898 1512 insipientiam
1921 1457 2048 1512 opes
2076 1459 2189 1497 ma-

635 1546 749 1597 gnae
772 1540 927 1598 atque
973 1531 1165 1583 divitia:
1206 1539 1444 1598 pereunt.
1490 1530 1641 1595 Quod
1687 1546 1815 1585 vero
1845 1531 1962 1585 ait:
1995 1530 2095 1595 Qui
2132 1534 2187 1584 in

635 1637 737 1673 uno
762 1623 1059 1689 peccauerit,
1092 1620 1254 1674 multa
1282 1622 1413 1674 bona
1450 1623 1642 1691 perdet.
1674 1621 1856 1675 Simile
1881 1624 2005 1692 quid
2029 1631 2082 1675 et
2094 1622 2186 1677 Ja-

634 1707 797 1761 cobus
839 1708 1105 1775 apostolus
1149 1709 1317 1775 ponit,
1348 1710 1436 1762 ubi
1466 1710 1541 1762 ait
1570 1730 1582 1761 :
1616 1708 1715 1773 Qui
1746 1709 1965 1781 [autem]
1995 1713 2050 1765 in
2081 1728 2181 1765 uno

2359 906 2520 960 Vens.
2538 907 2819 961 5-7.——Est
2839 919 2886 961 et
2912 908 3123 972 malum,
3146 910 3282 978 quod
3302 911 3404 963 vidi
3425 912 3516 964 sub
3535 910 3659 976 sole,
3685 910 3833 980 quasi

2282 1009 2377 1062 per
2412 1010 2637 1049 errorem
2665 997 2923 1064 egrediens
2953 1014 2984 1050 a
3013 998 3145 1065 facie
3169 999 3433 1068 principis,
3455 1001 3672 1067 positum
3709 999 3831 1052 stulo

2285 1088 2395 1132 tum
2415 1081 2469 1133 in
2488 1082 2733 1150 dignitate
2752 1083 2975 1148 sublimi,
2989 1094 3035 1136 et
3055 1085 3232 1137 diuites
3246 1087 3416 1139 sedere
3436 1087 3690 1140 deorsum.
3713 1084 3829 1138 Vidi

2286 1183 2453 1221 servos
2478 1170 2531 1221 in
2576 1171 2736 1237 equis,
2780 1181 2825 1223 et
2853 1172 3100 1240 principes
3127 1176 3275 1242 quasi
3307 1191 3475 1228 servos
3513 1176 3830 1228 ambulantes

2284 1270 2436 1320 super
2475 1264 2683 1307 terram.
2733 1256 2879 1309 Hanc
2918 1271 3043 1325 ergo
3089 1258 3417 1326 iniquitatem
3455 1275 3513 1313 se
3553 1261 3603 1313 in
3640 1260 3830 1315 szcculo

2284 1342 2616 1408 perspexisse
2674 1352 3079 1408 commemorat,
3134 1347 3273 1413 quod
3321 1347 3443 1400 mali
3493 1347 3829 1401 dominantur

2279 1429 2455 1497 justis,
2494 1438 2547 1484 et
2579 1446 2716 1499 saepe
2756 1432 2961 1499 pejores
3008 1435 3096 1501 qui
3143 1444 3285 1499 sunt,
3333 1436 3662 1491 sublimiores
3702 1437 3826 1490 facti

2286 1516 2451 1589 [sunt]
2476 1520 2799 1574 melioribus.
2827 1522 2933 1575 Nec
2956 1523 3124 1575 solum
3146 1524 3197 1575 in
3225 1524 3567 1579 saecularibus
3593 1535 3829 1593 potesta-

2284 1606 2447 1669 tibus,
2478 1608 2572 1661 sed
2600 1617 2655 1660 et
2682 1608 2734 1661 in
2762 1608 3009 1664 Ecclesia:
3052 1611 3303 1678 dignitate
3330 1611 3595 1666 multoties
3622 1613 3827 1681 eligun-

2284 1701 2372 1746 tur
2391 1694 2709 1758 sacerdotes,
2734 1711 2835 1748 non
2859 1712 2921 1749 ex
2944 1697 3196 1750 virtutum
3218 1699 3437 1762 meritis,
3453 1699 3544 1753 sed
3563 1712 3627 1751 ex
3648 1700 3827 1754 favore

630 1798 929 1863 peccaverit,
954 1796 1119 1863 [actus
1142 1806 1215 1849 est
1239 1798 1465 1848 omnium
1491 1812 1605 1849 reus
1629 1776 1766 1867 (Jac:
1792 1814 1849 1861 ιι,
1876 1776 1982 1868 10).
2007 1799 2104 1863 Qui
2126 1799 2171 1853 in

2284 1784 2481 1851 populi,
2505 1792 2558 1836 et
2585 1784 2879 1852 principum
2912 1786 3197 1849 voluntate,
3224 1795 3532 1857 suggerente
3568 1788 3826 1844 diabolica
3840 1782 3855 1815 ³

630 1886 743 1939 sola
769 1888 1065 1956 peccaverit
1100 1888 1376 1951 cbaritate,
1409 1888 1645 1941 omnium
1686 1902 1878 1957 expers
1923 1891 2181 1944 bonorum

631 1976 949 2031 invenietur.

1232 2067 1455 2123 CAPUT
1494 2069 1557 2122 Χ.

700 2158 859 2211 Vens.
892 2158 939 2210 l.
964 2187 1032 2196 —
1060 2158 1255 2211 Musca:
1300 2162 1572 2213 morientes
1623 2160 1840 2227 perdunt
1879 2162 2177 2214 suavitatem

629 2248 913 2314 unguenti:
943 2249 1212 2315 pretiosior
1234 2257 1308 2301 est
1344 2248 1613 2317 sapientia,
1658 2256 1704 2299 et
1731 2246 1897 2317 gloria
1921 2244 2081 2315 parva
2112 2248 2179 2299 ad

628 2344 822 2403 tempus
846 2335 1092 2387 stultitiae.
1108 2336 1417 2404 Exemplum
1438 2335 1729 2403 superioris
1742 2349 1925 2387 sensus
1940 2335 2100 2399 dedit,
2125 2336 2177 2388 in

629 2440 735 2492 quo
760 2427 851 2489 ait,
871 2441 966 2493 per
986 2442 1149 2479 unum
1172 2427 1388 2479 stultum
1412 2426 1572 2478 multa
1594 2426 1729 2478 bona
1744 2439 1899 2491 posse
1921 2426 2173 2489 subverti,

628 2515 769 2581 quod
809 2515 886 2567 sic
935 2515 1103 2567 malus
1133 2516 1327 2567 mixtus
1370 2516 1520 2567 bouis
1546 2516 1865 2568 contaminet
1898 2514 2174 2582 plurimos,

626 2603 890 2670 quomodo
928 2616 1120 2654 musae
1150 2602 1193 2653 si
1225 2602 1519 2664 moriantur
1548 2602 1597 2654 in
1634 2611 1919 2670 unguento,
1950 2601 2177 2669 perdunt

627 2686 724 2759 [et]
748 2690 963 2742 odorem
990 2686 1102 2753 ejus
1128 2697 1179 2740 et
1200 2704 1461 2756 saporem.
1502 2688 1566 2740 Et
1588 2689 1711 2756 quia
1741 2703 1877 2755 sape
1906 2689 2068 2742 mixta
2097 2696 2177 2742 est

627 2778 898 2846 sapientiae
943 2777 1219 2840 calliditas,
1250 2788 1303 2831 et
1348 2780 1640 2846 prudentia:
1674 2780 1897 2844 malitia,
1928 2782 2177 2849 praaeepit

626 2879 685 2923 ιιι
731 2870 1037 2937 sapientiam
1081 2870 1370 2936 simplicem
1410 2872 1762 2938 requiramus,
1804 2871 2073 2938 mixtaque
2107 2871 2178 2923 sit

627 2973 749 3011 cum
776 2959 1071 3012 innocentia
1108 2960 1468 3011 columbarum
1517 2960 1791 3026 prudentia
1840 2958 2171 3026 serpentino;

624 3056 681 3101 et
705 3055 763 3100 ut
781 3049 1065 3115 prudentes
1094 3050 1257 3103 simus
1283 3049 1347 3101 ad
1370 3050 1584 3112 bonum,
1611 3050 1874 3118 simplices
1904 3058 2077 3103 autem
2106 3050 2171 3102 ad

2280 1872 2485 1937 fraude,
2533 1882 2590 1927 et
2633 1874 2725 1927 Dei
2758 1874 2901 1941 justo
2935 1875 3132 1943 judicio
3171 1877 3505 1943 permittente
3542 1878 3609 1930 ob
3637 1878 3827 1932 merita
3900 1890 3911 1893 ‘

2278 1961 2483 2029 populi;
2517 1969 2575 2014 ut
2599 1962 2792 2015 dicitur
2823 1964 2875 2015 in
2904 1963 3162 2031 Propheta
3186 1981 3201 2013 :
3232 1958 3527 2041 Sacerdotes
3552 1964 3693 2028 mali,
3716 1982 3828 2033 pec-

2276 2060 2391 2102 cata
2409 2050 2601 2120 populi,
2631 2061 2684 2103 ut
2706 2053 2826 2104 circi
2848 2052 2998 2104 duces
3022 2051 3237 2104 habeant
3264 2068 3422 2105 εστι-οε
3454 2053 3613 2105 donec
3633 2055 3826 2121 pariter

2275 2150 2517 2192 corruant
2541 2140 2595 2192 in
2621 2140 2818 2207 foveam
2856 2140 3172 2208 perditionis.
3204 2140 3259 2192 ln
3292 2142 3431 2194 hunc
3456 2156 3666 2195 sensum
3697 2141 3826 2195 facit

2275 2232 2328 2278 et
2356 2226 2482 2279 illud
2512 2228 2652 2294 quod
2691 2229 2928 2295 sequitur
2963 2246 2974 2280 :
3016 2226 3132 2280 Vidi
3156 2245 3323 2281 servos
3362 2247 3513 2299 super
3559 2247 3737 2300 equos,
3760 2212 3824 2284 ’τι

2273 2310 2525 2385 principes
2556 2316 2872 2370 ambulantes
2899 2318 3046 2386 quasi
3071 2335 3237 2371 servos
3261 2336 3412 2387 super
3433 2329 3621 2372 terram
3642 2337 3659 2373 :
3684 2330 3740 2373 ut
3766 2321 3819 2374 hi

2274 2404 2363 2471 qui
2399 2405 2535 2457 servi
2568 2413 2691 2457 sunt
2718 2405 2967 2456 vitiorum
2994 2413 3149 2473 atque
3176 2407 3399 2473 peccati,
3432 2408 3540 2460 sive
3574 2416 3681 2460 tam
3722 2410 3819 2461 hu-

2274 2495 2443 2555 miles,
2476 2503 2535 2546 ut
2573 2495 2709 2547 servi
2751 2495 2817 2547 ab
2846 2495 3142 2548 hominibus
3167 2504 3550 2563 computentur,
3587 2498 3757 2550 subita
3789 2513 3819 2550 a

2274 2583 2481 2637 diabolo
2501 2584 2752 2652 dignitate
2766 2598 2864 2650 per
2890 2565 3083 2652 ﬂagitia
3118 2584 3349 2651 publica,
3370 2584 3647 2636 videantur
3676 2583 3819 2636 θυι.

2275 2672 2403 2734 tari;
2434 2680 2487 2723 et
2526 2670 2803 2738 magistros
2828 2671 2991 2723 bonos
3028 2670 3292 2737 Deumque
3323 2672 3565 2725 timentes
3594 2672 3819 2741 opprimi

2272 2772 2325 2815 et
2348 2762 2562 2814 humilia
2592 2760 2740 2830 [.lls.,
2772 2761 3059 2824 humiliari]
3086 2761 3260 2815 officio
3290 2777 3581 2816 servorum.

2344 2872 2503 2925 Vens.
2536 2872 2586 2925 8.
2612 2900 2682 2911 —
2703 2870 2804 2934 Qui
2839 2870 2967 2937 fodit
2998 2871 3213 2936 foveam,
3254 2872 3358 2939 ipse
3387 2872 3574 2923 incidet
3596 2873 3651 2923 in
3678 2888 3813 2937 eam,

2273 2968 2317 3009 et
2341 2958 2426 3026 qui
2454 2958 2667 3025 dissipat
2698 2972 2882 3024 sepem,
2910 2956 3153 3007 mordebit
3177 2973 3291 3008 eum
3318 2956 3539 3008 coluber.
3566 2957 3641 3009 Ex
3667 2966 3819 3025 parte

2276 3046 2517 3114 simplex,
2542 3054 2593 3097 et
2617 3060 2680 3099 ex
2720 3052 2868 3113 parte
2896 3046 3145 3113 mysticus
3168 3055 3247 3098 est
3278 3045 3592 3099 intellectus.
3623 3046 3679 3099 Si
3702 3047 3820 3114 qui-
3874 3050 3879 3055 ’

630 3138 842 3191 malum.
891 3137 1059 3191 Aliter
1090 3156 1100 3188 :
1131 3138 1419 3191 Pretiosior
1442 3147 1523 3191 est
1566 3097 1780 3191 humilis
1820 3138 1983 3205 gloria
2015 3153 2172 3205 quam
2199 3097 2245 3157 C
2276 3136 2395 3188 dem
2424 3143 2475 3187 et
2504 3136 2626 3188 alibi
2654 3136 2763 3202 ipse
2804 3136 3046 3187 Salomon
3075 3137 3150 3187 ait
3185 3154 3196 3187 ε
3228 3137 3328 3198 Qui
3359 3138 3533 3187 statuit
3559 3136 3814 3204 laqueum,

628 3227 852 3294 superba
897 3227 1081 3291 elatio;
1113 3236 1164 3279 et
1189 3228 1253 3278 ad
1290 3235 1497 3295 tempus
1525 3227 1743 3280 stultum
1772 3227 1958 3289 videri,
1992 3228 2043 3281 id
2070 3236 2166 3290 est,

626 3312 939 3380 simplicem,
966 3328 1120 3381 quam
1156 3314 1440 3383 gloriosum
1468 3323 1520 3367 et
1548 3316 1851 3382 superbum.

693 3402 855 3473 438
882 3404 1039 3457 Vsus.
1072 3403 1127 3467 2,
1153 3406 1205 3456 3.
1228 3431 1298 3441 —
1326 3400 1427 3453 Cor
1454 3404 1694 3468 sapientis
1723 3404 1774 3453 in
1797 3403 2004 3454 dextera
2037 3404 2168 3471 ejus,

623 3500 672 3543 et
696 3507 786 3543 cor
805 3491 945 3543 stulti
971 3492 1024 3543 in
1043 3492 1253 3543 sinistra
1286 3490 1447 3542 illius.
1475 3489 1578 3543 Sed
1602 3491 1653 3541 in
1684 3492 1762 3542 via
1788 3490 1970 3542 stultus
1994 3491 2171 3542 ambu-

623 3580 761 3642 lans,
787 3597 900 3632 cum
926 3581 1029 3649 ipse
1062 3580 1305 3647 insipiens
1332 3580 1415 3649 sit,
1442 3591 1613 3631 onlnes
1637 3580 1816 3632 stultos
1838 3582 2074 3633 a'stimat.
2107 3580 2171 3632 Et

628 3678 678 3727 in
710 3672 990 3740 Evangelio
1028 3671 1349 3738 praecipitur,
1380 3679 1437 3722 ut
1471 3670 1673 3722 nesciat
1698 3671 1910 3722 sinistra
1937 3671 2061 3737 quid
2094 3668 2161 3721 fa-

627 3765 729 3815 ciat
758 3764 969 3815 dextera
998 3760 1247 3827 sapientis
1274 3758 1483 3818 (Matth.
1512 3774 1565 3820 v,
1594 3758 1690 3821 39;
1721 3773 1795 3815 vn.
1821 3757 1893 3827 5).
1920 3758 1983 3809 Et
2005 3774 2169 3826 quan-

627 3852 693 3903 do
731 3851 1055 3917 percutimur
1086 3850 1137 3899 in
1180 3848 1445 3899 maxillam
1475 3847 1770 3909 dexteram,
1801 3861 1903 3899 non
1924 3845 2172 3911 iubemur

626 3939 894 3991 sinistram
926 3950 1109 4005 genam
1138 3936 1449 4001 percutienti
1492 3935 1745 4000 praebere,
1793 3935 1884 3987 sed
1927 3934 2166 3986 alteram.

627 4031 806 4083 Justus
833 4036 1006 4081 autem
1038 4024 1185 4096 [Ms.,
1211 4023 1371 4093 enim]
1402 4024 1668 4075 sinistram
1699 4023 1748 4075 in
1778 4038 1833 4076 se
1862 4038 1963 4076 non
1992 4023 2169 4085 habet,

628 4118 720 4169 sed
770 4124 935 4167 totum
991 4116 1043 4166 in
1095 4130 1157 4165 eo
1203 4113 1444 4164 dextrum
1479 4122 1577 4164 est.
1620 4111 1718 4176 Qui
1749 4120 1925 4164 autem
1964 4112 2171 4178 sapiens

630 4214 730 4266 est,
764 4217 972 4269 semper
1006 4203 1067 4253 de
1104 4201 1277 4251 futuro
1306 4201 1495 4253 SiEClllO
1523 4202 1736 4267 cogitat,
1773 4201 1909 4266 quod
1936 4201 2077 4252 ducit
2107 4201 2172 4251 ad

631 4296 898 4354 dextram;
936 4291 1023 4358 qui
1069 4303 1196 4341 vero
1224 4289 1472 4355 insipiens
1502 4297 1603 4349 est,
1633 4288 1697 4339 de
1730 4289 1997 4354 prmseuti,
2035 4288 2173 4354 quod

2272 3226 2500 3293 capietur
2521 3227 2573 3277 in
2596 3224 2682 3275 illo
2707 3225 2889 3292 (Eccli.
2924 3241 3084 3285 xxvu,
3110 3225 3219 3293 29).
3252 3226 3316 3278 Et
3340 3227 3390 3279 in
3414 3226 3621 3280 Psalmo
3659 3230 3817 3296 septi-

2273 3328 2359 3365 mo
2389 3331 2400 3363 :
2434 3313 2626 3364 Locum
2654 3314 2871 3380 aperuit,
2904 3323 2949 3363 et
2980 3313 3155 3379 e/fodit
3186 3331 3319 3376 eum,
3356 3325 3401 3366 et
3428 3316 3604 3367 incidit
3648 3317 3701 3367 in
3740 3316 3818 3381 [οε

2270 3421 2434 3468 veam,
2463 3422 2614 3473 quam
2656 3405 2772 3471 fecit
2807 3404 2971 3471 (Psal.
3002 3422 3092 3467 vu,
3126 3405 3231 3473 16).
3256 3405 3407 3472 Sepis
3426 3415 3598 3458 autem
3628 3407 3818 3459 confir-

2270 3494 2431 3545 matio
2481 3492 2631 3561 [Ms.,
2680 3493 2985 3561 inﬁrmatio]
3028 3493 3383 3546 ecclesiastica
3434 3505 3488 3545 et
3530 3495 3815 3561 apostolica

2271 3590 2392 3634 sunt
2417 3582 2682 3649 dogmata,
2708 3597 2823 3647 quae
2844 3583 2930 3648 qui
2951 3582 3263 3641 dissolverit,
3290 3592 3341 3636 et
3358 3585 3581 3637 voluerit
3600 3596 3816 3653 praetcr-

2270 3668 2369 3731 ire,
2399 3668 2449 3721 in
2477 3683 2540 3721 eo
2571 3670 2683 3736 ipso
2712 3671 2851 3736 quod
2885 3670 3103 3741 negligit
3130 3681 3431 3725 sanctorum
3482 3682 3675 3727 statuta
3718 3675 3817 3728 Pa-

2269 3768 2426 3823 trum,
2462 3776 2489 3813 a
2519 3770 2761 3827 serpente
2790 3763 3100 3827 percutitur,
3130 3762 3180 3814 id
3202 3770 3302 3824 est,
3334 3777 3362 3813 a
3391 3761 3596 3815 diabolo
3636 3764 3817 3819 vulne-

2270 3857 2435 3901 ratur.
2470 3849 2544 3901 De
2586 3864 2691 3915 quo
2724 3858 2964 3915 serpente
3006 3850 3056 3902 in
3103 3849 3262 3902 Amos
3304 3850 3557 3919 scriptum
3601 3860 3683 3905 est
3712 3870 3724 3905 :
3757 3852 3814 3909 Si

2270 3937 2580 3989 descenderit
2610 3938 2663 3989 in
2685 3937 2963 4002 infernum,
2994 3938 3245 3991 mandabo
3268 3941 3505 4008 serpenti,
3537 3950 3584 3993 et
3608 3942 3814 3997 morde-

2272 4025 2340 4076 bit
2369 4042 2482 4077 eum
2512 4026 2707 4095 (Amos.
2732 4042 2804 4089 Ix,
2832 4027 2905 4085 5).

2347 4115 2498 4167 Vsus.
2522 4116 2573 4167 9.
2600 4144 2669 4153 ——-
2698 4115 2798 4178 Qui
2834 4116 3073 4183 transfert
3114 4116 3326 4185 lapides,
3362 4119 3607 4185 aﬁligetur
3629 4120 3681 4172 in
3707 4121 3812 4190 eis;

2272 4214 2317 4256 et
2348 4206 2433 4271 qui
2474 4206 2655 4256 scindit
2681 4204 2837 4270 ligna,
2866 4205 3213 4257 vulnerabitur
3246 4206 3307 4257 ab
3334 4207 3423 4257 eis.
3450 4206 3739 4259 Volvuntur
3762 4218 3815 4261 et

2274 4294 2325 4345 in
2343 4294 2594 4346 Zacharia
2619 4295 2783 4345 sancti
2802 4294 2999 4361 lapides
3018 4309 3171 4361 super
3194 4306 3382 4347 terram
3398 4295 3575 4363 (Zach.
3594 4312 3668 4359 Ix,
3696 4296 3810 4365 16);

633 4384 857 4449 positum
882 4389 962 4433 est
986 4380 1036 4433 in
1060 4380 1292 4439 sinistra,
1326 4393 1530 4444 semper
1554 4379 1787 4445 inquirit.
1821 4378 2057 4445 Sequens
2082 4393 2173 4430 au-
2201 4406 2250 4464 Ι)
2276 4398 2377 4435 non
2405 4384 2542 4437 enim
2573 4384 2721 4436 ﬁrma
2766 4386 2971 4435 ratione
3017 4385 3325 4445 consistunt,
3354 4385 3442 4437 sed
3472 4393 3809 4451 pmtemunt,

634 4482 735 4523 tem
765 4470 1051 4523 versiculus
1096 4470 1147 4520 in
1173 4484 1277 4535 quo
1304 4469 1377 4519 ait
1405 4483 1417 4518 :
1454 4468 1552 4520 Sed
1579 4470 1629 4520 in
1670 4472 1747 4520 via
1776 4468 1961 4519 stultus
1993 4469 2168 4519 ambu-

632 4561 764 4622 lans,
794 4575 909 4611 cum
952 4559 1056 4626 ipse
1097 4557 1335 4623 insipiens
1376 4556 1461 4616 sit,
1508 4572 1675 4607 omnes
1700 4555 1879 4607 stultos
1918 4558 2167 4617 a’stimat;

564 4706 569 4709 Α
634 4650 774 4700 hunc
810 4662 1020 4700 sensum
1066 4646 1224 4698 habet
1252 4663 1263 4695 :
1296 4645 1503 4705 stultus,
1550 4650 1605 4695 ut
1633 4644 1742 4707 ipse
1766 4655 1962 4708 peccat,
1992 4655 2171 4712 sperat

632 4749 816 4786 omnes
842 4748 1059 4800 peccare
1104 4733 1359 4797 similiter,
1408 4741 1565 4799 atque
1594 4746 1657 4785 ex
1696 4746 1791 4784 suo
1821 4732 2027 4799 ingenio
2055 4734 2168 4784 uni-

633 4840 814 4877 versos
839 4822 1062 4889 iudicat.

703 4914 859 4965 Vens.
886 4910 936 4961 4.
965 4940 1033 4948 -
1061 4908 1117 4961 Si
1146 4910 1354 4975 spiritus
1378 4918 1669 4977 potestatem
1692 4912 1919 4964 habentis
1949 4911 2173 4963 ascendit

636 5001 778 5069 [λίϐη
808 4997 1113 5067 ascenderit]
1151 5014 1303 5064 super
1329 5006 1396 5059 te,
1435 4997 1598 5048 locum
1625 5007 1767 5047 tuum
1795 5015 1855 5049 ne
1897 5000 2172 5061 dimiseris,

632 5091 752 5157 quia
778 5090 979 5151 curatio.
994 5104 1189 5140 cessare
1210 5087 1358 5155 faciet
1383 5094 1587 5153 peccata
1613 5087 1852 5136 maxima.
1876 5086 2175 5153 Principem

636 5177 813 5229 mundi
845 5176 1013 5237 istius,
1042 5184 1093 5228 et
1119 5185 1373 5229 rectorem
1398 5173 1730 5226 tenebrarum
1757 5174 1967 5236 barum,
1989 5182 2041 5226 et
2062 5190 2179 5241 ope-

637 5274 836 5318 rantem
868 5266 919 5317 in
945 5265 1063 5317 ﬁliis
1083 5263 1383 5318 difﬁdentiae
1404 5303 1417 5327 ,
1448 5262 1595 5330 cujus
1614 5272 1668 5317 et
1689 5264 1969 5333 Apostolus
1993 5268 2177 5318 memi-

637 5354 740 5413 nit,
779 5368 920 5407 nunc
943 5351 1217 5418 Scriptura
1260 5351 1517 5420 signiﬁcat
1550 5370 1561 5403 ε
1596 5352 1733 5420 quod
1774 5353 1817 5406 si
1858 5355 1910 5406 in
1951 5369 2043 5407 cor
2085 5370 2177 5408 no-

638 5450 806 5496 strum
821 5445 1134 5505 ascenderit,
1163 5450 1214 5495 et
1236 5443 1444 5495 animus
1458 5443 1610 5497 mala:
1629 5444 1964 5513 cogitationis
1987 5444 2177 5498 vulnus

638 5533 917 5599 acceperit,
962 5546 1063 5585 non
1109 5533 1358 5586 debemus
1409 5530 1580 5583 locum
1617 5532 1753 5585 ultro
1795 5532 2045 5593 tribuere,
2085 5531 2176 5583 sed

638 5632 869 5691 pugnare
898 5630 1080 5675 contra
1126 5621 1491 5691 cogitationem
1536 5620 1835 5685 pessimam,
1866 5626 1917 5671 ct
1964 5619 2175 5673 liberari

2273 4480 2325 4525 et
2353 4486 2559 4541 semper
2584 4473 2649 4525 ad
2690 4472 2875 4524 altiora
2922 4473 3166 4533 nitentes,
3204 4473 3322 4525 hinc
3362 4474 3505 4525 abire
3544 4473 3809 4524 festinant.

2274 4562 2345 4613 De
2375 4561 2457 4613 bis
2478 4562 2609 4613 vivis
2638 4561 2913 4627 lapidibus,
2935 4570 2988 4613 et
3014 4562 3063 4612 in
3087 4561 3398 4629 Apocalypsi
3426 4563 3553 4613 urbs
3577 4560 3813 4613 Salvato—

2273 4649 2347 4699 ris
2371 4650 2658 4701 exstruitur
2688 4648 2863 4715 (Apoc.
2896 4664 3003 4709 xxi,
3036 4647 3143 4714 l8),
3172 4657 3224 4699 et
3251 4648 3535 4700 Ecclesium
3562 4649 3811 4702 :edilicari

2272 4736 2553 4803 Apostolus
2580 4736 2819 4789 meminit
2846 4734 2995 4804 [Ms.,
3020 4751 3122 4787 non
3144 4736 3320 4806 tacet].
3348 4736 3445 4801 Qui
3464 4753 3589 4791 vero
3612 4739 3706 4791 bos
3738 4739 3812 4790 la-

2272 4826 2418 4892 pides
2448 4825 2592 4877 vivos
2625 4825 2689 4877 de
2737 4824 3077 4877 aedificatione
3116 4822 3263 4893 [Ms.,
3291 4824 3534 4895 aedificio]
3564 4825 3810 4878 Ecclesia:

2271 4915 2522 4967 transfert
2565 4914 2808 4966 haeretica
2854 4912 3085 4980 qualibet
3112 4914 3383 4981 pravitate,
3406 4920 3603 4965 aeterno
3630 4912 3810 4965 dolore

2273 5002 2528 5071 allligetur
2555 5017 2651 5070 pro
2688 5002 2785 5063 eis,
2812 5002 2948 5069 ligna
2985 5015 3191 5067 quoque
3220 5000 3465 5053 scindens
3490 4996 3810 5066 periclitabi-

2276 5100 2358 5143 tur
2385 5092 2436 5143 in
2457 5092 2553 5145 eis.
2584 5090 2825 5143 Haeretici
2862 5090 2997 5156 ligna
3038 5087 3355 5141 infructuosa
3383 5093 3523 5148 sunt,
3554 5092 3607 5137 et
3645 5086 3810 5139 saltus

2277 5180 2473 5245 absque
2512 5178 2737 5231 utilitate
2760 5191 3066 5243 pomorum;
3095 5190 3191 5243 pro
3216 5189 3437 5241 quorum
3471 5174 3806 5227 schismatiea

2274 5265 2529 5319 divisione
2571 5264 2829 5332 prudens,
2882 5273 2934 5316 et
2976 5263 3360 5316 ecclesiasticus
3398 5260 3581 5315 doctor
3632 5261 3830 5313 animo-

2272 5352 2653 5414 vulnerabitur,
2680 5352 2927 5419 Apostolo
2967 5351 3169 5403 dicente
3197 5368 3208 5400 :
3240 5349 3365 5413 Quis
3399 5346 3805 5411 scandalizatur,

2271 5449 2317 5491 et
2340 5454 2429 5507 ego
2458 5455 2561 5491 non
2590 5455 2712 5491 uror
2735 5438 2818 5507 (II
2848 5438 2967 5491 Cor.
3002 5452 3079 5500 xI,
3099 5437 3221 5505 29)?

2342 5528 2500 5581 Vens.
2534 5528 2618 5580 lO.
2642 5557 2712 5568 —
2745 5526 2800 5579 Si
2829 5536 3048 5578 retusum
3087 5526 3238 5594 fuerit
3268 5525 3479 5591 ferrum,
3507 5532 3553 5575 et
3585 5524 3680 5575 hoc
3704 5538 3808 5577 non

2275 5627 2327 5671 ut
2353 5619 2519 5687 prius,
2540 5619 2626 5671 sed
2649 5618 2935 5672 hcbetatum
2961 5618 3075 5682 erit,
3105 5615 3263 5669 multo
3294 5614 3463 5668 labore
3486 5621 3762 5669 sucum
3780 5624 3806 5668 θ
