4286 6218
624 339 721 391 7H

1462 338 1517 388 Β.
1560 337 1619 388 ι’.
1664 329 1884 389 AEBlNl
1924 334 2052 389 SBE
2093 334 2369 389 ALCUlNl
2407 332 2692 389 OPERL’M
2730 334 2908 389 PARS
2945 334 3007 388 ll.

3755 335 3860 387 71'2

614 462 843 503 eorum:
880 445 990 513 Ego
1017 446 1113 513 ﬂos
1154 447 1342 512 campi,
1367 455 1413 496 et
1442 444 1609 495 tilium
1651 444 1963 496 convallium
2003 442 2173 511 (Cain.
2208 450 2255 503 Α
2284 458 2431 497 mere
2476 446 2824 513 loquendum,
2862 460 3047 499 verum
3087 445 3247 498 etiam
3289 446 3341 497 in
3392 446 3603 500 arcanis
3654 447 3853 511 cordis,

615 552 679 603 tt,
707 539 779 607 i).
808 536 1083 605 Principes
1108 551 1319 605 quoque
1345 538 1461 604 ejus
1488 545 1613 589 sunt
1640 534 1883 603 apostoli,
1914 544 1970 588 et
1997 550 2183 587 omnes

614 628 813 690 sancti,
842 628 931 693 qui
984 641 1161 695 regem
1193 626 1397 680 habent
1440 625 1606 679 lilium
1636 625 1910 687 nobilium,
1958 624 2185 677 Abrahae

613 716 837 780 scilicet,
868 730 971 770 non
1001 715 1291 773 dcancilla
1320 718 1481 787 Agar,
1513 718 1606 771 sed
1641 719 1705 772 de
1736 716 1867 771 Sara
1899 716 2061 771 libera
2095 732 2185 786 ge-

614 807 787 860 nitum
820 805 984 878 [Hs.,
1012 804 1160 861 Sara:
1193 806 1437 861 libertate
1468 805 1804 877 generatum]
1834 825 1845 859 :
1880 821 1978 860 nec
2009 820 2185 859 come-

613 894 746 947 dunt
776 909 953 960 mane,
983 895 1381 959 nec'velociter;
1412 910 1513 949 nec
1540 896 1685 948 enim
1716 895 1767 947 in
1798 895 2045 963 praesenti
2088 908 2185 947 saa-

613 988 734 1040 culo
770 986 1103 1040 voluntatem
1130 995 1399 1056 quaerunt,
1443 987 1535 1040 sed
1566 996 1806 1054 tempore
1836 1000 1934 1039 suo
1964 987 2184 1038 mandu—

612 1082 825 1144 cabunt,
858 1096 980 1135 cum
1012 1079 1377 1137 retributionis
1420 1088 1630 1149 tempus
1658 1079 1951 1141 advenerit,
1978 1080 2043 1132 de
2068 1080 2186 1147 qui-

612 1175 711 1226 bus
735 1182 788 1226 et
818 1172 932 1241 ipse
964 1169 1208 1227 Salvator
1232 1172 1305 1224 ait
1330 1171 1381 1223 in
1411 1170 1695 1238 Evangelio
1722 1168 1827 1222 :Et
1850 1185 1940 1237 ego
1969 1169 2185 1237 dispono

610 1261 747 1316 vobis
773 1277 1005 1329 regnum,
1039 1272 1093 1313 ut
1118 1261 1283 1312 edatis
1302 1269 1350 1311 et
1377 1259 1563 1311 bibatis
1590 1275 1744 1327 super
1763 1273 1991 1310 mensam
2020 1273 2186 1309 ineant

608 1351 659 1401 in
692 1366 846 1417 regno
880 1365 991 1401 meo
1018 1348 1167 1417 (Luc.
1196 1363 1328 1409 xm,
1353 1349 1442 1411 ἓξ),
1469 1349 1578 1417 50).

684 1438 837 1490 Vens.
863 1438 947 1492 18.
966 1436 1110 1489 -Ιη
1136 1438 1360 1507 pigritiis
1387 1437 1752 1490 bnmiliabitur
1775 1438 2108 1504 contignatio,
2139 1446 2184 1488 et

604 1533 657 1582 in
692 1531 995 1597 inﬁrmitate
1021 1547 1269 1583 manuum
1294 1530 1601 1599 perstillabit
1634 1531 1837 1583 domus.
1870 1529 2068 1582 Domus
2096 1543 2186 1580 no-

606 1633 718 1675 slra
748 1638 865 1689 qua:
892 1635 1013 1674 cum
1042 1630 1184 1674 statu
1214 1622 1444 1674 hominis
1473 1630 1649 1674 creata
1678 1628 1781 1683 est,
1811 1629 1903 1673 aut
1931 1620 2185 1673 habitatio

605 1728 766 1779 quam
817 1712 1076 1767 habemus
1117 1712 1171 1765 in
1220 1711 1390 1775 ctelis,
1435 1712 1562 1780 quia
1608 1711 1745 1781 pigri
1785 1724 1986 1771 sumus,
2018 1718 2070 1762 ct
2118 1708 2183 1761 ad

2285 540 2525 601 quamvis
2601 538 2761 589 variis
2820 545 3155 590 coarctamur
3203 536 3665 599 tribulationibus,
3724 537 3856 593 nihil

2286 624 2673 692 hlasphemum,
2707 604 2837 677 nihil
2882 626 3100 693 impium
3132 626 3466 678 sentiendum
3511 627 3596 679 sit.
3628 627 3695 680 Et
3729 627 3855 695 quia

2284 712 2618 766 dilectionem
2666 728 2824 781 quam
2868 714 3083 768 Christo
3126 715 3459 779 exhibemus,
3499 715 3654 786 “1
3699 717 3858 770 debe-

2286 818 2403 856 mus
2428 812 2481 857 et
2505 804 2778 871 proximo;
2808 803 2978 873 Dilige
3006 807 3201 873 quippe
3230 804 3509 858 Dominum
3549 804 3736 869 Deum,
3764 808 3859 861 sed

2283 900 2338 944 et
2363 892 2657 957 proximum
2686 900 2831 944 tuum
2855 901 3101 961 tanquam
3128 903 3175 944 te
3202 894 3369 961 ipsum
3397 910 3415 957 ;
3452 902 3507 947 et
3530 906 3672 945 nunc
3703 891 3854 963 [Ms.,

2283 982 2445 1034 etiam
2473 981 2634 1051 nunc]
2660 980 2813 1047 jubet
2839 997 2905 1034 ne
2932 991 3054 1051 post
3097 998 3277 1052 regem
3306 984 3372 1037 de
3414 985 3619 1038 sanctis
3643 1000 3858 1054 quoque

2284 1070 2439 1125 facile
2468 1072 2833 1137 detrahamus,
2864 1083 2917 1127 et
2944 1074 3023 1127 eis
3063 1090 3197 1142 quos
3236 1077 3529 1129 viderimus
3573 1077 3854 1144 sapientia,

2285 1164 2508 1217 scientia
2545 1164 2935 1232 virtutibusque
2973 1166 3187 1228 ditatos,
3220 1165 3397 1235 lingua
3436 1167 3671 1221 mordaci
3702 1165 3856 1237 ιλιι,

2286 1251 2476 1319 lingua:
2522 1252 2894 1323 mordacitate]
2940 1254 3279 1323 derogemus,
3325 1256 3463 1323 quod
3516 1256 3713 1324 angeli.
3762 1258 3856 1328 qui

2287 1352 2483 1395 terram
2514 1343 2866 1406 circumeunt,
2892 1352 2947 1397 et
2973 1353 3097 1396 sunt
3127 1346 3585 1399 aJministratores
3607 1348 3854 1415 spiritus,

2286 1436 2340 1481 et
2380 1431 2431 1483 in
2467 1429 2724 1484 Zacharia
2768 1431 3073 1500 loquuntur,
3106 1434 3436 1487 circuivimus
3484 1444 3707 1497 terram,
3737 1450 3857 1489 ecce

2286 1520 2449 1571 omnis
2475 1528 2613 1572 terra
2634 1519 2918 1583 habitatur,
2949 1531 2995 1573 et
3025 1521 3139 1574 silet
3170 1521 3350 1591 (lactt.
3375 1539 3414 1587 ι,
3442 1524 3550 1593 Η),
3583 1525 3649 1578 ad
3678 1526 3856 1580 instar

2285 1608 2458 1661 avium
2490 1610 2554 1661 ad
2591 1609 2783 1662 etelum
2832 1620 3011 1663 nostra
3044 1612 3200 1665 verba
3249 1612 3538 1681 perferant,
3570 1623 3624 1667 et
3650 1616 3855 1682 cogita-

2289 1696 2478 1758 tiones,
2506 1706 2559 1750 et
2587 1698 2727 1766 quod
2758 1699 2897 1754 clam
2925 1702 3242 1771 cogitainus,
3280 1704 3557 1757 scientiam
3606 1704 3701 1759 Dei
3747 1720 3853 1759 non

606 1804 741 1855 bona
789 1817 949 1869 opera
980 1802 1277 1864 tardiores,
1309 1801 1709 1863 humiliabitur;
1757 1809 1812 1852 ct
1846 1800 2020 1853 omnis
2050 1813 2179 1851 con-
2218 1779 2261 1837 Β
2290 1785 2473 1839 ῘθῑθιῬι

604 1892 843 1959 tiguatio,
873 1906 991 1959 qure
1020 1892 1177 1945 debet
1213 1890 1421 1944 culmen
1464 1902 1677 1960 portare
1724 1891 1779 1943 in
1823 1888 2068 1950 sublime,
2115 1889 2182 1941 ad

604 1994 807 2036 terram
836 1997 1093 2036 corruens
1120 1982 1495 2043 habitatorem
1538 1998 1691 2036 suum
1728 1980 2012 2048 apprimit;
2040 1992 2182 2031 cum-

602 2089 707 2141 que
738 2073 994 2127 auxilium
1023 2088 1276 2126 manuum
1299 2073 1664 2140 virtutumque
1688 2070 1971 2140 torpuerit,
1996 2082 2183 2122 omnes

603 2167 834 2232 desuper
856 2172 1148 2232 potestates
1186 2171 1238 2215 et
1285 2162 1587 2216 nimborum
1614 2162 1681 2215 ad
1706 2176 1803 2215 nos
1830 2160 1985 2213 turbo
2007 2174 2182 2229 erum-

602 2255 699 2323 pit.
734 2254 899 2307 Porro
929 2254 1071 2321 quod
1109 2253 1160 2305 in
1201 2268 1307 2305 uno
1346 2253 1562 2306 homine
1598 2249 1932 2319 interpretati
1976 2262 2178 2309 sumus,

603 2345 791 2397 melius
820 2351 995 2411 potest
1036 2357 1198 2410 super
1225 2340 1519 2395 Ecclesium
1559 2340 1747 2407 accipi,
1786 2338 1927 2406 quod
1966 2352 2061 2407 per
2090 2352 2183 2391 ne-

602 2434 903 2503 gligentiam
934 2432 1234 2501 principum
1256 2433 1433 2485 omnis
1460 2432 1575 2500 ejus
1600 2439 1820 2484 corruat
1848 2428 2100 2490 altitudo;
2127 2437 2183 2480 et

601 2521 672 2573 ibi
718 2522 968 2574 vitiorum
1020 2520 1281 2575 illecebra:
1328 2531 1483 2588 sunt,
1524 2521 1613 2575 ubi
1658 2530 1865 2591 tegmen
1911 2516 2183 2587 putabitur

602 2608 751 2682 [Ms.,
777 2608 1088 2680 putabatur]
1113 2626 1233 2665 esse
1263 2613 1543 2664 virtutum.

670 2700 831 2754 Vsus.
860 2701 943 2753 t9.
969 2727 1039 2739 -—-
1068 2699 1135 2753 In
1171 2702 1281 2753 risu
1324 2700 1523 2768 faciunt
1558 2716 1741 2769 panem
1778 2715 1837 2751 ac
1878 2701 2083 2760 uinum,
2127 2704 2180 2749 ut

598 2788 875 2858 epulentur
921 2791 1188 2844 bibentes:
1221 2802 1268 2844 et
1305 2793 1537 2860 pecuniae
1577 2791 1819 2843 obediunt
1864 2788 2059 2840 omnia.
2106 2784 2184 2840 De

598 2880 968 2946 superioribus
995 2882 1154 2951 hujus
1194 2883 1472 2935 sententia:
1514 2882 1710 2951 pendet
1758 2879 2076 2933 intellectus.
2124 2879 2181 2933 ln

603 2969 820 3038 pigritia
844 2971 984 3023 enim
1012 2971 1144 3023 dixit
1169 2980 1221 3023 et
1244 2971 1487 3023 socordia
1512 2971 1888 3039 magistrorum
1909 2969 2182 3023 humiliari

606 3061 922 3125 Ecclesium,
966 3070 1021 3115 et
1049 3061 1259 3115 culmen
1289 3062 1405 3131 ejus
1440 3062 1742 3123 concidere,
1783 3068 1839 3113 et
1876 3061 2021 3128 tigna
2063 3075 2184 3128 per-

604 3150 768 3204 ﬂuere
794 3143 1181 3221 [Jls.,'pcrllui]
1210 3152 1475 3219 pnedixit.
1503 3149 1655 3204 Nunc
1679 3158 1857 3203 autem
1886 3150 1947 3203 de
1979 3150 2179 3203 eisdem

606 3238 880 3306 magistris
916 3238 1169 3305 loquitur,
1212 3252 1476 3291 accusans
1518 3250 1612 3289 eos
1654 3236 1859 3289 deliciis
1906 3237 2081 3297 διεωιὶ
2130 3246 2185 3291 et

604 3328 851 3391 luxurim,
900 3328 1177 3395 epulisque
1225 3328 1395 3396 magis
1443 3327 1645 3379 servire
1690 3340 1850 3392 quam
1897 3325 2085 3389 saluti,
2130 3326 2181 3377 iu

610 3419 993 3486 prtedicatione
1034 3420 1178 3471 verbi
1213 3419 1335 3481 Dei,
1366 3420 1542 3487 gregis
1572 3418 1671 3470 sibi
1714 3417 2015 3478 commissi,
2058 3416 2182 3468 dum

602 3508 841 3577 episcopi
873 3517 927 3561 et
954 3509 1251 3577 presbyteri
1286 3523 1391 3560 non
1438 3506 1682 3561 laborant
1710 3507 1760 3559 in
1790 3506 2029 3562 Ecclesia
2058 3522 2187 3560 ron—

603 3596 776 3650 stituti
808 3598 860 3648 in
889 3610 1136 3649 sermone
1176 3605 1230 3649 et
1256 3598 1530 3661 doctrina;
1564 3596 1647 3649 vel
1674 3596 1835 3647 etiam
1864 3610 1927 3648 ea
1968 3596 2181 3658 docent,

605 3700 723 3754 qua:
751 3686 858 3738 sint
884 3686 1079 3755 populo
1125 3685 1460 3741 delectabilia
1488 3686 1695 3748 audire,
1729 3692 1788 3737 ut
1828 3685 2058 3755 gratiam
2090 3685 2185 3740 ha-

605 3775 766 3827 beant
814 3776 1143 3828 audientium
1174 3778 1342 3845 magis
1385 3792 1546 3844 quam
1591 3775 1801 3828 illorum
1844 3773 2180 3843 profectum:

606 3868 686 3922 sic
726 3866 780 3922 in
811 3868 922 3921 risu
951 3868 1073 3921 vita:
1118 3875 1331 3921 aeterna:
1375 3872 1588 3937 panem,
1615 3876 1669 3919 et
1704 3866 1888 3917 vinum
1914 3865 2188 3932 sapientiae

608 3961 805 4030 populo
826 3962 1153 4022 ministrant,
1181 3974 1285 4011 non
1311 3961 1377 4013 ad
1400 3959 1645 4021 salutem,
1670 3957 1763 4011 sed
1785 3956 1850 4009 ad
1874 3956 2184 4023 perniciem.

608 4053 701 4107 Sic
732 4052 831 4120 ipsi
854 4051 945 4119 qui
973 4046 1186 4115 docent,
1216 4050 1431 4103 divitias
1459 4057 1513 4103 et
1537 4064 1687 4118 opes,
1716 4056 1772 4101 et
1797 4048 1945 4101 cibos
1973 4062 2070 4116 per
2098 4046 2190 4100 de-

608 4141 875 4196 lectabilia
902 4141 1164 4211 promissa
1191 4142 1533 4208 conquirunt,
1560 4148 1615 4193 et
1648 4139 1716 4191 ad
1745 4140 1977 4191 honores
2002 4152 2190 4206 perve-

611 4234 765 4285 niunt
782 4229 1085 4291 sazculares,
1100 4229 1295 4295 quibus
1309 4228 1531 4296 subjecti
1550 4226 1674 4297 [Μσ.
1686 4267 1700 4291 ,
1715 4234 1769 4279 et
1789 4224 2035 4295 subjecti]
2052 4240 2191 4294 stepe

610 4328 842 4399 perdunt
866 4324 1134 4379 caelestes.

2890 1921 3113 1977 CAPUT
3144 1922 3229 1977 Χῖ.

2348 2050 2506 2102 Vsus.
2530 2049 2802 2103 L—Mitte
2813 2068 2998 2119 panem
3012 2063 3157 2104 tuum
3170 2065 3657 2123 supertranseuntes
3671 2075 3854 2127 aquas,

2280 2140 2402 2206 quia
2429 2147 2541 2205 post
2568 2137 2732 2191 multa
2760 2148 2991 2208 tempora
3014 2140 3235 2194 invenies
3266 2142 3433 2197 illum.
3462 2142 3541 2196 Ad
3565 2145 3859 2217 elcemosy-

2280 2240 2401 2278 nam
2431 2226 2768 2291 cohortatur,
2809 2228 2951 2294 quod
2995 2229 3141 2282 omni
3180 2231 3394 2298 petenti-
3429 2232 3499 2284 sit
3521 2233 3773 2299 dandum,
3804 2246 3858 2290 et

2281 2315 2567 2369 indiscrete
2595 2313 3013 2388 [Ms.,discrete]
3038 2318 3338 2373 faciendum
3373 2322 3526 2375 bene.
3556 2323 3671 2390 Quo
3700 2326 3859 2382 modo

2280 2405 2420 2459 enim
2466 2405 2556 2473 qui
2604 2420 2763 2473 super
2793 2405 2991 2475 irrigua
3037 2409 3287 2473 seminat,
3322 2409 3555 2466 fructum
3598 2417 3855 2471 sementis

2281 2503 2574 2563 exspectat,
2611 2495 2685 2549 ita
2733 2497 2823 2563 qui
2868 2496 3096 2564 largitur
3139 2502 3436 2568 egentibus,
3488 2518 3593 2555 non
3628 2518 3853 2571 granum

2282 2592 2524 2656 seminis,
2581 2591 2675 2645 sed
2726 2590 2901 2659 ipsum
2950 2607 3139 2660 panem
3189 2594 3341 2657 serit,
3396 2592 3580 2648 fenore
3628 2598 3858 2663 quodam

2282 2681 2776 2750 multiplicationem
2810 2682 2950 2737 illius
2978 2684 3317 2751 praestolans,
3352 2693 3403 2737 et
3432 2700 3553 2738 cum
3579 2686 3695 2741 dies
3715 2685 3861 2754 judi-

2284 2773 2351 2826 cii
2382 2773 2604 2835 venerit,
2638 2772 2804 2825 multo
2833 2774 3061 2841 amplius
3086 2789 3244 2841 quam
3280 2776 3498 2828 dederat
3524 2787 3856 2845 recepturus.

2282 2862 2453 2915 Aliter
2482 2880 2492 2913 :
2526 2861 2582 2913 ln
2610 2877 2929 2931 quocunque
2959 2864 3172 2917 homine
3210 2864 3355 2917 illam
3402 2880 3597 2933 aquam
3632 2868 3855 2931 videris,

2283 2953 2349 3005 de
2381 2966 2483 3019 qua
2520 2951 2718 3004 dicitur
2744 2966 2759 3003 :
2800 2950 3047 3006 Flumina
3093 2954 3157 3005 de
3184 2964 3353 3007 uentre
3383 2956 3496 3024 ejus
3524 2958 3687 3023 ﬂuent
3711 2975 3860 3027 aqua

2286 3044 2407 3096 viva'
2434 3042 2615 3113 (Joan.
2649 3059 2744 3106 vn,
2772 3042 2883 3115 58),
2914 3058 2978 3096 ne
3011 3051 3062 3097 te
3096 3046 3269 3114 pigeat
3305 3062 3498 3114 panem
3546 3049 3857 3115 sapientiae,

2284 3147 2474 3199 panem
2512 3132 2878 3185 rationabilem
2922 3145 3181 3202 prsestare
3211 3137 3493 3188 sermonis.
3534 3135 3600 3187 Et
3632 3139 3686 3188 in
3728 3139 3860 3189 mul-

2285 3224 2505 3275 titudine
2531 3224 2731 3275 dierum
2758 3226 2981 3277 invenies
3010 3225 3183 3288 illum,
3208 3227 3257 3278 id
3290 3237 3390 3288 est,
3426 3228 3667 3283 invenies
3693 3229 3862 3297 longi-

2287 3311 2525 3363 tudinem
2558 3312 2765 3364 dierum
2795 3314 2918 3365 vita:
2967 3322 3178 3366 :eternze
3210 3315 3262 3367 in
3312 3318 3662 3370 retributione
3694 3318 3859 3372 cccle-

2288 3401 2377 3453 sti.
2412 3401 2469 3454 Si
2515 3402 2658 3454 enim
2689 3402 2788 3455 hoc
2820 3402 3011 3456 feceris
3050 3404 3377 3472 frequenter,
3407 3407 3645 3460 invenies
3670 3394 3720 3461 ie
3749 3423 3859 3462 non

2287 3491 2556 3546 incassum
2593 3493 2958 3547 doctrinarum
2980 3493 3176 3559 jecisse
3206 3505 3517 3549 sementem.
3563 3495 3690 3549 Tale
3731 3494 3860 3563 quid

2289 3579 2342 3631 in
2386 3580 2521 3632 lsaia
2569 3581 2769 3634 dictum
2821 3590 2949 3649 puto
2991 3596 3004 3633 :
3062 3582 3252 3635 Beatus
3298 3585 3386 3651 qui
3440 3585 3663 3636 seminat
3709 3601 3864 3654 super

2288 3692 2477 3744 aquam
2527 3675 2613 3727 ubi
2664 3675 2750 3728 bos
2782 3685 2830 3727 et
2879 3678 3058 3729 asinus
3088 3677 3291 3729 calcant
3327 3677 3482 3745 (Isai.
3534 3694 3706 3743 usu,
3743 3679 3858 3749 20).

2288 3764 2439 3830 Quod
2470 3764 2555 3817 ille
2606 3765 2860 3833 magister
2890 3766 3220 3818 beatitudine
3243 3767 3433 3835 dignus
3462 3768 3744 3832 habeatur,
3769 3770 3861 3837 qui

2291 3868 2451 3919 super
2498 3853 2756 3919 irriguum
2779 3861 2964 3919 pectus
2990 3855 3215 3907 seminat
3255 3855 3605 3919 audientium,
3646 3867 3754 3913 tam
3794 3874 3859 3913 ex

2292 3940 2489 3993 Judaris
2525 3956 2683 4007 quam
2714 3955 2778 3993 ex
2809 3942 3056 4008 gentibus
3083 3943 3279 4011 populo
3308 3954 3649 4013 congregato.

2362 4052 2521 4106 Vsus.
2549 4052 2601 4105 2.
2630 4081 2698 4091 —-
2724 4052 2803 4104 Da
2824 4062 2994 4121 partes
3020 4063 3229 4122 septem,
3263 4072 3457 4109 necnon
3481 4066 3527 4109 et
3550 4067 3687 4119 octo,
3733 4059 3860 4127 quia

2290 4146 2500 4212 ignoras
2540 4143 2664 4211 quid
2698 4144 2928 4210 futurum
2978 4146 3043 4197 sit
3072 4144 3197 4197 mali
3224 4162 3378 4214 super
3406 4157 3619 4199 terram.
3663 4147 3860 4202 Praeci-

2292 4235 2369 4302 pit
2391 4249 2519 4302 ergo
2544 4241 2829 4301 utrumque
2860 4233 3279 4297 Testamentum,
3313 4236 3363 4287 id
3394 4245 3476 4289 est
3511 4237 3694 4301 Vetus,
3720 4239 3862 4306 quod

2296 4323 2599 4391 septenario
2628 4336 2850 4373 numero
2878 4321 3201 4389 designatur,
3250 4330 3304 4375 et
3346 4322 3576 4389 Novum,
3612 4325 3755 4392 quod
3805 4324 3862 4378 in

688 4419 850 4472 Vsus.
876 4416 965 4470 20.
985 4446 1057 4456 --
1079 4414 1142 4467 In
1168 4416 1475 4483 cogitatione
1505 4424 1596 4465 tua
1627 4415 1731 4482 regi
1758 4429 1818 4465 ne
1848 4413 2109 4475 detrahas,
2144 4424 2191 4465 et
2222 4434 2268 4492 ι)
2297 4416 2572 4469 octonario
2604 4412 2938 4481 intelIigitur,
2970 4413 3127 4482 digna
3156 4415 3501 4469 veneratione
3526 4415 3711 4467 haberi
3731 4428 3860 4468 sane

612 4507 668 4562 in
700 4518 895 4562 secreto
928 4507 1111 4559 cubilis
1139 4508 1215 4559 tui
1258 4524 1318 4558 ne
1345 4506 1675 4558 maledixeris
1702 4507 1867 4568 diviti,
1908 4506 2032 4574 quia
2072 4523 2187 4559 aues

610 4599 728 4655 ccli
759 4599 1036 4669 portabunt
1081 4614 1253 4650 vocem
1283 4607 1445 4659 tuam,
1481 4606 1526 4649 et
1564 4596 1651 4664 qui
1688 4594 1837 4647 habet
1875 4611 2069 4663 pennas
2096 4612 2189 4647 an-

617 4691 875 4744 nuntiabit
926 4690 1253 4742 sententiam.
1303 4686 1539 4756 Simplex
1591 4694 1916 4753 przeceptum
1964 4684 2192 4739 aedificat

616 4780 898 4835 audientes
927 4793 993 4829 ne
1025 4779 1101 4829 ira
1130 4785 1182 4829 et
1208 4775 1388 4829 furore
1432 4774 1670 4844 superati
1692 4774 1744 4825 in
1772 4772 2109 4827 maledictum
2136 4781 2192 4824 et

618 4870 672 4926 in
715 4867 1104 4923 detractionem
1150 4880 1335 4933 regum
1381 4875 1435 4917 et
1464 4865 1764 4932 principum
1815 4876 2186 4929 erumpamus;

618 4961 743 5031 quia
774 4968 959 5015 contra
1005 4972 1153 5026 spem
1184 4955 1451 5009 interdum
1482 4955 1678 5017 evenit,
1709 4963 1769 5007 ut
1811 4955 1854 5007 si
1886 4955 1971 5009 his
1998 4954 2192 5021 quibus

622 5049 989 5105 maledicimus
1037 5046 1346 5107 nuntietur,
1402 5046 1740 5097 incurramus
1785 5043 2078 5111 periculum
2139 5043 2191 5096 in

622 5136 1065 5193 immoderatione
1110 5133 1319 5201 linguae.
1354 5133 1505 5197 Quod
1545 5143 1724 5188 autem
1762 5133 1873 5185 ait:
1907 5133 2035 5185 Aves
2081 5133 2193 5185 cazli

622 5216 857 5297 auferent
883 5242 1073 5290 uocem,
1100 5234 1145 5279 et
1177 5222 1367 5277 habens
1385 5238 1581 5293 pennas
1605 5222 1933 5275 annuntiabit
1962 5221 2189 5285 verbum,

624 5314 962 5389 hyperbolice
989 5313 1386 5384 intelligendum
1413 5320 1515 5366 est.
1544 5310 1697 5365 Modo
1729 5310 1879 5382 μη,
1906 5312 2191 5383 quomodo]

625 5409 857 5465 solemus
897 5405 1097 5468 dicere,
1140 5403 1301 5456 etiam
1338 5404 1482 5474 ipsos
1529 5402 1783 5472 parietes,
1835 5402 2028 5471 quibus
2071 5417 2195 5455 con-

626 5497 750 5551 sciis
800 5494 1082 5561 loquimur,
1112 5506 1231 5563 qua:
1279 5493 1560 5548 audierunt
1613 5508 1718 5547 non
1764 5492 2031 5547 celaturos
2062 5510 2073 5544 :
2104 5494 2194 5546 sed

629 5587 815 5641 melius
835 5595 917 5640 est
941 5586 1017 5640 sic
1048 5585 1228 5641 audire
1253 5591 1595 5654 pmccptum,
1622 5593 1680 5639 ut
1702 5584 1937 5639 sciamus
1965 5598 2082 5637 esse
2107 5600 2197 5637 no-

632 5680 710 5733 bis
741 5678 1069 5745 mandatum,
1113 5664 1219 5733 non
1249 5675 1418 5734 solum
1446 5682 1629 5731 contra
1658 5673 1927 5730 Christum
1961 5673 2088 5730 nihil
2122 5682 2197 5727 te.

2297 4509 2615 4562 ctissimum.
2646 4504 2812 4557 Judaei
2842 4505 3099 4558 dederunt
3123 4514 3303 4573 partes
3326 4517 3551 4575 septem,
3582 4508 3862 4563 credentes

2298 4598 2609 4657 sabbatum;
2655 4596 2746 4648 sed
2784 4610 2887 4647 non
2919 4595 3179 4648 dederunt
3223 4605 3365 4659 octo,
3411 4598 3861 4653 resurrectionem

2299 4688 2384 4740 dic
2416 4688 2687 4741 Dominico
2719 4685 2865 4756 [Ms.,
2886 4686 2987 4739 dici
3018 4685 3329 4755 Dominiczc]
3365 4686 3415 4737 in
3453 4685 3668 4741 Christo
3699 4690 3863 4743 dene-

2300 4787 2501 4844 gantes.
2538 4778 2577 4829 Ε
2605 4778 2875 4829 contrario
2901 4777 3137 4829 haeretici
3168 4776 3399 4830 Marcion
3434 4786 3488 4831 et
3518 4778 3856 4841 Manichreus,

2297 4876 2351 4921 et
2382 4883 2565 4921 omnes
2595 4866 2683 4933 qui
2715 4874 2948 4917 veterem
2997 4864 3164 4933 legem
3217 4867 3405 4920 rabido
3450 4883 3544 4921 ore
3583 4867 3861 4930 dilaniant,

2298 4959 2424 5011 dant
2450 4966 2628 5025 partes
2653 4964 2794 5017 octo,
2827 4955 3175 5023 suscipientes
3198 4956 3577 5024 Evangelium;
3607 4954 3697 5007 sed
3719 4970 3863 5009 eam-

2297 5052 2414 5102 dem
2437 5045 2737 5115 septenario
2767 5060 2987 5098 numero
3010 5061 3115 5099 non
3144 5046 3401 5106 tribuunt,
3430 5053 3664 5097 veterem
3693 5042 3861 5113 legem

2300 5145 2627 5209 respuentes.
2655 5135 2763 5191 Nos
2790 5151 2919 5190 vero
2944 5144 3188 5204 utraque,
3219 5152 3336 5203 QIILB
3360 5136 3526 5203 ponit,
3558 5137 3859 5195 credamus.

2298 5237 2353 5284 et
2380 5236 2664 5295 utrumque
2708 5239 3043 5279 veneremur.
3096 5223 3209 5277 Non
3258 5224 3399 5275 enim
3426 5240 3709 5292 possumus
3742 5238 3864 5276 cru-

2298 5318 2469 5371 ciatus
2495 5314 2812 5383 dignamque
2840 5329 3051 5383 ptenam
3091 5311 3201 5380 jam
3249 5329 3387 5367 nunc
3414 5322 3592 5367 mente
3620 5326 3860 5382 compre—

2295 5405 2547 5467 hendere,
2574 5420 2691 5473 qua:
2716 5405 2947 5473 reposita
2978 5412 3059 5455 est
3087 5403 3169 5455 his
3197 5404 3295 5470 qui
3317 5412 3601 5457 versantur
3622 5402 3675 5455 in
3716 5410 3858 5458 terra

2296 5474 2645 5558 inﬁdelitatis,
2698 5492 2896 5547 Judzcis
2926 5491 3127 5545 scilicet
3174 5502 3227 5546 et
3262 5492 3546 5553 haereticis,
3580 5506 3610 5545 e
3652 5492 3858 5547 duobus

2293 5586 2520 5638 alterum
2551 5583 2954 5653 denegantibus.
2990 5581 3197 5637 Hebraei
3229 5583 3407 5648 itaque
3456 5579 3603 5651 [Ms.,
3650 5581 3855 5635 Hebrai

2296 5674 2390 5744 ital
2419 5675 2557 5730 hunc
2586 5674 2758 5731 locum
2787 5672 3088 5744 intelligunt
3113 5690 3125 5723 :
3162 5670 3224 5725 Et
3251 5670 3528 5725 sabbatum
3550 5679 3604 5726 et
3628 5670 3849 5724 cireum-
