4230 6194
386 301 476 324 ⁸⁵1⁸2

395 319 484 354 tio

1175 293 1572 346 EXlitllZ'l'lCA.
1621 294 2055 346 -›(ῖ(,)ὶ1ΜΕΝἸ’,
2104 291 2170 344 ΙΝ
2208 290 2726 348 ECCLESMSTEN.

3488 299 3587 353 714

383 411 636 462 visionem
682 421 894 459 servare
941 405 1093 474 ιλιι,
1125 404 1320 476 serva].
1351 419 1415 458 ne
1444 405 1487 458 si
1527 405 1626 458 hoc
1670 404 1804 458 forte
1838 421 1939 457 non
1972 411 2017 468 Α
2044 419 2200 472 supra
2235 406 2483 478 diximus,
2527 406 2889 472 judieandum.
2945 421 3062 459 cum
3115 423 3210 460 suo
3263 420 3500 480 tempore
3541 426 3592 468 et

383 497 593 559 feceris,
623 495 947 563 inopinatmn
976 495 1068 548 tibi
1093 495 1427 563 superveniat
1455 494 1669 546 malum.

457 583 613 637 Vens.
641 583 695 636 5.
723 610 792 620 —
814 579 869 634 Si
898 580 1097 649 repleta;
1122 581 1311 648 fuerint
1339 582 1514 643 nubes,
1537 580 1746 632 imbrem
1769 582 1938 647 e/fun-

383 675 502 726 dent
551 685 705 738 super
732 679 941 722 terram.
985 668 1041 721 Si
1089 669 1326 722 reciderit
1362 670 1555 738 lignum
1603 672 1671 723 ad
1702 682 1935 723 austrum

386 774 474 817 aut
502 762 568 814 ad
594 761 914 830 Aquilonem,
931 761 980 811 in
1006 777 1304 829 quocunque
1331 760 1440 813 loco
1461 762 1715 821 ceciderit,
1734 762 1802 812 ibi
1821 764 1936 822 erit.

388 853 550 906 Serva
567 851 938 918 mandataqure
959 851 1050 902 tibi
1070 850 1313 918 superius
1334 857 1749 916 suntpriecepla,
1765 859 1820 902 ut
1845 866 1939 901 nu-

389 943 482 994 l.es
494 955 651 1008 super
667 949 716 992 te
730 939 948 992 fundant
966 939 1017 991 in
1031 931 1396 992 benedictione
1416 938 1504 990 Dei
1522 939 1743 992 imbrem
1760 955 1936 991 stnun.

394 1031 703 1099 Ubicunque
729 1030 869 1082 enim
899 1031 990 1082 tibi
1033 1029 1202 1082 locum
1227 1030 1627 1096 pnnparavcris,
1668 1029 1940 1081 futuram-

391 1136 494 1189 que
534 1121 733 1174 sedem.
761 1120 871 1170 sive
897 1119 961 1170 ad
993 1127 1250 1179 austrum,
1287 1119 1397 1172 sive
1427 1120 1491 1172 ad
1515 1121 1834 1187 aquilonem,
1869 1122 1940 1174 ibi

391 1224 513 1261 cum
541 1218 780 1261 mortuus
822 1207 1001 1267 fueris,
1032 1208 1381 1274 permanebis.
1422 1208 1587 1260 Aliter
1615 1225 1626 1260 :
1655 1209 1941 1278 Propterea

393 1313 552 1364 supra
569 1285 797 1349 diximus
818 1314 830 1348 :
857 1296 908 1348 Μ
917 1298 1001 1348 itte
1017 1313 1202 1364 panem
1221 1305 1368 1348 tuum
1391 1313 1542 1364 super
1565 1297 1748 1364 {aciem
1771 1317 1940 1361 aqum,

391 1395 447 1439 et
475 1385 618 1437 omni
665 1385 861 1453 petenti
909 1385 1100 1447 tribue,
1146 1384 1268 1450 quia
1306 1394 1361 1437 et
1404 1387 1571 1437 nubes
1611 1402 1730 1438 tum
1776 1387 1942 1453 plenze

393 1472 611 1536 fuerint,
638 1475 850 1527 divitias
889 1489 1014 1526 suas
1055 1474 1366 1528 mortalibus
1393 1475 1701 1541 largiuntur.
1737 1475 1797 1527 lit
1839 1475 1941 1545 [tu]

394 1566 547 1634 quasi
601 1566 800 1634 lignum
847 1565 1197 1630 fructuosum,
1229 1567 1472 1634 quamvis
1518 1567 1781 1636 longa-vus
1828 1568 1939 1630 sis,

397 1671 502 1711 non
537 1657 646 1710 eris
689 1657 742 1708 in
785 1666 1120 1724 perpetuum,
1149 1657 1240 1710 sed
1265 1658 1441 1710 subita
1482 1658 1528 1710 vi
1558 1668 1830 1710 ventorum
1871 1661 1942 1712 ita

2039 509 2196 546 cursu
2245 496 2431 547 debeat
2487 506 2633 548 sator
2674 511 2941 562 spararrc,
2984 506 3036 550 et
3078 511 3323 553 eventmn
3383 503 3593 559 lloniini

2037 585 2313 656 sementim,
2367 599 2659 638 reservare.
2715 585 2834 636 Non
2878 598 2949 637 est
2984 589 3115 639 enim
3158 591 3396 651 colentis,
3439 612 3595 662 neque

2039 672 2310 731 currentis,
2334 673 2421 722 sed
2445 673 2734 723 miserantis
2764 673 2856 723 Dei
2886 673 3060 742 (Rom.
3096 692 3167 736 Ix,
3195 677 3300 744 l6).

2107 759 2267 828 Vtilis.
2295 759 2406 812 6-8.
2439 789 2504 798 ——
2532 758 2684 812 .ilane
2714 763 2908 813 sentina
2935 780 3104 816 semen
3129 765 3293 828 tuum,
3322 777 3366 819 et
3397 784 3596 838 respt-m

2041 866 2140 901 non
2163 860 2319 902 cesset
2349 867 2535 904 manus
2564 862 2669 907 tua,
2703 853 2822 918 quia
2860 856 3017 906 ttesris
3040 857 3163 921 quid
3191 860 3353 926 magis
3378 862 3595 916 oriatur,

2040 939 2132 990 hoc
2162 956 2230 990 an
2251 938 2382 990 illud
2409 956 2424 991 :
2457 951 2503 991 et
2533 943 2576 992 si
2603 951 2872 1010 utrumque
2897 944 3068 1003 simul,
3098 946 3276 998 melius
3298 949 3411 1000 erit.
3442 948 3600 1001 Dulce

2039 1029 2232 1092 lumen,
2256 1039 2301 1081 et
2331 1029 2628 1082 delectabile
2658 1041 2730 1083 est
2773 1033 2934 1084 oculis
2963 1035 3131 1086 ridete
3153 1036 3330 1087 solem.
3361 1036 3417 1089 Si
3450 1043 3598 1090 annis

2042 1120 2216 1173 multis
2240 1122 2423 1173 rixerit
2465 1123 2635 1180 homo,
2665 1133 2709 1174 et
2735 1123 2786 1173 in
2832 1124 2909 1173 liis
2937 1125 3168 1177 omnibus
3193 1125 3396 1180 la-tatus
3421 1129 3596 1195 fuerit.

2043 1213 2330 1264 meminisse
2358 1212 2500 1264 debet
2528 1213 2777 1263 tenebrosi
2802 1216 3061 1280 temporis,
3103 1226 3145 1266 rt
3188 1217 3385 1267 tlirrum
3415 1217 3600 1270 multo-

2045 1317 2154 1351 rum
2183 1317 2199 1352 :
2225 1302 2312 1368 qui
2335 1316 2450 1352 eum
2482 1302 2726 1361 renerint,
2755 1303 2994 1353 ranitatis
3015 1315 3296 1370 arguentur
3319 1307 3598 1373 pra'terita.

2046 1389 2296 1442 llortatur
2327 1392 2575 1443 munilms
2607 1389 2939 1450 benefacere,
2972 1407 3066 1443 nec
3098 1392 3290 1457 eligere
3322 1409 3600 1458 personam

2046 1481 2152 1548 icui
2197 1479 2547 1549 bencfaeias],
2593 1489 2685 1532 aut
2719 1490 2926 1550 tempus
2956 1481 3005 1532 iu
3048 1498 3153 1548 quo
3186 1481 3599 1554 [tantummodo]

2043 1568 2366 1631 lieuefaeias,
2395 1585 2665 1636 nunquam
2697 1570 2837 1621 enim
2877 1579 2928 1621 te
2954 1570 3115 1622 vulta
3155 1571 3294 1624 bono
3323 1588 3480 1639 opere
3513 1575 3602 1624 tle-

2043 1658 2265 1719 sistere;
2297 1659 2389 1710 sed
2420 1660 2734 1710 matutinam
2757 1657 3020 1724 justitiam
3050 1675 3236 1728 vesper
3263 1661 3512 1721 inveniat,
3549 1671 3602 1714 et

394 1746 586 1800 mortis
627 1754 939 1813 tempestate
970 1745 1274 1808 subversas,
1324 1746 1624 1813 ubicunque
1649 1747 1939 1810 cecideris,
1970 1755 2016 1814 Β
2048 1746 2279 1812 vesperis
2307 1747 2726 1800 niisericordiam
2755 1747 2882 1798 solis
2908 1756 3057 1800 ortus
3089 1749 3402 1801 accumulet.
3437 1749 3599 1802 Incer-

396 1839 466 1890 ibi
494 1836 692 1905 jugiter
715 1836 1052 1904 permanebis
1087 1853 1097 1886 :
1133 1835 1244 1887 sive
1269 1844 1322 1889 te
1358 1833 1584 1903 rigidum
1617 1844 1672 1887 et
1693 1845 1898 1889 trucem
1921 1877 1935 1897 ,

397 1928 508 1979 sive
532 1927 846 1979 clementem
875 1936 926 1977 et
955 1925 1353 1980 misericordem
1395 1925 1640 1976 ultinnun
1687 1926 1946 1980 invenerit

397 2026 622 2083 tempus.
657 2015 823 2068 Aliter
865 2030 878 2066 :
910 2015 1085 2068 Nubes
1123 2015 1383 2083 siquidem
1425 2024 1548 2068 sunt
1575 2017 1846 2082 propheke
1891 2029 1945 2070 et

399 2107 675 2165 doctores,
751 2107 840 2174 qui
904 2121 1024 2158 cum
1098 2106 1291 2158 multas
1355 2107 1588 2160 habeant
1663 2107 1714 2158 in
1787 2110 1947 2161 (ιη-Λα

399 2214 564 2250 saerze
607 2197 892 2266 Scriptum
920 2199 1151 2250 rationes
1179 2239 1194 2260 ,
1230 2206 1356 2252 tunc
1399 2199 1645 2252 valebunt
1682 2209 1944 2266 prmerpla

401 2287 582 2354 pingue
627 2288 1008 2350 doctrinarum,
1056 2296 1110 2340 et
1151 2285 1328 2340 dicere
1368 2304 1382 2339 :
1422 2288 1769 2356 Evspectctur
1812 2291 1950 2353 sicut

402 2375 574 2444 pluvia
633 2375 900 2443 eloquium
965 2391 1141 2428 meum
1187 2375 1365 2443 (Deut.
1441 2392 1620 2436 xvxu,
1667 2376 1743 2445 ἓ).
1793 2377 1946 2440 Quod

404 2477 530 2516 vero
558 2463 632 2515 ait
660 2481 672 2515 :
702 2465 804 2516 sire
828 2465 896 2516 ad
925 2466 1311 2528 Austrum,sire
1337 2465 1404 2516 ad
1429 2464 1726 2533 Aquilonem
1754 2465 1947 2532 lignum

399 2552 658 2614 ceciderit,
679 2561 934 2620 quantum
959 2555 1181 2615 :estimo,
1211 2568 1420 2620 semper
1446 2554 1498 2606 in
1523 2554 1714 2607 bonam
1745 2565 1948 2621 partem

399 2639 659 2706 accipitur
685 2640 896 2701 Auster,
928 2647 982 2692 et
995 2641 1188 2706 Aquilo
1214 2641 1268 2692 in
1302 2641 1514 2694 malam.
1542 2641 1692 2694 [inde
1723 2643 1774 2693 in
1814 2644 1952 2695 Can-

400 2727 508 2780 tico
531 2729 860 2782 canticorum
888 2729 1080 2783 dicitur
1098 2747 1110 2782 :
1127 2729 1385 2798 Exsurge,
1407 2729 1608 2798 Aquilo,
1637 2731 1739 2784 hoc
1758 2739 1838 2784 est
1862 2746 1949 2783 re-

401 2818 532 2870 cede
555 2826 610 2870 et
626 2818 733 2880 abi,
759 2830 805 2870 et
835 2819 943 2871 veni
966 2819 1152 2871 Auster
1173 2817 1346 2888 (Cant.
1375 2833 1449 2881 tv,
1476 2817 1584 2886 16).
1618 2816 1728 2872 Nec
1747 2826 1832 2871 est
1851 2818 1952 2871 ali-

404 2906 544 2974 quod
572 2906 769 2975 lignum
800 2906 940 2974 quod
967 2906 1049 2958 vel
1077 2905 1143 2958 ad
1181 2905 1495 2973 Attuilonem
1541 2918 1646 2958 non
1681 2906 1754 2959 sit
1783 2905 1864 2959 vel
1886 2904 1954 2958 ad

406 2995 681 3059 Austrum,
723 2997 844 3064 quia
892 2998 1066 3052 ornatis
1106 2997 1265 3050 homo
1303 2997 1475 3050 malus
1517 2995 1597 3050 vel
1621 2997 1792 3052 bonus
1833 3012 1950 3053 mo-

407 3085 593 3139 rietur.
769 3083 772 3087 ’

471 3173 630 3244 M2
665 3175 822 3230 Vens.
850 3175 902 3228 4.
940 3205 1008 3214 —-
1032 3175 1134 3240 Qui
1156 3177 1388 3230 observat
1427 3188 1648 3248 ventum,
1676 3195 1780 3234 non
1803 3181 1956 3249 semi-

405 3273 516 3338 nat,
541 3273 588 3316 et
609 3264 696 3333 qui
719 3265 1008 3317 considerat
1033 3266 1504 3336 nubes,,'nunquam
1525 3271 1684 3322 metit.
1711 3269 1811 3335 Qui
1831 3284 1957 3324 eon-

403 3351 602 3404 siderat
626 3353 709 3405 cui
735 3352 1064 3417 benefaciat,
1107 3364 1162 3408 et
1193 3354 1308 3408 "non
1332 3357 1478 3424 omni
1508 3359 1708 3425 petenti
1739 3360 1952 3422 tribuit,

405 3453 543 3507 saepe
570 3442 805 3508 prasterit
827 3457 949 3495 eum
972 3444 1327 3511 qui-meretur
1348 3447 1614 3514 accipere,
1638 3449 1721 3502 vel
1741 3449 1954 3502 miseri-

405 3528 600 3580 cordia:
632 3529 897 3592 solatium,
926 3532 1008 3583 vel
1050 3534 1194 3586 verbi
1227 3535 1319 3586 Dei
1345 3550 1546 3588 semen.
1578 3537 1634 3589 In
1658 3538 1785 3604 ipsis
1812 3538 1956 3591 enim

405 3619 694 3686 prosperis,
729 3619 852 3672 dum
878 3623 1165 3687 nescimus,
1191 3625 1413 3678 adversa
1435 3636 1780 3695 consurgunt.
1816 3628 1958 3692 Qua-

407 3719 626 3776 propter
670 3718 969 3779 opportuno
1015 3713 1095 3766 vel
1143 3713 1446 3782 importuno
1491 3712 1729 3774 te-.‘,"‘vre
1760 3719 1954 3785 prsidi-

408 3797 610 3849 candus
634 3805 715 3850 est
743 3813 920 3852 sermo
944 3799 1057 3863 Dei,
1086 3816 1184 3854 nec
1208 3801 1380 3855 bonus
1401 3801 1690 3857 semm'aitor
1710 3806 1958 3860 adversa-

411 3885 612 3939 riormn
635 3894 794 3941 vento
815 3889 1055 3952 territus,
1078 3890 1159 3943 vel
1191 3892 1418 3944 nubibus
1440 3893 1825 3948 blandientium
1863 3896 1960 3950 ob-

411 3971 704 4037 umbratus,
754 3987 965 4032 cessare
1012 3989 1042 4027 a
1097 3975 1490 4042 pnedicationis
1535 3980 1738 4032 semine
1776 3982 1953 4034 debet.

410 4059 623 4129 Absque
647 4061 1070 4117 consideratione
1093 4079 1221 4129 ergo
1252 4064 1470 4118 nubium
1499 4073 1555 4120 et
1584 4075 1860 4121 ventorum
1886 4071 1954 4122 ti-

412 4163 558 4203 more
585 4149 637 4202 in
664 4149 855 4205 mediis
885 4152 1287 4218 tempestatibus
1314 4152 1682 4208 seminandum
1715 4163 1830 4219 est;
1862 4172 1960 4212 nec

411 4235 690 4289 dicendum
716 4254 728 4288 :
759 4236 891 4292 Illud
918 4245 1124 4305 tempus
1144 4238 1476 4292 commodum
1499 4248 1602 4304 est,
1633 4242 1732 4295 hoc
1752 4242 1956 4308 inutile,

412 4339 532 4378 cum
569 4325 872 4393 ignoremus
897 4341 1012 4392 quze
1039 4327 1120 4378 via
1151 4335 1206 4378 et
1234 4327 1478 4380 voluntas
1505 4328 1575 4380 sit
1600 4329 1818 4396 spiritus
1843 4331 1957 4383 uni-

333 4485 336 4488 .
415 4427 562 4465 versa
589 4413 960 4481 dispensantis.
991 4413 1140 4467 Unde
1169 4415 1410 4482 sequitur
1436 4433 1447 4466 :

488 4501 641 4554 Vens.
673 4501 725 4554 5.
752 4532 822 4542 —-
853 4501 1119 4566 Quomodo
1147 4505 1353 4572 ignoras
1375 4521 1491 4572 quae
1527 4507 1592 4558 sit
1622 4508 1703 4560 via
1725 4509 1955 4577 spiritus,

415 4598 461 4640 et
479 4606 578 4658 qua
603 4591 797 4642 ratione
817 4594 1208 4661 compingantur
1223 4610 1336 4646 ossa
1360 4595 1412 4646 in
1436 4605 1606 4649 ventre
1623 4601 1956 4666 prtegnantis,

415 4681 490 4730 sic
514 4679 674 4730 nescis
700 4694 852 4746 opera
873 4678 986 4741 Dei,
1012 4683 1098 4748 qui
1123 4681 1432 4750 gubernator
1453 4693 1525 4735 est
1548 4686 1795 4737 omnium.
1843 4685 1960 4740 Sic-

415 4779 474 4822 ut
513 4769 683 4822 nescis
722 4769 860 4820 viam
908 4769 1144 4834 spiritus,
1187 4779 1239 4822 et
1281 4771 1472 4823 anima:
1520 4773 1862 4840 ingredientis
1903 4777 1957 4828 in

413 4859 710 4926 parvulum,
744 4866 797 4910 et
822 4858 1034 4925 ignoras
1076 4859 1275 4910 ossium
1304 4867 1356 4910 et
1395 4875 1648 4914 venarum
1683 4864 1964 4919 varietates

422 4945 475 4996 in
510 4953 694 4998 ventre
742 4945 1084 5014 prtegnantis,
1140 4941 1405 5014 quemodo
1445 4963 1511 5001 ex
1557 4950 1646 5004 vili
1704 4952 1965 5009 elemento

423 5047 611 5100 corpus
627 5034 856 5088 hominis
880 5037 931 5088 in
961 5035 1197 5090 diversas
1218 5036 1416 5104 eﬂigies
1436 5046 1688 5106 artusque
1711 5045 1962 5108 varietur,

423 5131 476 5174 et
515 5123 578 5174 de
610 5122 794 5174 eodem
841 5125 1043 5177 semine
1094 5125 1233 5178 aliud
1282 5127 1554 5180 mollescat
1598 5128 1650 5180 in
1697 5131 1964 5193 carnibus,

425 5213 564 5266 aliud
608 5213 882 5266 induretur
926 5214 978 5264 in
1011 5215 1239 5279 ossibus,
1272 5215 1412 5268 aliud
1441 5216 1492 5268 in
1523 5218 1672 5271 venis
1722 5219 1964 5286 palpitet,

429 5302 565 5353 aliud
596 5291 786 5371 ligetur
813 5303 862 5354 in
890 5303 1068 5355 nervis
1094 5321 1104 5354 :
1131 5305 1204 5356 ita
1248 5305 1339 5358 Dei
1365 5321 1524 5373 opera
1550 5309 1686 5361 scire
1727 5325 1830 5361 non
1874 5325 1968 5377 po-

404 5445 407 5448 _
431 5393 579 5453 teris,
603 5394 689 5458 qui
718 5393 883 5447 factor
908 5404 986 5444 est
1006 5394 1260 5446 omnium.
1289 5396 1366 5448 Ex
1393 5413 1496 5464 quo
1518 5399 1682 5450 docet
1701 5400 1965 5452 contraria

433 5495 532 5532 non
558 5482 805 5546 timenda,
834 5499 928 5538 nec
954 5492 1150 5536 temere
1181 5484 1246 5536 de
1276 5487 1444 5539 ventis
1471 5497 1523 5540 et
1553 5488 1798 5550 nubibus,
1835 5504 1966 5555 quas

500 5600 523 5622 ι
551 5586 692 5640 Finis
720 5589 916 5642 codicis
944 5605 1042 5642 ms.

862 5679 1124 5740 Ριτιιοι..
1169 5681 1211 5740 C

1926 4461 1931 4468 ,
1988 4394 2037 4452 1)

2048 1841 2158 1886 tum
2196 1844 2276 1888 est
2308 1836 2446 1902 quod
2476 1837 2687 1902 quidem
2718 1837 2884 1904 magis
2912 1836 3116 1904 placeat
3141 1852 3292 1904 opus,
3324 1847 3377 1890 ct
3412 1853 3474 1890 ev
3500 1853 3604 1905 quo

2046 1925 2139 1976 tibi
2162 1924 2365 1977 fructus
2384 1925 2602 1992 justitia-
2624 1933 2971 1991 pra-paretur.
3000 1925 3175 1978 Potest
3201 1935 3374 1980 autem
3403 1927 3516 1978 fieri
3547 1937 3605 1979 ut

2046 2027 2149 2064 non
2192 2028 2375 2076 unurn,
2407 2014 2498 2065 sed
2547 2023 2828 2080 utrumque.
2856 2013 3062 2080 placeat
3101 2015 3227 2067 Deo.
3270 2016 3439 2066 Aliter
3481 2033 3492 2066 :
3537 2016 3604 2066 de.

2044 2109 2199 2155 :etate
2230 2103 2459 2156 hominis
2503 2103 2722 2171 intelligi
2755 2105 2968 2172 poterit,
3012 2113 3068 2156 ut
3107 2083 3379 2172 :rquaiiter
3409 2107 3518 2158 sive
3547 2107 3597 2158 in

2047 2190 2428 2254 adolescentia,
2456 2192 2567 2244 sive
2593 2192 2750 2244 etiam
2782 2193 2832 2244 in
2865 2202 3140 2245 senectute
3165 2195 3297 2246 bona
3324 2193 3602 2253 faciamus,

2047 2281 2170 2347 quia
2210 2281 2385 2334 nescis
2410 2291 2584 2333 utrum
2617 2282 2667 2333 in
2690 2283 2986 2350 juventute,
3011 2299 3076 2334 an
3108 2286 3160 2334 in
3190 2291 3344 2335 mtatc
3369 2283 3604 2352 longaeva

2049 2369 2218 2437 magis
2249 2371 2461 2436 placeas
2491 2371 2615 2422 on.
2648 2369 2751 2422 Nec
2790 2373 3005 2437 prodest
3035 2372 3403 2426 adolescentia:
3428 2385 3450 2411 ο
3489 2372 3602 2427 fru-

2047 2459 2250 2526 galitas,
2284 2461 2327 2511 si
2360 2471 2571 2512 sent-cla
2597 2461 2824 2514 ducatur
2852 2463 2902 2513 in
2938 2461 3174 2524 luxuria;
3203 2479 3304 2529 qua
3335 2465 3478 2516 enim
3519 2463 3604 2517 die

2041 2545 2217 2612 justus
2241 2550 2519 2610 erraverit,
2560 2558 2764 2602 veteres
2797 2565 2916 2602 eum
2941 2549 3161 2614 iustitia:
3190 2567 3217 2602 a
3259 2561 3427 2605 morte
3472 2553 3603 2606 libe-

2051 2651 2170 2688 rare
2196 2655 2299 2691 non
2325 2648 2591 2705 poterunt.
2615 2639 2764 2703 Quod
2792 2641 2834 2692 si
2861 2641 3010 2708 juvta
3035 2650 3314 2709 utramque
3343 2644 3601 2711 interpre-

2052 2725 2304 2778 tationem
2332 2742 2542 2792 semper
2579 2726 2925 2790 beucl'ceeris,
2964 2738 3018 2780 et
3052 2731 3195 2781 omni
3239 2715 3396 2783 uitale
3421 2747 3599 2797 arqua-

2052 2812 2154 2865 lem
2180 2829 2395 2866 cursum
2432 2815 2700 2875 habueris,
2736 2815 2938 2868 videbis
2974 2816 3137 2868 Deum
3177 2816 3384 2869 Patrem
3414 2817 3607 2871 dulcis-

2053 2904 2244 2957 simum
2307 2905 2519 2964 lumen,
2583 2905 2784 2957 videbis
2832 2905 3100 2960 Christum
3151 2907 3315 2960 solem
3359 2905 3606 2971 justitia'.

2056 2992 2224 3045 Porro
2269 2992 2391 3045 etsi
2438 2993 2593 3045 annis
2636 2993 2815 3046 multis
2856 2995 3074 3055 vixeris,
3129 3003 3183 3048 et
3229 2997 3407 3048 omnia
3468 2998 3605 3050 bona

1977 3072 2024 3133 C
2055 3082 2324 3144 habueris,
2373 3083 2456 3134 vel
2502 3082 2638 3134 bona
2683 3097 2844 3150 opera
2883 3083 3176 3152 peregeris,
3223 3093 3276 3137 et
3326 3086 3512 3138 scieris
3560 3096 3608 3136 te

2055 3187 2266 3240 semper
2293 3173 2628 3233 moriturum,
2658 3181 2712 3224 et
2739 3181 2860 3224 ante
2899 3174 3088 3226 oculos
3110 3185 3226 3228 tuos
3250 3174 3609 3239 tenebrarum,

2053 3263 2106 3315 id
2134 3271 2216 3315 est
2240 3262 2447 3326 umrtis,
2493 3277 2704 3330 semper
2731 3241 2977 3315 versetur
3011 3264 3288 3328 adventus,
3321 3267 3604 3333 prmSentia

2054 3352 2206 3419 quasi
2235 3351 2396 3413 fluxa,
2427 3359 2481 3403 et
2510 3349 2737 3418 fragilia,
2770 3359 2824 3402 et
2849 3352 3046 3404 caduca
3075 3363 3416 3416 contemnes;
3442 3364 3493 3406 et
3516 3356 3606 3420 qui

2055 3441 2154 3493 hoc
2198 3439 2404 3501 fecerit,
2449 3439 2649 3492 videbit
2675 3437 2947 3492 Christum
2994 3440 3159 3494 solem
3207 3442 3428 3509 iustitiae.
3463 3458 3604 3497 sem-

2052 3543 2147 3596 per
2195 3530 2247 3582 in
2295 3537 2574 3582 :eternum.
2619 3528 2788 3580 Aliter
2829 3547 2840 3580 :
2889 3529 2977 3581 lux
3005 3539 3087 3583 est
3113 3530 3354 3584 doctrina
3395 3533 3604 3599 sapien-

2055 3617 2142 3670 tiae
2162 3617 2394 3671 caelestis
2417 3635 2429 3670 :
2457 3626 2512 3671 et
2537 3617 2734 3670 bonum
2761 3617 2930 3670 oculis
2976 3618 3158 3671 videre
3188 3619 3374 3680 solem,
3403 3619 3454 3673 id
3489 3630 3570 3674 est
3592 3665 3604 3682 ,

2054 3709 2297 3762 sensibus
2322 3708 2501 3760 cordis
2525 3707 2704 3760 videre
2729 3706 3017 3760 Christum.

2127 3798 2282 3850 Vens.
2312 3797 2459 3850 9-l0.
2492 3826 2560 3834 —
2585 3796 2783 3848 Lwtare
2811 3813 2953 3865 ergo,
2972 3796 3196 3864 juvenis,
3227 3799 3281 3853 in
3313 3799 3607 3854 adolescen-

2055 3889 2129 3938 tia
2155 3896 2266 3949 tua,
2289 3897 2334 3939 et
2361 3888 2415 3938 in
2437 3885 2566 3938 bona
2588 3887 2652 3938 sit
2683 3902 2774 3938 cor
2797 3895 2959 3938 tuum.
2986 3885 3065 3940 Ab
3093 3886 3192 3941 hoc
3225 3888 3338 3943 loco
3361 3904 3528 3958 usque
3559 3893 3607 3943 in

2058 3975 2217 4027 ﬁnem
2242 3975 2404 4027 libelli
2424 3975 2601 4027 varias
2626 3975 2871 4028 doctores
2895 3983 3097 4042 ponunt
3120 3977 3604 4049 interpretationes.

2058 4062 2264 4116 Hebraei
2276 4063 2341 4115 ad
2354 4061 2512 4115 Israel
2527 4061 2774 4129 populum
2786 4062 2877 4116 Dei
2892 4073 3078 4132 putant
3090 4065 3228 4118 dicta
3239 4080 3374 4129 esse,
3388 4068 3469 4121 cui
3484 4082 3612 4136 pre-

2055 4153 2250 4222 cipitur
2279 4161 2337 4205 ut
2367 4151 2575 4206 fruatur
2619 4152 2837 4216 divitiis,
2869 4161 3153 4221 antequam
3179 4157 3257 4208 eis
3282 4157 3608 4225 captivitatis

2060 4252 2266 4309 tempus
2303 4243 2569 4305 adveniat,
2612 4246 2692 4296 vel
2731 4243 3138 4298 adolescentiam
3171 4254 3440 4300 senectute
3463 4263 3607 4301 com-

2063 4341 2255 4395 mutet;
2287 4333 2358 4385 ita
2383 4340 2579 4393 tamen,
2609 4342 2666 4385 ut
2693 4333 2743 4384 in
2771 4335 2926 4394 lono,
2955 4334 3005 4386 id
3034 4343 3114 4389 est
3142 4335 3255 4403 lege
3287 4336 3400 4400 Dei,
3427 4338 3496 4390 sit
3517 4353 3610 4391 cor

2061 4422 2193 4490 eius.
2239 4421 2502 4476 Admonet
2525 4437 2754 4490 quoque,
2795 4432 2852 4475 ut
2880 4424 2930 4476 iu
2961 4423 3146 4476 dielvus
3171 4427 3538 4494 prosperitatis
3563 4436 3618 4482 et

2064 4512 2270 4575 salutis,
2293 4513 2348 4564 in
2385 4511 2481 4564 t'iis
2507 4513 2674 4564 cordis
2699 4515 2800 4574 sui,
2825 4523 2869 4564 et
2906 4517 3093 4566 intuitu
3122 4516 3407 4586 oculorum,
3431 4519 3482 4570 id
3510 4527 3614 4582 est,

2065 4601 2486 4655 consideratione
2547 4601 2916 4654 mandatorum
2979 4602 3070 4653 Dei
3132 4603 3382 4666 ambulet,
3441 4609 3611 4674 magis

2064 4707 2222 4759 quam
2248 4692 2299 4743 in
2349 4691 2651 4744 carnalibus
2679 4691 2984 4750 desideriis;
3034 4700 3085 4744 et
3124 4703 3182 4744 ut
3229 4694 3362 4746 sciat
3413 4711 3470 4749 se
3511 4712 3609 4763 pro

2065 4779 2310 4832 omnibus
2353 4795 2471 4847 qua;
2499 4779 2741 4845 gesserit,
2775 4780 2887 4832 sive
2915 4780 3111 4833 bonum
3143 4782 3254 4834 sive
3277 4783 3479 4835 ‘malum
3521 4786 3606 4844 sit,

2063 4887 2090 4922 a
2119 4871 2226 4922 Deo
2247 4869 2743 4937 essejudicandum;
2777 4878 2828 4923 et
2852 4881 2904 4921 ut
2930 4871 3130 4938 auferat
3154 4872 3285 4923 iram
3316 4889 3346 4923 a
3371 4874 3539 4933 corde,
3565 4883 3612 4924 et

2065 4959 2288 5011 malitias
2328 4976 2360 5010 a
2382 4975 2536 5011 carne
2576 4975 2692 5020 sua,
2722 4959 2771 5012 id
2800 4967 2902 5023 est,
2951 4960 3295 5028 cogitationes
3341 4959 3526 5021 malas,
3557 4971 3611 5014 et

2066 5048 2310 5102 libidines
2333 5049 2510 5102 carnis
2539 5063 2648 5102 sua:
2676 5066 2689 5100 :
2725 5048 2847 5115 quia
2897 5049 3160 5102 desideria
3191 5049 3387 5110 carnis,
3431 5049 3612 5102 adole-

2067 5139 2302 5199 scentise,
2320 5138 2751 5205 voluptatumque
2772 5137 3062 5192 carnalium
3091 5153 3226 5192 vana
3253 5149 3375 5193 sunt
3399 5158 3411 5190 :
3437 5153 3616 5193 recor-

2066 5225 2322 5293 deturque
2345 5241 2553 5294 semper
2573 5225 2843 5280 Creatoris
2870 5227 2972 5288 sui,
3002 5236 3282 5296 antequam
3304 5229 3482 5280 veniat
3501 5227 3616 5282 dies

2069 5315 2442 5379 tribulationis,
2477 5315 2527 5367 id
2555 5323 2656 5377 est,
2690 5315 3021 5385 Babylonica:
3049 5318 3130 5370 vel
3163 5317 3410 5370 Romana!
3448 5316 3615 5384 capti-

2067 5403 2244 5454 vitatis
2273 5403 2432 5474 m
2463 5404 2692 5467 miseria,
2721 5405 2912 5473 quibus
2940 5421 3040 5458 non
3071 5406 3264 5472 poterit
3291 5403 3488 5457 habere
3520 5417 3614 5455 vo-

2068 5491 2340 5544 luntatem.
2388 5491 2452 5544 Et
2481 5500 2646 5544 totum
2695 5494 2832 5546 hunc
2879 5493 3052 5545 locum
3086 5494 3134 5544 in
3161 5507 3264 5558 quo
3305 5493 3413 5542 ait:
3463 5491 3614 5541 Ante-

3237 5646 3308 5695 δε
