4286 6194
630 258 746 320 ’πε

1470 234 1530 329 is.
1567 277 1627 331 r.
1665 279 1885 335 suum
1926 281 2055 338 seu
2096 281 2366 341 ALCUlNl
2403 287 2681 347 opsum
2719 290 2894 349 PARS
2929 292 2995 349 tt.-

3752 299 3854 356 7l6

586 426 593 445 ,η
642 395 794 443 quam
846 376 1190 433 tenebrescan't
1220 380 1318 445 sol,
1349 393 1395 434 et
1426 382 1572 451 luna,
1603 397 1654 439 et
1700 388 1883 453 stella,
1913 406 2082 471 usque
2130 393 2196 447 ad
2224 401 2268 455 Α
2297 412 2568 466 exercere,
2600 418 2703 456 non
2735 404 2787 457 in
2814 404 2971 460 malo.
3006 405 3071 459 Et
3117 408 3169 460 in
3219 407 3353 463 bona
3394 412 3461 463 sit
3501 427 3589 465 car
3614 424 3758 468 tuum
3798 419 3857 471 in

640 483 761 520 cum
789 467 983 532 locum,
1010 467 1062 520 in
1089 481 1195 535 quo
1225 466 1501 538 Scriptum
1532 486 1953 530 commemorat:
1975 466 2053 530 'Et
2077 495 2200 532 con-

638 562 859 608 tertetur
882 548 1048 625 puluis
1076 556 1131 609 in
1159 563 1349 609 terram
1378 560 1512 613 unde
1537 570 1669 627 erat,
1706 573 1752 615 et
1795 565 2005 634 spiritus
2034 583 2198 620 rever-

636 655 772 696 tatur
791 644 859 697 ad
883 643 1051 697 Deum
1089 645 1177 714 qui
1206 644 1347 697 dedit
1378 646 1528 701 illum
1558 649 1755 719 (Eccle.
1785 668 1881 717 xu,
1919 654 1975 717 2,
2000 655 2076 725 7),
2108 672 2197 733 su-

635 748 730 801 per
756 742 897 787 statu
928 748 1038 787 sua
1064 734 1382 790 conditionis
1408 738 1715 807 explanant,
1762 751 1816 796 et
1842 744 2010 808 aiunt,
2046 743 2196 805 Salus

635 835 844 877 mortem
873 820 1153 892 diligenter
1176 823 1381 876 hortari
1411 825 1664 893 populum
1692 829 1807 892 Dei,
1853 840 1912 883 ut
1943 825 2056 885 [nec
2081 847 2193 885 o.n-

632 909 719 975 nia
744 907 958 974 faciant,
986 919 1272 978 antequam
1298 911 1512 965 tollatur
1538 914 1606 966 ab
1630 915 1710 968 eis
1736 918 1913 971 omnis
1940 918 2111 971 honor
2139 928 2193 973 et

630 999 813 1063 decus,
844 1000 1088 1069 duceset
1106 1001 1335 1069 judices,
1382 1012 1438 1057 et
1474 1006 1802 1072 sacerdotes,
1844 1009 2099 1078 templum
2137 1018 2191 1063 et

629 1085 1166 1155 sacriﬁcia,potestas
1185 1096 1239 1142 et
1256 1104 1500 1159 regnum,
1530 1101 1586 1146 et
1605 1094 1796 1159 sancti,
1819 1111 1952 1164 quos
1973 1098 2026 1150 in
2056 1098 2187 1161 sole,

632 1182 684 1224 et
714 1172 858 1237 luna,
904 1180 959 1225 ct
985 1173 1155 1249 stellis
1184 1174 1406 1246 intelligi
1432 1178 1637 1243 volunt,
1668 1180 1980 1237 auferantur
2007 1186 2072 1238 ab
2101 1200 2186 1249 eo,

626 1269 910 1327 antequam
940 1244 1120 1315 veniat
1146 1260 1653 1332 Nabuchodonosor,
1676 1270 1788 1324 sive
1815 1270 1968 1326 Titus
1990 1274 2188 1344 Vespa-

626 1351 761 1402 siani
794 1349 953 1413 ﬁlius,
989 1350 1191 1405 accitus
1218 1367 1247 1403 a
1293 1355 1588 1421 prophetis,
1622 1366 1680 1411 ut
1717 1374 1901 1413 eorum
1936 1364 2187 1418 vaticinia

628 1436 1022 1506 compleantur;
1054 1438 1108 1492 in
1151 1440 1239 1493 die
1263 1455 1367 1507 qua
1396 1444 1567 1513 angeli
1600 1447 1781 1516 templi
1820 1450 2073 1518 praesides
2104 1467 2187 1505 rc-

625 1526 833 1590 ccdent,
864 1534 919 1581 et
961 1529 1329 1582 curvabuntur
1354 1531 1711 1586 robustissimi
1741 1536 1830 1603 qui
1867 1536 1919 1590 in
1945 1540 2185 1593 exercitu

627 1625 715 1668 tuo
760 1622 903 1677 sunt,
950 1622 1004 1669 et
1030 1615 1203 1670 otiosa
1248 1629 1406 1671 erunt
1448 1620 1657 1689 eloquia
1688 1625 2085 1693 magistrorum,
2112 1638 2186 1695 fet

626 1703 893 1773 propheta
920 1704 1013 1772 qui
1036 1704 1100 1759 de
1122 1704 1272 1760 calis
1302 1708 1543 1764 solebant
1575 1712 1838 1767 visionum
1868 1731 2086 1771 suarum
2109 1718 2182 1772 lu-
2215 1711 2259 1770 D
2286 1750 2316 1784 η

2835 1703 2846 1720 ,
2943 1703 2953 1705 ρ
3172 1703 3200 1709 η
3229 1703 3376 1711 -ν-να
3427 1703 3545 1723 ww.

1883 1732 2086 1771 illam!“
2109 1718 2182 1772 Ιιι·
2215 1711 2259 1770 Β
2286 1733 2535 1786 malitiam
2561 1752 2592 1787 a
2623 1754 2777 1790 carne
2824 1748 2913 1792 tua
2933 1781 2946 1802 ,
2979 1743 3098 1809 quia
3141 1743 3484 1799 adolescentia
3528 1755 3575 1799 et

624 1809 742 1847 men
774 1791 1034 1863 accipere,
1076 1797 1580 1864 contenebrescent;
1614 1803 1833 1868 quando
1868 1805 2183 1859 claudentur

625 1883 803 1954 templi
842 1884 1041 1953 janua,
1089 1892 1145 1939 et
1172 1886 1542 1943 humiliabitur
1582 1889 1901 1960 Jerusalem,
1937 1904 1993 1949 et
2027 1895 2184 1950 Chal-

623 1979 767 2026 uaus
792 1973 992 2037 veniet,
1025 1974 1178 2043 quasi
1207 1985 1363 2030 cantu
1392 1978 1632 2046 volucris,
1665 1976 1739 2035 ita
1766 1980 2012 2038 Ieremia
2039 1985 2182 2039 voci-

598 2063 720 2115 »bus
746 2062 1124 2133 prophetatus;
1157 2073 1211 2118 et
1238 2069 1575 2123 conticescent
1596 2070 1724 2139 ﬁliae
1749 2071 1953 2127 Cantici
1972 2076 2026 2128 in
2048 2082 2182 2128 tem-

618 2150 724 2218 plo,
754 2159 807 2205 et
830 2150 1169 2221 psallentium
1195 2155 1373 2222 chori;
1409 2158 1499 2212 illo
1528 2168 1767 2229 tempore
1790 2164 2003 2232 quando
2024 2164 2182 2217 adve-

604 2240 825 2293 -uicntcs
851 2238 1276 2310 Hierosolymam
1303 2243 1402 2313 ipsi
1426 2261 1636 2317 quoque
1654 2249 1835 2304 hostes
1860 2249 1952 2304 Dei
1980 2251 2181 2321 magni-

606 2329 855 2383 tudinem
884 2330 1306 2397 pertimescent,
1354 2342 1408 2388 et
1448 2336 1499 2388 in
1551 2337 1635 2391 via
1683 2338 2045 2395 formidabant
2086 2357 2180 2395 au-

614 2422 825 2474 dientes
848 2417 1125 2474 interitum
1157 2419 1525 2493 Sennacherib
1560 2428 1705 2498 regis
1745 2427 2086 2499 Assyriorum
2125 2438 2179 2485 et

614 2505 885 2560 exercitus
914 2505 995 2560 sui
1026 2505 1179 2577 (Isai.
1223 2510 1452 2582 xxxvu).
1496 2512 1610 2567 Hoc
1655 2515 1797 2570 enim
1842 2515 2045 2571 dictum
2081 2532 2178 2586 pu-

617 2603 769 2649 tant:
797 2595 873 2648 Ab
897 2594 1119 2662 excelso,
1143 2597 1197 2650 id
1219 2607 1321 2663 est,
1348 2614 1377 2653 a
1412 2599 1522 2655 Deo
1545 2602 1889 2659 Hebraorum
1920 2607 2175 2675 formida-

608 2690 756 2737 bunt.
793 2684 851 2737 In
880 2684 983 2739 illis
1011 2685 1197 2740 diebus
1222 2687 1424 2757 florebit
1446 2691 1800 2762 amygdalum,
1841 2694 1929 2749 ille
1956 2695 2176 2750 baculus

610 2784 667 2829 et
711 2775 879 2844 virga,
924 2789 1093 2843 quam
1138 2774 1400 2833 Jercmias
1442 2780 1495 2833 in
1550 2784 1845 2853 praphetia
1894 2800 2004 2840 sua:
2042 2785 2178 2839 vidit

594 2867 832 2921 exordio
858 2865 1072 2938 (Jerem.
1099 2884 1139 2933 ι,
1169 2868 1291 2940 ll).
1308 2869 1806 2943 Etimpinguabitur
1833 2874 2054 2941 locusta,
2072 2876 2199 2930 Na—'

608 2956 1022 3012 huchodonosor
1048 2972 1167 3012 cum
1196 2974 1294 3014 suo
1320 2962 1579 3016 exercitu.
1608 2962 1961 3033 Dissipaltitur
1986 2981 2177 3034 cappa-

610 3048 701 3111 ris,
730 3047 1079 3102 amicitiaDei
1106 3063 1225 3103 cum
1250 3049 1436 3103 Israel.
1464 3050 1577 3106 Hoc
1600 3060 1777 3106 autem
1801 3060 1970 3106 totum
1998 3032 2175 3109 evenit
2202 3032 2247 3091 (ἶ

610 3138 802 3201 Israel;
830 3138 958 3207 quia
983 3136 1110 3190 abiit
1127 3138 1280 3192 homo
1303 3141 1358 3192 in
1381 3139 1592 3195 domum
1621 3144 1926 3198 aeternitatis
1946 3160 2056 3197 sua:
2074 3184 2089 3208 ,
2126 3153 2183 3198 et

612 3224 861 3293 prasidio
889 3224 986 3279 Dei
1009 3225 1074 3279 ad
1095 3227 1341 3281 calestia
1361 3236 1610 3284 reversus
1630 3239 1731 3284 est.
1762 3231 1878 3296 Quo
1904 3231 2179 3287 habitante

608 3311 664 3366 in
694 3312 1039 3368 tabernaculo
1079 3328 1196 3379 suo,
1228 3316 1516 3369 circuibunt
1563 3318 1619 3370 in
1662 3316 1834 3387 platea
1880 3317 2177 3388 plangentes

609 3413 772 3472 atque
816 3400 1024 3467 ﬁentes,
1056 3412 1112 3457 et
1153 3404 1388 3458 hostium
1416 3405 1694 3460 obsidione
1730 3405 1931 3461 vallati.
1969 3406 2177 3462 Latare

606 3505 739 3562 ergo
760 3490 926 3547 Israel
950 3492 1006 3545 in
1021 3492 1303 3561 iuventute
1329 3493 1705 3561 prosperitatis
1731 3502 1856 3560 tua,
1897 3505 2175 3565 antequam

607 3588 882 3650 rumpatur
907 3578 1175 3647 funiculus
1199 3589 1473 3649 argenteus
1489 3598 1508 3646 ,'
1539 3581 1642 3636 hoc
1665 3590 1769 3646 est,
1804 3583 1973 3637 donec
2006 3583 2174 3653 gloria

604 3678 783 3725 vestra
809 3669 1085 3725 vobiscum
1114 3677 1215 3724 est.
1258 3671 1544 3741 Antequam
1574 3681 1806 3724 recurrat
1829 3672 1956 3725 vitta
1981 3689 2171 3736 aurea,

608 3756 659 3812 id
688 3766 791 3821 est,
836 3765 1121 3827 antequam
1147 3774 1271 3813 area
1303 3760 1606 3814 testamenti
1646 3758 1942 3815 auferatur.
1987 3761 2175 3817 Prius-

602 3862 762 3910 quam
791 3844 979 3915 hydria
999 3854 1296 3901 conteratur
1315 3847 1383 3899 ad
1409 3847 1621 3914 fontem,
1638 3859 1683 3902 et
1709 3849 2038 3904 convolvatur
2061 3859 2174 3903 rota

605 3952 759 4007 super
782 3938 977 4002 lacum,
1003 3937 1058 3992 id
1083 3938 1384 4009 est,'donec
1406 3940 1458 3993 in
1486 3939 1682 3996 Sancto
1699 3940 2017 3997 Sanctorum
2038 3959 2175 4013 pra-

582 4034 757 4096 .ccpta
786 4026 937 4097 legis,
987 4035 1043 4081 et
1086 4028 1256 4083 sancti
1306 4028 1538 4099 Spiritus
1585 4032 1755 4098 gratia
1784 4041 1888 4097 est,
1924 4041 1979 4087 et
2023 4043 2175 4087 ante-

605 4132 765 4185 quam
795 4118 1087 4170 revertaris
1111 4118 1163 4170 in
1204 4119 1547 4188 Babylonem,
1580 4121 1719 4174 unde
1755 4136 2002 4199 egressus
2023 4137 2082 4175 es
2119 4122 2171 4174 in

606 4192 799 4260 lumbis
824 4204 1082 4270 Abrahae;
1115 4207 1416 4277 etincipias
1446 4210 1498 4262 in
1530 4192 1913 4280 Mesopotamia
1942 4213 2168 4275 conteri,

607 4295 744 4350 unde
794 4296 1061 4365 quondam
1109 4295 1382 4365 profectus
1410 4309 1488 4361 es,
1531 4299 1812 4369 omnisque
1848 4303 2020 4368 gratia
2047 4315 2169 4370 pro-

602 4389 796 4456 phetia
811 4360 925 4459 qua
943 4360 1212 4456 quondam
1234 4389 1413 4444 fueras
1427 4390 1745 4459 inspiratus,
1779 4399 2080 4445 revertatur
2102 4394 2168 4446 ad
2198 4360 2249 4422 Β

604 4480 845 4532 datorem
871 4492 1046 4531 suum.
1073 4476 1181 4532 Nos
1202 4491 1329 4531 vero
1350 4478 1559 4541 melius,
1586 4479 1655 4532 ad
1679 4479 1970 4547 superioris
1990 4481 2168 4549 dispu-

605 4565 857 4619 tationem
887 4566 1093 4621 ordinis
1121 4574 1470 4629 revertentes,
1501 4566 1709 4635 singula
1732 4566 2046 4620 conabimur
2074 4584 2167 4622 ex-

605 4657 838 4725 planare.
882 4656 1041 4710 Juxta
1089 4658 1441 4727 trepologiam
1465 4696 1480 4720 ,
1530 4656 1597 4709 ad
1636 4658 1910 4724 superiora
1948 4658 2163 4727 respicit

605 4746 759 4815 hujus
788 4746 1006 4815 capituli
1050 4762 1261 4811 sensus,
1290 4747 1381 4801 ubi
1405 4748 1481 4801 ait
1516 4764 1529 4800 :
1568 4743 1725 4799 Mane
1755 4748 1949 4800 semina
1990 4763 2159 4801 semen

600 4848 763 4900 tuum,
809 4844 858 4890 et
883 4851 1083 4905 vespere
1126 4852 1187 4889 ne
1215 4846 1370 4889 cesset
1417 4852 1604 4889 manus
1646 4846 1757 4889 tua.
1783 4836 1933 4903 Quod
1972 4837 2161 4893 intelli-

598 4926 825 4991 gendum
867 4937 949 4979 est
978 4926 1033 4979 in
1061 4924 1205 4977 omni
1230 4931 1386 4977 atate
1412 4924 1549 4977 bene
1574 4938 1694 4979 esse
1737 4924 2060 4991 faciendum,
2102 4934 2157 4980 et

599 5015 650 5065 in
676 5013 920 5069 omnibus
948 5014 1200 5083 operibus
1225 5013 1421 5066 nostris
1438 5011 1533 5067 Dei
1553 5028 1672 5067 esse
1686 5014 1941 5083 judicium
1966 5016 2155 5070 timen-

597 5104 742 5154 dum.
759 5102 897 5155 Dicit
918 5104 1059 5156 enim
1086 5104 1174 5157 hic
1199 5121 1209 5153 :
1234 5101 1459 5168 Lmtare,
1473 5103 1700 5171 juvenis,
1732 5105 1788 5156 in
1812 5104 2150 5158 adolescentia

595 5200 723 5253 tua;
772 5198 825 5245 et
850 5204 972 5243 mox
1000 5189 1240 5245 addidit:
1284 5190 1351 5244 Et
1391 5193 1445 5246 in
1476 5192 1606 5246 bono
1651 5194 1717 5246 sit
1761 5210 1849 5246 cor
1876 5204 2041 5258 tuum,
2086 5210 2151 5250 ne

596 5294 690 5331 nos
720 5279 784 5332 ad
827 5277 1092 5331 luxuriam
1131 5280 1310 5333 carnis
1354 5280 1558 5334 hortari
1604 5282 1894 5335 videretur.
1927 5283 2055 5337 Tale
2096 5294 2152 5339 et

594 5366 873 5430 ApOSlOlllS
916 5366 993 5418 ait
1030 5380 1044 5417 :
1074 5363 1304 5420 Gaudete
1352 5367 1404 5419 in
1438 5366 1656 5422 Domino
1684 5386 1881 5439 semper
1917 5387 1933 5423 :
1964 5372 2147 5425 iterum

592 5454 704 5505 dico
754 5456 971 5522 gaudete
1015 5454 1234 5524 (Philip,
1284 5472 1355 5520 tv,
1386 5456 1461 5526 4).
1507 5457 1652 5512 Felix
1686 5461 1845 5517 homo
1889 5468 1979 5534 qui
2026 5469 2145 5527 lato

2297 486 2475 541 diebus
2513 488 2796 557 jurentutis
2848 503 2971 547 tute.
3026 494 3150 549 Vult
3181 511 3311 551 vero
3334 496 3611 555 ﬂorentem
3638 508 3854 579 atatem

2297 574 2486 632 ﬂorere
2508 579 2760 635 virtutum
2782 583 3003 649 decore;
3028 586 3158 639 etin
3185 588 3362 643 cordis
3388 574 3849 662 contemplatione,

2297 666 2348 718 id
2379 677 2481 732 est,
2510 672 2801 739 sapientia,
2836 688 2995 742 quam
3022 675 3300 730 oculorum
3346 681 3561 735 nomine
3586 681 3857 751 designat,

2293 757 2470 821 potius
2495 761 2770 815 ambulare
2814 778 2973 831 quam
3001 765 3181 819 carnis
3205 767 3466 823 desideria
3512 771 3683 838 sequi,
3727 772 3856 840 quia

2292 859 2412 897 caro
2441 850 2753 916 concupiscit
2782 850 3028 905 adrersus
3054 853 3314 921 spiritum,
3343 864 3391 908 et
3417 857 3633 926 spiritus
3670 858 3854 912 adrer-

2290 947 2378 984 sus
2391 950 2596 987 carnem
2616 936 2816 1003 (Colat.
2833 954 2883 1003 v,
2899 941 3008 1011 i7),
3034 957 3261 1011 quorum
3279 959 3441 1014 opera
3466 946 3751 1015 Apostolus
3770 948 3851 1003 di-
3876 956 3886 1029 ς

2291 1022 2507 1089 screvit.
2540 1024 2605 1077 Et
2634 1026 2749 1092 hac
2775 1031 2974 1096 agenda
3002 1031 3250 1086 admonet
3277 1047 3415 1099 esse,
3446 1044 3731 1106 antequam
3769 1038 3853 1092 in-

2288 1120 2446 1181 gruat
2467 1127 2569 1166 nov
2588 1122 2801 1168 aterna
2824 1120 3035 1184 mortis,
3064 1120 3115 1174 in
3133 1138 3238 1191 qua
3267 1124 3399 1177 nihil
3423 1128 3633 1195 operari
3653 1129 3854 1197 poterit

2288 1198 2468 1252 homo.
2518 1197 2607 1254 Sic
2635 1200 2687 1253 in
2715 1202 3003 1273 Evangelia
3032 1209 3143 1278 ipsa
3172 1211 3380 1265 Veritas
3407 1215 3481 1275 ait
3508 1232 3518 1265 :
3553 1215 3847 1281 Ambulate,

2287 1284 2411 1337 dum
2457 1284 2624 1339 lucem
2672 1288 2893 1356 habetis,
2920 1309 2982 1345 ne
3029 1296 3250 1357 tenebrat
3283 1315 3370 1352 vos
3416 1302 3848 1370 comprehendant

2288 1372 2464 1440 (Ιοςιη.
2496 1390 2592 1437 xu,
2622 1376 2731 1447 55).
2771 1379 3034 1436 Admonet
3063 1374 3160 1439 nos
3189 1385 3465 1456 Scriptura
3490 1390 3544 1443 in
3589 1390 3691 1445 hoc
3730 1393 3851 1446 loco

2287 1478 2513 1531 semper,
2546 1466 2669 1519 dum
2699 1468 2948 1535 vivimus,
2979 1472 3043 1527 de
3072 1472 3253 1530 futuro
3277 1478 3512 1546 cogitare
3552 1480 3755 1549 judicio
3792 1482 3849 1535 in

2286 1569 2391 1623 quo
2413 1557 2588 1609 omnia
2620 1574 2737 1626 qua
2764 1562 3467 1632 gessimus,judicabuntur.

2358 1646 2515 1699 Vens.
2554 1647 2635 1699 l0.
2664 1678 2727 1687 —
2760 1648 2968 1720 Repel'e
3006 1654 3138 1706 iram
3170 1673 3201 1709 a
3228 1657 3381 1711 corde
3427 1668 3545 1723 tuo,
3600 1670 3646 1712 et
3695 1661 3849 1727 aufer

3615 1747 3845 1816 uoluptas

2282 1835 2412 1873 vana
2439 1832 2579 1874 sunt.
2619 1823 2673 1876 ln
2710 1826 2787 1877 ira
2835 1841 3022 1883 omnes
3048 1832 3475 1898 perturbationes
3517 1836 3678 1887 animi
3705 1851 3847 1888 com-

2281 1914 2581 1980 prehendit,
2610 1916 2661 1968 in
2693 1920 2871 1974 carnis
2901 1922 3102 1976 malitia
3132 1925 3409 1981 universas
3438 1927 3699 1996 signiﬁcat
3723 1942 3844 1982 cor-

2282 1998 2429 2075 pOris
2461 2007 2776 2075 voluptates,
2809 2012 3037 2083 relinqui
3085 2018 3318 2073 suadens
3344 2018 3637 2087 iuventutis
3680 2020 3803 2073 vitia
3824 2060 3843 2083 ,

2281 2093 2403 2160 quia
2427 2092 2679 2160 juventus
2704 2098 3021 2167 insipientia
3052 2104 3296 2171 copulata
3325 2115 3425 2171 est,
3453 2115 3509 2161 et
3545 2109 3731 2162 noxias
3753 2122 3841 2179 ge-

2281 2198 2472 2237 nerare
2503 2184 2635 2237 solet
2656 2186 2969 2254 voluptates.

2874 2277 3099 2335 CAPUT
3134 2281 3245 2339 Xll.

2348 2360 2680 2434 Μινωὶς.
2715 2364 2824 2419 1-3.
2855 2396 2928 2407 —-
2950 2366 3208 2423 Memento
3225 2374 3471 2426 creatoris
3490 2376 3570 2427 tui
3589 2376 3641 2427 in
3664 2377 3844 2431 diebus

2269 2450 2555 2517 juventutis
2590 2461 2692 2507 tute
2715 2493 2729 2517 ,
2774 2465 3049 2525 antequam
3080 2459 3246 2511 veniat
3307 2469 3505 2530 tempus
3554 2464 3843 2533 aﬂlictionis

2277 2548 2400 2603 tuae,
2425 2549 2470 2591 et
2499 2542 2902 2611 appropinquent
2924 2545 3049 2597 anni
3071 2545 3135 2597 de
3166 2546 3351 2615 quibus
3375 2548 3559 2603 dicas:
3580 2550 3700 2605 Non
3718 2553 3845 2607 mihi

2276 2625 2510 2695 placent;
2528 2637 2802 2698 antequam
2826 2631 3173 2687 tenebrescant
3190 2634 3290 2701 sol,
3306 2646 3352 2689 et
3377 2637 3570 2703 lumen,
3587 2648 3635 2692 et
3655 2640 3843 2707 stella,

2277 2727 2323 2770 et
2351 2716 2477 2771 luna
2500 2758 2513 2782 ,
2560 2729 2607 2773 et
2644 2732 2961 2777 revertantur
2998 2726 3154 2781 nubes
3180 2738 3293 2798 post
3335 2730 3593 2799 pluviam;
3634 2734 3841 2803 quando

2277 2810 2723 2863 commovebuntur
2746 2815 2982 2869 custodes
3008 2817 3193 2872 domus
3215 2856 3251 2883 ,ν
3279 2830 3325 2873 et
3355 2809 3694 2877 mutabuntur
3743 2826 3840 2877 viri

2277 2898 2565 2966 fortissimi,
2589 2913 2635 2955 et
2667 2906 2847 2959 otiosa
2865 2918 3013 2961 erunt
3038 2911 3293 2967 molentes.
3307 2914 3361 2968 in
3377 2917 3573 2970 minuto
3605 2926 3839 2983 numero,

2277 2997 2322 3040 et
2349 2989 2691 3046 tenebresceat
2738 2995 2962 3051 uidentes
3006 3016 3093 3069 per
3135 3002 3415 3071 foramina.
3463 3005 3685 3075 Semper
3730 3021 3840 3061 mc-

2278 3091 2459 3137 mento
2496 3088 2755 3142 creatoris
2780 3090 2875 3153 tui,
2899 3100 2954 3145 et
2981 3094 3059 3147 sic
3107 3094 3475 3151 adolescentia
3518 3098 3655 3150 viam
3709 3114 3838 3168 gra-

2278 3171 2424 3235 dere,
2456 3181 2513 3225 ut
2540 3177 2837 3231 recorderis
2884 3180 3022 3233 viam
3054 3192 3196 3235 tuam
3263 3194 3434 3239 morte
3481 3200 3597 3240 esse
3652 3187 3840 3243 ﬁnien-

2277 3259 2422 3323 dam,
2454 3270 2510 3314 et
2559 3265 2737 3318 omnia
2791 3282 2908 3334 qua:
2954 3272 3201 3338 gesseris,
3232 3271 3535 3339 iudicanda.
3594 3276 3672 3330 Tu
3711 3292 3840 3334 vero

2276 3359 2544 3404 memento
2572 3354 2833 3407 creatoris
2860 3356 2954 3420 tui,
2987 3368 3269 3429 antequam
3310 3361 3403 3415 tibi
3439 3361 3685 3418 adveniat
3709 3375 3839 3419 tcm-
3873 3355 3882 3363 “

2274 3450 2372 3504 pus
2408 3438 2638 3494 tristitia
2686 3451 2742 3495 et
2772 3448 3079 3512 senectutis,
3107 3451 3306 3503 et‘anni
3336 3452 3425 3519 qui
3454 3453 3549 3507 tibi
3575 3470 3680 3509 non
3725 3456 3838 3525 pla-

2274 3524 2488 3578 cebunt.
2519 3528 2805 3599 Antequam
2853 3534 3163 3589 tenebrescat
3187 3537 3283 3601 sol,
3315 3551 3361 3592 et
3389 3540 3580 3607 lumen,
3607 3554 3654 3598 et
3676 3524 3831 3608 luna,

2272 3620 2320 3663 et
2347 3612 2537 3679 stella,
2595 3628 2643 3669 et
2686 3630 3005 3674 revertantur
3037 3625 3193 3679 nubes
3244 3616 3357 3697 post
3405 3630 3651 3698 pluviam.
3701 3632 3836 3691 Sunt

2271 3703 2413 3757 enim
2433 3704 2523 3772 qui
2549 3705 2735 3800 solem,
2756 3708 2934 3764 lunam
2976 3721 3030 3766 et
3056 3713 3239 3767 stellas
3264 3716 3331 3769 ad
3358 3718 3539 3772 oculos
3574 3733 3835 3801 auresun

2271 3798 2327 3843 ct
2363 3792 2555 3860 capitis
2588 3792 2774 3849 serTsus
2819 3808 3069 3867 coaptant
3093 3842 3107 3866 ,
3169 3818 3287 3872 qua
3323 3808 3501 3861 omnia
3546 3792 3834 3864 senectutis

2272 3881 2515 3938 molestia
2547 3885 2909 3955 debilitantur,
2941 3894 3063 3961 quia
3119 3896 3341 3953 inferius
3369 3902 3612 3956 videntur
3639 3903 3704 3957 de
3726 3902 3822 3957 lin-

2272 3973 2413 4027 mani
2436 3977 2676 4043 corporis
2702 3981 2954 4035 membris
2992 3983 3106 4039 hac
3150 3989 3323 4053 omnia
3354 3991 3487 4056 dici;
3516 4000 3570 4045 et
3598 3994 3855 4048 custodes.

2271 4062 2454 4116 domus
2507 4074 2685 4134 costas
2713 4068 3015 4138 signiﬁcare
3050 4082 3269 4142 putant,
3313 4079 3457 4145 quod
3499 4081 3565 4134 ab
3595 4076 3723 4149 ipsis
3752 4082 3832 4136 in-

2273 4150 2465 4202 testina
2492 4152 2772 4219 vallentur,
2809 4168 2865 4211 et
2889 4166 2999 4211 tota
3027 4164 3228 4217 ventris
3250 4166 3523 4220 mollitudo
3554 4177 3828 4235 servetur;

2272 4239 2404 4291 viros
2452 4255 2579 4295 vero
2632 4243 2788 4311 fortes
2821 4262 2976 4300 crura
3009 4251 3292 4306 astimant.
3337 4253 3487 4320 Quod
3543 4272 3669 4312 vero
3715 4261 3825 4321 ait:

2273 4325 2466 4382 Otiosa
2494 4342 2641 4385 erant
2668 4335 2911 4389 molentes
2948 4339 3146 4393 minuto
3175 4356 3385 4397 numero
3412 4384 3426 4409 ,
3478 4347 3545 4401 ad
3591 4347 3827 4404 dentium

2272 4416 2572 4473 referuntur
2595 4421 2791 4489 ofﬁcia,
2832 4428 2972 4493 quod
3019 4443 3142 4484 cum
3170 4442 3411 4488 extrema
3455 4448 3701 4493 senectus
3734 4442 3829 4493 ad-

2267 4506 2494 4571 venerit,
2522 4506 2709 4561 dentes
2736 4519 2828 4564 aut
2854 4513 3169 4572 deteruntur
3195 4557 3210 4580 ,
3263 4529 3354 4573 aut
3402 4521 3751 4589 dejiciuntur,
3793 4543 3821 4581 a

2265 4592 2457 4658 Quibus
2482 4599 2749 4664 permoliti
2792 4602 2895 4654 cibi
2938 4603 2992 4655 in
3021 4603 3193 4659 alvum
3221 4611 3683 4679 transmittuntur;
3732 4617 3823 4690 qui

2264 4688 2388 4732 sunt
2434 4683 2610 4747 otiosi,
2643 4686 2765 4752 quia
2800 4686 3165 4746 fortitudinem
3192 4697 3401 4765 corpori
3434 4714 3537 4753 non
3566 4683 3824 4758 submini-

2262 4777 2449 4835 strant,
2474 4775 2566 4828 sed
2603 4782 2965 4836 tantummodo
3016 4786 3083 4839 ad
3131 4786 3315 4843 horam
3367 4792 3475 4845 cito
3526 4795 3820 4861 perituram

2264 4861 2531 4928 paululum
2572 4868 2882 4926 sustentare
2920 4874 3166 4932 videntur
3217 4881 3399 4935 vitam.
3431 4883 3821 4957 Tenebresccre

2264 4960 2441 5005 autem
2467 4954 2705 5013 videntes
2744 4960 2798 5014 in
2826 4960 3169 5024 foraminibus
3213 4980 3400 5037 putant
3448 4954 3647 5041 oculos,
3677 4984 3818 5048 quod

2262 5038 2421 5092 nimia
2451 5055 2721 5102 senectute
2748 5052 2906 5105 nullis
2932 5054 3151 5109 dubium
3180 5066 3261 5112 est
3290 5059 3520 5131 caligare
3544 5038 3721 5132 acies:
3762 5079 3816 5121 et

2258 5132 2527 5188 contuitus
2555 5138 2848 5193 obscurari.

2290 5220 2482 5310 'AYEBS.
2514 5224 2566 5287 4,
2597 5225 2648 5278 5.
2680 5257 2748 5266 -
2781 5229 2849 5281 Et
2902 5231 3138 5287 claudent
3176 5240 3305 5291 ostia
3343 5241 3396 5293 in
3420 5222 3591 5310 platea
3624 5244 3678 5297 in
3714 5246 3801 5299 ltu-

2255 5306 2469 5363 militate
2495 5316 2628 5367 vocis
2652 5316 2909 5383 molentis,
2953 5331 3001 5374 et
3022 5338 3325 5396 consurgent
3350 5332 3353 5337 '
3374 5306 3443 5381 ad
3467 5346 3637 5385 vocem
3663 5335 3809 5387 volu-

2253 5395 2384 5458 cris,
2435 5408 2481 5451 et
2520 5401 2861 5459 obmutescent
2912 5424 3084 5464 omnes
3131 5414 3258 5481 filim
3296 5419 3576 5473 carminis:
3606 5423 3809 5476 excelsa

2251 5501 2451 5555 quoque
2491 5492 2736 5547 timebunt
2760 5507 2805 5549 et
2848 5497 3198 5563 formidabant
3246 5506 3298 5556 in
3334 5508 3431 5559 ria.
3484 5509 3702 5565 Clausus
3752 5515 3801 5565 in

590 5558 767 5598 animo
816 5548 1009 5604 bonum
1059 5548 1203 5613 facit.
1250 5557 1301 5603 et
1343 5552 1537 5619 gaudet
1571 5554 1622 5606 in
1668 5556 1805 5611 bono
1852 5576 1945 5615 cor
1989 5580 2143 5619 suum
2246 5574 2436 5643 plateis
2464 5578 2655 5647 januas
2684 5600 2776 5652 pro
2820 5587 3043 5644 inﬁrmis
3091 5606 3273 5645 senum
3322 5600 3589 5665 gressibus
3633 5602 3795 5669 accipi
