4230 6234
337 432 433 485 717

1132 427 1530 483 ΕΧΕΟΕΤΙΕᾹ.
1576 454 1639 463 -σ-
1677 421 2022 477 COMMENT.
2069 420 2131 473 IN
2172 419 2683 475 ECCILSIASTEN.

3407 411 3509 472 Ἰίὸ

334 539 532 604 volunt,
562 538 699 606 quod
733 552 937 605 semper
970 537 1206 598 sedeant,
1237 547 1291 590 et
1321 536 1589 588 ambulare
1628 548 1726 585 non
1751 548 1872 600 pos-
1899 538 1949 596 Α
1973 545 2037 583 ex
2063 532 2234 600 puteis
2261 531 2496 585 levantur
2516 545 2685 597 aquzc,
2716 529 2758 581 si
2788 527 3051 582 confracta
3079 528 3233 581 fuerit
3265 570 3276 589 ,
3330 544 3511 582 earum

335 627 461 689 sint,
492 641 587 679 nec.
610 624 973 694 congaudeant
1020 624 1156 677 ludis
1177 622 1448 688 juvcnum,
1476 623 1563 690 qui
1610 622 1659 673 in
1688 621 1873 688 plateis

334 714 505 768 solent
529 729 666 777 esse,
693 713 783 767 sed
823 713 1000 766 clauso
1035 714 1169 766 ostio
1207 712 1323 764 illos
1357 711 1553 779 fugiant
1590 710 1781 763 videre.
1818 708 1873 760 In

337 801 630 854 humilitate
657 807 831 852 autem
859 800 1003 853 vocis
1032 800 1293 861 uiolentis,
1324 798 1388 851 de
1412 798 1651 851 manibus
1678 795 1873 865 [llier.,

336 888 401 941 de
430 885 765 957 mandibulis]
816 886 1261 954 interpretantur,
1296 888 1435 959 quod
1469 885 1642 937 cibum
1700 884 1875 937 labore

336 975 550 1044 proprio
574 974 804 1027 invenire
826 989 930 1028 non
942 974 1171 1037 valeant,
1193 981 1245 1025 et
1258 972 1443 1040 spiritu
1464 980 1752 1035 coarctato,
1776 986 1876 1024 vox

338 1064 393 1118 in
420 1064 570 1118 senili
599 1078 817 1131 corpore
843 1064 928 1117 vix
963 1065 1132 1116 tenuis
1157 1064 1417 1117 audiatur.
1466 1063 1631 1116 Porro
1659 1078 1877 1116 consur-

337 1167 463 1225 gere
479 1167 599 1207 eum
614 1152 680 1205 ad
699 1166 880 1205 vocem
894 1152 1120 1205 volucris
1141 1153 1390 1213 ostendit,
1404 1152 1543 1219 quod
1564 1150 1877 1218 frigescente

339 1242 593 1311 sanguine
613 1248 667 1295 et
694 1242 913 1294 humore
942 1242 1159 1303 siccato,
1196 1241 1387 1309 quibus
1418 1242 1638 1293 materia
1673 1242 1879 1308 snporis

336 1335 496 1388 alitur
522 1332 717 1404 [Ilier.,
744 1333 932 1400 quibus
956 1332 1189 1384 materiis
1210 1346 1367 1398 sapor
1390 1330 1589 1401 alitur],
1617 1332 1681 1383 ad
1708 1331 1876 1384 levem

338 1424 565 1477 sonitum
592 1423 819 1490 evigilet,
848 1423 1122 1489 noctisque
1143 1421 1347 1483 medio,
1396 1435 1515 1474 cum
1541 1420 1709 1489 gallus
1736 1422 1877 1473 ceci-

338 1512 496 1575 nerit,
518 1510 739 1564 festinus
762 1518 1031 1579 exsurgat,
1069 1525 1396 1577 nequaquam
1425 1508 1604 1562 valens
1634 1508 1683 1560 in
1712 1516 1877 1560 strato

337 1602 526 1670 s;epius
579 1602 813 1655 membra
847 1609 1176 1655 convertere.
1236 1599 1589 1652 Obmutescere
1629 1611 1874 1665 quoque,

336 1689 448 1741 sive
474 1696 532 1739 ut
557 1688 745 1740 melius
788 1687 1011 1740 habetur
1034 1688 1086 1739 in
1116 1686 1362 1748 Hebraeo,
1408 1686 1701 1737 surdescere
1740 1684 1876 1751 filias

336 1774 600 1837 carminis,
629 1787 783 1825 aures
815 1773 1092 1842 significat,
1123 1773 1261 1839 quo.l
1294 1772 1505 1840 gravior
1533 1772 1643 1825 seni
1667 1772 1879 1824 auditus

1975 636 2102 673 usus
2132 620 2502 687 iutercipitur:
2535 619 2606 670 ita
2641 628 2694 671 ct
2728 634 2844 671 cum
2882 616 3145 670 funiculus
3174 618 3375 685 argenti
3400 617 3513 672 fue-

1978 707 2047 759 rit
2069 709 2411 775 interruptus,
2438 717 2489 761 et
2511 708 2698 759 animae
2728 708 2870 760 rivus
2916 708 3139 759 recurrit
3177 708 3240 759 all
3280 707 3473 761 fontem
3501 749 3515 768 .

1977 794 2209 849 interibit
2246 797 2421 857 homo,
2448 803 2607 862 utque
2651 793 2979 847 manifestius
3025 795 3279 860 sequitur,
3306 811 3514 847 concer-

1977 896 2106 939 tetur
2132 886 2296 953 pulvis
2319 888 2372 938 in
2402 897 2590 938 terram
2633 901 2777 936 suam
2804 885 2937 936 unde
2963 895 3191 953 sumptus
3219 894 3312 945 cst,
3337 894 3381 936 ct
3416 887 3517 953 spi-

1978 977 2106 1027 ritus
2136 983 2412 1027 rcrertctur
2437 975 2503 1026 ad
2541 964 2813 1025 Dominum
2844 974 2930 1041 qui
2956 974 3093 1024 dedit
3124 973 3287 1025 illum.
3317 973 3389 1025 Ex
3417 989 3519 1039 quo

1977 1062 2108 1115 satis
2131 1062 2330 1114 ridendi
2356 1071 2476 1114 sunt
2506 1061 2591 1127 qui
2614 1068 2799 1127 putant
2837 1062 3039 1113 animas
3067 1077 3184 1113 cum
3215 1058 3520 1127 corporibus

1979 1152 2106 1215 seri,
2139 1162 2191 1203 et
2218 1168 2319 1204 non
2342 1168 2369 1204 a
2409 1151 2531 1211 Deo,
2556 1151 2645 1204 sed
2671 1168 2697 1201 a
2722 1166 2999 1217 corporum
3020 1153 3321 1219 parentibus
3360 1166 3517 1220 gcnc-

1978 1242 2084 1294 rari
2112 1258 2123 1292 :
2162 1258 2281 1297 cum
2305 1243 2445 1293 enim
2470 1256 2592 1294 caro
2626 1249 2917 1295 revertatur
2948 1242 2999 1292 in
3023 1251 3217 1294 terram
3254 1258 3390 1294 suarr
3418 1284 3431 1306 ,
3470 1252 3523 1295 et

1978 1329 2195 1395 spiritus
2223 1330 2402 1382 redeat
2421 1331 2486 1382 ad
2511 1328 2693 1393 Deum,
2716 1332 2804 1397 qui
2825 1329 2964 1383 dedit
2994 1330 3156 1389 illum,
3188 1332 3519 1384 manifestum

1978 1427 2059 1469 cst
2093 1416 2371 1469 Dominum
2412 1426 2614 1485 patrem
2647 1419 2938 1471 animarum
2967 1433 3103 1481 esse,
3131 1436 3231 1471 ucn
3264 1420 3517 1473 homines.

1977 1504 2103 1557 Post
2131 1505 2536 1572 descriptionem
2564 1514 2737 1559 autem
2770 1505 3014 1559 interitus
3046 1507 3281 1568 luunani,
3310 1507 3523 1574 pulchre

1978 1592 2253 1644 exordium
2283 1593 2401 1645 libri
2429 1594 2507 1646 sui
2538 1604 2795 1661 repetens,
2824 1596 2897 1647 ait
2926 1613 2937 1647 :
2977 1593 3187 1648 l’um‘tas
3223 1599 3522 1661 vanimmm,

1978 1678 2107 1729 dixit
2132 1676 2485 1744 Ecclesiastes,
2508 1683 2676 1733 omnia
2720 1683 2933 1735 vanitas.
2966 1682 3094 1736 Cum
3136 1685 3274 1737 enim
3306 1698 3525 1739 cunctus

1979 1766 2277 1819 mortalium
2300 1766 2465 1832 labor,
2495 1770 2557 1821 de
2578 1785 2680 1836 quo
2710 1770 2761 1823 in
2780 1778 2886 1824 toto
2911 1772 3169 1827 volumine
3199 1775 3522 1842 disputatum

340 1861 447 1925 fiat,
475 1870 528 1914 et
556 1861 698 1914 nulla
735 1862 873 1915 inter
893 1876 1048 1915 voces
1074 1862 1209 1914 scire
1236 1861 1406 1915 valeat
1428 1861 1753 1919 discrimina,
1780 1875 1875 1913 nec
1905 1852 1948 1909 B
1978 1865 2075 1921 est,
2106 1858 2206 1910 huc
2248 1859 2540 1924 perveniat,
2567 1868 2623 1912 ut
2678 1869 2971 1915 revertatur
3018 1864 3190 1930 pulvis
3230 1865 3279 1916 in
3333 1873 3523 1918 terram

312 1950 367 2006 'a
389 1954 709 2006 carminibus
742 1952 1013 2005 delectari.
1040 1950 1259 2004 Excelsa
1292 1952 1537 2003 timebunt
1563 1962 1609 2003 et
1636 1950 1880 2017 formida-

339 2041 461 2092 bunt
500 2043 552 2092 in
582 2041 681 2103 via,
712 2040 765 2093 id
788 2048 887 2099 est,
917 2040 1079 2092 ardua
1133 2040 1338 2108 ingredi
1384 2055 1487 2093 non
1520 2039 1799 2099 valebunt,
1827 2046 1882 2091 et

342 2129 493 2181 lassis
514 2128 794 2195 poplitibus
838 2142 901 2180 ac
947 2135 1290 2180 tremescente
1338 2128 1558 2196 vestigio
1613 2127 1773 2179 etiam
1826 2126 1880 2177 in

343 2216 497 2283 plano
544 2218 729 2270 itinere
764 2215 1110 2279 fluctuantes,
1157 2214 1355 2270 oﬂ‘ensa
1399 2231 1636 2284 gressum
1682 2213 1879 2283 [llier.,

343 2305 593 2358 offensam
622 2303 911 2373 gressuum]
949 2302 1317 2359 formidabunt.
1656 2374 1661 2379 ι

413 2392 636 2448 Florebit
661 2395 1006 2463 amygdalum,
1034 2397 1436 2465 impinguabitur
1463 2396 1682 2459 locusta,
1706 2406 1752 2448 et
1775 2396 1883 2451 dis-

307 2542 310 2546 ,
341 2484 592 2552 sipabitur
611 2485 1121 2552 capparis,quoniam
1147 2485 1237 2537 ibit
1262 2486 1321 2536 Ιιυ
1444 2486 1490 2536 ’πι
1506 2486 1713 2537 domum
1736 2494 1884 2537 (ster-

344 2572 519 2624 nitatis
557 2586 685 2635 suis,
714 2579 761 2623 et
805 2572 1087 2626 circuibunt
1114 2574 1165 2627 in
1210 2573 1378 2642 platea
1421 2574 1732 2643 plangentes.
1783 2573 1885 2627 Per

344 2668 706 2737 metaphoram
731 2668 890 2722 etiam
914 2683 1053 2722 nunc
1077 2668 1143 2721 de
1180 2669 1429 2723 membris
1472 2669 1667 2723 nostris
1705 2667 1886 2722 Eccle-

341 2757 520 2811 siastis
539 2771 713 2812 sermo
738 2766 819 2811 est
841 2797 855 2819 ,
902 2758 1039 2825 quod
1066 2773 1186 2811 cum
1213 2766 1458 2811 senectus
1482 2758 1772 2822 advenerit,
1795 2773 1883 2812 ca-

342 2844 497 2915 pillus
528 2844 821 2900 incanuerit
841 2884 857 2909 ,
908 2846 1251 2900 intumuerint
1277 2847 1436 2916 pedes
1457 2886 1473 2912 ,
1521 2847 1681 2901 libido
1708 2845 1885 2901 ‘refri-

342 2934 532 3000 suerit,
552 2941 607 2987 et
630 2932 787 2989 homo
823 2934 981 2989 fuerit
1015 2935 1320 2999 dissolutus,
1352 2944 1476 2991 tunc
1504 2943 1799 2990 revertatur
1830 2936 1884 2989 in

347 3032 541 3078 terram
567 3039 716 3079 suam
740 3027 1049 3081 aternitatis
1086 3042 1215 3092 sum,
1245 3029 1312 3082 ad
1341 3028 1637 3098 sepulcrum
1662 3067 1678 3093 ,
1732 3043 1884 3083 exse-

341 3112 481 3178 quiis
510 3112 608 3165 rite
628 3111 905 3166 celebratis
926 3120 1082 3180 atque
1108 3111 1288 3179 finitis,
1317 3115 1676 3185 plangentium
1698 3117 1751 3169 in
1771 3114 1885 3183 pla-

342 3176 427 3249 tea
468 3198 607 3251 circa
651 3198 948 3266 sepulcrum
998 3176 1150 3254 iurha
1208 3176 1557 3269 prus-cedente.
1600 3201 1722 3256 [hec
1758 3176 1953 3257 ieroc

343 3285 573 3348 nomina,
609 3284 956 3354 amygdalum,
988 3286 1203 3350 locusta,
1235 3294 1290 3340 ct
1336 3289 1595 3357 capparis,
1625 3303 1719 3358 per
1744 3288 1881 3357 figu-

344 3387 456 3425 ram
478 3373 588 3426 seni
616 3374 960 3438 conveniunt;
1003 3375 1331 3444 amygdalum
1379 3393 1472 3446 pro
1495 3379 1707 3440 canitie,
1734 3378 1881 3432 locu-

342 3470 423 3515 sta
450 3477 546 3530 pro
574 3477 787 3517 crurum
812 3464 992 3518 dolore
1018 3480 1080 3519 ac
1100 3468 1289 3541 pedum
1315 3476 1538 3531 tumore,
1569 3478 1621 3522 et
1643 3472 1885 3538 capparis

342 3564 438 3617 pro
467 3548 780 3618 frigescente
810 3551 1044 3616 libidine,
1072 3557 1356 3608 saeundum
1384 3558 1752 3627 etymologiam
1784 3560 1885 3613 He-

344 3638 535 3692 braicaa
558 3640 1021 3707 interpretationis,
1053 3649 1112 3701 ut
1134 3642 1382 3707 diximus,
1402 3647 1513 3699 seni
1543 3649 1881 3701 conveniunt.

344 3725 608 3783 Hactenus
653 3728 997 3783 Ecclesiastes
1020 3730 1245 3798 plurima
1271 3736 1556 3787 senectutis
1585 3735 1722 3787 mala
1756 3751 1881 3803 pros

343 3825 576 3881 secutus,
606 3818 670 3871 de
696 3818 799 3873 fine
822 3820 1231 3891 uniuscujusque
1264 3822 1490 3877 hominis
1512 3825 1585 3877 ait
1608 3836 1621 3878 :

416 3902 573 3957 Vsus.
597 3904 707 3959 6-8.
732 3934 802 3944 --
831 3907 1114 3976 Antequam
1148 3920 1412 3980 rumpatur
1433 3912 1572 3979 funis
1594 3924 1881 3982 argenteus,

341 3998 392 4041 et
420 3998 645 4042 recurrat
663 3990 784 4043 vitta
808 4007 987 4057 aurea,
1009 4004 1057 4046 et
1082 4006 1374 4049 conteratur
1390 3999 1576 4067 hydria
1595 4017 1747 4069 super
1770 4003 1884 4071 fon-

342 4087 463 4139 tem,
492 4087 538 4129 et
567 4077 920 4148 confringatur
944 4091 1054 4133 rota
1105 4098 1257 4151 super
1300 4084 1489 4148 locum,
1519 4095 1565 4139 et
1609 4098 1888 4142 revertatur

341 4167 507 4238 pulvis
532 4169 585 4221 in
611 4179 799 4222 terram
823 4187 969 4223 suam
997 4172 1126 4224 sicut
1147 4182 1277 4236 erat,
1303 4183 1349 4225 et
1373 4176 1583 4244 spiritus
1604 4178 1773 4231 redeat
1818 4180 1886 4232 ad

343 4257 620 4312 Dominum
643 4260 729 4329 qui
768 4260 905 4314 dedit
931 4260 1095 4315 illum.
1143 4260 1355 4317 Vanitas
1383 4267 1660 4321 vanitatum
1684 4309 1699 4330 ,
1756 4268 1887 4323 dixit

346 4343 714 4411 Ecclesiastes,
760 4349 992 4402 universa
1020 4350 1235 4403 sanitas.
1282 4350 1584 4406 Revertitur
1610 4355 1676 4408 ad
1728 4366 1885 4422 supe-

347 4433 509 4495 riora,
533 4440 587 4485 et
619 4441 738 4500 post
762 4436 959 4502 grande
1001 4436 1325 4504 hyperbaton
1354 4438 1513 4508 (quod
1550 4440 1616 4493 ab
1654 4455 1717 4494 eo
1768 4440 1883 4496 loco

345 4522 694 4589 interiecerat,
726 4522 912 4591 inquo
960 4525 1071 4577 ait:
1107 4523 1362 4607 Memento
1408 4529 1651 4581 creatoris
1699 4531 1775 4582 tui
1827 4531 1881 4582 in

259 4684 262 4688 .
344 4608 519 4663 diebus
536 4610 815 4678 jurentutis
839 4621 960 4675 ture,
991 4614 1477 4681 antequantccniant
1502 4615 1611 4669 dies
1638 4617 1879 4682 malitia,

346 4711 393 4754 et
422 4712 688 4771 antequam
716 4704 1055 4756 tenebrcscant
1091 4703 1167 4757 sol
1198 4715 1244 4757 et
1274 4703 1432 4776 M5
1458 4704 1603 4771 luna,
1626 4719 1671 4761 et
1698 4708 1881 4773 stellre,

347 4798 473 4853 etc.,
500 4790 550 4841 in
575 4790 655 4841 die
690 4806 789 4858 qua
830 4792 1154 4845 movebuntur
1176 4794 1406 4847 custodes
1449 4795 1651 4865 domus)
1674 4837 1689 4859 ,
1746 4814 1886 4853 nunc

355 4886 581 4947 ereptam
628 4879 939 4931 sententiam
989 4882 1147 4935 simili
1208 4883 1309 4937 ﬁne
1353 4885 1615 4940 concludit
1660 4888 1882 4942 dicens:

358 4969 639 5035 Antequam
667 4974 931 5033 rumpatur
972 4966 1235 5033 funiculus
1257 4976 1473 5038 argenti,
1507 4974 1605 5027 hoc
1631 4975 1712 5028 vel
1765 4976 1890 5029 illud

352 5056 459 5109 nat.
504 5054 787 5111 Funiculus
828 5062 999 5106 autem
1019 5056 1238 5123 argenti,
1269 5059 1545 5113 candidam
1574 5062 1710 5116 hanc
1730 5064 1889 5116 vitam

351 5151 401 5193 et
430 5143 712 5207 spiramen,
738 5142 878 5209 quod
906 5141 1054 5195 nobis
1074 5158 1103 5196 e
1126 5143 1257 5197 coelo
1290 5145 1536 5198 tribuitur
1559 5186 1573 5209 ,
1619 5151 1847 5204 ostendit
1875 5147 1908 5202 :‘

355 5244 585 5281 recursus
621 5244 829 5297 quoque
876 5230 1011 5282 vitta
1060 5247 1230 5284 curere
1254 5271 1269 5295 ,
1317 5233 1546 5287 animam
1583 5236 1845 5306 significat
1873 5278 1886 5301 ,

354 5330 469 5381 qum
501 5315 621 5369 illuc
651 5318 874 5369 recurrit
903 5319 1041 5372 unde
1076 5320 1433 5374 descenderat.
1461 5317 1627 5377 Porro
1654 5326 1757 5380 duo
1801 5344 1886 5379 re-

357 5398 495 5467 liqua
524 5416 638 5469 quae
672 5412 979 5469 sequuntur,
1007 5407 1253 5460 contritio
1274 5408 1469 5476 hydria:
1486 5425 1641 5479 super
1669 5414 1886 5478 fontem,

358 5496 410 5541 et
434 5488 718 5543 confractio
767 5497 891 5543 rota:
921 5503 1081 5560 super
1127 5495 1297 5548 lacum
1324 5534 1337 5559 ,
1382 5512 1474 5564 per
1530 5504 1887 5570 metaphoram

362 5576 541 5627 mortis
560 5578 835 5645 anigmata
864 5588 983 5631 sunt
1018 5599 1027 5631 :
1075 5598 1178 5648 quo
1214 5584 1366 5639 modo
1392 5587 1529 5640 enim
1556 5588 1740 5656 hydria
1774 5608 1891 5661 qum

358 5663 644 5716 conteritur
671 5676 843 5719 cessat
870 5667 1106 5730 haurire;
1147 5680 1199 5722 et
1226 5680 1468 5741 rota,pcr
1498 5690 1652 5743 quam
1683 5678 1746 5730 de
1777 5682 1889 5734 lacu

1978 1960 2147 2008 suam,
2177 1956 2230 1998 et
2253 1948 2424 1999 anima
2452 1949 2574 2002 illuc
2602 1949 2781 2002 redeat
2806 1951 2942 2003 unde
2989 1962 3257 2019 assumpta
3282 1964 3382 2015 est,
3416 1971 3525 2006 ma—

1978 2055 2093 2108 gnre
2118 2041 2364 2094 vanitatis
2410 2056 2493 2094 res
2527 2056 2640 2094 esse
2668 2042 2893 2105 videtur,
2928 2042 2978 2095 in
3006 2042 3180 2095 saeculi
3209 2043 3409 2097 deliciis
3445 2053 3524 2097 at-

1978 2141 2081 2193 que
2113 2127 2335 2180 luxuriis
2367 2130 2543 2183 carnis
2584 2138 2692 2183 tota
2732 2130 2972 2183 laborare
3028 2131 3358 2196 intentione,
3410 2150 3527 2201 qua:

1979 2215 2232 2267 citissima
2263 2222 2429 2267 morte
2456 2215 2738 2279 liniuntur;
2777 2225 2830 2270 et
2858 2219 3016 2276 homo
3054 2220 3119 2271 ad
3165 2218 3423 2286 judicium
3453 2223 3529 2273 fc-

1981 2301 2140 2353 stinat
2168 2316 2262 2368 pro
2281 2302 2525 2355 omnibus
2548 2301 2792 2355 vanitatis
2819 2319 2925 2357 sua:
2960 2307 3171 2359 erratis.
3202 2306 3273 2360 De
3307 2323 3363 2361 se
3401 2308 3527 2377 ipso

1980 2402 2187 2455 quoque
2216 2387 2504 2455 subjunxit,
2537 2391 2657 2459 quis
2682 2399 2842 2453 esset,
2866 2392 3046 2446 dicens
3070 2411 3081 2444 :
3474 2414 3513 2448 \

2052 2475 2208 2530 Vens.
2241 2478 2402 2539 9,10.
2426 2508 2493 2516 -
2512 2478 2737 2548 Cumque
2762 2486 2766 2490 ’
2794 2480 3126 2534 Ecclesiastes
3163 2493 3287 2537 esset
3325 2487 3527 2554 sapien-

1981 2564 2236 2627 tissimus,
2281 2565 2453 2618 docuit
2479 2567 2720 2635 populum
2746 2605 2760 2631 ,
2800 2576 2847 2619 et
2883 2570 3138 2621 enarravit
3165 2587 3280 2640 qua:
3301 2572 3525 2640 fecerat;

1982 2662 2027 2704 et
2058 2653 2364 2721 investigans
2389 2655 2667 2723 composuit
2703 2655 2977 2723 parabolas
3018 2656 3208 2711 multas
3232 2697 3247 2721 ,
3293 2662 3527 2728 qua'sicit

1982 2737 2131 2793 verba
2172 2740 2357 2804 utilia,
2409 2751 2457 2794 et
2494 2745 2789 2812 conscripsit
2830 2762 3085 2799 sermones
3123 2750 3426 2803 rectissimos
3468 2769 3527 2804 ac

1981 2831 2188 2882 veritate
2206 2831 2400 2899 plenos.
2442 2832 2594 2887 Nunc
2635 2835 2793 2887 etiam
2843 2835 2926 2891 bis
2964 2840 3138 2892 verbis
3178 2852 3429 2909 provocat
3456 2844 3530 2897 le-

1983 2926 2185 2971 ctorem
2212 2957 2226 2981 ,
2281 2919 2588 2988 allegoriam
2629 2934 2866 2989 qumrere
2911 2922 2964 2977 in
3011 2920 3158 2981 libris
3206 2926 3315 2983 suis
3360 2934 3528 3001 magis

1983 3025 2139 3079 quam
2194 3008 2487 3080 simplicem
2531 3009 2846 3067 historiam:
2889 3022 2940 3069 et
3005 3016 3295 3076 doctrinam
3336 3024 3527 3092 popqu

1982 3103 2233 3173 prodesse
2262 3118 2432 3165 suam,
2456 3103 2499 3155 si
2536 3104 2760 3172 mystice
2788 3106 3202 3174 intelligerentur
3228 3115 3526 3178 proverbia,

1985 3193 2126 3245 aliud
2154 3193 2404 3246 habentes
2434 3193 2485 3245 in
2516 3193 2740 3246 medulla
2759 3232 2772 3257 ,
2800 3194 2940 3247 aliud
2976 3196 3251 3265 superflcie
3279 3202 3529 3267 pollicen-

1984 3295 2081 3337 tes.
2120 3282 2404 3336 Proverbia
2449 3282 2641 3351 quippe
2685 3298 2787 3336 non
2829 3285 2929 3339 hoc
2980 3300 3167 3341 sonare
3216 3290 3354 3356 quod
3398 3292 3529 3344 scri-

1985 3359 2129 3440 ptum
2153 3380 2254 3436 cst,
2285 3380 2341 3426 et
2364 3372 2416 3425 in
2446 3370 2728 3440 Evangelio
2755 3372 3069 3439 edoccmur,
3109 3377 3245 3445 quod
3278 3378 3528 3433 Dominus

1983 3461 2175 3530 populo
2198 3460 2249 3513 in
2277 3456 2544 3529 parabolis
2583 3467 2635 3511 ct
2680 3462 2731 3513 in
2758 3456 3047 3529 proverbiis
3085 3465 3153 3517 sit
3186 3465 3409 3531 locutus,
3440 3485 3525 3523 se-

1984 3557 2131 3601 creto
2155 3556 2329 3601 autem
2357 3542 2609 3617 apostolis
2629 3548 2924 3602 dissolverit
2948 3566 3009 3603 ca
3040 3550 3246 3623 (Matth.
3273 3570 3390 3619 xui,
3416 3552 3523 3629 15).

1983 3640 2059 3693 Ex
2087 3656 2190 3710 quo
2218 3640 2553 3695 manifestum
2578 3650 2661 3695 est
2683 3649 2735 3697 et
2759 3645 3153 3712 proverbiorum
3180 3648 3369 3704 librum
3397 3635 3528 3715 non;

1985 3738 2041 3781 ut
2064 3728 2328 3797 simplices
2352 3725 2707 3796 arbitrantur,
2754 3716 2984 3800 patentia
3013 3735 3208 3789 habere
3244 3750 3524 3809 praecepta,

1985 3819 2075 3874 sed
2100 3821 2248 3885 quasi
2279 3821 2329 3872 in
2358 3828 2497 3874 terra
2527 3812 2735 3885 aurum,
2758 3823 2809 3875 in
2837 3839 2971 3878 nuce
2994 3825 3210 3880 nucleus
3228 3866 3243 3890 ,
3270 3829 3323 3880 in
3350 3830 3526 3883 hirsu-

1986 3909 2053 3961 tis
2082 3916 2449 3963 castanearum
2474 3910 2738 3978 operculis
2758 3911 3096 3965 absconditus
3121 3913 3321 3968 fructus
3348 3916 3523 3984 inqui-

1988 3996 2143 4058 ritur,
2173 3997 2245 4048 ita
2277 3997 2328 4049 in
2377 3997 2455 4050 cis
2496 3997 2727 4049 divinum
2773 4013 2983 4051 sensum
3012 3998 3167 4054 altius
3192 4013 3525 4070 perscrutan-

1985 4079 2128 4137 dum.
2166 4081 2293 4137 Post
2335 4085 2445 4138 haec
2469 4085 2670 4139 addidit
2693 4085 2852 4139 etiam
2885 4101 3071 4141 causas
3094 4096 3413 4159 naturasque
3444 4107 3525 4147 rc-

1990 4186 2103 4224 rum
2128 4211 2141 4234 ,
2186 4182 2239 4225 et
2266 4172 2356 4226 Dei
2401 4173 2835 4242 dispositionem,
2864 4184 2916 4229 et
2956 4176 3310 4245 prudentiam,
3358 4195 3521 4248 quare

1987 4261 2412 4329 unumquodque,
2448 4262 2529 4315 vel
2557 4278 2660 4329 quo
2688 4264 2843 4318 modo
2870 4262 3065 4319 factum
3090 4266 3179 4333 sit,
3210 4282 3267 4322 se
3295 4270 3520 4324 voluisse

1987 4362 2324 4416 cognoscere.

2054 4439 2212 4492 Vens.
2256 4438 2337 4490 ll.
2366 4469 2435 4477 -—
2478 4438 2635 4493 Verba
2662 4438 2964 4511 sapientium
2992 4455 3045 4497 ut
3068 4447 3281 4512 stimuli,
3307 4459 3354 4503 et
3376 4457 3524 4520 quasi

1985 4526 2110 4579 clari
2136 4528 2189 4579 in
2213 4526 2374 4579 altum
2398 4527 2575 4595 deﬁxi,
2616 4546 2728 4599 qum
2758 4547 2846 4599 per
2869 4534 3228 4602 magistrorum
3255 4542 3526 4594 con-ilium

1985 4612 2107 4665 data
2150 4623 2267 4665 sunt
2296 4631 2329 4665 a
2356 4624 2559 4682 pastore
2602 4633 2723 4669 uno.
2790 4618 2865 4672 Ne
2908 4621 3177 4676 videretur
3208 4633 3328 4692 post
3357 4626 3526 4697 legem

1990 4700 2081 4754 Dei
2104 4703 2418 4756 temerarius
2460 4702 2632 4757 subito
2680 4701 2732 4757 in
2781 4716 3100 4774 przeceptum
3150 4714 3443 4783 erumpere,
3480 4729 3535 4772 et

1988 4790 2087 4844 sibi
2126 4791 2393 4845 vindicare
2422 4789 2735 4856 doctrinam,
2782 4794 2919 4861 quod
2949 4793 3145 4864 [Hier.,
3173 4797 3353 4875 quam]
3383 4800 3531 4873 May-

1989 4890 2072 4931 ses
2112 4893 2214 4931 non
2245 4888 2352 4931 tam
2400 4894 2493 4931 sua
2528 4889 2714 4947 sponte
2743 4894 2901 4948 quam
2949 4898 2979 4936 a
3016 4885 3142 4950 Deo,
3179 4889 3395 4956 jubente
3423 4894 3533 4960 pri~

1990 4979 2131 5017 mum
2159 4964 2347 5017 dehinc
2374 4965 2684 5033 lnspirante,
2713 4980 3048 5039 susceperat,
3078 4974 3205 5027 dicit
3231 4974 3326 5029 sua
3368 4980 3528 5033 verba
3614 4975 3621 4980 ’

1988 5065 2110 5107 vere
2138 5067 2256 5107 esse
2286 5056 2623 5123 sapientium,
2652 5073 2769 5127 quae
2791 5061 2841 5113 in
2866 5062 3257 5120 similitudinem
3283 5070 3523 5123 stimulo-

1988 5159 2103 5197 rum
2147 5145 2414 5215 corrigant
2464 5146 2865 5217 delinquentes,
2911 5159 2965 5203 et
3001 5152 3177 5221 pigros
3225 5160 3524 5214 mortalium

1987 5245 2199 5298 gressus
2241 5234 2423 5287 aculeo
2466 5246 2728 5305 pungente
2767 5249 3169 5305 commoveant,
3213 5244 3392 5313 Siccine
3418 5251 3529 5301 sint
3580 5308 3587 5316 κ

1992 5320 2149 5384 firmi,
2176 5324 2324 5391 quasi
2354 5322 2535 5393 [clavi]
2565 5325 2615 5377 in
2650 5325 2812 5379 altum
2852 5328 3181 5401 solidumque
3210 5333 3363 5387 deﬁxi
3385 5375 3397 5397 ,
3430 5352 3527 5390 nec

1990 5415 2300 5465 auctoritate
2328 5414 2481 5464 unius
2506 5451 2519 5473 ,
2570 5414 2659 5467 sed
2694 5416 2911 5469 consilio
2947 5427 3104 5487 atque
3131 5435 3387 5475 consensu
3418 5439 3529 5477 ma-

1986 5503 2268 5569 gistrorum
2310 5502 2540 5555 omnium
2579 5504 2937 5571 proferantur;
2985 5518 3039 5563 et
3073 5524 3138 5562 ne
3166 5520 3531 5567 coutemnere«

1989 5599 2073 5643 tur
2098 5590 2364 5643 hominum
2390 5592 2632 5657 scientia,
2663 5596 2751 5655 ait,
2783 5611 2899 5648 eam
2939 5599 3004 5649 ab
3040 5614 3143 5649 uno
3170 5608 3379 5666 pastore
3400 5616 3499 5657 co"
3524 5640 3527 5643 γ

1989 5697 2191 5734 cassam
2226 5702 2234 5733 :
2266 5683 2314 5735 id
2345 5691 2447 5745 est,
2472 5700 2589 5737 cum
2618 5682 2825 5753 plurimi
2854 5686 3108 5745 doceant.
3135 5699 3307 5745 tamen
3332 5693 3528 5747 ἀθειτί⁴
