4286 6232
686 286 785 340 ’719

1480 253 1483 256 ⁴
1527 286 1586 339 n.
1628 288 1687 340 ι’.
1728 287 1942 343 ALBlNl
1982 290 2107 345 seu
2147 291 2411 347 meum
2449 293 2724 349 OPERL’M
2760 296 2934 351 nas
2970 295 3028 350 ιι.

3750 304 3851 358 7ἳο

634 406 637 407 ⁷
679 410 760 447 uae
793 392 949 461 hujus
984 402 1165 447 auctor
1192 403 1275 447 est
1307 395 1573 449 Dominus.
1638 397 1906 465 Simulque
1935 402 2219 453 notandum
2251 411 2290 465 Α
2321 402 2493 456 cibum
2519 413 2715 465 autem,
2746 413 2799 457 et
2819 387 3100 473 potum,‘et
3124 405 3335 460 delicias
3364 416 3690 463 transeuntes
3715 426 3852 480 pnu-

640 516 643 517 ν
676 482 927 551 estquod
972 481 1216 537 dicantur
1262 484 1423 537 verba
1464 485 1776 553 sapientium
1804 503 2065 557 pungere,
2113 504 2215 543 non

675 572 919 642 palpare.
954 586 1052 627 nec
1083 572 1222 625 molli
1270 587 1426 625 manu
1473 575 1737 627 attrahere
1774 574 2041 630 lasciviam
2067 618 2080 640 ,
2126 577 2218 631 sed
2270 564 2271 571 “

677 662 976 717 errantibus
992 670 1047 715 et
1076 663 1153 732 (ut
1184 677 1340 731 supra
1389 664 1633 733 diximus)
1670 664 1831 717 tardis
1851 704 1865 727 ,
1901 666 2219 733 poenitentiae

627 789 635 795 -
676 740 885 810 dolores
932 764 987 809 et
1027 756 1219 810 vulnus
1267 756 1518 825 infligere.
1584 758 1641 811 Si
1686 758 1834 824 cujus
1856 760 2013 829 igitur
2043 775 2219 814 sermo

676 861 779 901 non
803 848 1007 916 pungit,
1040 847 1130 900 sed
1155 847 1559 901 oblectationem
1586 847 1713 901 facit
1735 849 2087 911 audientibus,
2117 850 2218 903 istc

676 950 777 989 non
803 944 887 989 est
910 950 1086 988 sermo
1106 937 1376 1003 sapientis.
1415 935 1572 989 Verba
1597 938 1897 1005 sapientium
1925 948 1977 989 ut
2002 938 2215 999 stimuli,

673 1024 921 1092 quoniam
952 1023 1017 1076 ad
1054 1025 1451 1091 conversionem
1486 1033 1773 1092 provocant
1809 1024 2217 1092 delinquentem,

673 1118 727 1162 et
754 1108 961 1179 firmata
985 1118 1125 1173 sunt,
1156 1118 1210 1163 et
1236 1126 1264 1162 a
1294 1111 1512 1163 consilio
1541 1119 1840 1163 sanctorum
1868 1111 1989 1163 data
2008 1150 2021 1172 ,
2061 1119 2216 1177 atque

676 1201 741 1253 ab
768 1216 870 1253 uno
890 1208 1104 1268 pastore
1127 1214 1378 1253 concessa
1396 1239 1410 1262 ,
1437 1208 1491 1251 et
1514 1199 1675 1252 solida
1706 1201 1882 1253 radice
1910 1199 2144 1253 fundata.

744 1287 902 1340 Vnus.
928 1286 1012 1338 12.
1028 1272 1092 1323 i-
1109 1283 1207 1338 His
1230 1272 1468 1354 amplius,
1482 1286 1558 1353 ﬁli
1573 1287 1663 1349 mi,
1682 1303 1741 1339 ne
1758 1288 2005 1355 requiras,
2027 1287 2218 1354 facien-

673 1380 727 1429 di
749 1377 919 1446 plures
947 1377 1101 1430 libros
1123 1378 1291 1430 nullus
1316 1389 1388 1431 est
1410 1379 1549 1445 ﬁnis,
1579 1380 1908 1448 frequensque
1931 1381 2214 1443 meditatio,

673 1468 844 1519 carnis
874 1467 1087 1534 afﬂictio
1116 1476 1209 1519 est.
1252 1467 1501 1535 Exceptis
1532 1469 1614 1520 his
1650 1468 1824 1521 verbis
1868 1484 1985 1535 quae
2023 1469 2090 1522 ab
2113 1484 2217 1523 uno

671 1563 883 1622 pastore
896 1563 1019 1607 sunt
1037 1556 1180 1616 data,
1201 1562 1255 1606 et
1276 1569 1305 1605 a
1318 1554 1537 1607 consilio
1560 1564 1717 1623 atque
1739 1570 1996 1610 consensu
2013 1558 2216 1624 sapien-

674 1644 825 1707 tium,
863 1643 991 1696 nihil
1016 1642 1199 1705 facias,
1229 1642 1358 1698 nihil
1380 1644 1469 1696 tibi
1490 1644 1753 1708 vindices;
1783 1645 2217 1716 παρίδοι-11111446

2320 487 2481 542 ferret
2508 491 2768 555 omnibus,
2798 507 2859 544 ex
2896 508 2999 546 uno
3034 493 3261 561 capitulo
3288 496 3545 549 meruis:e
3572 500 3855 553 auctorita-

2318 585 2421 630 tem
2450 572 2528 630 ut‘
2547 579 2598 632 in
2634 579 2925 654 divinorum
2957 580 3275 633 voluminum
3304 594 3522 634 numero
3549 594 3851 652 poneretur,

2315 669 2453 736 quod
2482 676 2643 723 totam
2683 670 3090 739 disputationem
3135 686 3283 723 suam
3304 710 3318 734 ,
3348 680 3401 723 et
3424 686 3632 726 omnem
3654 676 3855 729 catalo-

2316 772 2438 825 gum
2464 756 2561 811 sub
2601 758 2702 811 hac
2752 758 3181 826 recapitulatione
3208 758 3518 812 breviSs-ima
3550 771 3855 816 coarctat-e-

2318 846 2403 907 rit,
2434 852 2487 898 et
2512 846 2703 898 dixerit
2729 886 2742 908 ,
2786 862 2992 899 omnem
3036 859 3334 899 sermonum
3375 863 3585 900 suorum
3616 850 3851 903 auditum

2315 946 2431 985 esse
2456 934 2900 1001 promptissimum
2925 974 2937 995 ,
2974 949 3069 987 nec
3097 935 3293 1001 aliquid
3322 937 3372 988 in
3404 952 3461 989 se
3493 937 3685 991 habere
3716 940 3850 991 dilli—

2314 1020 2433 1082 cile,
2464 1029 2521 1073 ut
2552 1022 2752 1074 scilicet
2790 1022 2952 1075 Deum
2996 1023 3307 1084 timeamus,
3339 1031 3393 1075 et
3439 1022 3553 1088 ejus
3592 1036 3852 1094 przecepta

2314 1109 2587 1161 faciamus.
2628 1110 2706 1161 Ad
2752 1110 2851 1163 hoc
2892 1110 3029 1162 enim
3053 1125 3169 1163 esse
3209 1110 3473 1163 hominem
3517 1120 3749 1165 creatum
3775 1121 3853 1176 ut,

2315 1194 2616 1249 Creatorem
2648 1212 2799 1250 suum
2832 1198 3144 1266 intelligens,
3190 1206 3475 1251 veneretur
3518 1214 3639 1253 eum
3687 1209 3853 1264 metu,

2315 1292 2367 1335 et
2391 1284 2624 1347 honore,
2676 1292 2728 1350 et
2769 1299 2931 1352 opere
2973 1285 3359 1341 mandatorum.
3418 1285 3705 1353 Siquidem»
3734 1302 3855 1341 cum

2307 1374 2486 1440 judicii
2517 1384 2722 1444 tempus
2753 1377 3059 1440 advenerit,
3096 1376 3347 1443 quidquid
3397 1391 3427 1430 a
3470 1378 3617 1431 nobis
3645 1386 3853 1447 gestum

2313 1472 2413 1526 est,
2441 1472 2583 1515 stare
2611 1463 2709 1515 sub
2728 1462 2920 1528 judice,
2947 1471 3001 1515 et
3020 1464 3299 1531 ancipitem
3322 1464 3526 1517 Domini
3548 1474 3855 1533 exspectare

2313 1551 2627 1604 sententiam
2654 1591 2665 1613 ,
2709 1559 2763 1603 et
2812 1566 3236 1618 unumquemque
3285 1552 3515 1619 recipere
3554 1567 3649 1621 pro
3697 1566 3856 1619 opere

2315 1654 2428 1702 suo,
2459 1639 2570 1691 sive
2602 1638 2726 1691 mali
2752 1639 2876 1706 quid
2915 1639 3163 1706 gesserit,
3194 1639 3301 1691 sive
3321 1638 3464 1703 boni,
3491 1640 3673 1705 judicii
3693 1640 3859 1706 :equi-

671 1748 892 1802 sequere
903 1735 1121 1801 vestigia
1142 1743 1196 1788 et
1214 1734 1279 1788 ab
1297 1750 1478 1789 eorum
1506 1730 1820 1791 auctaritate
1839 1753 1904 1790 ne
1927 1738 2212 1805 discrepas,
2246 1723 2289 1779 Β
2320 1737 2426 1783 late
2458 1744 2803 1797 permansura
2831 1729 2880 1780 in
2906 1736 3159 1781 :eternum
3190 1741 3235 1779 α.

672 1824 903 1891 alioquin
951 1824 1207 1892 qumreuti
1226 1824 1413 1887 multa,
1439 1824 1672 1877 infinitus
1694 1824 1943 1877 librorum
1967 1839 2217 1877 numerus

671 1920 946 1976 occurret,
976 1912 1066 1981 qui
1105 1921 1158 1964 te
1186 1912 1460 1980 pertrahat
1506 1913 1570 1965 ad
1614 1928 1850 1967 errorem
1876 1922 1929 1966 et
1960 1914 2217 1981 legentem

671 2003 869 2055 frustra
909 2000 1069 2053 faciat
1118 1999 1376 2054 laborare.
1419 2000 1511 2054 Vel
1561 2010 1703 2056 certe
1748 2002 1899 2056 docet
1941 2001 2216 2055 brevitatis

670 2092 900 2145 studium
926 2130 940 2154 ,
988 2099 1044 2144 et
1081 2105 1294 2144 sensum
1346 2090 1514 2159 magis
1556 2090 1861 2143 sectandum
1911 2104 2030 2143 esse
2057 2105 2215 2156 quam

651 2180 830 2235 verba
864 2180 1118 2234 adversus
1143 2179 1480 2248 philosophos
1506 2188 1560 2231 et
1594 2179 1770 2231 saeculi
1801 2178 1963 2245 hujus.
1985 2188 2220 2233 rectores

672 2268 869 2341 [Hier.,
900 2266 1203 2337 doctores],
1252 2267 1341 2334 qui
1374 2281 1591 2319 suorum
1620 2267 1923 2335 dogmatum
1960 2266 2219 2320 falsitates

648 2366 933 2413 conantur
956 2342 1198 2410 asserere
1241 2356 1496 2409 varietate
1543 2370 1606 2409 ac
1652 2355 1979 2409 multitudine
2017 2370 2220 2409 sermo-

670 2462 821 2500 num.
904 2444 972 2498 Et
1022 2452 1229 2507 contra,
1279 2443 1555 2511 Scriptura
1605 2443 1781 2495 divina
1828 2441 1973 2495 brevi
2023 2442 2220 2495 circulo

675 2540 946 2589 coarctata
971 2541 1073 2596 est,
1101 2541 1156 2601 et
1181 2538 1433 2599 quantum
1470 2530 1719 2583 dilatatur
1746 2531 1798 2583 in
1818 2530 2079 2592 sensibus,
2105 2537 2222 2581 tan-

655 2635 785 2679 tum
830 2626 884 2677 in
924 2637 1167 2677 sermone
1195 2621 1571 2689 constringitur
1589 2660 1602 2684 ,
1633 2620 1772 2688 quod
1801 2627 2220 2673 consummatum

670 2709 1071 2783 breviatumquc
1120 2728 1417 2767 sermonem
1459 2711 1619 2766 faciat
1659 2712 1909 2766 Dominus
1932 2726 2092 2779 super
2120 2718 2221 2764 ter-

674 2821 821 2868 ram,
874 2811 931 2858 et
964 2803 1182 2857 verbum
1224 2801 1338 2870 ejus
1375 2801 1527 2869 juxta
1562 2811 1645 2856 est
1678 2804 1730 2856 in
1759 2818 1852 2857 ore
1878 2811 2060 2855 nostro
2091 2810 2146 2853 et
2167 2801 2218 2854 in

676 2893 837 2948 corde
883 2899 1068 2946 nostro
1097 2890 1268 2959 (Deut.
1301 2905 1425 2953 xxx,
1448 2887 1565 2958 li).
1620 2888 1769 2941 llunc
1808 2890 1969 2959 igitur
2005 2904 2221 2943 sensum

658 2981 909 3035 .arbitror
931 2994 1071 3033 nunc
1102 2987 1439 3047 praeceptum,
1462 2993 1529 3031 ne
1549 2978 1727 3047 plures
1743 2976 1862 3030 libri
1885 2977 2016 3030 fiant
2037 2995 2049 3029 :
2069 2977 2222 3045 quid-

676 3071 803 3139 quid
834 3070 975 3123 enim
1006 3069 1224 3131 dixeris,
1255 3069 1305 3120 si
1332 3069 1398 3121 ad
1426 3083 1543 3122 eum
1574 3067 1836 3122 referatur
1869 3072 1959 3135 qui
1998 3069 2053 3121 in
2078 3069 2221 3137 prin-

663 3162 813 3230 .cipio
838 3168 949 3211 erat
982 3157 1199 3210 Verbum
1224 3158 1359 3227 apud
1398 3158 1563 3210 Deum
1583 3196 1597 3221 ,
1626 3166 1670 3209 et
1696 3157 1834 3210 Deus
1860 3165 1971 3209 erat
2004 3154 2221 3208 Verbum

664 3245 861 3317 :(Joan.
894 3262 935 3309 ι,
976 3245 1061 3314 l);
1087 3260 1250 3299 unum
1292 3243 1537 3298 volumen
1565 3252 1679 3308 est,
1728 3243 2137 3297 innumerabiles
2162 3243 2224 3296 li-

668 3336 796 3399 bri;
837 3350 942 3389 una
968 3334 1074 3397 lex,
1102 3348 1265 3387 unum
1293 3331 1635 3401 Evangelium
1665 3331 1982 3385 nominatur.
2011 3332 2160 3397 Quod
2179 3332 2251 3385 si'

674 3424 885 3477 diversa
932 3428 988 3474 et
1029 3418 1383 3488 discrepantia
1410 3419 1790 3487 disputaveris,
1840 3423 1894 3472 et
1920 3418 2223 3472 curiositate

582 3570 583 3573 η
679 3511 842 3565 nimia
869 3511 978 3563 huc
1001 3516 1159 3577 atque
1185 3507 1310 3560 illuc
1338 3506 1570 3560 animum
1593 3505 1873 3558 adduxeris
1891 3544 1907 3568 ,
1947 3514 2001 3559 et
2026 3504 2220 3575 [Hier.,

583 3578 587 3583 ’
676 3596 861 3667 etiam]
916 3596 969 3648 in
996 3609 1102 3648 uno
1128 3594 1263 3648 libro
1307 3593 1458 3648 multi
1488 3592 1609 3646 libri
1638 3600 1799 3657 sunt,
1847 3592 1983 3646 unde
2028 3593 2222 3647 dictum

674 3694 806 3740 est:
850 3684 937 3738 Ea:
977 3681 1301 3753 multiloquio
1331 3698 1432 3735 non
1484 3683 1694 3751 eﬂugies
1736 3692 1996 3752 peccatum
2043 3682 2220 3753 (Prov.

674 3790 736 3837 ι,
775 3773 886 3843 19).
926 3773 1145 3827 Talibus
1188 3772 1350 3842 igitur
1394 3770 1545 3825 libris
1589 3786 1693 3825 non
1724 3782 1806 3826 est
1833 3772 1952 3825 finis
1986 3790 1998 3823 :
2028 3772 2225 3826 bonum

674 3856 822 3915 enim
845 3868 900 3914 et
917 3851 1089 3914 omnis
1118 3861 1317 3913 veritas
1337 3868 1484 3914 certo
1510 3858 1614 3913 fine
1642 3860 1992 3923 concluditur,
2024 3862 2224 3915 malitia

681 3956 843 4015 atque
865 3946 1200 4002 mendacium
1227 3946 1343 3999 sine
1364 3946 1468 3999 line
1495 3955 1647 4010 sunt;
1682 3947 1802 4000 talis
1830 3940 2087 4014 siquidem
2114 3965 2225 4003 me-

670 4036 865 4093 ditatio
887 4037 1064 4113 carnis
1081 4044 1165 4090 est
1187 4034 1421 4102 afflictio,
1446 4036 1499 4091 id
1522 4046 1605 4091 est
1622 4038 1850 4092 carnalis
1886 4054 2094 4103 sensus,
2123 4056 2223 4094 non

676 4129 960 4206 spiritalis.

749 4220 910 4275 Vsus.
966 4218 1051 4281 l3,
1100 4218 1276 4271 14.--
1316 4217 1499 4271 Finem
1536 4217 1771 4288 loquendi
1820 4235 1991 4273 omnes
2036 4220 2228 4288 pariter

677 4309 953 4363 audiamus
979 4325 996 4362 :
1024 4308 1190 4361 Deum
1211 4310 1351 4370 time,
1378 4318 1422 4360 et
1448 4310 1692 4361 mandata
1724 4310 1835 4377 ejus
1862 4308 2067 4362 observa
2093 4326 2110 4361 :
2130 4311 2225 4362 hoc

678 4412 758 4453 est
780 4398 945 4451 omnis
971 4399 1123 4451 homo
1152 4412 1168 4449 :
1195 4407 1241 4450 et
1264 4406 1446 4449 cuncta
1481 4412 1595 4465 qua:
1621 4397 1750 4462 ﬁunt
1776 4396 1991 4449 adducet
2012 4396 2151 4450 Deus
2172 4398 2225 4450 in

680 4484 930 4541 iudicium
956 4501 1049 4554 pro
1087 4486 1230 4538 omni
1279 4493 1471 4549 errato,
1516 4485 1619 4537 sive
1662 4484 1863 4545 bonum,
1912 4487 2014 4538 sive
2033 4486 2225 4539 malum

678 4577 767 4629 sit.
806 4575 969 4628 Aiunt
992 4575 1215 4637 Hebraei,
1244 4586 1363 4629 cum
1392 4576 1528 4628 inter
1552 4586 1739 4629 caetera
1765 4576 1958 4643 scripta
1987 4575 2228 4629 Salomo—

688 4665 773 4718 nis
803 4677 921 4733 qua:
946 4662 1219 4731 antiquata
1242 4672 1366 4716 sunt
1393 4679 1490 4717 nec
1527 4665 1578 4716 in
1606 4663 1855 4716 memoria
1886 4663 2225 4727 duraverunt,

683 4762 739 4806 et
764 4753 853 4808 hic
888 4751 1023 4804 liber
1064 4750 1443 4804 oblitteraudus
1478 4752 1763 4811 videretur,
1810 4764 1873 4803 eo
1899 4751 2035 4818 quod
2067 4767 2228 4805 vanas

683 4843 948 4896 assereret
994 4840 1085 4894 Dei
1116 4850 1421 4901 creaturas,
1463 4848 1516 4891 et
1542 4848 1707 4891 totum
1737 4852 1852 4890 esse
1888 4854 1983 4907 pro
2022 4840 2221 4901 nihilo;

756 5023 782 5050 ι
822 5010 1265 5063 Animadvertertt
1288 5009 1451 5062 lector
1473 5008 1710 5061 eruditus
1730 5006 1867 5073 quod
1888 5005 2137 5059 Alcuinus
2172 5010 2223 5061 in

688 5080 908 5154 hacsua
937 5076 1743 5154 Expositione.commentarium
1762 5074 1817 5126 S.
1846 5074 2148 5154 liieronymi
2172 5078 2223 5129 in

688 5144 1042 5201 Ecclesiasten
1089 5144 1199 5197 fere
1224 5146 1290 5199 ad
1314 5146 1531 5199 verbum
1578 5144 1916 5211 descripserit
1950 5151 2003 5196 et
2041 5144 2091 5195 in
2132 5160 2225 5197 sua

689 5216 1039 5279 transtulerit,
1074 5228 1189 5264 raro
1216 5227 1340 5281 vero
1367 5212 1644 5266 admodum
1666 5213 1790 5281 suis
1821 5212 2046 5281 propriis
2074 5212 2226 5266 lumi-

690 5283 845 5337 nibus
872 5298 996 5338 usus
1024 5282 1196 5334 fuerit.
1259 5279 1361 5331 Sed
1402 5282 1487 5334 hic
1515 5296 1625 5334 mos
1654 5280 1750 5333 fuit
1777 5279 1856 5334 sui
1884 5279 2091 5343 smculi,
2122 5297 2225 5347 quo

692 5352 1116 5405 studiumsacne
1171 5348 1452 5415 Scriptura:
1471 5388 1483 5409 ,
1534 5358 1592 5400 ut
1618 5350 1836 5401 aliarum
1865 5351 2223 5412 scientiarum,

693 5418 903 5485 quidem
961 5418 1235 5472 reformari
1288 5415 1478 5484 ccepit,
1537 5418 1762 5469 nondum
1807 5427 1976 5471 tamen
2008 5419 2071 5469 ad
2108 5433 2225 5471 eam

694 5484 1071 5556 perfectionem
1103 5486 1457 5556 perveniunt
1482 5484 1785 5556 viri_do_cti,
1818 5486 1870 5537 in
1899 5487 2063 5556 sacris
2084 5486 2229 5539 libris

695 5553 1033 5627 exponendis,
1066 5553 1288 5625 propria:
1314 5554 1546 5610 scientia:
1584 5553 1731 5607 facile
1760 5568 1817 5605 se
1842 5553 2226 5622 permitterent,

2481 1818 2649 1869 Albini
2673 1818 2725 1869 in
2754 1816 3093 1870 Ecclesiasten
3113 1818 3513 1870 commcntarioli
3534 1819 3674 1887 ﬁnis.

2658 1927 2960 1981 EIUSDEM
2996 1929 3085 1982 AD
3122 1929 3501 1984 LECTOREM.

2312 2012 2413 2071 Iste
2442 2018 2574 2071 liber
2599 2019 2746 2070 vario
2779 2032 2964 2071 sensus
2992 2033 3233 2071 sermone
3266 2022 3491 2087 patescit

2383 2106 2629 2159 Diversos
2654 2096 2943 2171 hominum,
2968 2109 3091 2175 quid
3115 2110 3322 2162 cuinam
3351 2111 3575 2177 placeat.

2315 2192 2480 2257 Quem
2511 2204 2651 2257 tuus,
2677 2210 2709 2247 o
2727 2195 2937 2261 juvenis
2963 2199 2974 2248 !
3009 2205 3157 2250 tanto
3186 2199 3545 2253 moderamine
3571 2216 3761 2255 sensus

2383 2282 2644 2351 Perlegat,
2674 2284 2884 2351 Epicuri
2912 2299 2977 2336 ne
3005 2293 3124 2337 ruat
3149 2286 3199 2337 in
3230 2285 3452 2339 foveam.

2315 2371 2534 2424 Albinus
2556 2372 2772 2425 Patrum
2796 2373 3042 2441 gradiens
3065 2389 3160 2441 per
3187 2383 3337 2442 prata
3364 2377 3591 2444 piorum,

2384 2459 2639 2528 Carperet
2659 2469 2717 2513 ut
2737 2459 2909 2524 ﬂores,
2935 2476 3031 2529 per
3056 2463 3141 2530 pia
3172 2479 3291 2516 rura
3320 2480 3499 2519 sacros
3522 2505 3538 2531 ,

2318 2538 2538 2619 Fingere
2582 2549 2696 2620 [F.,
2726 2550 2968 2620 Cingere]
3008 2561 3148 2606 serta
3195 2555 3373 2609 volens
3416 2571 3696 2626 puerorum
3730 2572 3856 2613 cur

3409 2642 3561 2715 [grua
3589 2644 3783 2713 fronte,

2385 2725 2616 2781 Grandia
2640 2744 2864 2796 quorum
2890 2738 3019 2784 tetas
3042 2731 3275 2799 pondera
3304 2731 3442 2784 ferre
3469 2734 3669 2801 nequit.

2317 2815 2475 2885 447
2504 2817 2610 2869 Has
2634 2832 2760 2885 rogo
2788 2818 3049 2872 litterulas
3086 2821 3252 2872 nostri
3270 2820 3562 2888 perdiscite
3589 2822 3695 2877 nati
3720 2860 3737 2885 ,

2388 2904 2454 2957 Et
2482 2913 2589 2958 tota
2615 2913 2840 2960 aeternos
2870 2916 3044 2961 mente
3069 2915 3240 2962 tenete
3262 2909 3391 2962 dies.

2321 2993 2506 3047 Omnia
2532 2992 2667 3047 fluxa
2692 2994 2858 3048 fluunt
2878 2996 3137 3049 seclorum
3159 2998 3347 3066 gaudia
3369 2998 3543 3068 longe,

2391 3080 2499 3135 Nec
2522 3082 2747 3136 redeunt
2769 3083 2979 3147 iterum,
3006 3098 3154 3137 more
3181 3084 3391 3139 fluentis
3418 3101 3586 3155 aquas.

2322 3170 2542 3223 Pectora
2573 3185 2672 3223 nec
2698 3172 2916 3231 nimium
2943 3172 3092 3225 vanis
3117 3172 3373 3227 incessite
3389 3174 3544 3228 rebus
3566 3214 3582 3236 ,

2393 3257 2496 3311 Sed
2517 3258 2826 3313 confirmate
2855 3275 3062 3328 semper
3088 3275 3267 3315 amore
3294 3262 3406 3315 Dei.

2322 3347 2463 3401 Mors
2481 3356 2727 3416 properat
2760 3349 2910 3403 horis
2938 3363 3059 3402 mox
3094 3350 3338 3404 omnibus
3373 3358 3532 3419 atque
3556 3353 3859 3420 moments,

2394 3438 2466 3493 Ut
2498 3440 2668 3507 rapiat
2692 3448 2916 3502 nosmet,
2936 3438 3137 3505 iudicis
3166 3442 3231 3495 ad
3259 3440 3463 3495 faciem.

2323 3528 2438 3596 Quo
2462 3537 2668 3583 constat
2700 3529 2914 3594 nostris,
2944 3536 3092 3583 certo
3118 3530 3440 3593 discrimine,
3471 3529 3620 3585 factis

2392 3619 2654 3674 Iudicium
2678 3616 2902 3683 cunctis,
2933 3626 2992 3673 ut
3013 3618 3144 3672 liber
3173 3620 3273 3672 iste
3301 3619 3460 3683 canit.

2324 3708 2472 3772 Quod
2496 3709 2679 3760 timeat
2704 3707 2868 3770 dives,
2898 3721 3116 3775 pauper,
3142 3704 3471 3774 juvenisque,
3504 3720 3788 3776 senexque,

2394 3796 2526 3849 Tum
2552 3797 2739 3865 recipit
2766 3797 2969 3849 meritis
3001 3796 3214 3863 prtemia
3238 3798 3460 3864 quisque
3492 3797 3623 3861 suis,

2326 3882 2548 3937 Praemia
2574 3885 2840 3952 perpetuis
2867 3900 3075 3952 semper
3098 3900 3347 3938 mansura
3369 3886 3571 3939 diebus.

2395 3974 2513 4027 Mox
2533 3974 2670 4027 bona
2684 3974 2907 4041 quisque
2918 3974 3108 4036 bonus,
3126 3988 3246 4027 mox
3269 3973 3405 4026 mala
3419 3974 3640 4043 quisque
3660 3972 3862 4028 malus:

2326 4061 2519 4129 Impius
2541 4061 2591 4112 in
2622 4060 2867 4113 tenebras
2892 4076 3012 4131 cum
3038 4062 3275 4114 daemone
3300 4060 3512 4129 pellitur
3532 4056 3721 4125 atras,'

2394 4151 2525 4206 Cum
2552 4138 2765 4204 Christo
2790 4156 2977 4218 regnat
2996 4150 3129 4203 lucis
3162 4150 3214 4219 in
3243 4164 3365 4202 arce
3388 4149 3577 4203 bonus.

2326 4238 2558 4309 Accipite
2585 4239 2697 4293 haec
2715 4240 2903 4292 animis
2921 4238 3186 4308 paschalia
3212 4253 3430 4292 munera
3457 4238 3619 4303 hetis,

2396 4333 2647 4386 Mittentis
2669 4346 2928 4384 memores
2952 4331 3085 4395 sitis,
3124 4339 3178 4384 et
3197 4346 3289 4385 ore
3310 4331 3417 4399 pio.

2328 4421 2437 4475 Hoc
2458 4435 2610 4489 opus,
2636 4421 2737 4473 hoc
2762 4419 2984 4472 crudum
3011 4420 3187 4487 rapuit
3204 4426 3444 4487 portator
3470 4419 3538 4472 ab
3558 4419 3697 4488 igne,

2396 4509 2659 4578 lgnivomo
2688 4521 2895 4579 coctum
2921 4522 3019 4561 nec
3038 4508 3177 4563 bene
3202 4507 3299 4560 sub
3331 4508 3557 4560 camino.

2330 4596 2535 4657 Vestra,
2562 4608 2771 4663 precor,
2798 4590 2892 4655 fili,
2919 4593 3090 4661 pietas
3117 4601 3299 4645 errata
3318 4600 3591 4662 repurget,

2397 4686 2544 4737 Dens
2562 4683 2686 4736 illud
2713 4682 2955 4751 putridus
2988 4682 3172 4736 rodere
3200 4697 3297 4742 nec
3318 4683 3524 4747 valeat;

2328 4776 2431 4827 Aut
2451 4773 2632 4827 oculus
2654 4774 2805 4841 nigro
2831 4769 3059 4825 suffusus
3088 4770 3223 4835 felle,
3249 4788 3345 4840 per
3369 4788 3530 4827 auras

2390 4861 2683 4916 Contendat
2702 4861 2932 4930 patulas,
2959 4875 3204 4930 spargere
3223 4876 3370 4914 more
3390 4875 3505 4914 suo.
3572 4928 3577 4931 μ

2324 5012 2415 5065 sed
2439 5011 2689 5063 doctrinis
2728 5018 2783 5065 et
2821 5011 3233 5079 expositionibus
3267 5011 3605 5079 antiquorum
3646 5010 3866 5069 Patrum

2328 5081 2378 5132 in
2401 5078 2633 5151 Ecclesia
2671 5080 3076 5151 approbatorum
3101 5079 3277 5151 magis
3316 5078 3560 5151 insistere
3595 5083 3866 5151 volebant,

2324 5157 2383 5200 ut
2407 5145 2495 5197 tali
2520 5145 2719 5199 ratione
2735 5145 2898 5199 bmne
2915 5146 3204 5216 periculum
3230 5148 3474 5201 novitatis
3491 5188 3505 5212 ,
3548 5165 3663 5216 qua:
3689 5148 3870 5202 Eccle-

2328 5218 2418 5269 sia:
2444 5228 2650 5283 semper
2677 5213 3115 5283 perniciosafuit,
3152 5217 3430 5269 evitarent.
3487 5213 3747 5270 Caeterum
3775 5216 3870 5268 do-

2329 5282 2593 5353 ctissimus
2622 5283 2923 5353 Vallarsius,
2963 5282 3187 5350 Operum
3219 5284 3275 5336 S.
3304 5286 3605 5353 Hieronymi
3636 5285 3866 5337 novissi-

2331 5366 2446 5403 mus
2475 5350 2662 5414 editor,
2707 5360 2831 5405 tom.
2866 5351 2947 5429 lll,
2979 5366 3096 5472 ἕεις.
3141 5354 3236 5431 Si}!
3260 5392 3273 5415 ,
3309 5361 3453 5413 not.,
3501 5350 3779 5431 profitetur
3811 5367 3871 5406 se

2331 5422 2763 5472 commentarium
2798 5420 2951 5472 huius
3023 5460 3035 5471 .
3069 5422 3235 5472 Patris
3269 5421 3319 5471 in
3347 5421 3718 5472 Ecclesmsten.
3750 5430 3870 5472 cum

2331 5422 2763 5472 commentarium
2798 5420 2951 5485 hujus
2979 5420 3035 5472 S.
3069 5422 3235 5473 Patris
3269 5421 3319 5471 in
3347 5421 3718 5483 Ecclesiasten,
3750 5430 3870 5474 cum

2334 5486 2660 5558 hocAlcuini
2691 5504 2753 5541 ex
2781 5489 2984 5558 integro
3030 5488 3344 5558 contulisse,
3373 5490 3597 5558 huicque
3623 5490 3871 5544 meliores

2334 5554 2583 5608 lectiones
2604 5558 2799 5624 passim
2828 5554 3068 5626 acceptas
3098 5554 3283 5609 referri
3312 5554 3525 5611 debere}
