4286 6198
436 359 528 414 721
1253 358 1647 416 EXECETICA.
1689 392 1755 401 —-
1793 362 2135 417 COMMENT.
2178 362 2242 414 IN
2285 355 2797 414 ECCLESIASTEN.

856 469 1104 523 ORATIO
1143 469 1545 534 SALOMONIS,

462 591 603 642 quas
642 593 832 631 nam
874 593 923 628 is
963 592 1306 630 usuicniosn
1349 594 1537 633 rsum
1570 578 1667 651 (II
1691 579 1818 632 Par.
1861 597 1933 644 vi,

1089 667 1152 720 Η
1176 670 1321 743 seq.).

412 775 419 785 ’
504 778 720 832 Domine
760 779 898 831 Deus
946 779 1137 842 Israel,
1194 794 1295 831 non
1334 788 1418 832 est
1442 780 1628 833 similis
1651 782 1724 833 tui
1749 781 1886 834 Deus
1916 783 1968 835 in

434 868 566 921 corlo
595 869 838 937 desuper,
866 878 921 922 et
938 885 1095 938 super
1123 878 1317 922 terram
1353 870 1629 936 deorsum;
1670 874 1761 941 qui
1784 854 1971 927 custo-

435 958 516 1010 dis
539 967 747 1026 pactum
774 966 830 1011 et
864 959 1275 1012 misericordiam
1305 959 1470 1012 servis
1496 961 1598 1012 tuis
1616 998 1630 1023 ,
1672 962 1759 1027 qui
1791 962 1971 1015 ambu-

434 1046 547 1099 lant
570 1062 748 1101 coram
779 1056 828 1100 te
855 1049 908 1101 in
945 1058 1054 1103 toto
1073 1049 1230 1102 corde
1250 1065 1373 1115 suo;
1398 1051 1488 1117 qui
1518 1053 1791 1107 custodisti
1819 1068 1971 1129 servo

439 1144 527 1190 tuo
556 1136 741 1199 David,
768 1138 908 1204 patri
942 1151 1079 1199 meo,
1102 1153 1218 1205 quae
1238 1139 1441 1194 locutus
1465 1156 1523 1195 es
1550 1142 1618 1195 ei.
1646 1140 1748 1195 Ore
1770 1142 1973 1208 locutus

433 1237 509 1283 es,
542 1231 596 1276 et
617 1223 854 1275 manibus
879 1222 1143 1291 perfecisti
1162 1263 1176 1288 ,
1218 1234 1277 1277 ut
1301 1228 1415 1281 haec
1435 1229 1548 1282 dies
1577 1229 1782 1297 probat.
1824 1230 1973 1284 Nunc

372 1314 387 1321 ‘
432 1312 609 1381 igitur,
632 1311 849 1367 Domine
868 1311 1006 1366 Deus
1037 1313 1217 1380 Israel,
1248 1331 1501 1371 conserva
1525 1319 1721 1374 famqu
1752 1330 1841 1376 tuo
1866 1324 1971 1376 Da-

434 1399 517 1452 vid
550 1400 686 1467 patri
719 1415 837 1454 meo
877 1416 994 1469 quae
1022 1402 1229 1457 locutus
1261 1419 1320 1458 es
1347 1406 1417 1470 ei,
1443 1406 1656 1462 dicens:
1686 1410 1798 1464 Non
1824 1414 1972 1467 aufe-

433 1496 577 1540 retur
601 1487 669 1541 de
698 1497 749 1542 te
775 1489 857 1543 vir
884 1504 1064 1543 coram
1082 1506 1186 1557 me,
1215 1494 1304 1559 qui
1332 1495 1514 1548 sedeat
1531 1512 1691 1566 super
1724 1500 1971 1555 thronum

430 1574 610 1641 Israel,
640 1579 712 1630 ita
741 1587 937 1643 tamen,
968 1582 1011 1634 si
1038 1583 1384 1637 custodierint
1411 1585 1502 1637 filii
1526 1588 1600 1639 tui
1629 1588 1769 1641 viam
1798 1606 1969 1655 suam,

432 1674 490 1719 ut
516 1667 787 1721 ambulent
826 1683 1006 1723 coram
1052 1686 1157 1733 me,
1207 1673 1345 1725 sicut
1368 1681 1421 1725 tu
1455 1675 1731 1730 ambulasti
1759 1678 1811 1731 in
1847 1694 1973 1734 con-

3510 356 3613 413 79.2

1998 482 2039 531 Α
2072 471 2252 540 rubigo
2274 509 2286 529 ,
2329 477 2383 521 ct
2411 466 2658 521 afﬂixerit
2698 482 2816 520 eum
2864 467 3102 519 inimicus
3133 465 3245 531 eius
3269 477 3449 535 portas
3472 468 3612 522 obsi-

2070 561 2216 622 dens,
2243 560 2414 611 omnis
2436 557 2607 626 plaga,
2653 558 2896 609 universa
2945 555 3253 618 inﬁrmitas,
3303 565 3493 609 cuncta
3522 556 3614 610 de-

2067 648 2229 710 votio,
2271 655 2324 699 et
2368 645 2694 714 imprecatio,
2730 660 2847 711 qua:
2885 644 3138 698 acciderit
3163 645 3303 698 omni
3327 644 3527 698 homini
3546 638 3616 699 de

2068 735 2260 805 populo
2303 742 2391 787 tuo
2422 731 2611 795 Israel,
2641 733 2686 785 si
2712 733 2831 800 quis
2869 734 3171 801 cognoverit
3196 732 3401 803 plagam
3437 732 3615 787 cordis

2068 826 2167 887 sui,
2192 832 2247 877 et
2268 824 2577 892 expanderit
2604 838 2789 875 manus
2813 836 2937 875 suas
2968 824 3020 875 in
3043 823 3200 875 domo
3229 824 3348 887 hac,
3372 831 3425 875 tu
3450 839 3611 876 exau-

2068 912 2181 964 dies
2202 912 2253 963 in
2273 911 2426 972 caelo,
2460 912 2508 962 in
2543 911 2655 965 loco
2685 910 3021 963 habitationis
3049 917 3181 973 tua},
3211 918 3266 962 et
3302 910 3615 978 repropitia-

2068 1001 2226 1063 beris,
2257 1007 2312 1054 et
2329 998 2526 1064 facies,
2569 1008 2627 1052 ut
2665 1002 2757 1053 des
2796 1000 3073 1067 unicuique
3109 1000 3396 1053 secundum
3429 1016 3614 1053 omnes

2069 1091 2183 1143 vias
2210 1104 2350 1149 suas,
2376 1089 2513 1141 sicut
2541 1088 2733 1141 videris
2762 1102 2852 1140 cor
2875 1086 2992 1155 ejus
3012 1126 3024 1149 ,
3071 1089 3193 1155 quia
3223 1095 3281 1139 tu
3307 1087 3445 1140 nosti
3470 1086 3614 1139 solus

2069 1192 2162 1231 eor
2197 1177 2432 1229 omnium
2472 1175 2696 1228 filiorum
2723 1176 3022 1236 hominum,
3055 1184 3114 1228 ut
3147 1176 3367 1228 timeant
3403 1182 3453 1228 te
3486 1189 3611 1227 cun—

2069 1265 2168 1316 ctis
2194 1263 2377 1316 diebus
2411 1263 2599 1329 quibus
2639 1262 2817 1313 vivunt
2850 1276 3007 1329 super
3045 1260 3228 1314 faciem
3251 1269 3424 1323 terrae,
3454 1274 3613 1327 quam

2069 1352 2259 1405 dedisti
2300 1351 2538 1419 patribus
2583 1350 2795 1402 nostris.
2836 1350 3053 1417 Insuper
3098 1356 3152 1401 et
3181 1349 3490 1417 alienigena,
3526 1349 3617 1415 qui

2070 1454 2173 1492 non
2222 1447 2302 1491 est
2341 1437 2405 1490 de
2432 1437 2620 1505 populo
2659 1444 2747 1488 tuo
2785 1435 2967 1499 Israel,
2996 1452 3115 1489 cum
3153 1438 3356 1490 venerit
3381 1437 3446 1490 de
3474 1444 3612 1489 terra

2068 1528 2351 1597 longinqua
2381 1533 2595 1594 propter
2642 1534 2831 1577 nemen
2884 1530 3026 1575 tuum
3054 1524 3331 1592 (audietur
3352 1524 3492 1577 enim
3523 1537 3617 1575 no—

2072 1630 2192 1668 men
2218 1622 2363 1667 tuum
2383 1626 2648 1681 magnum,
2664 1618 2719 1663 et
2736 1625 2924 1663 manus
2945 1618 3031 1663 tua
3062 1608 3234 1672 fortis,
3264 1618 3319 1663 et
3341 1609 3616 1662 brachium

2074 1712 2221 1757 tuum
2246 1709 2515 1756 extentum
2545 1690 2787 1767 ubique),
2840 1713 2959 1751 cum
2988 1698 3192 1751 venerit
3214 1711 3357 1766 ergo,
3390 1703 3446 1749 et
3486 1710 3611 1749 ora-

429 1764 608 1851 5P9?“
635 1769 771 1809 ωθοο
810 1757 885 1851 Ει-
902 1773 1062 1821 ηυηεν
1086 1760 1303 1813 Domine
1326 1760 1464 1814 Deus
1485 1762 1664 1828 Israel,
1694 1764 1972 1821 ﬁrmem”
2003 1788 2042 1843 Β
2075 1795 2209 1847 verit
2236 1794 2289 1845 in
2314 1794 2415 1845 hoc
2439 1791 2569 1851 loco,
2595 1757 2928 1842 tu-ex'a'udies
2955 1789 3007 1841 in
3031 1787 3184 1851 callo,
3215 1757 3612 1841 invﬁrmamen-

432 1843 593 1896 verba
621 1851 709 1897 tua
738 1857 853 1911 qua:
873 1846 1076 1900 locutus
1094 1862 1152 1900 es
1175 1863 1326 1902 servo
1356 1857 1444 1903 tuo
1474 1851 1636 1905 David
1665 1856 1800 1922 patri
1830 1872 1966 1910 meo.

434 1932 636 2003 Ergone
660 1934 948 2002 putandum
995 1946 1079 1989 est
1111 1939 1250 2006 quod
1275 1954 1396 1994 vere
1420 1940 1557 1995 Deus
1588 1944 1787 1999 habitet
1814 1962 1973 2015 super

433 2023 665 2075 terram?
692 2022 749 2076 Si
776 2025 914 2077 enim
953 2025 1143 2079 caelum
1178 2036 1232 2081 et
1264 2030 1380 2083 cmli
1419 2032 1669 2086 calorum
1698 2042 1749 2087 te
1783 2052 1972 2105 capere

433 2124 536 2162 non
561 2119 805 2179 possunt,
831 2122 1028 2180 quanto
1048 2116 1215 2184 magis
1243 2116 1429 2170 domus
1455 2120 1586 2182 hzec,
1620 2137 1778 2189 quam
1806 2124 1971 2177 aedifi-

432 2199 583 2251 cavi?
610 2200 714 2253 Sed
737 2203 938 2268 respice
958 2203 1025 2255 ad
1058 2205 1350 2258 orationem
1389 2209 1526 2260 servi
1548 2210 1655 2273 tui,
1682 2219 1738 2264 et
1763 2212 1828 2264 ad
1855 2229 1973 2281 pre-

430 2300 522 2339 ces
557 2286 692 2353 ejus,
723 2286 942 2341 Domine
967 2289 1105 2343 Deus
1126 2306 1293 2345 meus.
1331 2293 1465 2347 Audi
1486 2296 1738 2365 hymnum
1776 2307 1832 2352 et
1853 2316 1973 2353 ora-

436 2376 627 2451 tionem
655 2415 669 2439 ,
718 2391 875 2444 quam
916 2392 1101 2432 servus
1130 2390 1248 2434 tuus
1273 2392 1393 2436 orat
1419 2399 1596 2438 coram
1636 2395 1686 2441 te
1710 2389 1884 2453 hodie,
1916 2398 1975 2443 ut

432 2465 691 2519 sintoculi
718 2466 790 2519 tui
821 2469 988 2536 aperti
1024 2484 1179 2538 super
1202 2472 1414 2526 domum
1442 2474 1577 2529 hanc
1605 2477 1688 2531 die
1714 2492 1775 2531 ac
1800 2489 1971 2545 nocte,

432 2567 592 2620 super
618 2554 861 2619 domum,
903 2556 966 2610 de
1001 2574 1104 2625 qua
1146 2559 1359 2614 dixisti:
1389 2564 1505 2616 Erit
1557 2581 1748 2621 nomen
1797 2584 1974 2624 meum

434 2639 502 2691 ibi
542 2658 554 2690 :
598 2650 655 2693 ut
699 2645 946 2697 exaudias
992 2648 1283 2701 orationem
1321 2665 1480 2717 quam
1510 2662 1642 2706 rorat
1674 2656 1740 2708 ad
1777 2666 1829 2711 te
1857 2674 1973 2712 ser-

433 2742 529 2782 vus
575 2736 696 2783 tuus
753 2731 805 2783 in
853 2731 967 2787 loco
1027 2735 1158 2799 isto,
1218 2745 1276 2789 ut
1337 2741 1591 2795 exaudias
1648 2744 1974 2813 deprecatio-

432 2830 553 2869 nem
599 2820 736 2873 servi
788 2822 906 2885 tui,
956 2830 1011 2876 et
1052 2825 1223 2893 populi
1267 2828 1341 2880 tui
1382 2830 1575 2895 Israel,
1631 2838 1975 2907 quodcunque

432 2907 698 2960 oraverint
742 2909 793 2962 in
838 2909 952 2964 loco
1002 2913 1105 2967 isto
1126 2954 1140 2978 ,
1189 2924 1243 2968 et
1276 2920 1525 2974 exaudies
1560 2923 1611 2975 in
1640 2924 1752 2979 loco
1772 2927 1975 2982 habita-

435 2993 537 3047 culi
564 2996 638 3049 tui
665 2998 718 3050 in
743 3000 908 3065 caelo,
948 3010 1146 3057 etcum
1169 3007 1429 3073 audieris,
1466 3014 1723 3080 propitius
1749 3018 1873 3071 eris.
1917 3019 1973 3074 Si

2074 1890 2128 1935 to
2153 1880 2435 1933 habitaculi
2467 1879 2561 1941 tui,
2591 1885 2643 1931 et
2673 1878 2833 1941 facies
2855 1878 3029 1931 omnia
3058 1892 3155 1945 pro
3180 1876 3616 1943 quibus-invoca-

2071 1968 2206 2021 verit
2232 1973 2283 2019 te
2312 1966 2603 2033 alienigena
2624 2004 2637 2027 ,
2669 1972 2728 2017 ut
2752 1966 2957 2017 discant
2982 1966 3214 2019 universi
3242 1963 3425 2033 populi
3447 1971 3616 2016 terra-

2072 2073 2189 2112 rum
2229 2069 2417 2110 nomen
2460 2064 2603 2107 tuum
2635 2055 2821 2107 timere
2847 2047 2983 2106 sicut
3019 2052 3239 2121 populus
3278 2059 3401 2105 tuus
3436 2050 3618 2112 Israel,

2071 2157 2126 2201 et
2162 2146 2386 2216 probent
2426 2144 2547 2213 quia
2592 2158 2783 2196 nomen
2832 2152 2978 2195 tuum
3023 2142 3324 2195 invocatum
3358 2146 3441 2193 est
3464 2154 3623 2207 super

2073 2237 2285 2289 domum
2317 2230 2453 2289 hanc
2475 2248 2633 2301 quam
2654 2218 2929 2285 :edificavi.
2968 2229 3024 2284 Si
3054 2244 3301 2300 egressus
3334 2227 3491 2281 fuerit
3522 2242 3618 2296 po-

2070 2325 2223 2392 pulus
2248 2333 2370 2376 tuus
2400 2323 2466 2376 ad
2486 2322 2679 2375 bellum
2706 2330 2887 2375 contra
2910 2320 3150 2374 inimicos
3174 2333 3317 2381 suos,
3334 2331 3430 2386 per
3456 2317 3629 2380 viamr

2072 2426 2381 2480 quocunque
2426 2411 2633 2463 miseris
2676 2424 2788 2472 eos,
2836 2418 2890 2463 et
2935 2409 3161 2462 orabunt
3197 2417 3454 2463 tecontra
3482 2408 3620 2462 viam

2074 2500 2300 2555 civitatis
2320 2514 2481 2567 quam
2505 2498 2731 2566 elegisti,
2754 2506 2805 2550 et
2825 2506 3010 2550 contra
3039 2497 3251 2550 domum
3293 2512 3451 2564 quam
3495 2496 3622 2572 tedi-

2075 2587 2450 2642 ﬁcavi‘nomini
2484 2595 2603 2649 tuo,
2646 2594 2701 2638 tu
2729 2584 2975 2638 exaudies
3001 2584 3055 2637 in
3085 2583 3216 2637 coelo
3239 2584 3505 2637 orationes
3529 2597 3619 2636 eo-

2076 2693 2210 2743 rum,
2264 2684 2320 2730 et
2362 2689 2550 2745 preces
2592 2688 2812 2738 eorum,
2865 2680 2918 2727 et
2944 2671 3106 2727 facies
3126 2672 3381 2740 judicium
3407 2685 3612 2725 eorum.

2072 2766 2222 2831 Quod
2250 2767 2295 2819 si
2331 2766 2667 2833 peccaverint
2710 2765 2803 2817 tibi
2853 2762 2978 2835 (non
3024 2772 3105 2818 est
3151 2765 3290 2818 enim
3335 2763 3493 2815 homo
3529 2760 3619 2828 qui

2073 2874 2177 2912 non
2207 2856 2408 2926 peccet)
2436 2895 2451 2919 ,
2504 2864 2562 2908 et
2604 2856 2773 2907 iratus
2802 2855 3084 2908 tradideris
3119 2868 3211 2908 eos
3237 2851 3462 2907 inimicis
3488 2851 3619 2911 suis,

2074 2954 2128 3001 et
2145 2946 2334 3015 captivi
2365 2944 2508 3007 ducti
2536 2942 2733 2996 fuerint
2758 2943 2810 2995 in
2853 2950 3049 2994 terram
3090 2942 3422 2995 inimicorum
3464 2940 3617 3008 longe

2075 3036 2156 3090 vel
2178 3049 2369 3105 prope,
2414 3041 2467 3087 et
2502 3033 2703 3103 egerint
2735 3031 3099 3099 paenitentiam
3142 3031 3194 3083 in
3238 3030 3397 3082 corde
3424 3043 3541 3091 suo,
3566 3042 3620 3081 in

434 3088 734 3190 ἕξωνῗῲ
774 3089 931 3190 hom?
972 3094 1023 3145 in
1064 3097 1358 3163 proximum
1404 3114 1579 3167 suum,
1633 3114 1687 3158 εί
1729 3108 1973 3163 δεδυθτίί
1998 3095 2044 3155 c
2072 3088 2196 3179 Ioco-
2216 3088 2563 3190 captivitatis:
2592 3129 2646 3174 et
2665 3088 2904 3173 conversi
2949 3127 3001 3172 te
3046 3117 3311 3185 deprecati
3338 3088 3538 3170 fuerint
3568 3118 3619 3169 in

435 3170 644 3242 aliquod
664 3175 1022 3242 juramentum
1045 3199 1150 3251 quo
1172 3192 1412 3241 teneatur
1445 3192 1712 3257 astrictus,
1742 3204 1797 3249 et
1815 3212 1973 3253 vene-

431 3259 506 3315 rit
528 3264 1113 3334 propterjuramentum
1135 3289 1315 3329 coram
1344 3278 1497 3332 altari
1535 3288 1623 3335 tuo
1666 3284 1717 3337 in
1757 3286 1969 3342 domum

434 3360 601 3419 tuam,
660 3365 714 3411 tu
760 3362 1009 3416 exaudies
1037 3364 1089 3417 in
1118 3366 1270 3431 cmlo,
1323 3377 1378 3421 et
1419 3369 1601 3436 facies,
1625 3384 1681 3428 et
1710 3373 1972 3440 iudicabis

435 3456 616 3519 servos
650 3452 767 3500 tuos
785 3487 799 3511 ,
842 3451 1198 3508 condemnans
1226 3456 1441 3525 impium
1461 3500 1475 3521 ,
1504 3469 1557 3513 et
1584 3462 1807 3517 reddens
1832 3466 1971 3518 viam

436 3544 587 3584 suam
640 3547 798 3602 super
832 3546 987 3605 caput
1031 3540 1180 3607 ejus,
1221 3543 1623 3615 justificansque
1657 3549 1887 3616 justum,
1919 3562 1971 3606 et

437 3620 734 3712 retribuens
760 3626 808 3678 ei
846 3630 1132 3683 secundum
1166 3632 1425 3698 justitiam
1467 3652 1633 3690 suam.
1696 3638 1751 3692 Si
1780 3641 1972 3712 fugerit

435 3709 655 3797 populus
696 3720 817 3766 tuus
860 3714 1022 3770 Israel
1067 3720 1304 3777 inimicos
1333 3739 1484 3790 suos,
1516 3728 1638 3795 quia
1660 3709 1973 3797 peccaturus

434 3796 661 3861 esttibi;
691 3807 745 3851 et
784 3811 997 3869 agentes
1024 3810 1421 3876 paenitentiam,
1459 3824 1511 3868 et
1535 3796 1845 3875 confitentes
1874 3838 1968 3876 no-

438 3882 566 3976 inini
598 3894 684 3938 tuo
729 3890 994 3954 venerint,
1043 3903 1097 3947 et
1138 3897 1502 3967 adoraverint,
1548 3913 1602 3958 et
1627 3906 1891 3976 deprecati
1922 3922 1974 3967 te

437 3973 629 4028 fuerint
658 3976 711 4029 in
737 3977 893 4035 domo
919 3981 1036 4044 hac,
1067 3986 1256 4039 exaudi
1285 3989 1336 4041 in
1364 3992 1515 4055 C(BIO,
1542 4002 1595 4046 et
1621 3973 1824 4053 dimitte
1846 4016 1971 4070 pec-

436 4072 614 4118 catum
642 4069 818 4136 populi
868 4071 942 4125 tui
992 4072 1263 4139 Israel,‘et
1303 4081 1521 4137 reduces
1566 4100 1657 4140 eos
1696 4089 1748 4141 in
1778 4069 1972 4145 terram

438 4167 593 4219 quam
622 4156 811 4211 dedisti
839 4161 1076 4228 patrihus
1097 4179 1301 4219 eorum.
1344 4168 1398 4222 Si
1424 4170 1657 4226 clausum
1685 4175 1841 4230 fuerit
1868 4192 1974 4231 cre-

436 4239 566 4305 lum,
596 4250 649 4296 et
670 4259 771 4298 non
813 4246 1005 4315 pluerit
1025 4263 1241 4321 propter
1263 4268 1476 4324 peccata
1501 4277 1704 4327 eorum,
1736 4274 1789 4317 et
1812 4280 1971 4320 oran-

438 4339 518 4383 tes
541 4330 595 4383 in
621 4332 737 4385 loco
762 4334 864 4387 isto
882 4340 1240 4403 paenitentiam
1269 4348 1471 4412 egerint
1497 4352 1691 4404 nomini
1723 4362 1832 4415 tuo,
1860 4363 1912 4407 et
1940 4371 1971 4407 a

437 4421 665 4486 peccatis
715 4424 824 4478 suis
869 4431 1103 4483 conversi
1154 4430 1347 4487 fuerint
1390 4436 1599 4507 propter
1637 4442 1969 4503 afﬂictionem

437 4523 606 4575 suam,
637 4514 825 4568 exaudi
852 4530 942 4570 eos
964 4519 1015 4571 in
1043 4521 1194 4585 coelo,
1224 4532 1275 4575 et
1299 4525 1501 4582 dimitte
1536 4541 1752 4598 peccata
1791 4550 1971 4592 servo—

334 4670 349 4681 .
441 4613 556 4691 rum
579 4609 795 4691 tuorum
821 4645 835 4668 ,
881 4615 935 4659 et
958 4610 1131 4677 populi
1163 4613 1235 4665 tui
1263 4613 1451 4679 Israel,
1481 4617 1643 4691 448
1676 4632 1728 4677 et
1754 4628 1972 4681 ostende

437 4687 515 4741 eis
541 4689 679 4742 viam
707 4690 918 4758 bonam,
944 4712 1039 4764 per
1063 4710 1220 4777 quam
1248 4687 1542 4771 ambulent,
1557 4687 1633 4763 vet
1657 4712 1721 4765 da
1744 4714 1971 4782 pluviam

439 4792 597 4846 super
620 4787 835 4845 terram,
865 4797 1021 4849 quam
1050 4785 1234 4843 dedisti
1268 4795 1455 4861 popqu
1482 4804 1570 4851 tuo
1597 4801 1648 4852 in
1682 4806 1973 4869 possessio-

442 4882 579 4920 nem.
621 4869 805 4925 Fames
849 4871 893 4924 si
918 4871 1102 4927 oborta
1130 4875 1286 4931 fuerit
1320 4880 1370 4932 in
1409 4890 1578 4949 terra,
1611 4898 1702 4940 aut
1729 4894 1975 4959 pestilen-

444 4961 535 5023 tia,
565 4973 653 5017 aut
679 4972 957 5034 corruptus
997 4982 1107 5032 aer,
1156 4978 1245 5022 aut
1290 4986 1468 5043 erugo,
1502 4987 1593 5030 aut
1626 4978 1824 5036 locusta
1847 5024 1860 5048 ,
1894 4988 1973 5040 vel

2075 3213 2382 3282 captivitate
2432 3225 2526 3264 sua
2574 3209 2851 3263 dicentes:
2910 3204 3489 3272 Peccavimus,inique
3512 3204 3621 3272 egi—

2073 3319 2211 3365 mus,
2236 3303 2395 3370 impie
2426 3301 2715 3369 gessimus;
2744 3306 2796 3350 et
2821 3297 3021 3351 reversi
3050 3294 3246 3350 fuerint
3266 3294 3331 3347 ad
3353 3295 3404 3347 te
3426 3293 3478 3347 in
3503 3295 3619 3360 uni-

2070 3406 2227 3445 verso
2247 3391 2405 3442 corde
2424 3403 2534 3450 suo,
2560 3396 2612 3439 et
2640 3395 2750 3439 tota
2774 3388 2949 3439 anima
2979 3401 3073 3439 sua
3092 3426 3106 3450 ,
3140 3387 3195 3439 in
3216 3394 3357 3441 terra
3384 3385 3622 3439 inimico—

2072 3495 2187 3533 rum
2217 3492 2431 3531 suorum
2474 3476 2539 3528 ad
2583 3488 2743 3541 quam
2768 3474 2957 3540 captivi
3000 3473 3143 3526 ducti
3170 3473 3388 3538 fuerint,
3427 3481 3620 3528 etora-

2070 3568 2240 3621 veriut
2296 3573 2347 3618 te
2391 3573 2576 3618 contra
2627 3562 2764 3615 viam
2816 3570 2972 3614 terrae
3017 3575 3166 3623 suae,
3217 3575 3382 3627 quam
3430 3560 3621 3613 dedisti

2071 3655 2309 3725 patribus
2334 3666 2536 3713 eorum,
2573 3659 2624 3703 et
2652 3650 2861 3713 civitas,
2899 3663 3057 3716 quam
3082 3647 3308 3716 elegisti,
3333 3655 3386 3699 ct
3414 3646 3620 3715 templi,
3715 3644 3719 3650 ’

2071 3742 2211 3811 quod
2236 3738 2488 3792 aedificavi
2514 3737 2712 3791 nomini
2738 3744 2844 3797 tuo,
2895 3735 3145 3789 exaudies
3182 3734 3235 3788 in
3272 3733 3425 3797 caelo,
3451 3734 3504 3786 in
3528 3732 3621 3786 ﬂr-

2073 3841 2339 3885 mamento
2390 3828 2507 3881 solii
2556 3827 2628 3879 tui
2678 3827 2943 3889 orationes
2970 3839 3153 3879 eorum
3176 3865 3190 3889 ,
3229 3831 3282 3877 et
3314 3838 3499 3893 preces
3531 3838 3623 3877 eo—

2072 3933 2217 3981 rum;
2279 3926 2333 3970 et
2376 3915 2538 3969 facies
2579 3913 2835 3981 judicium
2887 3928 3103 3975 eorum,
3148 3919 3202 3965 et
3251 3910 3621 3980 propitiaberis

2072 4004 2262 4075 populo
2286 4013 2406 4067 tuo,
2446 4003 2535 4071 qui
2564 4003 2802 4071 peccavit
2820 4002 2932 4065 tibi,
2967 4009 3021 4055 et
3042 4000 3286 4057 omnibus
3328 4000 3619 4069 iniquitati-

2071 4093 2170 4147 bus
2211 4107 2395 4145 eorum
2433 4092 2625 4159 quibus
2666 4091 2999 4165 praevaricati
3034 4099 3157 4143 sunt
3198 4091 3352 4153 inte,
3390 4099 3444 4145 et
3470 4091 3620 4145 dabis

2072 4177 2485 4230 misericordiam
2511 4191 2690 4229 coram
2717 4178 2793 4229 eis
2827 4177 3027 4245 quieos
3053 4179 3289 4247 captivos
3318 4180 3618 4242 habuerint,

2071 4272 2131 4318 ut
2156 4265 2509 4318 misereantur
2530 4266 2625 4319 eis.
2676 4265 2903 4331 Populus
2923 4267 3063 4319 enim
3092 4275 3212 4320 tuus
3240 4276 3342 4330 est,
3369 4276 3425 4321 et
3449 4270 3616 4322 haere-

2073 4355 2205 4408 ditas
2237 4362 2346 4418 tua,
2370 4369 2503 4422 quos
2531 4355 2756 4408 eduxisti
2786 4355 2850 4407 de
2894 4362 3036 4407 terra
3065 4354 3301 4425 Egypti,
3355 4356 3421 4410 de
3444 4358 3613 4411 medio

2077 4442 2306 4497 fornacis
2344 4442 2548 4506 ferrem,
2590 4450 2648 4495 ut
2674 4443 2777 4496 sint
2800 4442 2936 4496 oculi
2980 4444 3055 4496 tui
3085 4444 3252 4511 aperti
3276 4444 3343 4497 ad
3364 4444 3613 4514 depreca-

2078 4531 2272 4584 tionem
2300 4530 2437 4583 servi
2465 4530 2563 4594 tui,
2584 4538 2637 4583 et
2659 4530 2833 4598 populi
2858 4531 2931 4583 tui
2960 4530 3145 4595 Israel,
3176 4540 3232 4585 et
3250 4534 3502 4588 exaudies
3521 4550 3613 4592 eos

2076 4620 2127 4673 in
2174 4619 2431 4672 universis
2466 4633 2561 4687 pro
2600 4620 2789 4686 quibus
2830 4620 3191 4675 invocaverint
3229 4631 3300 4677 te.
3358 4614 3443 4677 'Tu
3473 4626 3637 4679 enim“

2077 4706 2331 4775 separasti
2356 4722 2447 4760 eos
2470 4706 2560 4759 tibi
2589 4707 2639 4759 in
2664 4708 3023 4763 ha‘reditatem
3056 4712 3121 4767 de
3156 4713 3417 4779 universis
3441 4730 3611 4784 popu-

2077 4797 2140 4850 lis
2166 4806 2339 4860 terrze,
2370 4799 2503 4851 sicut
2531 4797 2733 4851 locutus
2753 4810 2811 4852 es
2837 4814 2932 4868 per
2960 4801 3170 4871 Moysen
3203 4818 3411 4869 servum
3442 4813 3609 4865 tuum,

2078 4886 2287 4952 quando
2324 4885 2585 4940 adduxisti
2641 4884 2823 4940 Patres
2876 4897 3084 4945 nostros
3124 4892 3188 4945 de
3231 4890 3479 4958 Egypto,
3510 4888 3623 4942 Do.

2079 4972 2217 5022 mine
2248 4970 2402 5025 Deus.
