4286 6198
440 370 539 427 725

1177 371 1577 432 EXEGETICA.
1624 407 1688 416 --
1723 376 2128 431 INTERPRET.
2169 378 2479 434 NOMINUM
2522 379 2829 433 IIEBRAIC.

3535 392 3658 444 7ὲ6⁵

1325 624 1552 691 LIBER
1594 631 2178 690 GENERATIONIS
2222 631 2400 691 IESU
2445 631 2754 691 CHRISTI

1439 766 1586 819 FILII
1622 765 1856 827 DAVID,
1899 765 2048 819 FILII
2085 765 2447 828 ABRAIIAM,
2489 766 2636 819 ETC.

491 969 546 1044 [n
575 970 768 1024 Beatus
794 967 1070 1022 Matthmus
1100 964 1444 1034 evangelista,
1476 963 1804 1016 dilectissimi
1831 1002 1844 1024 ,
1874 976 1977 1013 non
2006 960 2053 1018 Α
2083 959 2310 1028 generis,
2345 967 2398 1012 et
2423 974 2546 1012 vasa
2575 958 2689 1026 ejus
2717 959 2955 1029 diripuit.
2993 960 3049 1014 In
3076 958 3211 1015 Iuda
3237 958 3520 1023 confessio,
3554 962 3645 1027 qui

425 1061 714 1123 immerito,
748 1060 888 1112 inter
929 1066 1122 1112 caetera
1168 1053 1464 1110 caelestium
1513 1060 1838 1106 secretorum
1869 1050 1982 1102 ani—

424 1146 603 1210 malia,
629 1143 763 1198 fa‘cie
799 1143 1030 1197 hominis
1059 1140 1416 1195 describitur:
1449 1139 1571 1207 quia
1604 1138 1759 1207 longe
1792 1138 1858 1191 ab
1889 1152 1981 1188 an-

422 1232 584 1302 tiquis
607 1230 857 1285 Patribus
890 1232 1168 1285 exordium
1195 1230 1728 1297 Evangelii'sumens,
1757 1229 1982 1284 lucidius

421 1325 629 1379 caeteris
658 1322 1020 1393 genealogiam
1061 1320 1349 1396 Dominicze
1389 1319 1735 1372 humanitatis
1772 1334 1982 1387 przeno-

421 1414 572 1466 tavit.
593 1412 698 1466 Sed
718 1413 991 1466 sciendum
1023 1418 1105 1464 est
1131 1410 1255 1478 quia
1285 1413 1476 1475 horum
1500 1410 1739 1463 omnium
1765 1410 1981 1462 nomina

417 1500 688 1571 allegorici
718 1510 770 1555 et
797 1499 1011 1554 moralis
1037 1515 1224 1554 sensus
1251 1499 1479 1567 pleniter
1506 1498 1559 1551 in
1598 1513 1654 1552 se
1676 1498 1984 1553 contineant

416 1590 762 1661 intellectus.]

696 1699 1247 1755 INTERPRETATIO
1282 1699 1701 1755 LITTERALIS.

485 1809 755 1864 Abraham
782 1851 794 1874 ,
823 1819 973 1878 pater
1002 1810 1288 1863 multarum
1321 1810 1624 1882 [gentium].
1656 1812 1820 1875 Isaac,
1854 1828 1980 1882 gau-

411 1903 580 1955 dium.
607 1899 807 1965 Iacob,
840 1901 1228 1969 supplantator.
1278 1899 1442 1955 Iudas
1486 1901 1752 1955 confessio
1784 1901 1979 1971 [inter-

413 1993 701 2064 pretatur].
762 1993 966 2048 Phares
1020 1995 1228 2050 divisio.
1277 1995 1432 2058 Zara,
1482 1996 1680 2051 oriens.
1739 1995 1926 2049 Esrom
1963 2035 1975 2056 ,

411 2082 664 2151 sagittam
701 2083 905 2137 videns.
951 2083 1212 2148 Thamar,
1254 2084 1429 2152 palma
1469 2082 1732 2155 [dicitur].
1775 2083 1937 2137 Aram
1961 2125 1973 2146 ,

409 2172 633 2226 electus.
655 2171 955 2225 Aminadab
977 2213 992 2235 ,
1011 2173 1251 2242 populus
1301 2184 1644 2242 spontaneus.
1695 2175 1932 2228 Naasson
1959 2214 1973 2238 ,

411 2276 585 2329 augur
614 2261 783 2315 fortis.
818 2259 1056 2326 Saimon,
1082 2262 1350 2316 sensibilis
1378 2263 1703 2334 [accipitur].
1732 2265 1895 2328 Booz,
1921 2266 1972 2317 in
2008 2298 2045 2352 Β

411 2351 529 2418 ipso
556 2350 830 2405 fortitudo.
859 2349 1027 2415 Raab,
1057 2351 1300 2405 latitudo.
1333 2353 1499 2416 Obed,
1527 2353 1782 2407 serviens.
1809 2354 1970 2416 Ruth,

410 2440 671 2494 festinans
701 2435 1078 2512 [subauditur].
1110 2440 1294 2507 Iesse,
1345 2445 1620 2498 incensum
1673 2443 1865 2515 [Edit.,
1896 2446 1969 2498 in-

408 2528 701 2600 cenatium].
738 2529 923 2594 David,
970 2544 1130 2584 manu
1155 2530 1330 2596 fortis,
1357 2532 1441 2586 vel
1471 2533 1858 2588 desiderabilis.
1884 2531 1976 2587 Sa-

406 2615 587 2672 lomon
611 2657 625 2681 ,
656 2618 928 2686 pacificus.
964 2617 1118 2674 Urias
1143 2657 1158 2683 ,
1205 2618 1293 2671 lux
1342 2635 1459 2673 mea
1493 2621 1650 2675 Deus.
1680 2622 1970 2685 Bersabee,

409 2704 550 2758 filius
588 2704 881 2774 juramettti
933 2703 1414 2777 [subintelligitur].
1446 2707 1683 2761 Roboam
1705 2749 1718 2772 ,
1750 2709 1976 2764 latitudo

408 2794 610 2865 populi.
659 2794 823 2860 Abia,
853 2793 1013 2848 Pater
1043 2795 1317 2850 Dominus.
1350 2797 1452 2852 Asa
1475 2837 1489 2862 ,
1519 2799 1785 2852 attollens.
1825 2797 1975 2853 Iosa~

408 2886 556 2954 phat,
587 2886 843 2941 Dominus
865 2886 1125 2957 judicavit
1163 2885 1545 2959 [exprimitur].
1570 2888 1770 2953 Joram,
1800 2889 1975 2944 excel-

408 2991 518 3030 sus.
567 2977 854 3042 Amasias,
899 2977 1124 3046 populus
1172 2978 1409 3034 elevatus
1457 2979 1605 3051 [Ed.
1663 2996 1773 3034 om.
1814 2981 1976 3034 Ama-

407 3070 539 3133 sias,
585 3067 728 3139 etc.].
776 3068 965 3135 Ozias,
997 3069 1247 3124 robustus
1283 3072 1514 3124 Domini.
1568 3069 1818 3134 Ioathan,
1854 3088 1977 3140 per-

410 3159 597 3213 fectus.
630 3159 810 3214 Achaz
840 3199 856 3225 ,
908 3161 1272 3230 apprehensus
1313 3159 1502 3231 [Beda,
1548 3161 1972 3233 apprehendens]

408 3250 669 3323 [dicitur].
701 3251 979 3316 Ezechias,
1007 3251 1156 3307 fortis
1184 3252 1457 3307 Dominus.
1493 3252 1761 3308 Manasses
1783 3294 1795 3316 ,
1842 3254 1976 3309 obli-

409 3346 611 3399 viosus.
639 3346 834 3410 Amou,
883 3345 1071 3400 ﬁdelis.
1122 3344 1267 3400 Iosia
1297 3387 1309 3410 ,
1349 3347 1494 3401 salus
1544 3347 1754 3401 Domini
1786 3346 1977 3418 [inter-

405 3433 694 3505 pretatur].
726 3433 1032 3499 Iechonias,
1062 3439 1384 3506 praeparatio
1415 3438 1644 3491 Domini.
1679 3437 1933 3492 Salathiel
1960 3478 1974 3501 ,

405 3524 596 3593 petitio
619 3538 736 3577 mea
763 3525 918 3578 Deus.
951 3525 1242 3579 Zorobabel
1266 3567 1278 3589 ,
1322 3528 1420 3580 iste
1449 3530 1718 3596 magister.
1747 3528 1971 3591 Abiuth,

405 3622 562 3684 pater
592 3629 740 3670 meus
769 3616 868 3670 iste
896 3614 1277 3688 [subauditur].
1307 3618 1568 3673 Eliachim
1590 3661 1602 3685 ,
1656 3622 1747 3674 Dei
1797 3635 1975 3674 resur-
1999 3611 2045 3671 ο

406 3707 597 3761 rectio.
638 3706 792 3769 Azor,
833 3707 1063 3775 adjutus.
1110 3708 1312 3772 Sadoc,
1356 3709 1549 3777 justus.
1593 3708 1798 3762 Iochim
1825 3707 1971 3780 [Leg.

412 3795 644 3866 Achim],
675 3796 842 3851 frater
875 3813 1026 3852 meus
1056 3797 1536 3871 [subinteliigitur].
1580 3799 1812 3862 Heliuth,
1837 3799 1979 3853 Deus

411 3899 586 3938 meus.
619 3885 861 3949 Eleazar,
893 3885 1033 3941 Deus
1053 3902 1202 3964 meus
1229 3886 1458 3954 adjutor.
1491 3887 1729 3952 Mathan,
1760 3888 1976 3942 donum.

411 3972 575 4029 Iacob
604 3975 974 4043 subplantator
995 3974 1374 4047 [exprimitur].
1406 3976 1600 4046 Ioseph
1619 4019 1632 4043 ,
1664 3980 1938 4049 appositus
1963 4019 1978 4043 ,

413 4065 525 4119 sive
557 4074 765 4120 auctus.
798 4066 963 4120 Maria
991 4106 1004 4131 ,
1037 4065 1380 4120 illuminatrix
1414 4107 1429 4131 ,
1473 4069 1586 4122 sive
1613 4069 1764 4122 stella
1795 4070 1977 4124 maris.

409 4154 586 4223 Iesus,
621 4157 884 4213 Salvator.
917 4157 1185 4223 Christus,
1209 4165 1401 4212 unctus
1426 4157 1873 4230 [interpretatur].

580 4267 736 4339 451
780 4269 1324 4326 INTERPRETATIO
1357 4270 1808 4326 ALLEGORICA.

483 4377 586 4429 Per
615 4371 712 4430 hos
739 4379 882 4431 enim
909 4377 1110 4449 .[Edit.,
1148 4379 1332 4451 igitur]
1376 4381 1711 4449 patriarchas
1737 4377 1981 4433 Christus

411 4463 694 4535 [Dominus
723 4466 863 4521 Deus
886 4465 1094 4538 noster]
1124 4467 1454 4522 veniebatin
1481 4468 1770 4532 mundum;
1804 4474 1856 4520 et
1883 4467 1980 4520 ho-

411 4571 533 4609 rum
561 4557 879 4620 omnium-in
925 4559 1100 4627 seipse
1128 4557 1428 4628 allegorice
1457 4557 1677 4628 gerebat
1712 4557 1978 4621 ofﬁcium;

411 4653 469 4700 et
497 4646 548 4699 in
581 4645 788 4698 horum
811 4647 1243 4715 interpretatione
1270 4647 1544 4702 nominum
1571 4654 1810 4702 nostram
1846 4645 1985 4700 desi-

413 4746 580 4805 gnare
603 4733 770 4787 voluit
804 4734 1046 4788 salutem.
1074 4736 1130 4808 In
1164 4735 1437 4812 Abraham
1466 4735 1553 4790 ille
1575 4743 1727 4805 pater
1754 4742 1836 4789 est
1869 4749 1983 4788 om-

417 4826 564 4878 nium
593 4823 952 4887 credentium,
975 4824 1041 4876 ad
1065 4838 1223 4892 quem
1243 4827 1497 4880 omnibus
1523 4826 1753 4881 clamare
1780 4825 1981 4879 licitum

415 4924 518 4978 est,
547 4922 601 4969 et
631 4915 806 4970 dicere
839 4931 851 4966 :
881 4911 1023 4965 Abba
1054 4905 1211 4965 Pater
1238 4912 1412 4984 (Rom.
1444 4929 1562 4977 vm,
1604 4913 1720 4983 i5)!
1752 4912 1808 4966 In
1839 4914 1983 4966 Isaac

418 5004 668 5072 gaudium
697 5004 933 5059 omnium
963 5000 1222 5065 ﬁdelium,
1253 5002 1317 5057 de
1345 5016 1450 5070 quo
1488 5002 1708 5070 angelus
1744 5001 1938 5054 cecinit
1964 5015 1977 5053 :

423 5094 554 5146 Ecce
578 5095 1005 5149 annuntiovobis
1017 5093 1264 5166 gaudium
1286 5109 1548 5164 magnum,
1566 5091 1705 5163 quod
1725 5092 1821 5145 erit
1841 5093 1980 5144 omni

417 5180 607 5249 popqu
638 5181 785 5253 (Luc.
809 5201 867 5247 ιι,
896 5186 1002 5256 10).
1031 5184 1088 5238 In
1119 5183 1283 5240 Iacob
1312 5183 1692 5254 supplantator,
1721 5181 1844 5250 quia
1871 5181 1980 5250 ipse

419 5272 764 5328 subnervavit
781 5281 835 5328 et
857 5275 1105 5328 contrivit
1123 5275 1389 5330 diabolum
1417 5279 1736 5328 vastatorem
1764 5271 1977 5325 humani

492 5437 518 5465 ι
548 5426 624 5496 Ex
676 5426 892 5496 homilia
919 5427 984 5481 de
1011 5426 1296 5484 Nativitate
1321 5430 1487 5483 beata
1529 5427 1706 5482 Maria:
1736 5425 1975 5496 virginis,

425 5486 562 5565 apud
593 5510 716 5565 ven.
744 5495 959 5564 Dedam.

496 5566 524 5608 δ
561 5564 740 5636 [ﬁdit-.7:
767 5583 785 5615 ι
817 5565 873 5619 ln
893 5563 1036 5621 ’Booz
1067 5563 1318 5636 fortitudo
1337 5569 1388 5621 in
1421 5567 1534 5636 ipso
1561 5573 1665 5629 est,
1689 5565 1810 5631 quia
1833 5576 1863 5615 a
1887 5579 1978 5636 tie-

427 5635 565 5690 tnine
596 5634 958 5691 fortitudinem
987 5634 1220 5704 accepit,
1267 5635 1332 5690 de
1366 5632 1472 5706 quo
1498 5636 1693 5691 dictum
1720 5641 1799 5686 est
1824 5650 1837 5687 :
1879 5632 1979 5686 Do-

2085 1050 2216 1103 dixit
2245 1048 2433 1120 [Edit.,
2456 1050 2578 1118 quia
2608 1051 2717 1118 ipse
2737 1051 2890 1121 dixit]
2920 1069 2931 1102 :
2959 1050 3251 1119 Conﬁtebor
3274 1051 3385 1117 tibi,
3404 1049 3642 1112 Domine,

2085 1139 2246 1192 Pater
2271 1138 2381 1192 caeli
2409 1149 2455 1193 et
2487 1149 2637 1193 terra:
2672 1139 2882 1209 (Matth.
2913 1156 2966 1193 χι
2987 1181 3000 1204 ,
3040 1139 3150 1211 25).
3179 1140 3236 1193 In
3256 1142 3472 1195 'Phares
3507 1140 3642 1192 divi-

2084 1229 2182 1291 sio,
2220 1228 2310 1297 qui
2347 1237 2591 1297 segregat
2628 1243 2753 1282 oves
2787 1229 2851 1282 ab
2898 1227 3064 1281 haedis
3096 1225 3310 1297 (Matth.
3352 1242 3480 1291 xxv,-
3526 1227 3642 1297 55),

2084 1318 2159 1387 [id
2188 1327 2285 1380 est,
2320 1320 2488 1371 bonos
2526 1334 2552 1370 a
2584 1317 2758 1380 malis,
2786 1317 2983 1372 electos
3021 1331 3048 1368 a
3087 1313 3367 1386 reprobis].
3407 1313 3466 1367 In
3508 1314 3649 1366 Zara

2080 1407 2257 1460 oriens
2296 1407 2361 1459 ad
2403 1416 2640 1459 nostram
2689 1407 2940 1468 salutem,
2978 1407 3115 1460 sicut
3160 1406 3359 1459 dictum
3409 1401 3531 1476 est;
3566 1403 3645 1456 Ti-‘

2081 1493 2334 1546 mentibus
2383 1511 2565 1546 nomen
2610 1479 2818 1546 Domini
2855 1495 3048 1546 orietur
3093 1492 3171 1546 sol
3197 1493 3421 1560 justitiaz
3455 1491 3648 1560 [Edit.,

2081 1585 2209 1637 sicut
2238 1585 2483 1651 scriptum
2512 1593 2585 1636 est
2615 1599 2631 1636 :
2671 1581 2905 1635 Visitavit
2934 1598 3023 1635 nos
3054 1582 3222 1633 oriens
3256 1596 3320 1632 ea:
3348 1577 3477 1650 alto]
3509 1578 3645 1648 (Ma.

2080 1676 2214 1729 (ach.
2255 1690 2323 1738 tv,
2364 1674 2438 1744 2).
2476 1675 2533 1727 In
2563 1674 2751 1727 Esrom
2795 1673 2985 1743 sagitta
3025 1671 3208 1724 saiutis
3248 1669 3650 1731 Dominirsieut

2080 1765 2281 1818 dictum
2323 1771 2404 1816 est
2452 1780 2462 1814 :
2495 1761 2713 1831 Sagitta:
2742 1761 2960 1830 potentis
2997 1768 3173 1812 acutar
3198 1755 3366 1829 (Psal.
3399 1771 3542 1819 cxtx,
3566 1757 3642 1826 4).

2079 1854 2135 1907 1η
2165 1854 2399 1906 Thamar
2430 1853 2603 1921 palma
2631 1852 2897 1914 victoriae,
2928 1849 3089 1922 [sicut
3122 1849 3236 1918 ipse
3263 1849 3395 1903 dixit
3429 1866 3440 1900 :
3471 1846 3646 1914 Conﬁ-

2077 1943 2200 2006 dite,
2232 1959 2323 2012 ego
2352 1943 2447 1996 vici
2474 1943 2722 1996 mundum
2751 1942 2951 2012 (10am,
2984 1957 3093 2005 xvi,
3124 1938 3334 2011 55)].In
3349 1938 3510 1992 Aram
3539 1938 3647 1992 elc-

2077 2036 2214 2091 clus,
2234 2029 2311 2081 'de
2337 2044 2441 2096 quo
2466 2029 2627 2082 Pater
2655 2030 2892 2098 loquitur
2925 2046 2936 2081 :
2971 2028 3105 2082 Ecce
3127 2045 3256 2098 puer
3293 2043 3457 2092 meus,
3496 2043 3647 2096 quem

2076 2117 2233 2186 elegi,
2264 2116 2450 2170 electas
2491 2134 2669 2180 meus,
2711 2118 2830 2170 dedi
2865 2118 3103 2186 spiritum
3138 2133 3307 2169 meum
3349 2122 3500 2184 super
3530 2132 3647 2169 eum

2079 2204 2128 2276 (I
2134 2207 2232 2259 sai.
2257 2221 2386 2269 xui,
2414 2205 2484 2276 1).
2512 2206 2570 2259 In
2592 2206 2888 2260 A‘minadab
2909 2205 3132 2276 populus
3153 2213 3496 2274 spontaneus,
3520 2205 3642 2271 quia

2077 2307 2267 2366 sponte
2302 2292 2478 2366 posuit
2513 2299 2748 2352 animam
2787 2313 2936 2353 suam
2977 2313 3072 2366 pro
3109 2297 3278 2351 salute
3321 2303 3501 2349 nostra
3525 2333 3539 2357 ,
3588 2304 3647 2345 ut

2078 2403 2174 2441 nos
2201 2388 2441 2442 efﬁceret
2473 2390 2573 2442 sibi
2603 2389 2857 2457 populum
2885 2396 3232 2456 spontaneum
3251 2425 3264 2450 ,
3306 2385 3517 2453 Deoque
3556 2396 3644 2435 ac-

2077 2475 2409 2546 ceptabilem.
2432 2474 2488 2528 In
2519 2476 2760 2529 Naasson
2788 2491 2976 2544 augur,
3005 2476 3059 2528 id
3094 2485 3196 2538 est,
3228 2475 3505 2543 propheta,
3532 2471 3642 2525 for-

2077 2570 2165 2634 tis,
2179 2584 2301 2623 cum
2315 2569 2441 2624 dicit
2464 2587 2475 2621 :
2500 2566 2630 2622 Cum
2654 2569 2844 2622 venerit
2867 2565 3036 2620 Filius
3057 2566 3278 2619 hominis
3299 2566 3354 2617 in
3372 2565 3641 2633 majestate

2076 2676 2205 2723 sua;
2259 2669 2379 2712 tunc
2425 2659 2616 2714 sedebit
2664 2659 2719 2712 in
2765 2658 2884 2711 sede
2932 2656 3217 2726 majestatis
3267 2670 3376 2708 sua:
3426 2651 3650 2724 (Matth.

2076 2765 2200 2813 xxv,
2229 2748 2343 2820 51),
2390 2758 2448 2802 ιιι
2470 2749 2671 2816 judicet
2697 2748 2882 2802 orbem
2913 2747 2966 2801 in
2995 2746 3262 2814 aequitate.
3289 2742 3346 2796 In
3392 2740 3646 2795 Salmone

2075 2837 2360 2901 sensibilis,
2402 2837 2456 2890 id
2481 2846 2561 2891 est
2586 2836 2982 2898 intellectualis,
3010 2833 3096 2906 [de
3120 2848 3226 2902 quo
3247 2833 3500 2902 scriptum
3521 2839 3604 2884 est
3629 2847 3640 2878 :

2074 2926 2195 2996 Ipse
2221 2935 2411 2993 autem,
2443 2936 2499 2980 ut
2529 2928 2651 2981 vidit
2681 2929 3018 2997 cogitationes
3046 2942 3223 2979 eorum
3252 2924 3400 2996 (Luc.
3433 2939 3509 2987 xl,
3534 2921 3643 2991 l7),
3671 2970 3688 2978 ..

2076 3024 2130 3071 et
2151 3017 2342 3071 iterum
2367 3033 2379 3068 :
2403 3015 2654 3069 Dominus
2675 3016 2809 3068 novit
2834 3014 3166 3083 cogitationes
3186 3012 3450 3064 hominum
3471 3007 3641 3081 (Psal.

2076 3122 2229 3171 xcm,
2258 3107 2366 3176 11).
2399 3107 2466 3160 Et
2497 3125 2508 3158 :
2543 3105 2795 3161 Scrutans
2825 3105 2984 3158 corda
3004 3145 3017 3168 ,
3045 3111 3092 3156 et
3123 3117 3267 3156 renes
3297 3099 3436 3152 Deus
3467 3097 3639 3170 (Ρεάι.

2077 3212 2174 3260 vn,
2204 3195 2292 3265 10)
2312 3195 2357 3266 ].·
2381 3196 2480 3262 Qui
2512 3195 2646 3249 dixit
2671 3194 2868 3250 Iudmis
2899 3212 2910 3247 :
2942 3192 3080 3259 Quid
3120 3188 3352 3260 cogitatis
3390 3186 3445 3239 in
3473 3186 3644 3239 cordi-

2077 3286 2170 3339 bus
2195 3287 2370 3340 vestris
2400 3284 2547 3356 (Luc.
2581 3301 2634 3348 v,
2665 3285 2787 3356 22);
2831 3285 2920 3354 qui
2961 3283 3231 3352 prteterita
3273 3288 3328 3335 et
3358 3278 3553 3340 futura,
3586 3286 3643 3329 ut

2077 3378 2355 3446 praesentia
2392 3377 2650 3446 agnoscit.
2692 3377 2748 3436 In
2787 3375 2926 3430 Booz
2971 3376 3135 3428 robur
3161 3372 3375 3427 virtutis
3407 3369 3518 3439 ejus
3551 3383 3642 3421 ex-

2075 3469 2342 3537 primitur,
2373 3474 2430 3518 ul
2459 3466 2533 3519 ait
2561 3484 2570 3517 :
2600 3465 2788 3518 Omnia
2815 3466 3018 3516 traham
3050 3462 3119 3514 ad
3164 3462 3414 3529 meipsum
3461 3457 3641 3528 (Joan.

2078 3574 2173 3623 xu,
2199 3557 2288 3628 22)
2319 3558 2367 3610 b.
2402 3557 2455 3609 In
2485 3557 2634 3611 Raab
2665 3555 2887 3610 latitudo
2918 3551 3127 3621 imperii
3155 3551 3208 3606 in
3239 3550 3474 3604 Ecclesia
3504 3547 3670 3603 desi-.

2076 3650 2270 3717 gnatur
2297 3657 2342 3698 ο.
2374 3645 2430 3698 1η
2473 3645 2643 3700 Obeth
2689 3639 2948 3701 serviens.
2991 3641 3114 3710 quia
3159 3654 3264 3694 non
3299 3639 3446 3692 venit
3490 3635 3645 3688 mini-

2078 3736 2254 3799 strari,
2291 3735 2384 3788 sed
2411 3736 2739 3798 ministrare,
2780 3735 2914 3788 sicut
2950 3730 3230 3802 Apostolus
3263 3729 3396 3783 dixit
3444 3741 3460 3782 :
3505 3723 3645 3777 For-

2078 3842 2217 3879 mam
2257 3825 2386 3879 servi
2425 3825 2700 3894 accipiens.
2750 3822 2806 3875 In
2846 3821 2988 3874 Ruth
3032 3818 3289 3873 festinans
3314 3816 3381 3869 ad
3416 3811 3677 3869 salutem:

2081 3924 2317 3971 nostram
2351 3914 2463 3986 [qui
2497 3915 2809 3970 festinanter
2846 3912 2956 3965 vult
2983 3924 3166 3964 omnes
3194 3908 3433 3962 homines
3468 3903 3679 3958 salvos.

2081 4005 2230 4071 ﬁeri,
2267 4016 2321 4060 et
2371 4006 2438 4058 ad
2485 4005 2811 4076 agnitionem
2854 4001 3094 4056 veritatis
3136 3997 3340 4060 venire,
3370 3995 3551 4050 dicens
3593 3993 3644 4046 in

2080 4094 2364 4164 Evangelio
2396 4112 2408 4146 :
2443 4091 2801 4147 Paenitentiam
2829 4094 2996 4162 agite,
3039 4085 3464 4159 appropinquabit
3511 4084 3646 4137 enim

2083 4198 2296 4251 regnum
2320 4182 2561 4235 caelorum
2595 4181 2804 4251 (Matth.
2836 4197 2909 4245 tv,
2937 4179 3020 4248 I7)
3115 4178 3169 4231 In
3195 4175 3343 4231 Iesse
3371 4175 3642 4229 incensum

2082 4269 2274 4340 [Edit.,
2309 4270 2633 4340 incendium]
2672 4271 2995 4338 agnoscitur,
3024 4269 3113 4336 qui
3143 4269 3218 4320 ait
3260 4284 3271 4318 :
3317 4265 3494 4334 Ignem
3533 4265 3652 4318 veni-

2080 4360 2276 4411 mittere
2313 4359 2367 4410 in
2395 4367 2587 4411 terram
2629 4357 2696 4428 [et
2737 4357 2860 4426 quid
2896 4355 3005 4408 volo
3025 4395 3038 4419 ,
3070 4355 3168 4407 nisi
3198 4363 3250 4405 ut
3281 4354 3459 4404 ardeat
3492 4349 3640 4420 (Luc.

2082 4463 2177 4511 xu,
2209 4445 2372 4517 49)]?
2402 4446 2466 4500 Et
2493 4447 2620 4499 item
2644 4444 2875 4502 Ioannes
2903 4443 3035 4497 dixit
3059 4442 3123 4495 de
3149 4456 3212 4494 eo
3246 4458 3258 4492 :
3295 4438 3413 4508 Ipse
3438 4453 3524 4490 vos
3554 4438 3644 4489 ba-

2079 4537 2292 4607 ptizabit
2322 4537 2376 4590 in
2419 4535 2614 4606 Spiritu
2643 4546 2820 4589 sancto
2850 4544 2895 4588 et
2935 4534 3039 4603 igni
3071 4531 3281 4602 (Matth.
3325 4544 3406 4593 ιιι,
3445 4526 3552 4597 Η).
3587 4528 3641 4583 In

2083 4628 2250 4683 David
2271 4627 2657 4690 desiderabilis,
2679 4627 2801 4695 quia
2822 4625 3019 4678 dictum
3042 4631 3153 4676 est:
3179 4618 3450 4688 Speciosus
3475 4617 3645 4685 [arma

2081 4741 2188 4794 pra:
2220 4725 2343 4793 ﬁliis
2370 4725 2633 4777 hominum
2663 4720 2831 4793 (Psal.
2872 4735 3012 4781 xuv,
3042 4716 3116 4787 5).
3159 4715 3237 4787 [In
3265 4716 3451 4769 eodem
3485 4732 3641 4770 manu

2082 4813 2255 4877 fortis,
2279 4814 2490 4882 quando
2519 4811 2780 4881 ﬂagellum
2806 4809 2870 4862 de
2890 4805 3136 4860 funiculis
3166 4806 3216 4859 in
3245 4819 3406 4857 manu
3436 4812 3641 4858 tenens.

2084 4902 2398 4955 immensam
2445 4900 2782 4953 vendentium
2830 4903 2882 4949 et
2919 4894 3207 4948 ementium
3250 4891 3638 4946 multitudinem

2084 4991 2240 5060 ejecit
2261 4991 2324 5045 de
2353 4991 2550 5059 templo
2572 4988 2749 5060 (Joan.
2781 5003 2838 5049 ιι,
2873 4985 3003 5057 15)).
3048 4986 3178 5040 Item
3211 4983 3363 5039 fortis
3395 4980 3638 5038 bellator,

2085 5083 2210 5135 dum
2235 5079 2500 5135 diabolum
2530 5077 2792 5139 vincebat,
2814 5083 2869 5128 et
2892 5075 3197 5129 humiliavit'
3218 5072 3408 5142 [Edit.,
3436 5068 3562 5121 vieit
3589 5080 3641 5120 ιιι

2085 5170 2369 5243 contrivit]
2389 5168 2822 5225 calumniatorem
2850 5173 3112 5221 nostrum."
3136 5165 3190 5217 ln
3229 5161 3511 5219 Salomone
3548 5174 3639 5226 pa-

2086 5262 2300 5327 ciﬁcus,
2355 5262 2493 5316 sicut
2527 5258 2660 5312 dixit
2704 5275 2716 5310 :
2748 5254 2936 5310 Pacem
2965 5270 3129 5308 meam
3164 5252 3229 5303 do
3260 5245 3430 5308 vobis,
3461 5263 3637 5315 parem

2080 5416 2248 5466 minus
2261 5415 2419 5537 guis
2442 5423 2486 5466 et
2507 5421 2711 5481 potens;
2737 5411 2984 5466 Dominus
2995 5414 3178 5473 potens
3199 5404 3250 5456 in
3272 5401 3448 5474 prtelio
3467 5397 3631 5468 (Pani.

2081 5499 2236 5537 mu.
2324 5521 2336 5533 .
2369 5503 2386 5533 ι

2081 5485 2394 5604 “inﬁgi:
2427 5569 2445 5601 ι
2473 5549 2531 5603 In
2553 5549 2699 5602 Raab
2725 5544 2946 5599 latitudo
2972 5541 3218 5610 potentia:
3242 5537 3359 5610 ejus
3387 5537 3639 5610 exprimi.

2082 5633 2184 5700 tur.
2210 5635 2370 5742 lautem
2411 5627 2551 5673 totus
2577 5614 2856 5681 non-capit
2889 5606 3060 5696 orbis.
3093 5619 3144 5663 ει
3175 5606 3323 5675 Cl'I‘IS
3362 5606 3514 5680 ηῧηί
3535 5624 3653 5664 “mi-

2082 5701 2179 5742 mt
2246 5705 2344 5742 ms.
2382 5707 2405 5741 ι

2082 5701 2179 5744 οιίι
2210 5701 2344 5743 linis.
2382 5707 2405 5741 ι
