4286 6196
637 348 736 400 7Ξ7

1459 353 1513 404 Β.
1559 352 1616 403 1⁵.
1655 352 1870 406 ALBINI
1914 352 2041 406 SlilJ
2084 352 2352 406 ALCL'INI
2391 353 2668 424 OPILILL'II
2710 354 2880 408 I'AIIS
2920 357 2978 409 II.

3737 358 3839 416 728

636 478 809 516 meam.
831 463 1058 532 relmquo
1103 464 1234 514 vobis
1274 463 1450 529 (Jama.
1489 481 1594 525 xiv,
1625 466 1734 535 27).
1777 467 2010 532 Itemque
2049 466 2186 531 Apo-
2217 470 2261 524 Α
2291 470 2589 518 resurrectio
2619 455 2665 519 et
2694 469 2839 540 cita,]
2865 472 2953 539 qui
2977 473 3135 525 credit
3173 475 3226 525 in
3260 491 3367 535 me,
3396 491 3494 526 non
3522 475 3766 527 morietur
3789 479 3846 530 in

634 553 800 604 stolus
824 551 990 618 inquit
1022 569 1033 602 :
1063 551 1178 619 Ipse
1205 563 1274 604 est
1315 570 1415 618 pax
1461 565 1662 615 nostra,
1691 555 1777 622 qui
1817 555 1934 620 fecit
1981 564 2193 621 utraque

637 657 795 691 unum
827 639 1036 708 (It'phes.
1081 657 1139 701 II,
1175 640 1273 697 II).
1310 641 1361 692 In
1393 641 1704 704 Bcthsabea,
1732 643 1868 708 ﬁlius
1886 643 2191 712 juramcnti,

583 781 589 787 _
635 731 702 777 de
729 742 832 794 quo
862 729 1058 785 dictum
1091 739 1170 780 est
1204 748 1212 779 :
1245 727 1447 781 Jurat'it
1483 730 1756 792 Dominus,
1780 742 1825 783 et
1856 748 1957 782 non
1982 733 2194 798 paenite—

635 819 705 867 Μ(
733 833 877 877 eum;
909 828 961 866 tu
989 833 1038 867 es
1063 819 1300 869 sacerdos
1333 822 1383 870 in
1406 833 1652 870 a'ternum
1685 819 1852 887 (l’sal.
1892 835 1999 881 Ctx,
2034 819 2108 888 ὦ).
2141 819 2193 870 III

637 906 869 958 Iinlmant
911 906 1133 958 latitudo
1166 907 1331 959 lidciis
1365 908 1561 975 pOpuli,
1600 925 1717 961 cum
1765 910 1841 961 ait
1883 927 1892 960 :
1941 908 2090 960 Multi
2133 910 2194 960 ab

635 995 826 1046 oriente
856 1005 902 1045 et
932 994 1188 1046 occidente
1222 997 1414 1048 reuirat
1436 1035 1448 1057 ,
1480 1008 1524 1046 et
1571 998 1853 1048 rerumbent
1884 1012 1999 1046 cunt
2034 995 2197 1047 Abru-

632 1083 774 1143 ham,
808 1080 958 1133 Isaac
986 1091 1032 1132 et
1059 1080 1222 1133 Jacob
1257 1083 1308 1134 in
1350 1100 1504 1152 regno
1545 1085 1785 1136 (telorum
1822 1084 2030 1153 (.IIatlh.
2079 1099 2195 1146 \‘lll,

634 1169 742 1237 11).
777 1167 832 1244 In
859 1170 990 1223 Ahia
1020 1169 1177 1222 Pater
1218 1171 1498 1234 Dominus,
1533 1173 1621 1238 qui
1661 1172 1734 1224 ait
1767 1181 1787 1222 ι·
1817 1171 1990 1223 Nolite
2023 1188 2198 1224 rocure

633 1258 770 1310 rubis
815 1268 1011 1327 patrem
1059 1260 1111 1311 in
1157 1271 1326 1322 terra;
1376 1277 1507 1312 unus
1553 1262 1687 1312 enim
1723 1270 1794 1313 est
1842 1257 2000 1313 Pater
2029 1271 2197 1312 noster

633 1348 818 1417 [Edit.,
855 1346 1069 1418 rester],
1100 1349 1186 1416 qui
1225 1365 1276 1400 υι
1303 1348 1438 1401 ctelis
1482 1359 1554 1400 est
1597 1348 1804 1416 (.Ilatth.
1843 1363 2003 1408 xxnt,
2036 1348 2108 1415 9).
2140 1348 2195 1401 In

629 1445 738 1492 Ala
762 1439 1028 1501 attollens,
1059 1439 1126 1492 de
1150 1453 1256 1508 quo
1278 1438 1510 1492 Joannes
1552 1456 1563 1490 :
1606 1437 1738 1490 Ecce
1766 1439 1941 1506 Agnus
1972 1436 2087 1497 Dei,
2121 1438 2197 1488 in-

628 1529 765 1596 quit,
792 1530 878 1595 qui
922 1528 1053 1580 tollit
1096 1538 1301 1596 peccata
1335 1528 1512 1579 nmmli
1543 1525 1720 1594 (Joan.
1751 1542 1798 1586 I,
1828 1525 1938 1592 ‘29).
1971 1525 2024 1576 III
2055 1523 2198 1576 Jos'a-

629 1621 754 1684 phat
779 1616 964 1682 judex,
997 1618 1120 1684 quia
1149 1619 1253 1686 ipse
1275 1617 1533 1684 judicabit
1573 1616 1740 1667 orbem
1773 1625 1923 1668 terra:
1955 1617 2004 1667 in
2034 1616 2195 1691 a'qui-

631 1716 733 1757 tate
771 1703 939 1773 (Psal.
981 1719 1108 1767 xcv,
1159 1705 1238 1774 15)
1278 1705 1348 1774 [ιιι
1394 1707 1502 1772 ipse
1540 1711 1621 1757 est
1659 1702 1822 1769 judex
1868 1703 2106 1754 vivorum
2144 1710 2196 1754 et

2296 565 2574 620 a'ternum;
2612 560 2699 610 sed
2744 577 2833 628 ego
2873 564 3180 615 resuscilabo
3219 580 3332 616 eum
3373 565 3424 616 in
3460 566 3729 618 novissimo
3765 569 3848 620 die

2297 646 2471 705 (Joan.
2509 666 2581 711 xI,
2618 651 2728 719 9.5).
2761 652 2814 705 III
2843 652 2986 705 Azur
3015 652 3195 722 [Azor]
3227 654 3454 720 adjutus,
3488 662 3546 706 ut
3571 655 3646 706 ait
3681 673 3692 706 :
3728 654 3849 707 Non

2294 754 2407 790 sum
2433 738 2589 799 solus,
2617 743 2739 808 quia
2767 739 2924 793 Pater
2949 759 3143 794 mecura
3164 753 3236 794 est
3259 741 3434 810 (:loan.
3471 759 3585 806 VIII,
3617 743 3699 804 16,
3723 743 3845 813 ‘29);

2297 825 2406 891 ipse
2430 835 2510 878 est
2541 825 2748 892 adjutor
2775 831 3008 881 omnium
3044 831 3382 898 spcrantium.
3426 829 3512 900 [Et
3545 848 3556 882 :
3587 831 3687 894 Qui
3712 832 3850 884 misit

2297 930 2392 973 me,
2423 930 2617 965 mecum
2648 925 2741 980 est,
2766 929 2810 968 et
2834 933 2934 969 non
2959 918 3157 986 reliquit
3185 934 3262 970 me
3291 917 3497 988 solum].
3531 919 3594 970 Et
3616 919 3804 972 iterum
3833 937 3846 971 :

2296 1004 2468 1068 Opera
2493 1019 2610 1072 quae
2631 1021 2728 1075 ego
2751 1005 2907 1069 facio,
2936 1022 2964 1059 a
2993 1007 3193 1075 meipso
3225 1022 3328 1060 non
3361 1007 3529 1071 facio;
3560 1009 3646 1060 sed
3672 1006 3847 1071 Pater,

2295 1091 2383 1158 qui
2426 1108 2621 1145 mecum
2665 1104 2757 1157 est,
2783 1095 2889 1163 ipse
2922 1095 3045 1163 facit
3085 1111 3236 1163 opera
3281 1094 3459 1165 (Joan.
3502 1112 3610 1159 XIV,
3647 1094 3754 1166 10).
3794 1095 3850 1149 In

2298 1178 2503 1232 Sarlnch
2521 1178 2718 1244 justus,
2745 1183 2882 1236 sicut
2909 1183 3160 1252 scriptum
3190 1192 3273 1237 est
3296 1199 3310 1236 :
3341 1183 3406 1236 Ut
3430 1186 3496 1238 sit
3523 1186 3629 1256 ipse
3649 1186 3849 1254 justus,

2295 1277 2339 1316 et
2356 1267 2653 1334 jnsti/icans
2673 1286 2756 1322 eos
2775 1271 2861 1340 qui
2885 1271 2933 1337 in
2947 1273 3047 1338 ﬁde
3067 1283 3184 1325 sunt
3207 1271 3427 1326 Abrahae
3449 1271 3623 1343 (Rom.
3643 1273 3849 1344 uniti).

2298 1352 2350 1404 lu
2381 1352 2584 1406 Jochim
2616 1355 2760 1426 [Leq.
2785 1358 2994 1429 Achim]
3019 1359 3183 1439 l’ra'ler
3209 1377 3376 1424 meus,
3403 1373 3460 1414 ut
3481 1364 3554 1416 ait
3583 1381 3596 1415 :
3625 1363 3854 1428 Quicun-

2295 1457 2392 1508 que
2420 1441 2594 1508 fecerit
2617 1444 2923 1498 voluntatem
2948 1443 3126 1513 Patri;
3143 1448 3260 1510 mei,
3288 1449 3392 1517 ipse
3412 1460 3486 1502 est
3509 1451 3670 1517 frater
3683 1469 3850 1516 meus,

2297 1538 2342 1579 et
2366 1540 2528 1581 mater
2549 1548 2677 1593 mea,
2705 1543 2751 1584 et
2777 1551 2923 1586 soror
2943 1525 3054 1588 mea
3086 1527 3292 1606 (Matth.
3321 1553 3419 1601 xtl,
3448 1538 3557 1608 50).
3585 1539 3642 1593 In
3673 1541 3849 1594 Eliuth

2301 1617 2436 1671 Dens
2458 1635 2625 1683 meus,
2643 1622 2732 1688 qui
2755 1639 2816 1675 ex
2841 1633 3018 1676 nostra
3043 1623 3347 1678 inﬁrmitate
3367 1626 3497 1679 dixit
3515 1627 3580 1680 ad
3600 1628 3809 1683 Patrem
3836 1649 3850 1682 :

2301 1703 2436 1756 Deus
2465 1704 2600 1758 Deus
2630 1723 2788 1766 meus,
2817 1709 2884 1760 ad
2912 1718 2959 1760 te
2987 1710 3049 1762 de
3076 1709 3186 1762 luce
3222 1710 3391 1780 vigilo,
3413 1721 3468 1764 ut
3498 1714 3562 1767 ad
3587 1723 3636 1767 te
3677 1731 3852 1769 resur-

630 1794 1001 1862 mortuoruml.
1034 1794 1268 1874 Itemque
1299 1795 1368 1846 ait
1406 1814 1415 1844 :
1460 1793 1617 1846 Pater
1652 1809 1751 1845 non
1781 1793 1987 1860 judicat
2017 1808 2191 1860 quem-
2221 1782 2266 1839 Β
2293 1807 2410 1858 gam
2433 1794 2482 1844 δ.
2515 1794 2569 1846 III
2599 1795 2818 1848 Eleazar
2858 1798 2996 1850 Deus
3037 1813 3182 1852 meus
3209 1799 3438 1868 adjutor,
3459 1811 3513 1855 et
3536 1805 3771 1857 omnium
3800 1807 3852 1859 in

628 1903 802 1953 quant,
830 1891 919 1938 sed
958 1903 1102 1940 onme
1133 1886 1392 1954 judicium
1434 1885 1571 1936 dedit
1622 1880 1760 1934 Filio
1807 1898 1901 1934 suo
1935 1880 2112 1950 (Joan.
2145 1897 2194 1944 v,

632 1977 739 2045 22).
766 1977 820 2028 In
848 1974 1028 2029 Iuram
1058 1975 1317 2036 exet-Istis,
1345 1975 1466 2041 quia
1500 1974 1610 2041 ipse
1638 1971 1878 2025 ascendit
1907 1986 2064 2038 super
2087 1986 2193 2022 cm-

630 2065 708 2117 los
734 2064 989 2117 cmlorum
1032 2063 1222 2134 [Etlit.,
1265 2079 1422 2130 super
1456 2075 1640 2114 omnes
1675 2047 1882 2129 cados],
1924 2057 2003 2129 [ut
2033 2059 2198 2111 adim-

630 2153 799 2219 pleret
821 2153 1000 2206 omnia
1029 2169 1041 2206 :
1068 2162 1120 2205 et
1149 2152 1285 2204 sicut
1309 2151 1589 2204 I’salmista
1617 2150 1746 2204 dicit
1785 2168 1795 2200 :
1827 2147 2076 2200 Ea'celsus
2105 2164 2193 2198 su-

630 2259 721 2306 per
754 2258 926 2294 omnes
965 2254 1136 2310 gentes
1178 2255 1222 2294 et
1267 2259 1418 2310 super
1465 2241 1614 2292 t‘wlos
1655 2239 1819 2308 gloria
1862 2237 1976 2306 ejus
2025 2234 2191 2304 (Psal.

633 2348 760 2393 «λιι,
781 2330 876 2399 In.
897 2345 918 2369 ο
952 2332 1004 2384 1η
1035 2331 1249 2382 Amasia
1279 2330 1500 2396 populus
1523 2329 1780 2389 elevatus,
1811 2326 1933 2393 quia
1963 2340 2056 2394 per
2075 2340 2194 2376 eum

633 2422 865 2473 lictlcsia
897 2421 988 2472 Dei
1019 2421 1221 2473 elevata
1251 2430 1353 2481 est,
1385 2419 1467 2472 cui
1491 2416 1634 2471 dedit
1659 2423 1971 2485 potestatem
1998 2413 2193 2484 ligandi

629 2513 788 2584 [.52
828 2514 1188 2582 solvcmliquc.
1228 2513 1283 2565 In
1323 2513 1448 2567 Ozia
1490 2499 1737 2565 robustus
1783 2510 2024 2572 Domini,
2073 2509 2194 2576 quia

630 2606 894 2673 captivum
926 2605 1212 2657 lnnnannn:
1239 2617 1405 2671 genus
1429 2599 1504 2669 [in
1530 2601 1743 2652 robusta
1764 2596 1946 2667 manu]
1979 2595 2197 2664 capthi-

633 2704 739 2746 tate
771 2692 964 2763 Uidit,
1002 2692 1362 2758 captivitatem
1406 2691 1618 2742 humani
1662 2686 1894 2758 generis]
1923 2686 2193 2747 liberavit,

632 2791 686 2835 et
716 2783 766 2836 in
806 2781 909 2834 alta
947 2781 1200 2833 cmlurum
1233 2780 1469 2832 deduxit.
1513 2779 1565 2831 In
1607 2778 1862 2838 Joatlian,
1906 2774 2195 2844 perlectus,

631 2875 768 2927 sicut
793 2874 843 2924 in
871 2872 1156 2939 Evanbelio
1183 2872 1309 2923 dicit
1338 2889 1347 2921 :
1385 2870 1495 2922 Nos
1524 2872 1654 2920 enim
1687 2870 1832 2919 decet
1856 2866 2063 2934 implere
2091 2881 2198 2917 om-

635 2976 747 3012 nem
775 2961 1037 3028 justitiam
1067 2956 1275 3026 (Matth.
1313 2973 1393 3017 In,
1431 2958 1530 3025 13).
1582 2958 1633 3009 In
1675 2956 2198 3024 .-\clraz,-apprehen~

634 3051 782 3110 dens,
812 3047 901 3118 qui
942 3048 1120 3099 (telum
1160 3048 1329 3114 palmo
1359 3047 1656 3116 pontlerarit
1701 3044 1852 3113 (lsai.
1888 3057 1975 3106 xt,
2014 3042 2114 3110 I2),
2147 3051 2199 3095 et

2298 1894 2354 1934 sc
2380 1881 2708 1935 credentium
2738 1893 3020 1951 protector,
3055 1887 3143 1953 qui
3173 1887 3303 1939 dixit
3327 1905 3339 1939 :
3366 1887 3465 1952 Qui
3488 1890 3626 1942 misit
3649 1908 3728 1943 me
3747 1889 3856 1945 Pa-

2297 1981 2374 2023 ter
2401 1987 2595 2024 mecum
2624 1983 2729 2035 est,
2766 1983 2811 2026 et
2849 1991 2948 2026 non
2993 1973 3228 2042 relinquit
3267 1993 3346 2027 me
3389 1976 3552 2029 solum
3597 1988 3618 2017 ε
3667 1977 3848 2048 (Joan.

2297 2077 2410 2124 vnI,
2434 2062 2544 2130 29).
2579 2064 2633 2116 In
2662 2063 2873 2116 MatIIan
2897 2064 3111 2130 denunt,
3137 2065 3258 2133 quia
3281 2082 3375 2135 per
3397 2068 3566 2135 ipsum
3595 2070 3731 2124 Deus
3749 2071 3852 2124 Pa-

2297 2156 2378 2201 ter
2401 2150 2578 2203 omnia
2607 2153 2780 2205 debita
2805 2151 3116 2219 perdonavit
3143 2155 3319 2218 nobis;
3350 2165 3405 2208 et
3437 2157 3547 2224 ipse
3573 2160 3852 2213 ascendens

2294 2238 2346 2289 in
2376 2237 2536 2292 altum
2574 2238 2845 2309 [captivam
2882 2242 3029 2295 duxit
3049 2245 3414 2316 captit'itatem]
3440 2247 3578 2299 dedit
3602 2247 3740 2300 dona
3761 2249 3853 2301 ho-

2295 2325 2516 2378 minibus
2546 2324 2714 2396 (Psal.
2749 2345 2912 2392 van,
2958 2331 3046 2394 I9;
3097 2329 3285 2399 Ephes.
3329 2348 3397 2393 Iv,
3441 2333 3514 2402 8).
3566 2334 3620 2386 In
3665 2334 3848 2398 Iacob,

2295 2416 2435 2481 quod
2471 2426 2625 2470 antea
2667 2419 2798 2481 dixi,
2829 2421 3190 2486 supplantator
3213 2421 3416 2489 antiqui
3456 2424 3618 2476 hostis
3651 2424 3847 2482 nostri;

2295 2507 2417 2573 quia
2462 2508 2572 2560 suis
2606 2506 2847 2560 ﬁdelibus
2888 2508 3028 2561 dedit
3063 2517 3378 2576 potestatem
3419 2511 3655 2564 calcandi
3699 2529 3850 2581 super

2295 2606 2566 2665 serpentes,
2599 2608 2643 2650 et
2674 2599 2985 2666 scorpiones,
3013 2608 3061 2651 et
3085 2615 3237 2668 super
3262 2615 3460 2654 onmem
3489 2602 3720 2655 virtutem
3747 2604 3847 2656 ini-

2295 2686 2414 2738 mici
2445 2683 2592 2753 (Luc.
2626 2702 2679 2749 x,
2712 2685 2816 2754 19).
2845 2685 2899 2738 1η
2923 2684 3116 2753 Ioseph
3147 2696 3353 2750 auctus,
3395 2686 3500 2759 [cui
3526 2689 3667 2743 dedit
3697 2689 3848 2745 Pater

2295 2783 2463 2841 gentes
2489 2775 2540 2826 in
2569 2775 2914 2827 [nereditatem
2943 2791 3112 2838 suam,
3149 2786 3194 2829 et
3229 2777 3283 2828 in
3309 2779 3673 2844 possessionem
3701 2796 3850 2832 suam

2296 2867 2538 2917 terminos
2586 2876 2735 2917 teme
2774 2863 2942 2935 (Psal.
2990 2883 3047 2927 ll,
3094 2865 3179 2936 8)]
3222 2867 3324 2930 vel,
3361 2877 3699 2937 augmentum
3729 2869 3850 2922 vitae

2297 2964 2528 3015 πίει-ηερ,
2555 2963 2610 3007 ut
2641 2955 2753 3024 ipse
2779 2956 2911 3009 dixit
2938 2969 2952 3007 :
2984 2955 3094 3025 Ego
3117 2958 3247 3019 veni,
3277 2966 3330 3009 ut
3359 2959 3516 3010 citam
3541 2959 3782 3024 habeant,
3802 2969 3850 3013 et

2298 3043 2883 3096 abundantiushabeant
2908 3042 3084 3114 (Joan.
3109 3060 3164 3107 χ,
3195 3044 3294 3112 10).
3322 3046 3375 3099 In
3400 3056 3578 3100 sancta
3601 3055 3775 3100 autem
3797 3056 3850 3101 et

633 3117 831 3191 terram
859 3137 1056 3203 pugillo
1093 3136 1360 3187 concludit
1403 3133 1593 3202 [Etlit.,
1629 3132 1928 3202 conclusit].
1972 3133 2026 3184 In
2072 3132 2198 3185 Eze—
2225 3117 2272 3180 C
2303 3142 2553 3201 perpetua
2597 3135 2796 3202 virgine
2824 3133 3006 3194 Maria,
3034 3134 3098 3186 de
3121 3149 3223 3201 qua
3254 3144 3407 3189 natus
3439 3143 3537 3199 est,
3569 3135 3716 3189 stella
3741 3153 3851 3190 ma-

633 3226 772 3289 chia,
792 3227 1042 3279 fortitudo
1076 3225 1304 3284 Domini,
1328 3225 1414 3291 qui
1441 3222 1968 3289 ait:t.'onﬁtlite,quia
1990 3238 2078 3288 ego
2105 3222 2200 3273 rici

633 3318 880 3369 mundum
925 3313 1104 3383 (Joan.
1157 3330 1264 3376 xw,
1315 3314 1422 3378 55).
1464 3310 1603 3363 Item
1643 3311 1794 3378 juxta
1832 3309 2138 3376 Apostolum
2184 3326 2195 3358 :

635 3406 872 3460 Christus
903 3417 978 3461 est
1003 3405 1096 3458 Dei
1125 3407 1303 3466 virtus,
1327 3415 1371 3457 et
1393 3403 1486 3456 Dei
1514 3403 1766 3471 sapientia
1799 3400 1844 3468 (I
1877 3391 1996 3453 Cor.
2027 3417 2064 3462 ι,
2087 3401 2193 3471 2-1).

625 3498 681 3546 In
736 3499 973 3554 Manasse
1017 3498 1302 3550 obliviosos
1340 3495 1633 3563 iniquitatis
1681 3502 1909 3554 nostram
1962 3493 2096 3546 sicut
2146 3494 2198 3545 in

635 3588 880 3642 Ezechiel
925 3587 1116 3653 legitur
1155 3602 1167 3636 :
1213 3584 1274 3636 In
1299 3599 1599 3653 quacunque
1631 3583 1714 3633 die
1743 3598 2014 3634 conversus
2045 3581 2197 3648 fuerit

632 3689 868 3736 peccator
890 3676 950 3728 ab
977 3658 1230 3743 injustilia
1257 3691 1351 3726 sua
1371 3713 1384 3736 ,
1415 3689 1586 3724 omnes
1616 3670 1907 3740 iniquitates
1933 3670 2044 3738 ejus
2072 3670 2198 3721 obli-

639 3768 771 3818 rioni
801 3770 1068 3819 tradentur
1095 3763 1278 3834 [Edit.,
1324 3763 1551 3814 omnium
1592 3759 1918 3829 iniquitatum
1939 3758 2066 3832 \ejus
2097 3775 2203 3827 non.

639 3849 966 3921 recordttbor]
997 3852 1208 3923 (Ezech.
1249 3868 1398 3912 vaII,
1440 3851 1527 3910 ‘2l,
1562 3848 1672 3919 2:2).
1707 3847 1763 3899 In
1800 3848 1969 3900 Anton
2007 3847 2194 3907 ﬁdelis,

638 3942 728 4008 qui
782 3947 855 3991 ait
893 3959 901 3990 :
945 3937 1107 3992 Petite
1165 3949 1210 3991 et
1253 3940 1461 3990 dabitur
1503 3938 1656 3990 robis.
1707 3936 1834 3990 Item
1871 3936 2064 3989 Paulus
2100 3955 2109 3987 :
2143 3946 2200 3989 ut

637 4029 937 4083 misericors
968 4031 1134 4089 ﬁeret,
1165 4038 1218 4080 et
1265 4027 1432 4080 ﬁdelis
1455 4026 1690 4094 pontifex
1721 4026 1784 4079 ad
1822 4027 1986 4079 Deum
2013 4024 2192 4094 (llebr.

637 4116 732 4187 Ix).
763 4117 890 4170 Item
923 4115 1152 4170 Joannes
1185 4136 1196 4167 ε
1230 4117 1330 4180 Qui
1359 4117 1498 4168 testis
1535 4125 1606 4166 est
1646 4115 1811 4180 ﬁdelis
1841 4115 2020 4182 (.IpOt‘.
2049 4130 2086 4174 I,
2119 4113 2192 4182 ὅ).

637 4204 691 4258 III
720 4203 862 4258 Josia
895 4205 1037 4258 salus
1079 4205 1305 4264 Domini,
1334 4205 1454 4270 quia
1491 4205 1652 4255 omnis
1681 4204 1968 4271 quicunque
1994 4205 2199 4254 incocu—

639 4298 761 4347 cerit
788 4311 967 4347 nomen
1000 4293 1235 4355 Domini,
1263 4293 1431 4346 salrus
1466 4295 1579 4347 erit.
1622 4292 1676 4345 III
1711 4291 1960 4346 Jcclionia
1994 4309 2198 4360 pnepa-

640 4389 775 4440 ratio
805 4386 1036 4446 Domini,
1069 4385 1158 4453 qui
1182 4386 1252 4436 ait
1291 4400 1303 4436 :
1339 4385 1395 4438 Si
1434 4384 1627 4447 abiero,
1655 4393 1700 4435 et
1730 4399 2083 4458 pra'pararero
2114 4400 2197 4434 co-

637 4478 713 4529 Dis
758 4476 925 4526 locant
974 4473 1153 4543 (Joan.
1204 4489 1311 4534 xiv,
1351 4474 1425 4542 5).
1469 4473 1523 4524 III
1565 4471 1816 4524 Salalhiel
1865 4473 2045 4538 petitio
2081 4487 2195 4524 mea

639 4566 798 4627 Deus,
827 4564 915 4632 qui
952 4564 1024 4615 ait
1060 4583 1070 4615 :
1117 4560 1273 4615 Pater
1312 4573 1483 4614 sancte
1525 4577 1666 4613 serra
1708 4577 1822 4622 eos,
1849 4577 1973 4628 quos
2010 4560 2196 4613 dedisti
2235 4601 2237 4607 .

641 4654 763 4704 mihi
793 4652 967 4722 (Joan.
1003 4668 1131 4715 xvn,
1163 4654 1263 4721 11).
1289 4653 1342 4705 In
1372 4649 1661 4706 Zorobabel
1685 4649 1934 4717 magister
1954 4633 2194 4717 peccaui-

643 4760 759 4798 rum
793 4752 845 4797 et
873 4745 1271 4811 publicanorum
1293 4786 1304 4803 .
1336 4754 1390 4796 ut
1427 4759 1518 4796 eos
1557 4739 1623 4793 al)
1649 4753 1829 4792 errore
1857 4741 1974 4791 vitae
2002 4738 2191 4809 [Edit.,

644 4837 763 4906 vim]
795 4851 901 4890 sure
930 4846 1218 4889 revocaret.
1251 4835 1334 4904 [Et
1358 4835 1493 4886 sicut
1523 4830 1775 4901 ipse‘ait:
1816 4827 1922 4880 Nec
1953 4830 2192 4880 vocemini

643 4927 893 4994 magistri,
909 4926 1027 4993 quia
1046 4925 1286 4991 magister
1309 4933 1462 4974 rester
1486 4935 1615 4971 unus
1637 4928 1708 4971 est
1731 4917 1962 4970 Christus
1985 4915 2192 4984 (.Ilatth.

646 5033 794 5078 mn,
835 5016 913 5082 10)
943 5016 976 5085 j.
1008 5015 1062 5067 In
1103 5013 1296 5064 Aliiutli
1339 5021 1488 5076 pater
1529 5023 1676 5060 meus
1712 5009 1837 5071 iste,
1870 5007 1991 5074 quia
2019 5005 2148 5058 dixit
2180 5022 2192 5056 :

645 5102 754 5168 Ego
775 5113 818 5153 et
839 5101 996 5153 l’ule'
1020 5118 1174 5153 unum
1199 5114 1373 5151 sumus
1399 5095 1576 5165 (Joan.
1600 5111 1652 5156 x,
1676 5095 1761 5163 50)
1784 5111 1796 5154 ;
1821 5103 1872 5145 et
1897 5095 1984 5161 qui
2005 5093 2190 5162 [Ed.'t.,

643 5194 764 5262 quia
795 5192 925 5260 ipse]
957 5201 1036 5246 est
1074 5192 1229 5243 Pater
1276 5198 1328 5241 et
1371 5193 1529 5255 caput
1567 5185 1800 5238 omnium
1847 5182 2191 5235 credentium.

644 5285 698 5336 In
729 5284 982 5338 Eliachim
1018 5281 1223 5332 Domini
1269 5276 1619 5337 resurrectio,
1663 5283 1718 5328 ut
1761 5273 1833 5324 ait
1867 5290 1876 5322 :
1912 5269 2045 5341 [Ego
2079 5287 2188 5322 sum

717 5451 738 5474 ³
783 5434 920 5486 Edit.
951 5453 1083 5494 om.,
1117 5433 1177 5484 In
1206 5428 1891 5494 .Imasia....,soleendique.

720 5507 743 5543 ι»
784 5504 920 5557 Edit.
962 5521 972 5531 ο
1007 5521 1023 5550 ι
1053 5492 1106 5573 l_n
1134 5502 1282 5573 Eliud
1317 5501 1453 5553 Deus
1478 5510 1646 5573 meus,
1670 5492 1799 5573 quia
1822 5497 1930 5562 ipse
1950 5502 2034 5573 est
2058 5492 2195 5573 Deus

651 5591 713 5626 ex
735 5574 1026 5626 substantia
1058 5569 1231 5623 Patris
1257 5579 1380 5622 ante
1406 5565 1596 5622 saecula
1623 5566 1848 5635 genitus,
1875 5565 1962 5631 qui
1990 5565 2040 5614 in
2059 5565 2196 5635 pati-

653 5641 771 5697 bqu
793 5644 962 5696 crucis
988 5641 1118 5695 dixit
1148 5660 1156 5690 :
1184 5639 1282 5704 Eli,
1309 5638 1406 5704 Eli,
1430 5638 1531 5692 hoc
1557 5633 1644 5690 est
1667 5654 1676 5686 :
1702 5633 1837 5688 Deus
1865 5647 2032 5696 meus,
2059 5633 2197 5683 Deus

2303 3223 2398 3283 ris,
2429 3232 2478 3274 et
2503 3223 2587 3274 lux
2619 3221 2775 3289 hujus
2799 3223 2974 3276 saaculi
3006 3222 3141 3294 [ipse
3170 3233 3267 3287 est,
3297 3227 3432 3278 sicut
3461 3226 3570 3294 ipse
3597 3227 3669 3278 ait
3697 3245 3708 3278 :
3740 3225 3852 3295 Ego

2299 3328 2412 3364 sum
2434 3312 2524 3364 lux
2551 3312 2727 3364 mundi
2753 3311 2928 3383 (Joan.
2963 3329 3076 3377 \‘lll,
3111 3314 3228 3384 19.)]
3250 3315 3338 3382 qui
3366 3314 3623 3366 illuminat
3653 3331 3852 3366 omnem

2300 3402 2554 3455 hominem
2581 3405 2857 3456 venientem
2883 3405 2934 3458 in
2969 3405 3104 3456 hunc
3136 3405 3381 3456 nntndum
3413 3403 3587 3473 (Joan.
3619 3421 3656 3468 I,
3689 3404 3764 3474 9).
3797 3405 3852 3458 In

2299 3493 2511 3560 proprio
2543 3494 2754 3547 nomine
2779 3491 2902 3546 Iesu
2928 3494 3175 3548 salutaris
3201 3494 3281 3547 vel
3323 3493 3567 3547 Salvator
3607 3503 3719 3560 est,
3759 3511 3853 3548 an—

2299 3581 2416 3651 gelo
2435 3592 2747 3649 exponente,
2769 3583 2857 3650 qui
2885 3584 2958 3637 ait
2985 3602 2996 3636 :
3025 3583 3141 3654 Ipse
3172 3585 3306 3637 enim
3340 3584 3537 3638 salvum
3575 3585 3728 3654 faciet
3762 3601 3852 3655 po-

2296 3669 2471 3738 pulum
2511 3689 2660 3724 suum
2697 3690 2728 3723 a
2767 3674 2986 3741 peccatis
3025 3689 3198 3726 eorum
3240 3672 3448 3742 (Matth.
3492 3690 3532 3738 I,
3561 3674 3670 3745 21).
3709 3673 3850 3729 Idem

2299 3774 2424 3810 vero
2467 3759 2740 3822 Christus,
2781 3761 2832 3813 id
2864 3768 2947 3812 est
2985 3768 3202 3825 unctus,
3235 3761 3526 3830 appellatus
3552 3774 3632 3817 est
3653 3804 3667 3827 ,
3693 3778 3850 3834 quem

2299 3848 2444 3899 unxit
2488 3847 2623 3899 Deus
2659 3850 2709 3900 in
2750 3850 3074 3903 humanitate
3111 3851 3228 3906 oleo
3270 3852 3482 3919 laetitite,
3528 3855 3580 3908 id
3615 3861 3718 3919 est,
3760 3871 3851 3910 un-

2298 3940 2472 3991 ctione
2501 3939 2671 3991 sancti
2702 3939 2953 4006 Spiritus,
2976 3941 3027 3993 in
3058 3943 3407 4007 sacerdotem,
3430 3954 3482 3997 et
3513 3959 3687 4014 regem
3715 3959 3853 3998 scm-

2297 4029 2562 4094 pitcrmnu
2603 4048 2612 4079 ;
2646 4037 2906 4096 quatenus
2933 4028 3282 4092 Christianos,
3309 4045 3371 4083 ex
3401 4045 3494 4083 suo
3523 4033 3734 4086 nomine
3762 4048 3852 4084 vo-

2298 4125 2464 4177 catos,
2491 4133 2584 4182 per
2623 4117 2672 4168 id
2702 4118 2840 4183 quod
2867 4117 3110 4171 Salvator
3133 4127 3232 4182 est,
3273 4133 3302 4170 a
3331 4121 3561 4187 peccatis
3586 4121 3848 4188 salvaret;

2299 4219 2392 4270 per
2413 4204 2460 4255 iJ
2484 4203 2621 4271 quod
2645 4205 2894 4256 sacerdos
2915 4215 3020 4269 est,
3041 4207 3148 4259 Deo
3171 4205 3313 4259 Patri
3339 4209 3732 4279 reconciliaret;
3757 4225 3850 4279 per

2298 4291 2348 4342 i.|
2374 4293 2511 4358 quod
2548 4307 2638 4344 rex
2668 4300 2768 4353 est,
2797 4293 2848 4344 in
2877 4308 3094 4360 regnum
3118 4276 3495 4362 sempiternum
3543 4297 3844 4352 collocaret.

2299 4380 2413 4446 Ipse
2441 4379 2583 4449 [Ipse
2610 4381 2764 4444 enim,
2790 4390 2843 4434 et
2865 4389 3079 4445 caetera,
3120 4397 3285 4451 usque
3316 4403 3327 4435 :
3359 4385 3540 4447 Amen,
3568 4387 3766 4439 omissa
3795 4385 3846 4438 in

2302 4469 2437 4521 Edit.
2483 4470 2700 4540 Quem]
2728 4472 2866 4523 enim
2893 4486 2988 4538 per
3012 4471 3141 4525 istas
3169 4474 3514 4542 quadraginta
3543 4475 3672 4529 duas
3702 4492 3850 4529 man-

2299 4558 2473 4611 siones
2497 4559 2640 4611 venit
2672 4560 2722 4611 in
2758 4559 3026 4621 mundum,
3057 4568 3114 4612 ut
3147 4577 3242 4614 nos
3271 4575 3364 4628 per
3393 4563 3519 4617 istas
3545 4579 3752 4633 quoque
3793 4564 3848 4619 in

2293 4654 2492 4698 terram
2522 4647 2808 4700 viventium
2829 4687 2843 4710 ,
2871 4657 3081 4701 internae
3119 4649 3480 4716 promissionis
3513 4653 3805 4706 introducat
3830 4669 3844 4716 ;

2297 4737 2383 4790 ubi
2411 4736 2464 4788 in
2495 4735 2695 4789 caelesti
2721 4735 3070 4801 Hierusalem,
3099 4748 3348 4807 perpetua
3377 4756 3506 4808 pace
3537 4744 3845 4810 gaudentes,

2297 4825 2564 4894 regnaturi
2593 4826 2789 4878 erimus
2816 4824 2866 4877 in
2891 4825 3076 4878 s'ecula
3108 4829 3439 4881 srcculorum.
3461 4829 3647 4882 Amen.

2545 4955 2701 5027 453
2740 4958 3278 5014 INTERPRETATIO
3317 4958 3626 5014 MORALIS.

2371 5089 2638 5142 Moralitcr
2683 5091 2762 5142 lue
2805 5106 3014 5158 quoque
3069 5090 3525 5155 interpretationes
3565 5092 3840 5145 nominum

2301 5183 2366 5232 ad
2412 5188 2643 5232 nostram
2674 5179 3072 5232 :ediﬁcationem
3099 5178 3422 5234 multimodis
3450 5181 3717 5249 pertinere
3747 5194 3843 5234 no.

2302 5280 2538 5322 seuntur.
2593 5269 2743 5323 Sicut
2793 5268 3036 5321 Christus
3063 5267 3257 5336 ubique
3306 5278 3502 5323 nostra
3540 5269 3729 5324 salutis
3753 5282 3840 5338 ge-

2298 5418 2898 5494 meuswlillatthnxxvn).
2933 5439 2949 5469 ι
2995 5487 3027 5494 κ
3376 5482 3406 5494 ,,

2368 5502 2387 5527 ε
2434 5492 2568 5543 Edit.
2599 5508 2608 5541 :
2640 5507 2656 5537 ι
2685 5489 2738 5540 1η
2762 5484 2973 5541 Eleasar
2995 5487 3132 5538 Deus
3157 5498 3302 5554 meus
3325 5484 3551 5554 adjutor,
3577 5487 3699 5554 quia
3728 5487 3837 5552 ipse

2298 5560 2502 5625 adjutor
2530 5561 2580 5610 in
2605 5557 3101 5625 opportunitatibus,
3134 5553 3184 5604 in
3209 5552 3563 5625 tribulatione,
3591 5552 3642 5608 et
3663 5563 3836 5622 prote-

2299 5619 2411 5684 ctor
2434 5619 3016 5695 omnium'sperantium
3045 5623 3096 5673 in
3125 5635 3180 5674 se
3210 5619 3376 5690 (Psal.
3409 5624 3505 5694 Ix).
3538 5642 3556 5673 ι
