4286 6206
556 319 651 373 731

1385 321 1442 373 Β.
1486 320 1545 375 l".
1586 320 1806 374 ALBINI
1848 319 1975 377 SEU
2017 321 2285 377 ALCUlNl
2326 320 2605 381 OI‘ERUM
2646 325 2822 384 PARS
2860 324 2919 383 ll.

3671 329 3772 389 732

550 432 775 493 ct‘cntes,
793 429 947 499 justa
973 428 1313 497 Evangelium
1345 448 1356 480 :
1388 430 1561 484 Estote
1583 430 1815 500 perfecti,
1846 432 1975 486 sicut
2005 431 2109 485 Pa-
2138 442 2181 495 Α
2210 450 2300 503 per
2323 452 2379 488 os
2408 446 2584 499 tuum;
2612 448 2664 488 tu
2697 455 2810 493 vero
2854 440 3011 493 odisti
3037 442 3386 511 disciplinam,
3420 452 3466 498 et
3511 448 3775 517 projecisti

554 536 629 572 ter
656 532 815 573 rester
862 518 1075 573 coalestis
1134 520 1387 588 perfectus
1433 531 1505 573 est
1557 520 1770 591 (Matth.
1802 538 1854 586 ν,
1902 521 1992 591 48)
2035 521 2111 593 [in

552 612 801 663 omnibus
831 610 1074 679 nosipsos
1142 609 1443 678 exemplum
1467 613 1787 680 prmbentes,
1835 621 1887 668 et
1922 614 2114 668 docen-

556 709 638 753 tes
667 715 876 753 omnem
905 700 1171 753 hominem
1201 700 1252 752 in
1284 701 1427 754 omni
1465 702 1741 771 sapientia,
1772 711 1831 756 ut
1856 703 2112 758 exhibea-

553 805 672 842 mus
728 805 937 843 omnem
961 790 1227 849 hominem
1254 789 1594 863 perfectum].
1628 791 1685 845 ln
1711 792 1913 858 Achaz,
1940 802 1997 847 ut
2018 808 2113 861 ap-

554 879 945 945 prehendamus
1008 880 1146 932 viam
1196 879 1382 933 salutis
1434 889 1649 945 nostraa,
1697 891 1925 951 quaeest
1961 882 2116 937 Chri-

553 978 685 1029 stus,
746 969 836 1036 qui
893 967 1070 1021 dixit:
1115 968 1227 1037 Ego
1290 986 1403 1022 sunt
1452 971 1555 1032 uia,
1602 972 1791 1024 veritas
1847 981 1894 1025 et
1944 973 2047 1024 vita
2089 984 2114 1012 ι

553 1055 736 1120 (Joan.
782 1072 889 1120 xlv,
916 1055 989 1126 6).
1019 1056 1074 1109 ln
1106 1057 1353 1121 Ezechia,
1377 1067 1435 1111 ut
1455 1057 1729 1114 laudemus
1749 1058 2116 1113 fortitudinem

553 1144 759 1198 Domini
788 1147 1070 1214 pugnantis
1097 1163 1194 1216 pro
1244 1150 1429 1213 nobis;
1486 1142 1539 1202 et
1583 1161 1642 1202 ut
1665 1150 1757 1203 ille
1783 1166 1879 1203 nos
1907 1150 2117 1210 confore

553 1244 629 1287 ιρι
682 1233 979 1303 llagttemus
1028 1236 1073 1288 ι).
1129 1236 1182 1289 ιιι
1241 1236 1500 1299 lllanassc,
1549 1247 1606 1293 ut
1652 1240 1895 1295 obliviosi
1948 1242 2117 1296 simus

552 1323 863 1390 injuriarum
910 1336 1212 1379 nostrarum
1242 1337 1261 1365 ε
1293 1337 1346 1380 et
1388 1329 1659 1397 praeterita
1717 1330 2113 1395 obliviscentes,

552 1430 762 1487 semper
797 1417 850 1470 in
888 1426 1042 1471 antea
1069 1418 1367 1472 tendamus.
1411 1419 1466 1472 ln
1501 1418 1694 1484 Amon,
1728 1429 1785 1475 ut
1806 1431 2009 1477 stemus
2062 1424 2116 1477 in

553 1508 673 1570 ﬁde,
729 1508 781 1561 in
820 1524 925 1578 qua
970 1509 1235 1579 possimus
1263 1510 1440 1563 omnia
1476 1510 1580 1563 tela
1619 1512 1785 1578 ignita
1841 1512 2118 1567 diabolica:

552 1596 755 1651 fraudis
778 1598 1089 1666 extinguere
1116 1597 1165 1649 δ.
1194 1597 1251 1650 In
1298 1596 1463 1663 .losia,
1499 1606 1557 1652 ut
1613 1600 1836 1654 salutem
1882 1601 2111 1667 Domini,

548 1700 707 1752 quam
743 1685 830 1739 ille
860 1686 1014 1739 nobis
1042 1695 1295 1753 praestare
1323 1685 1573 1757 dignatus
1617 1695 1718 1753 est,
1758 1697 1870 1744 tota
1918 1690 2113 1745 virtute

2216 538 2474 576 sermones
2524 541 2659 578 meos
2702 537 2979 581 retrorsum
3011 529 3179 600 (Psal.
3232 547 3378 599 XLIX,
3423 533 3509 600 i6,
3538 534 3626 608 17)
3717 538 3773 592 In

2214 611 2432 672 Ahiuth,
2474 622 2525 664 ut
2552 614 2620 666 sit
2655 616 2811 668 nobis
2859 616 3000 673 Deus
3045 619 3097 673 in
3126 619 3362 687 Patrem,
3413 631 3468 678 et
3489 639 3589 680 nos
3608 625 3686 679 illi
3723 628 3775 680 in

2215 699 2351 753 ﬁlios
2376 708 2428 753 ct
2485 700 2650 765 ﬁlias,
2680 702 2942 774 [habentes
2962 709 3203 776 spiritum
3250 710 3559 781 adoptionis,
3592 714 3646 769 in
3672 732 3777 785 quo

2214 784 2518 850 clamamus,
2547 788 2689 842 Abba
2723 788 2921 846 Pater!
2974 792 3033 848 Si
3056 806 3229 849 autent
3262 798 3381 867 ﬁlii.
3427 809 3476 854 et
3504 784 3775 867 heredes;

2214 874 2440 927 litercdes
2477 878 2680 945 quidem
2707 877 2825 943 Dei,
2856 882 3145 937 coltwredes
3182 894 3355 939 autem
3382 884 3577 941 Christi
3602 888 3773 959 (Rom.

2216 979 2333 1026 vm,
2374 963 2459 1028 15,
2494 965 2623 1036 17)].
2653 967 2709 1020 ln
2748 968 3027 1034 Eliacbim,
3076 982 3133 1026 ut
3171 988 3516 1045 resurgamus
3544 993 3575 1031 a
3602 990 3772 1033 morte

2216 1054 2438 1119 peccati,
2491 1063 2543 1107 et
2601 1056 2843 1111 vivamus
2878 1058 2986 1114 Deo
3032 1060 3086 1114 in
3139 1061 3340 1131 Spiritu
3395 1074 3580 1121 sancto
3628 1069 3673 1122 ⁸.
3716 1067 3776 1122 ιιι

2215 1143 2379 1208 Azur,
2410 1154 2467 1199 ut
2495 1145 2780 1214 adjuvante
2807 1149 2914 1203 Deo
2942 1143 3187 1209 inimicos
3222 1155 3411 1211 salutis
3428 1167 3627 1213 nostra:
3664 1160 3777 1215 vin-

2216 1247 2398 1287 camus
2436 1235 2484 1286 ιι.
2534 1234 2589 1288 ln
2613 1228 2839 1301 Sadoch,
2877 1247 2935 1291 ut
2955 1238 3236 1306 iustiﬁcari
3267 1258 3569 1299 mereamur
3592 1247 3660 1301 ab
3688 1262 3775 1310 eo,

2216 1324 2303 1391 qui
2334 1322 2589 1389 justiﬁcat
2612 1325 2831 1393 impium
2863 1329 2903 1379 ἱ.
2933 1328 2987 1380 ln
3025 1328 3291 1397 Joacbim,
3315 1341 3373 1386 ut
3399 1332 3595 1389 fratres
3617 1334 3775 1391 Chri-

2217 1414 2304 1473 sti,
2336 1421 2535 1466 matres
2560 1422 2612 1467 et
2646 1428 2860 1469 sorores
2894 1417 3078 1481 simus,
3108 1419 3162 1473 in
3199 1434 3263 1475 eo
3284 1428 3343 1475 ut
3375 1421 3634 1477 faciamus
3663 1421 3780 1491 eius

2216 1503 2539 1557 voluntatem
2564 1502 2609 1556 i.
2644 1504 2698 1557 ln
2724 1505 2925 1571 Eliuth,
2964 1515 3022 1560 ut
3043 1508 3243 1561 nullum
3270 1510 3560 1565 habeamus
3584 1505 3771 1574 Deum.

2218 1592 2317 1644 nisi
2356 1592 2634 1645 Dontinum
2678 1591 2858 1647 Jcsum
2897 1594 3193 1661 Christum,
3222 1595 3331 1668 [cui
3353 1610 3502 1654 omne
3529 1617 3663 1671 genu
3686 1604 3780 1672 ﬂe-

2218 1683 2390 1745 ctitur,
2420 1691 2465 1735 et
2495 1684 2659 1735 omnis
2692 1683 2870 1753 lingua
2896 1685 3169 1753 conﬁtetur
3195 1684 3411 1758 (Philip.
3440 1706 3500 1755 tt,
3532 1690 3614 1755 10,
3649 1693 3735 1764 Μ)
3761 1711 3775 1757 ;

548 1782 603 1827 et
645 1772 955 1829 fortitudine
998 1790 1284 1844 sequamur
1319 1788 1363 1829 ο.
1412 1776 1468 1830 ln
1520 1776 1794 1843 Jechonia,
1852 1788 1912 1833 ut
1944 1781 1997 1834 in
2024 1782 2117 1835 ad—
2150 1762 2191 1823 Β
2217 1792 2240 1824 υ

2084 1782 2117 1833 ι-
2150 1762 2191 1823 Β
2217 1780 2267 1824 ct
2295 1781 2348 1823 ut
2375 1772 2472 1841 ipsi
2513 1772 2608 1826 soli
2638 1771 2961 1826 sacriﬁcium
2994 1774 3165 1829 laudis
3193 1776 3548 1843 immolemus,
3577 1788 3632 1833 et
3653 1762 3776 1836 vota

549 1873 710 1919 ventu
765 1865 973 1920 Domini
1017 1865 1299 1938 [secundo]
1345 1869 1518 1937 parati
1566 1867 1761 1939 [Edit.,
1800 1870 2110 1943 praeparati]

552 1954 743 2018 simus,
781 1954 1063 2023 vigilantes
1088 1963 1141 2010 et
1175 1954 1335 2026 455
1364 1966 1597 2021 orantes,
1639 1974 1708 2013 ne
1736 1960 2034 2015 incidamus
2062 1961 2115 2014 in

553 2046 903 2099 tentationem
942 2043 1059 2116 [sed
1102 2060 1222 2100 cum
1258 2046 1362 2100 illis
1400 2048 1601 2103 intrare
1647 2049 1712 2103 ad
1743 2051 1954 2118 nuptias
2008 2065 2119 2105 me-

551 2152 789 2202 reamur,
808 2137 872 2193 de
887 2138 1081 2207 quibus
1104 2139 1216 2207 ipse
1229 2138 1360 2193 dicit
1384 2154 1397 2191 :
1416 2140 1563 2193 Beati
1573 2150 1692 2194 sunt
1706 2142 1841 2194 servi
1854 2140 1951 2205 illi,
1966 2158 2114 2210 quos,

552 2244 671 2281 cum
715 2228 907 2282 venerit
950 2227 1226 2293 Dominus,
1264 2229 1515 2283 inuenerit
1540 2228 1810 2299 vigilantes
1841 2228 1991 2300 (Luc.
2040 2246 2115 2284 ιιι

550 2316 688 2387 37)].
740 2317 795 2371 lu
824 2316 1105 2381 Salathiel,
1151 2327 1210 2371 ut
1230 2334 1388 2373 unam
1421 2319 1731 2387 petitionem
1770 2327 2033 2388 petamus,
2065 2320 2117 2373 id

546 2419 650 2471 est,
684 2417 742 2462 ut
765 2407 1128 2463 iuhabitemus
1155 2410 1209 2463 in
1232 2410 1392 2465 domo
1417 2410 1623 2465 Domini
1647 2412 1898 2465 omnibus
1924 2412 2115 2466 diebus

547 2501 671 2552 vita:
702 2507 897 2553 nostra:
924 2497 965 2552 ί.
1028 2498 1085 2552 ln
1129 2498 1447 2561 Zorobabcl,
1478 2507 1538 2552 ut
1559 2499 1729 2554 simus
1757 2499 2001 2568 magistri
2032 2512 2118 2551 ve-

550 2580 755 2654 ritatis,
803 2589 1150 2660 prohibentes
1219 2589 1560 2658 magisteria,
1614 2597 1668 2642 et
1743 2589 2115 2643 htereticorum

492 2723 497 2727 .
545 2679 885 2734 confusiones
956 2676 1032 2748 [et
1104 2692 1223 2744 qua:
1284 2677 1463 2731 verbis
1514 2678 1799 2739 docemus,
1858 2676 2116 2746 exemplis

546 2754 1001 2831 commendemus,
1032 2782 1098 2821 ne
1127 2768 1192 2821 de
1224 2767 1379 2821 nobis
1407 2768 1550 2821 dicat
1602 2767 1743 2821 Dens
1778 2786 1790 2819 :
1832 2766 2009 2832 Quare
2058 2778 2115 2821 tu

547 2877 762 2914 enarras
774 2859 1016 2928 justitias
1046 2874 1205 2921 meas,
1228 2867 1275 2911 et
1303 2857 1525 2910 assumis
1551 2866 1908 2911 testamentum
1945 2874 2114 2911 meum

488 3020 491 3023 ,
620 2982 644 3009 ι
679 2970 816 3023 Edit.
860 2983 875 3021 :
919 2985 941 3017 r
982 2967 1038 3021 ln
1068 2965 1269 3029 Achaz,
1303 2974 1361 3019 ut
1386 2966 1850 3035 apprehendamus
1878 2965 2114 3033 discipli-

548 3056 695 3103 nam,
724 3053 789 3093 ne
809 3039 1022 3103 quando
1051 3038 1318 3090 irascatur
1349 3036 1622 3095 Dominus,
1651 3043 1705 3088 et
1737 3048 2018 3103 pereamus
2043 3035 2108 3090 de

2216 1870 2395 1917 nostra
2434 1863 2740 1927 reddamus,
2770 1863 3048 1932 ipsumque
3075 1866 3245 1919 solum
3291 1857 3593 1933 adoremus,
3616 1884 3776 1938 quem

2214 1963 2426 2023 Oportet
2453 1952 2665 2006 adorari
2701 1953 2755 2006 in
2793 1954 2979 2022 spiritu
3008 1964 3055 2006 et
3081 1954 3291 2007 veritate
3320 1956 3501 2025 (Joan.
3538 1974 3612 2023 tv,
3636 1958 3776 2031 25)].

2215 2043 2271 2096 lu
2324 2043 2583 2108 Eleazar,
2638 2052 2695 2096 ut
2740 2042 3108 2108 conﬁteantur,
3163 2045 3391 2101 salutem
3437 2057 3675 2103 nostram
3724 2051 3778 2104 in

2218 2134 2442 2189 Domino
2495 2133 2620 2189 Jesu
2658 2134 3026 2190 tantummodo
3072 2143 3319 2192 constare
3349 2127 3397 2190 ει.
3438 2137 3494 2193 In
3540 2138 3773 2200 Mathan.

2217 2234 2275 2279 ut
2327 2227 2521 2280 donum
2566 2226 2736 2280 sancti
2784 2225 3018 2293 Spiritus
3060 2228 3413 2297 accipientes,
3468 2245 3571 2284 non
3612 2232 3781 2285 simus

2216 2317 2655 2384 coneupiscentes
2682 2315 2962 2381 malorum,
3010 2318 3147 2372 sicut
3165 2328 3349 2388 gentes
3400 2318 3442 2375 ι.
3484 2321 3543 2376 Ιιι
3591 2320 3777 2386 Iacob.

2216 2417 2274 2458 ut
2310 2414 2546 2459 rectores
2595 2406 2932 2459 tenebrarum
2983 2407 3191 2471 harum,
3245 2424 3365 2462 cum
3408 2410 3553 2465 vitiis
3580 2414 3782 2467 nostris

2216 2499 2476 2569 spirituali
2513 2498 2823 2553 fortitudine
2867 2499 3265 2568 supplantemus
3294 2512 3355 2553 ω.
3400 2501 3458 2556 In
3484 2500 3696 2572 Ioseph,
3721 2516 3778 2559 ut

2216 2587 2496 2642 deﬁciente
2560 2586 2828 2640 exteriore
2873 2586 3089 2641 homine
3141 2587 3364 2643 interior
3408 2602 3669 2660 augeatur
3715 2593 3779 2647 de

2214 2676 2377 2747 5,56
2399 2675 2483 2729 die
2506 2677 2558 2728 in
2581 2676 2742 2739 diem,
2770 2676 2936 2731 donec
2958 2676 3307 2745 spiritualiter
3332 2680 3386 2734 in
3412 2682 3567 2737 nobis
3585 2683 3779 2737 conﬁr-

2214 2775 2390 2819 metur
2416 2764 2663 2821 Christus
2696 2774 2744 2828 υ,
2772 2772 2826 2819 et
2848 2780 2946 2834 per
2968 2765 3212 2830 Mariam,
3243 2766 3296 2821 id
3321 2776 3422 2833 est,
3447 2768 3627 2823 lumen
3654 2770 3773 2825 ﬁdei

2213 2863 2268 2910 et
2290 2854 2483 2909 divina:
2508 2854 2710 2922 gratiae,
2752 2852 3009 2908 ducamur
3052 2854 3119 2909 ad
3169 2854 3492 2912 inelabilem
3536 2860 3777 2929 omnipo-

2213 2980 2341 3018 num
2390 2962 2686 3030 adjutorem
2732 2970 2975 3017 nostrum
3016 2979 3137 3019 cum
3188 2963 3471 3021 Psslmista
3511 2968 3777 3024 collaude-

2214 3049 2334 3105 mus
2357 3074 2369 3096 ,
2412 3034 2651 3088 dicentes
2676 3051 2704 3105 γε
2742 3033 2998 3087 Dominus
3019 3033 3234 3105 adjuter
3255 3044 3304 3088 et
3331 3045 3591 3105 protector
3611 3054 3778 3103 meus,

548 3093 631 3161 ria
654 3093 797 3176 jitsta
827 3093 997 3178 (Psal.
1029 3122 1091 3178 tt,
1131 3106 1238 3174 ιε),
1275 3120 1392 3178 qua:
1412 3093 1661 3159 Christus
1682 3093 1785 3168 est,
1812 3102 1902 3171 qui
1927 3102 2063 3157 dixit
2088 3122 2099 3157 :
2134 3093 2179 3154 C
2210 3113 2257 3157 et
2277 3104 2331 3155 in
2351 3093 2461 3178 ipso
2486 3104 2706 3173 speravit
2733 3114 2824 3155 cor
2846 3118 3039 3169 meum,
3059 3093 3108 3157 εἳ
3132 3093 3347 3174 adjutus
3384 3121 3499 3159 sum
3533 3126 3551 3160 ι
3590 3093 3773 3178 (Ρεαιί

550 3174 669 3246 Ego
688 3194 801 3230 sum
826 3174 925 3239 ria,
954 3176 1139 3246 ueritas
1167 3184 1213 3246 et
1236 3174 1365 3246 rita.
1406 3192 1423 3224 ι

622 3249 646 3285 δ
687 3247 824 3299 Edit.
862 3262 875 3300 :
913 3264 929 3294 ι
967 3244 1021 3298 ln
1056 3244 1303 3305 Ezechia,
1352 3253 1409 3296 ut
1440 3242 1603 3298 fortes
1632 3242 1837 3297 Domini
1893 3243 2110 3296 resista-

549 3331 668 3370 mus
693 3316 999 3369 a:lve.rsario
1023 3322 1207 3366 nostro
1233 3313 1459 3371 diabolo,
1494 3314 1584 3381 qui
1612 3321 1866 3381 tanquam
1901 3310 1983 3363 leo
2020 3326 2111 3364 ru-

549 3388 701 3455 giens
717 3384 979 3455 circumit.
1006 3396 1259 3455 quaerens
1272 3396 1426 3455 quem
1445 3380 1659 3455 devoret
1680 3397 1694 3455 ξ
1721 3380 1825 3455 non
1849 3380 1900 3432 in
1925 3388 2109 3434 nostra

549 3448 745 3507 i‘irtttte
774 3448 1118 3512 conﬁdentes,
1171 3448 1261 3503 sed
1313 3450 1521 3503 Domini
1572 3449 1936 3504 fortitudinem
1987 3465 2109 3505 cum

547 3524 827 3579 Psalmisla
856 3520 1217 3576 collaudantes
1260 3537 1271 3570 :
1326 3517 1601 3571 Fortitudo
1636 3536 1747 3572 mea
1772 3528 1819 3571 et
1842 3518 1958 3571 laus
1996 3536 2109 3572 mea

550 3592 832 3653 Dominus,
874 3602 921 3645 et
969 3589 1140 3661 factus
1187 3598 1259 3641 est
1304 3587 1427 3640 mihi
1476 3588 1529 3640 in
1584 3587 1805 3641 salutem
1864 3606 1882 3638 ι
1934 3586 2105 3659 (Psal.

548 3678 713 3720 cxrtt.
757 3662 862 3720 is).

548 3663 1166 3799 cy‘znéditikcrguntzt
1198 3734 1252 3799 et
1278 3726 1357 3781 eis
1406 3726 1495 3795 qui
1551 3734 1873 3799 contrahas
1922 3735 2105 3799 agunt.

551 3810 767 3876 propter
790 3794 978 3852 nomen
1002 3798 1206 3876 Domi_tt_i
1237 3798 1640 3876 ignoscamus}.
1658 3810 1722 3875 ne
1742 3794 1869 3848 illud
1893 3794 2108 3875 maledi-

549 3864 694 3922 ἱιιιιῐιι
729 3870 1060 3922 ittcurramus
1086 3886 1096 3919 :
1128 3864 1338 3918 Dimitte
1362 3865 1507 3917 nobis
1557 3864 1728 3917 debita
1769 3873 1945 3916 nostra
1976 3865 2107 3916 sicut

548 3949 595 3991 et
620 3954 709 3990 nos
728 3938 1031 3989 dimittimus
1058 3934 1370 3987 debitoribus
1399 3933 1609 3985 nostris.
1651 3952 1668 3983 ι

619 4005 644 4043 δ
683 4006 824 4059 Edit.
862 4022 873 4056 :
912 4023 929 4053 ι
972 4004 1029 4056 ln
1061 4004 1307 4065 Ammon,
1345 4011 1403 4054 ut
1426 4001 1643 4064 ﬁdeles,
1685 4000 1737 4054 in
1758 4000 1861 4055 ﬁde
1888 4003 2108 4056 radicati

551 4084 604 4127 ct
653 4074 877 4135 fundati.
932 4074 982 4126 in
1018 4072 1265 4127 omnibus
1319 4087 1591 4125 sumamus
1642 4080 1849 4125 scutum
1883 4070 2026 4134 ﬁdei,
2056 4072 2109 4123 in

549 4160 655 4263 q’uo
690 4142 1106 4263 possimusw§cla
1159 4142 1467 4209 nequissimi
1498 4140 1649 4210 ignea
1692 4141 2033 4207 exstinguere
2086 4161 2103 4191 ι

553 4226 565 4263 t
604 4212 764 4263 .‘ultes.
820 4229 888 4263 \‘I.
988 4213 1042 4262 '.

500 4226 503 4227 '
553 4212 764 4275 (Epiros.
820 4229 888 4275 \‘I,
936 4212 1042 4275 16).
1282 4272 1285 4273 ν

553 4210 764 4281 (Epiros.
820 4229 888 4275 \‘I,
936 4210 1042 4281 16).
1282 4272 1285 4273 ν

626 4292 648 4319 ε
678 4281 817 4334 Edit.
856 4300 866 4333 :
912 4299 929 4331 ι
966 4280 1021 4333 ltt
1052 4278 1216 4342 Josia,
1249 4287 1306 4333 ut
1326 4280 1551 4333 salutem
1570 4277 1799 4341 Domini,
1825 4286 1878 4331 et
1906 4278 2110 4331 anima-

553 4366 670 4403 rnm
706 4366 917 4419 semper
941 4351 1307 4418 deposeamus,
1342 4362 1406 4419 ne
1433 4350 1765 4403 obcaecemur
1800 4348 1852 4400 in
1880 4348 2107 4419 inﬁdeli-

556 4430 697 4510 tates.
749 4417 1195 4510 neclaudicemus
1226 4419 1279 4510 in
1307 4418 1822 4510 viisnmantll‘atorum
1848 4417 1990 4485 ejus;
2043 4434 2108 4472 ne
2141 4458 2182 4510 υ

553 4489 701 4542 surdi
732 4489 797 4542 ad
816 4487 1134 4542 audiendum
1163 4488 1382 4540 verbum
1414 4487 1505 4539 Dei
1552 4485 1871 4550 elliciamur;
1907 4502 1972 4540 nc
1996 4502 2109 4539 mo-

553 4559 755 4612 riamur
786 4560 835 4612 in
876 4558 1145 4625 peccatis:
1175 4556 1268 4610 sed
1314 4567 1371 4609 ut
1399 4570 1611 4625 semper
1644 4556 1914 4608 salvemur
1951 4556 2018 4609 ab
2044 4569 2108 4608 eo

596 4627 642 4679 ui
669 4628 841 4681 salvos
867 4626 996 4681 facit
1019 4635 1292 4681 sperantes
1318 4626 1371 4680 in
1407 4642 1482 4680 se.
1518 4643 1536 4674 ι

630 4695 648 4733 τ
688 4696 825 4749 Edit.
860 4714 872 4748 :
918 4713 937 4746 ι
994 4692 1063 4749 ιιῐ
1097 4695 1382 4759 Salathiel,
1408 4702 1671 4761 quatenus
1708 4692 1893 4761 petitio
1930 4701 2107 4745 nostra

553 4643 642 4697 qut
669 4643 841 4681 salvos
867 4643 996 4681 lacu
1019 4643 1292 4696 sperantes
1318 4643 1371 4680 tn
1407 4643 1440 4680 st

630 4695 825 4765 liEdit.
860 4714 872 4748 :
918 4713 937 4746 ι
994 4695 1052 4749 1n
1097 4695 1382 4759 Salathiel,
1408 4713 1440 4765 q

556 4765 619 4816 ad
646 4764 810 4818 Deum
840 4778 1050 4834 semper
1066 4765 1350 4834 dirigatur,
1383 4763 1440 4817 ut
1465 4764 1715 4834 gaudium
1764 4770 2003 4834 nostrum
2042 4763 2111 4834 sit

556 4834 809 4913 plenum;
846 4848 953 4913 non
985 4832 1144 4913 hujus
1169 4832 1355 4913 saculi
1376 4832 1607 4888 maerore
1650 4832 1990 4913 permixtum,
2017 4832 2107 4883 sed

558 4901 761 4956 inﬁnita
798 4903 1124 4959 beatitudine
1175 4905 1587 4971 sempiternum;
1641 4914 1693 4957 et
1747 4902 1848 4955 hoc
1904 4901 1956 4954 in
2010 4915 2108 4971 no-

559 4973 699 5025 mine
733 4971 1043 5038 Salvatoris,
1075 4980 1135 5026 ut
1164 4969 1449 5041 impetrare
1474 4973 1768 5040 possimus,
1797 4971 1937 5039 quod
1974 4969 2114 5039 peti-

559 5056 695 5093 lllllS.
734 5059 752 5091 1

631 5112 655 5147 ⁸
692 5108 831 5163 Edit.
862 5126 876 5162 :
927 5127 945 5159 ι
991 5111 1047 5163 lu
1078 5111 1357 5174 Eliachim,
1384 5120 1442 5163 ut
1476 5124 1818 5179 resurgamus
1864 5124 1892 5159 a
1942 5116 2115 5179 tumu-

559 5178 624 5231 lis
654 5179 904 5233 vitiorum
948 5179 1419 5234 adcelsitndinent
1468 5177 1746 5241 virtutum,
1776 5178 1841 5231 de
1888 5177 2116 5229 terrenis

558 5246 623 5325 ad
658 5246 917 5325 celestia,
943 5249 1219 5325 de_mort_e
1258 5247 1323 5301 ad
1365 5251 1549 5325 vitam,
1583 5250 1649 5303 de
1681 5247 1826 5302 Gaza
1855 5248 1921 5300 ad
1970 5243 2115 5325 Cali-

558 5315 735 5381 beam,
777 5316 831 5370 id
874 5327 975 5376 est.
1006 5319 1071 5373 de
1116 5316 1325 5371 inferno
1363 5318 1430 5370 ad
1462 5327 1715 5371 aeternam
1762 5315 2111 5381 transmigra-

462 5444 465 5447 μ
560 5385 791 5453 tionem,
842 5386 930 5439 ubi
988 5389 1154 5441 sancti
1210 5387 1353 5439 ibunt
1400 5386 1463 5437 de
1516 5389 1699 5439 rirtute
1746 5388 1800 5439 in
1854 5388 2108 5453 rirtntem,

558 5455 721 5507 donec
785 5454 1039 5509 uidebitur
1088 5455 1225 5509 Deus
1284 5455 1498 5509 deorum
1549 5458 1601 5508 in
1654 5456 1782 5509 Sion
1842 5477 1860 5508 ι
1916 5452 2106 5525 (Psal.

560 5537 783 5584 num.
807 5526 884 5591 ις).

626 5593 829 5670 §_Edi_t.
866 5611 877 5645 :
924 5613 942 5644 ι
970 5594 1037 5670 in
1064 5594 1221 5670 hor,
1244 5602 1303 5646 ut
1330 5593 1491 5663 aijuti
1523 5594 1698 5648 divina
1729 5596 1895 5663 gratia
1928 5607 2117 5670 cuncta

559 5662 711 5717 nobis
741 5662 1072 5717 adversantia
1103 5666 1366 5732 patienter
1414 5662 1805 5733 supportemus,
1836 5674 1883 5721 et
1935 5664 2114 5721 Domi-

2208 3188 2379 3234 xxvtt,
2412 3172 2489 3234 Ἰ).

2516 3259 2527 3293 :
2557 3259 2583 3313 _t
2614 3240 2668 3293 In
2710 3239 2941 3313 sadoch,
2985 3248 3044 3313 ut
3082 3240 3211 3307 justi
3251 3258 3603 3313 appareamus
3650 3258 3777 3300 ante

2209 3310 2394 3373 Deum,
2419 3311 2726 3365 incedentes
2764 3311 2816 3363 in
2856 3311 3106 3365 omnibus
3133 3310 3397 3368 mandatis
3423 3323 3477 3368 et
3514 3312 3779 3379 iustifica-

2211 3382 2443 3435 tinnilms
2483 3380 2691 3434 Domini
2734 3380 2849 3451 sine
2875 3379 3206 3451 querela,_ut
3235 3396 3357 3451 cum
3382 3382 3543 3451 justis
3575 3397 3779 3451 merea-

2211 3466 2331 3504 mur
2360 3450 2549 3503 audire
2573 3464 2758 3503 vocem
2787 3448 3014 3503 dicentis
3042 3467 3053 3501 :
3098 3447 3289 3515 Venite,
3328 3447 3577 3505 benedicti
3601 3450 3778 3507 Patris

2209 3521 2331 3597 mei,
2362 3520 2605 3599 percipite
2650 3534 2864 3599 regnum
2890 3518 3028 3599 quod
3062 3518 3215 3599 vobis
3227 3530 3467 3599 paratum
3496 3531 3569 3575 est
3596 3539 3628 3574 a
3655 3539 3779 3576 con-

2209 3538 2331 3597 ruct,
2362 3538 2605 3599 perrtptte
2653 3538 2864 3598 regnum
2890 3538 3025 3588 quoa
3062 3538 3199 3573 voots
3262 3552 3265 3571 ι

2208 3598 2474 3667 strtuttone
2503 3587 2680 3640 mundi
2713 3608 2730 3639 ι
2751 3586 2974 3709 funali.
3001 3604 3123 3649 xxv,

2282 3669 2295 3706 ι
2347 3657 2486 3709 Edtt.
2520 3671 2534 3709 :
2572 3674 2589 3706 ι
2644 3656 2697 3709 In
2783 3658 3013 3709 oachtm.
3051 3665 3111 3709 ut
3160 3657 3264 3709 frat

2282 3657 2295 3706 i
2347 3657 2486 3711 Edit.
2520 3671 2534 3709 :
2572 3674 2589 3706 ι
2644 3656 2697 3710 In
2751 3655 3013 3720 Ioachim,
3051 3665 3111 3710 ut
3160 3655 3355 3712 fratres
3407 3655 3533 3712 Iesu
3575 3657 3775 3715 Christi

2210 3742 2511 3807 mereamur
2544 3726 2797 3807 appellari
2823 3742 2868 3807 ;ﬁ
2882 3741 2996 3807 non-
3027 3740 3124 3794 per
3165 3726 3533 3807 cognationem
3573 3730 3776 3807 cal-nis,

2210 3796 2301 3866 sed
2348 3811 2445 3863 per
2486 3793 2791 3866 unctionem
2837 3793 3069 3866 Spiritus
3120 3793 3330 3866 sancti,
3375 3811 3534 3866 quem
3589 3798 3777 3852 eﬁ‘udit

2212 3865 2264 3917 itt
2317 3862 2413 3918 nos
2462 3864 2668 3935 abunde
2726 3877 2739 3916 :
2792 3872 2849 3917 ut
2899 3862 3157 3935 facientes
3195 3862 3537 3935 ivoluntatem
3586 3867 3773 3935 ipsius.

2210 3935 2420 3995 sobrie,
2462 3942 2513 3986 et
2561 3933 2702 4000 justo
2730 3973 2743 3996 ,
2788 3942 2843 3986 et
2885 3933 2971 4001 pic
3018 3934 3243 3987 vivendo
3288 3936 3341 3989 in
3398 3936 3499 3989 hoc
3538 3933 3732 3989 sarculo
3760 3978 3774 3999 ,

2210 4004 2275 4057 ad
2332 4004 2543 4056 Patrem
2590 4018 2777 4065 suum,
2818 4010 2872 4055 et
2914 4002 3125 4056 Patrem
3172 4012 3449 4065 nostrum;
3505 4013 3560 4056 et
3606 4004 3771 4059 Deam

2210 4089 2363 4125 suum
2412 4079 2467 4125 et
2518 4071 2684 4125 Deum
2738 4079 2978 4125 nostrum
3040 4073 3331 4127 ascendere
3383 4073 3651 4141 possimus
3718 4076 3772 4129 in

2211 4142 2410 4196 futuro.
2463 4160 2480 4191 ι

2284 4214 2306 4250 ιι
2338 4211 2477 4281 Edit,
2508 4225 2521 4262 :
2558 4228 2579 4281 ς
2612 4209 2667 4277 lu
2695 4209 2935 4281 Eleazar,
2961 4218 3021 4264 ut
3048 4210 3253 4281 nullum
3287 4226 3592 4281 quaeramus
3623 4212 3776 4281 adju-

2213 4292 2404 4342 torem,
2430 4280 2533 4333 nisi
2559 4280 2839 4350 Dominum
2875 4289 3115 4334 nostrum
3148 4278 3329 4334 Iesum
3358 4279 3660 4344 Christum,
3682 4278 3774 4350 qui

2211 4361 2399 4420 potens
2432 4357 2514 4420 est
2549 4349 2727 4420 omnia
2756 4346 2933 4403 facere
2959 4350 3658 4420 super-abundantertquam
3689 4346 3780 4418 pe-

2214 4417 2376 4473 timus
2400 4425 2454 4471 et
2483 4417 2826 4485 intelligimus
2854 4436 2866 4471 :
2896 4427 2951 4473 et
2976 4417 3039 4472 ut
3062 4418 3417 4487 quodcunque
3463 4417 3701 4473 facimus
3722 4421 3774 4474 in

2215 4489 2408 4551 verbo,
2430 4497 2519 4541 aut
2548 4488 2601 4541 in
2629 4502 2821 4556 opere,
2848 4489 3025 4543 omnia
3052 4486 3104 4541 in
3134 4486 3348 4556 nomine
3372 4486 3581 4541 Domini
3612 4487 3768 4544 facia-

2216 4574 2332 4611 mus
2370 4556 2590 4627 (Coloss.
2618 4555 2701 4619 ιιι,
2722 4557 2831 4626 17),
2856 4557 3095 4627 dicentes
3120 4572 3240 4627 cum
3266 4555 3532 4627 Propheta
3562 4575 3574 4610 :
3604 4558 3768 4627 Adju-

2213 4625 2403 4680 torium
2432 4636 2662 4695 nostrum
2684 4628 2740 4679 in
2768 4625 2972 4695 nomine
3000 4625 3230 4689 Domini,
3254 4625 3343 4695 qui
3370 4626 3489 4694 fecit
3518 4625 3699 4681 caelum
3724 4634 3770 4680 ιι

2215 4708 2448 4766 terram,»
2478 4693 2646 4766 (Psal.
2671 4710 2857 4766 c_x_xttt,
2890 4694 2964 4765 8).

2294 4765 2308 4803 ι
2352 4763 2496 4818 Εάίιζ
2519 4779 2532 4817 :
2557 4782 2581 4834 ι
2618 4763 2672 4816 1η
2701 4763 2933 4827 Mathan,
2956 4771 3015 4817 ut
3040 4764 3234 4818 donum
3281 4780 3523 4833 supenta‘,
3564 4764 3768 4834 gratiae,

2216 4835 2451 4902 spiritum
2474 4833 2677 4903 scilicet
2700 4834 2966 4902 sapientia
2984 4843 3031 4887 et
3053 4834 3373 4896 intellectus;
3399 4833 3637 4903 spiritum
3654 4850 3778 4887 con-

2216 4904 2321 4957 silii
2345 4913 2391 4955 et
2411 4902 2766 4982 fortitudinis;
2794 4904 3031 4982 spiritum
3055 4904 3283 4982 scienti};
3304 4913 3357 4982 et
3376 4902 3775 4982 pietatisLspiri-

2218 4986 2424 5038 tumque
2450 4972 2650 5041 timoris
2671 4971 2878 5024 Domini
2910 4973 3199 5026 retinentes
3224 4971 3378 5041 (lsai.
3396 4988 3472 5041 st,
3494 4971 3549 5033 2,
3576 4971 3775 5041 5),'dis-

2218 5042 2507 5096 cretionem
2534 5039 2827 5095 habeamus
2851 5041 2991 5096 inter
3021 5042 3217 5096 bonum
3234 5039 3293 5093 et
3319 5039 3536 5105 malum,
3552 5039 3671 5109 qua:
3691 5050 3774 5096 est

2218 5121 2391 5164 mater
2409 5110 2648 5164 omnium
2671 5111 2951 5165 virtutum.
2988 5128 3007 5161 s
3078 5140 3094 5148 ο

2287 5192 2325 5218 ω
2364 5179 2502 5232 Edit.
2539 5197 2551 5232 :
2588 5198 2607 5230 ι
2644 5180 2698 5233 In
2738 5179 2923 5241 Jacob,
2950 5188 3011 5231 ut
3040 5179 3435 5247 supplantemus
3464 5196 3492 5233 a
3518 5180 3671 5233 nobis
3699 5179 3775 5231 zi-

2216 5249 2368 5303 zania
2403 5248 2676 5313 vitiorum,
2703 5258 2757 5303 et
2776 5247 3073 5317 plantemus
3094 5248 3146 5301 in
3174 5250 3325 5303 nobis
3345 5257 3582 5303 aromata
3607 5248 3773 5301 virtu-

2216 5328 2330 5373 tum
2363 5334 2375 5369 :
2415 5319 2632 5372 utsicut
2657 5319 3052 5373 cinnamomum
3086 5325 3139 5372 et
3183 5317 3478 5371 balsamum
3523 5318 3775 5371 aromati-

2219 5402 2381 5450 zans,
2432 5395 2486 5441 et
2522 5388 2675 5457 quasi
2712 5387 2928 5457 myrrha
2964 5386 3149 5457 electa
3197 5388 3415 5457 odorem
3457 5385 3672 5447 demus;
3722 5394 3778 5441 et

2254 5457 2433 5509 lantati
2466 5458 2517 5510 in
2540 5454 2697 5511 domo
2724 5454 3236 5511 Dominiﬂoreamus
3272 5454 3323 5508 in
3362 5462 3620 5510 eternum
3650 5464 3776 5510 ante

2250 5527 2524 5580 )omiuum.
2565 5546 2582 5577 ι

2295 5607 2318 5634 η
2343 5596 2503 5649 Edit.:
2530 5616 2547 5644 ι
2568 5596 2620 5650 ln
2643 5594 2857 5665 .lnscpb,
2887 5603 2945 5647 ut
2966 5595 3027 5646 tit".
3051 5593 3135 5665 die
3163 5595 3213 5645 in
3237 5593 3374 5647 diem
3394 5594 3576 5649 virtuti
3606 5591 3772 5645 virtu-

2222 5675 2347 5729 tcm,
2365 5664 2779 5720 sanctiticationi
2802 5664 3274 5718 sanctiﬁcationem
3302 5670 3649 5733 apponcutcs,
3665 5675 3774 5715 nte-
