4230 6188
385 309 482 365 737

947 310 956 321 ·
994 302 1493 363 εχεςετιειιρμ-
1529 305 1871 362 connexi:
1914 305 1977 357 ιη
2018 296 2198 350 wax.
2237 325 2308 335 -—
2343 281 2552 359 ertsr.
2597 303 2891 380 Plu-Nm;

3467 309 3572 364 738

384 421 651 486 mittatur;
681 428 738 474 ιιι
763 419 815 472 in
843 419 966 484 line,
989 435 1102 483 seu,
1127 427 1183 472 ut
1209 419 1635 486 interpretamur,
1661 417 1712 486 in
1731 396 1919 486 ultima
1948 420 1995 477 Α
2024 430 2192 476 incus,
2216 417 2338 483 quia
2371 431 2474 468 non
2506 415 2604 466 fuit
2633 415 2719 482 qui
2747 416 2999 474 excitaret
3027 429 3168 478 cuni,
3201 417 3374 478 donec,
3394 429 3568 473 vestra

287 538 294 542 .
383 489 498 555 ejus
525 483 888 544 commentarii
913 483 1080 555 parte,
1102 485 1298 555 aliquid
1325 483 1702 555 addaturquod
1728 485 1778 548 in
1804 483 1921 555 aliis

383 505 498 555 eius
525 504 888 544 commentarii
949 504 1080 549 arte,
1102 504 1298 555 anquia
1325 504 1546 540 adeatur
1566 504 1702 552 quon
1728 504 1778 548 in
1804 504 1921 537 IIIIS

383 559 651 632 opusculis
675 557 759 611 vel
785 556 881 632 _SS.
907 504 1143 632 Butram,
1173 555 1260 632 vel.
1278 556 1330 608 in
1358 555 1444 632 his
1466 554 1778 632 ipsis-antea
1801 552 1927 632 ruis-

383 620 480 693 sis,
506 641 606 680 non
637 626 918 679 invenitur.
945 623 1174 693 Pronum
1197 623 1355 693 igitur
1370 629 1452 674 est
1470 620 1728 687 conjicere
1751 620 1928 693 Alcui—

387 688 693 767 numalteri
729 694 810 767 sui
837 689 1198 767 commentarii
1219 688 1584 767 partimovam
1624 703 1802 767 curaui
1830 688 1924 767 ξιιμ

388 763 642 823 l-ibuisse,
662 771 717 815 et
739 761 791 814 in
819 776 933 815 eam
961 763 1178 814 los-mam
1209 756 1765 824 transfudisseulttalis
1793 757 1928 808 inter

387 833 555 906 Opera
592 830 746 889 Beda:
792 838 1216 906 reprteseutatur:
1338 826 1706 906 .luee‘quidem
1745 833 1924 877 nostra

388 893 688 965 conjectura
708 907 790 950 est
806 893 870 950 ei
891 897 1131 965 allegatis
1150 896 1353 965 Alcui'ni
1377 893 1551 965 verbis
1560 901 1926 965 _enat_a_;_quum

389 960 564 1020 tanien
588 966 821 1019 virorum
845 960 1166 1018 eruditorum
1195 962 1440 1025 limatiori
1461 961 1659 1030 judicio
1682 960 1929 1018 lubenter

390 1035 787 1107 ειιῐξιιιίιιίιῐιιιε.Δ
809 1101 822 1107 _
895 1102 907 1107 _
1053 1100 1063 1107 _
1259 1039 1292 1061 ·’
1631 1073 1636 1077 .
1707 1097 1719 1107 _
1877 1096 1887 1107 .

459 1101 717 1156 Cteterum
762 1101 1011 1155 Alcuinus
1052 1100 1286 1168 ipsemet.
1325 1113 1419 1166 pro
1455 1112 1552 1152 suo
1586 1097 1837 1168 candore,
1877 1097 1928 1148 in

389 1171 542 1240 epist.
580 1171 646 1222 ad
667 1169 859 1240 Gislam
883 1176 936 1221 et
961 1166 1300 1240 Richtrudetu
1328 1168 1551 1240 ingenue
1577 1166 1854 1232 proﬁtetur
1875 1180 1932 1240 se

391 1232 493 1292 non
515 1253 578 1291 ex
598 1238 810 1305 proprio
828 1244 979 1304 prato
999 1235 1151 1288 liores
1169 1232 1422 1305 proferre,
1439 1232 1744 1305 sed,uutsu:e
1764 1232 1931 1305 tenui-

393 1307 515 1360 tatis
544 1302 805 1367 conscius,
829 1302 977 1372 sine,
989 1302 1218 1372 periculo
1251 1304 1330 1372 sui
1369 1303 1617 1372 nominis,
1661 1316 1770 1370 prie
1792 1302 1934 1372 ficta-

391 1391 508 1426 rum
539 1374 795 1441 virginum
825 1368 1154 1425 satisfaceret
1188 1371 1462 1441 voluntati,
1503 1368 1786 1441 multorum
1831 1368 1931 1441 l’_a-_

393 1452 530 1494 trum
556 1437 739 1508 ﬂorida
765 1455 885 1492 rura
912 1439 1261 1508 peragrando,
1286 1439 1406 1493 inde
1428 1440 1587 1492 liores
1609 1439 1833 1508 sparsim
1863 1437 1933 1488 ibi

393 1517 630 1578 repertos
667 1506 964 1578 collegisse,
1009 1526 1027 1557 ι
1049 1506 1392 1578 'medicorum
1428 1506 1690 1578 exemplo,
1727 1506 1817 1575 qui
1851 1521 1935 1578 su-

389 1574 519 1644 lent,
551 1574 824 1642 inquit,ei
841 1575 1122 1644 multorum
1151 1574 1423 1644 speciebus
1445 1574 1851 1644 pigmentorum,
1882 1574 1933 1624 iu

390 1643 615 1696 salutem
649 1643 916 1712 poscentis
939 1643 1200 1712 quoddam
1226 1643 1592 1697 medicamenti
1620 1656 1934 1712 componere

425 1726 575 1774 enus,
603 1711 700 1780 nec
741 1712 941 1780 seipsos
973 1711 1123 1780 fateri
1152 1718 1474 1780 praesumunt
1508 1721 1774 1764 creatures
1813 1711 1931 1780 ber-

425 1727 575 1774 enus,
603 1727 700 1764 nec
741 1727 941 1780 seipsos
973 1727 1123 1764 lateri
1152 1727 1474 1780 praesumunt
1508 1727 1774 1764 creatures
1813 1727 1931 1762 uer-

389 1727 578 1834 ᾔει-ωτι
611 1778 692 1849 vel
718 1779 936 1849 aliarum
964 1778 1289 1849 specierum,
1325 1793 1391 1832 ex
1424 1794 1645 1849 quarum
1675 1777 1933 1846 composi-

393 1918 445 1969 in
471 1914 782 1985 colligendo,
823 1925 878 1969 et
904 1916 966 1985 _in
1004 1914 1163 1969 unum
1184 1916 1550 1985 ipigmentaria
1579 1931 1736 1985 manu
1771 1914 1935 1985 conli-

391 1983 576 2037 ciendo
603 1983 834 2052 corpus.
856 2005 872 2035 ι
903 1983 1089 2037 Postea
1125 1983 1285 2037 etiam
1309 1984 1478 2038 fontes
1503 1984 1740 2051 designat
1765 1999 1794 2037 e
1819 1983 1938 2052 qui—

394 2053 492 2104 bus
525 2066 657 2120 pene
700 2050 874 2104 omnia
920 2066 1012 2120 sua
1057 2053 1251 2120 hausit,
1290 2052 1539 2106 nimirum
1580 2050 1846 2106 tractatus
1875 2050 1934 2104 S.

393 2119 692 2188 Augustini,
720 2120 965 2188 homilias
990 2119 1046 2173 S.
1070 2119 1308 2188 Gregorii
1330 2129 1382 2174 et
1403 2120 1555 2174 Beda!
1578 2119 1935 2182 Venerabilis;

395 2187 645 2266 opuscula
758 2187 1043 2266 Ambrosii,
1071 2197 1126 2242 et
1149 2187 1371 2266 aliorum
1393 2188 1746 2266 SS._I_’atrum,
1778 2206 1797 2237 ι
1824 2205 1939 2266 nia-

397 2256 509 2323 gis,
549 2256 821 2323 inquiens,
860 2256 1048 2310 horum
1096 2258 1331 2310 omnium
1376 2257 1618 2311 sensibus
1660 2263 1714 2311 et
1765 2257 1939 2310 verbis

398 2330 756 2406 utens,quaml
777 2324 1202 2406 mete-quidpiam
1232 2325 1658 2406 prmsumptionis
1697 2325 1940 2406 commit-

400 2398 545 2462 tens;
574 2391 715 2462 velut
744 2391 1025 2462 legentium
1051 2391 1333 2447 curiositas
1359 2391 1511 2448 facile
1539 2395 1761 2462 probare
1789 2403 1936 2462 pote-

399 2459 499 2518 rit;
546 2459 850 2530 cautissimo
887 2460 1008 2515 stilo
1035 2462 1328 2530 praevidens
1362 2476 1427 2514 ne
1465 2459 1591 2530 quid
1612 2459 1936 2530 contrarium

397 2535 701 2599 sanctorum
747 2527 974 2599 Patrum
1005 2527 1245 2599 sensibus
1277 2527 1545 2599 ponerent.
1587 2550 1605 2582 ο
1659 2529 1782 2585 llmc
1822 2530 1940 2583 ideo

399 2595 743 2674 ascripsimus
782 2609 850 2648 ne
891 2597 1191 2674 quispiam,_
1215 2595 1579 2666 perlustrando
1613 2599 1753 2674 hunc
1798 2613 1940 2674 cum-

400 2663 734 2725 mentarium,
762 2663 988 2734 aucapite
1011 2663 1093 2734 ad
1113 2663 1310 2719 calcem
1335 2680 1469 2734 pene
1491 2681 1557 2720 ex
1589 2666 1811 2718 aliorum
1839 2665 1940 2734 Pa-

401 2739 538 2800 trem
563 2732 850 2800 sententiis
871 2731 927 2786 et
955 2731 1130 2788 verbis
1161 2731 1521 2800 compilatum,
1546 2734 1813 2787 existimet
1851 2733 1931 2786 Al-

399 2796 619 2880 cui-num'
647 2799 816 2880 aliena
848 2813 946 2868 pro
970 2802 1208 2880 propri-is
1235 2796 1698 2880 venditasse.rl\'os
1733 2817 1850 2869 qua:
1873 2816 1939 2880 ex

401 2865 723 2938 augustino,
765 2865 1020 2937 Gregorio
1061 2865 1117 2922 et
1145 2869 1282 2924 Beda
1313 2870 1619 2938 deprompta
1651 2865 1796 2933 sunt,
1830 2872 1941 2924 suis

403 2931 533 2986 locis
551 2931 900 2989 adnotamusf
1239 2951 1241 2954 ‘

1011 3044 1335 3101 Ei‘lSTOLA

836 3147 901 3184 AD
933 3146 1169 3186 SOBOREI
1202 3147 1270 3186 ΕΤ
1305 3148 1502 3187 ῖΙιΙΛΙ.

856 3284 858 3286 .
1007 3239 1180 3310 (Anno
1200 3240 1347 3322 890.)

698 3345 782 3400 Ea:
804 3346 976 3400 codice
1003 3330 1313 3430 bibliotltfcte
1334 3346 1652 3402 Harleiamr.

471 3451 838 3508 Dilectissimis
854 3456 908 3507 in
928 3456 1138 3510 Christo
1154 3452 1395 3527 personis
1411 3457 1586 3512 Lueize
1605 3462 1660 3511 et
1675 3459 1941 3513 Columba:

406 3543 625 3597 Albinus
647 3542 809 3598 frater
832 3552 888 3598 et
905 3550 1076 3611 pater,
1101 3531 1165 3598 in'
1181 3545 1370 3600 solatio
1395 3548 1563 3600 sancti
1586 3547 1834 3615 Spiritus,
1855 3564 1941 3601 sa-

403 3627 587 3682 intem.

471 3715 672 3769 Memor
710 3717 985 3784 petitionis
1037 3727 1226 3796 vestra:
1273 3730 1328 3775 et
1373 3722 1737 3790 promissionis
1777 3737 1939 3785 meae,

403 3801 648 3868 quamvis
670 3803 872 3856 tardius
895 3805 1166 3872 implerem
1192 3811 1798 3878 propter‘occupationes
1831 3810 1945 3877 plu-

405 3890 586 3952 rimas,
616 3897 790 3944 tamen
811 3891 1108 3947 nullatenus
1129 3895 1479 3965 obliviscebar
1512 3897 1648 3964 quod
1676 3911 1759 3949 me
1785 3913 1944 3966 spon-

402 3978 530 4031 dere
553 3977 890 4032 recordabar.
927 3979 1070 4048 Opus
1110 3981 1330 4035 arduum
1364 3989 1419 4035 et
1450 3982 1693 4047 dil'licile,
1727 3992 1780 4038 et
1813 3999 1944 4038 mete

401 4066 651 4134 parvitati
695 4070 1152 4137 praesumptiosum
1198 4067 1515 4137 iniunxistis,
1562 4073 1652 4126 sed
1697 4073 1944 4126 cbaritati

401 4153 536 4208 nihil
563 4168 756 4223 negare
796 4164 967 4211 ratum
995 4157 1140 4223 duxi,
1182 4159 1304 4227 quia
1338 4159 1469 4213 nihil
1515 4160 1837 4228 impossibile
1879 4176 1944 4214 eo

405 4239 520 4312 [Ρη
560 4242 614 4295 in
649 4242 736 4314 eo]
771 4244 863 4311 qui
895 4253 979 4298 est
1007 4247 1241 4300 charitas
1271 4260 1414 4310 vera,
1455 4247 1650 4316 Optime
1689 4248 1940 4300 sciebam.

407 4332 634 4384 Devotus
655 4339 954 4386 sanctorum
979 4331 1196 4387 Patrum
1223 4334 1435 4388 cellaria
1462 4349 1767 4403 peragrans,
1790 4335 1941 4402 quid—

403 4418 530 4486 quid
552 4419 603 4470 in
622 4419 700 4472 eis
720 4419 954 4474 invenire
981 4420 1143 4485 valui,
1165 4421 1315 4476 vobis
1337 4422 1400 4475 ad
1425 4422 1737 4490 gustandum
1757 4423 1936 4488 attuli;

338 4516 341 4519 ‘
405 4514 466 4560 ut
489 4507 738 4574 probetis,
768 4509 813 4563 si
835 4524 1074 4578 saporem
1095 4509 1285 4564 habeat
1302 4509 1637 4574 catholicum,
1664 4511 1745 4564 vel
1767 4510 1938 4577 secus,

404 4593 544 4661 quod
570 4593 725 4646 absit.
748 4594 894 4660 Quod
918 4597 1172 4666 legebam,
1195 4598 1346 4667 plena
1369 4598 1491 4662 ﬁde,
1513 4600 1799 4653 secundum
1828 4615 1938 4654 mc-

406 4681 587 4736 moria:
613 4682 981 4751 integritatem,
1016 4686 1238 4752 protuli;
1281 4703 1589 4756 praeponens
1622 4690 1778 4742 etiam
1819 4691 1942 4744 huic

403 4767 552 4834 operi
592 4767 866 4834 epistolam
911 4769 1178 4835 petitionis
1223 4781 1422 4834 vestrm,
1463 4783 1522 4826 ut
1573 4775 1624 4827 in
1672 4785 1940 4843 posterum

406 4864 750 4927 agnoscerent
793 4855 1023 4925 legentes
1069 4852 1256 4912 vestra:
1293 4857 1587 4914 devotionis
1624 4865 1850 4917 studium
1891 4871 1945 4918 et

407 4953 537 4992 mea:
560 4940 868 4996 obedientia:
904 4938 1254 4998 occasionem.
1283 4943 1443 5015 ἡδο
1465 4945 1693 5012 Adjunxi
1733 4965 1943 5018 quoque

404 5024 699 5091 epistolam,
727 5037 1043 5083 annuentem
1078 5032 1326 5086 voluntati
1363 5043 1570 5096 vestrae,
1600 5050 1756 5102 quam
1783 5037 1941 5090 etiam

405 5110 554 5177 quasi
572 5111 844 5180 prologum
867 5119 1137 5184 anteposui
1157 5121 1406 5187 opusculo
1424 5129 1635 5185 nostro;
1660 5124 1944 5177 rationein-

405 5214 508 5266 que
529 5201 878 5269 evangelista,
903 5216 1005 5269 qua
1031 5208 1335 5262 necessitate
1367 5209 1666 5277 compulsus
1705 5210 1940 5280 Evange-

407 5283 533 5337 lium
573 5288 845 5350 scriberet,
875 5297 928 5342 et
964 5299 1152 5343 caetera
1188 5308 1304 5360 qua:
1329 5295 1381 5348 in
1420 5310 1480 5348 ea
1517 5295 1733 5364 epistola
1771 5297 1944 5364 legere

409 5375 625 5438 potestis
645 5384 697 5427 et
721 5391 1023 5444 agnoscere,
1045 5393 1201 5445 quam
1218 5384 1516 5436 necessaria
1541 5398 1656 5437 esse
1678 5383 1939 5436 videatur.

410 5457 600 5515 Fateor
613 5462 892 5530 siquidem,
915 5467 1285 5531 propemodum
1309 5478 1430 5522 ante
1445 5486 1610 5522 annos
1624 5471 1836 5537 triginta
1859 5485 1941 5523 me

415 5546 728 5604 voluntatem
755 5551 908 5617 hujus
933 5553 1124 5605 habere
1143 5556 1345 5621 operis;
1372 5560 1462 5612 sed
1484 5560 1674 5626 quievit
1709 5560 1941 5612 calamus

1970 4385 2019 4442 D

2027 507 2160 557 bona
2192 505 2411 557 intentio
2452 505 2596 569 illum
2625 506 2894 557 revocavit
2926 505 2992 557 ad
3027 506 3258 560 studium
3288 508 3576 562 scribendi.

2027 592 2082 645 Si
2113 595 2236 660 quid
2274 593 2491 662 dignum.
2521 608 2640 646 meo
2683 594 2874 646 sudore
2911 593 3234 648 elaboratum
3274 595 3578 660 inveniatis,

1993 701 2005 706 ί
2027 681 2145 732 date.
2171 681 2389 750 gloriam
2415 680 2544 742 Deo,
2567 683 2656 748 qui
2679 681 2836 741 dedit,
2849 680 3436 749 'vobisque'merecalem
3459 697 3578 753 5pc-

2027 778 2157 832 ratc,
2201 771 2288 837 qui
2342 770 2624 837 impulistis
2671 778 2885 838 torpens
2928 771 3228 840 ingenium,
3254 783 3310 825 ut
3351 774 3578 848 mitteret

2028 874 2249 910 menum.
2283 859 2336 911 in
2382 859 2814 927 gazophylacium
2853 860 3088 921 Christi;
3127 871 3186 914 ut
3225 853 3419 928 aliquid
3459 858 3579 914 inde

2026 947 2332 1012 protulisset
2371 947 2421 998 in
2458 946 2644 998 solatio
2682 946 2995 999 famularum
3027 937 3414 1019 suarumXS‘cio
3434 948 3578 1001 omni
3674 995 3679 1002 .

2031 1035 2238 1088 habenti
2272 1049 2388 1088 esse
2431 1035 2690 1096 dandum;
2737 1035 2882 1096 item,
2922 1037 3011 1102 qui
3064 1037 3222 1090 habet
3265 1037 3579 1089 desiderium

2029 1122 2284 1184 tiseeudi,
2313 1123 2524 1176 dalistur
2543 1123 2589 1175 ei
2617 1118 2784 1190 gratia
2809 1122 3124 1190 intelligendi
3155 1137 3170 1174 :
3195 1125 3295 1178 sed
3321 1132 3443 1177 sunt
3461 1124 3580 1192 qui-

2028 1212 2149 1264 dam
2175 1211 2344 1280 magis
2364 1213 2603 1263 mordere
2622 1210 2844 1262 aliorum
2870 1211 3007 1263 dicta
3031 1212 3218 1279 parati,
3233 1225 3392 1279 quani
3413 1227 3507 1266 sua
3528 1214 3582 1266 in

2030 1300 2291 1368 publicum
2322 1300 2586 1368 proferre;
2617 1314 2841 1367 quorum
2876 1301 3061 1354 dentes
3086 1301 3286 1354 vitandi
3322 1310 3463 1363 sunt,
3502 1302 3585 1355 vel

2031 1390 2186 1443 etiam
2210 1389 2358 1456 parvi
2388 1389 2665 1456 pendendi.
2705 1389 2879 1441 Facile
2910 1389 3052 1442 enim
3079 1389 3376 1442 columbina
3405 1391 3581 1444 chario

2033 1478 2114 1530 ias
2135 1479 2494 1546 serpentiuum
2523 1493 2625 1529 non
2647 1485 2798 1530 curat
2822 1477 3050 1530 dentem.
3083 1477 3232 1546 sirpe
3253 1479 3392 1530 unde
3410 1479 3588 1532 chari-

2035 1577 2114 1621 tas
2141 1567 2368 1636 prolicit,
2399 1569 2519 1620 inde
2562 1569 2756 1621 invidia
2793 1568 3032 1632 labescit;
3071 1576 3120 1622 et
3160 1569 3379 1624 lacteam
3409 1570 3585 1634 dulce.-

2033 1659 2206 1712 dinem
2233 1659 2384 1728 nigro
2415 1659 2580 1713 inlicit
2605 1673 2809 1713 veneno
2839 1677 2851 1711 :
2880 1645 3013 1727 quos
3037 1649 3211 1715 vestra
3237 1663 3585 1731 parvipendat

1967 1746 2006 1803 Β
2033 1751 2335 1817 prudentia,
2373 1753 2542 1821 magis
2582 1750 2836 1820 prolicere
2872 1753 3161 1814 studentes,
3200 1766 3359 1818 quam
3395 1766 3586 1806 curare

393 1848 710 1916 tionehsaltts
733 1847 962 1901 el'licitur'
983 1845 1378 1916 z'egrotaritium;
1403 1845 1494 1900 sed
1525 1845 1937 1916 niinistros’esse
1974 1857 1982 1864 '
2033 1845 2349 1897 invidentes.
3184 1858 3192 1862 ·

2033 1843 2349 1897 invidentes.

2101 1933 2331 1988 Obsecro
2357 1942 2410 1987 ut
2438 1934 2696 2001 iubeatis,
2737 1935 2781 1988 si
2811 1935 3026 2006 dignum
3066 1935 3291 1998 ducatis,
3329 1937 3586 1989 transcri-

2031 2023 2157 2089 bere
2184 2023 2322 2076 hanc
2354 2030 2556 2090 partem
2584 2039 2740 2090 quam
2778 2025 2933 2076 modo
2961 2024 3111 2076 vobis
3143 2024 3333 2087 direxi,
3365 2032 3419 2078 et
3441 2026 3586 2093 capi—

2032 2111 2139 2164 tula
2165 2110 2388 2180 singulis
2420 2112 2684 2179 periochis
2709 2127 2828 2164 cum
2866 2126 3086 2164 numero
3125 2113 3394 2174 adnotare,
3423 2113 3587 2168 libro-

2032 2217 2255 2270 rumque
2299 2201 2447 2254 initia
2494 2202 2771 2270 diligenter
2824 2201 3174 2271 distinguere,
3224 2204 3584 2272 scriptamque

2033 2291 2192 2344 citius
2227 2292 2496 2346 remittere
2534 2292 2692 2356 mihi;
2720 2292 2875 2345 simul
2920 2303 2972 2346 et
3015 2309 3130 2346 eam
3166 2304 3388 2362 partem,
3429 2310 3588 2364 quam

2033 2380 2185 2433 vobis
2217 2395 2356 2433 anno
2385 2389 2651 2433 transacto
2675 2381 2861 2443 direxi,
2893 2390 2950 2433 ut
2981 2384 3256 2437 ordinetur
3289 2399 3384 2452 per
3408 2377 3588 2439 nume"

2035 2481 2124 2520 ros
2151 2476 2202 2520 et
2229 2466 2479 2534 capitula,
2506 2475 2561 2520 et
2587 2467 2838 2521 librorum
2869 2468 3016 2522 initia
3048 2486 3060 2520 :
3089 2479 3143 2522 et
3167 2466 3211 2523 si
3241 2473 3365 2538 quid
3390 2473 3590 2526 adden-

2036 2558 2159 2610 dum
2187 2557 2257 2610 sit
2283 2557 2334 2610 in
2369 2557 2491 2621 line,
2517 2566 2575 2611 ut
2595 2558 2910 2627 impleatur:
2937 2562 3161 2628 cogitavi
3192 2563 3387 2632 aliquid
3414 2566 3585 2619 adhuc

2037 2645 2229 2699 addere
2258 2647 2396 2715 quod
2424 2649 2510 2701 vix
2538 2649 2588 2701 in
2619 2649 2737 2724 aliis
2765 2650 3028 2706 invenitur
3053 2654 3339 2720 opusculis.
3419 2723 3422 2727 Δ

2103 2731 2334 2786 Litteras
2369 2749 2494 2788 vero
2534 2751 2668 2804 quas
2698 2737 2933 2792 direxisti
2973 2739 3083 2809 [Ρη
3117 2741 3406 2816 direxistis]
3435 2745 3589 2806 mihi,

2033 2818 2261 2887 benigne
2285 2821 2514 2888 suscepi,
2535 2823 2736 2889 gratias
2755 2839 2919 2893 agens
2945 2824 3053 2878 Deo
3073 2825 3139 2878 de
3162 2827 3478 2882 exultatione
3498 2846 3590 2884 ex-

2037 2906 2394 2960 cellentissimi
2435 2909 2632 2974 domini
2672 2912 2776 2965 mei
2819 2914 3009 2978 David;
3050 2925 3106 2968 et
3142 2917 3207 2970 de
3244 2921 3590 2990 prosperitate

2038 2994 2311 3067 apostolici
2339 2997 2472 3061 viri;
2502 2999 2644 3053 etde
2669 3001 2928 3070 legatione
2953 3003 3169 3059 honesta
3193 3018 3388 3063 sancta:
3410 3012 3593 3066 civita-
3638 3044 3640 3046 τ

1967 3066 2013 3126 C
2043 3085 2130 3147 tis,
2149 3066 2212 3138 in
2237 3101 2340 3152 qua
2364 3086 2609 3142 Salvator
2633 3066 2814 3144 noster
2836 3095 3086 3147 mundum
3115 3110 3210 3150 suo
3232 3101 3486 3169 sanguine
3505 3118 3592 3156 re-

2039 3171 2250 3227 demere
2279 3172 2393 3245 [pro
2423 3176 2704 3249 redimere]
2733 3181 2977 3260 dignatus
2998 3193 3098 3250 est,
3125 3197 3178 3239 et
3207 3188 3372 3256 gloria
3402 3205 3585 3245 resur-

2043 3262 2292 3316 rectionis
2330 3265 2758 3332 ascensionisquc
2813 3271 3056 3324 coronari
3099 3281 3152 3325 et
3193 3275 3431 3330 exaltari.
3482 3279 3616 3335 νος·

2041 3365 2186 3414 vero,
2221 3349 2341 3404 tiliae
2369 3353 2712 3415 charissim,
2743 3355 2882 3410 illius
2909 3373 3115 3426 semper
3139 3362 3328 3416 habete
3354 3367 3588 3422 charita-

2041 3448 2147 3492 tcm
2187 3439 2239 3492 in
2281 3439 2457 3501 corde,
2499 3441 2702 3495 laudem
2749 3445 2801 3497 in
2841 3461 2934 3500 ore
2971 3457 3025 3502 et
3067 3465 3197 3519 Opus
3233 3453 3285 3506 in
3325 3453 3588 3513 manibus.

2041 3527 2339 3598 Przrparate
2365 3530 2516 3582 vobis
2547 3533 2722 3585 sedem
2760 3535 2896 3587 inter
2928 3552 3147 3604 sponsas
3173 3542 3286 3608 ejus
3306 3546 3403 3599 lem
3432 3527 3592 3618 Regis

2039 3617 2243 3679 attenti,
2271 3627 2326 3670 ut
2352 3619 2598 3686 dignetur
2621 3621 2767 3674 vobis
2793 3624 3018 3691 seipsum
3045 3630 3344 3695 ostendere,
3364 3634 3452 3701 qui
3478 3617 3591 3689 suis

2040 3704 2366 3757 amatoribus
2401 3705 2630 3773 seipsutn
2663 3711 2902 3776 promisit
2933 3714 3312 3770 ostendendum
3341 3733 3460 3774 esse
3492 3740 3505 3774 :
3534 3723 3588 3777 in

2041 3794 2192 3861 cujus
2234 3795 2431 3848 visione
2467 3796 2619 3850 beata
2661 3806 2745 3851 est
2785 3804 3069 3872 teteruitas,
3101 3813 3154 3857 et
3190 3816 3382 3868 fusterna
3423 3809 3590 3866 beati-

2042 3885 2195 3949 tudo;
2226 3886 2434 3954 meique
2460 3901 2720 3942 memores
2744 3877 2911 3944 estote
2940 3891 3079 3944 inter
3114 3909 3293 3949 sacras
3321 3901 3588 3956 orationes

2040 3982 2244 4028 vestras
2269 3974 2690 4045 famularumque
2715 3976 2912 4032 Christi
2957 3983 3223 4036 vobiscum
3267 3986 3374 4041 Deo
3409 3988 3590 4045 descr—

2041 4063 2314 4126 vientium,
2355 4072 2413 4117 ut
2458 4065 2756 4121 benedictio
2797 4067 3002 4124 Domini
3042 4075 3206 4128 nostri
3242 4073 3363 4130 Jesu
3392 4063 3590 4135 Christi

2040 4164 2126 4202 me
2150 4149 2402 4203 famulum
2428 4167 2580 4204 suum
2611 4147 2868 4220 proiicere
2891 4157 3050 4211 faciat
3068 4160 3121 4213 in
3144 4161 3300 4218 domo
3325 4181 3443 4228 sua,
3468 4183 3592 4237 pee-

2040 4245 2386 4306 eatorumque
2416 4253 2653 4293 meorum
2688 4240 3064 4310 indulgentiam
3089 4249 3384 4315 perdonare
3412 4254 3591 4323 digne-

2043 4334 2147 4376 tur.
2171 4325 2387 4379 Florere
2409 4341 2500 4379 vos
2521 4325 2679 4382 faciat
2697 4337 2748 4382 et
2771 4330 2947 4399 vigere
2967 4333 3139 4387 divina
3161 4335 3349 4405 pietas,
3374 4341 3424 4395 in
3445 4345 3590 4400 omni

2043 4415 2217 4468 studio
2243 4417 2560 4480 sanctitatis,
2588 4426 2642 4470 et
2665 4420 2932 4487 sapientite
2957 4424 3216 4488 sensibus,
3243 4428 3594 4496 multol‘elici-

2047 4512 2126 4556 ter
2152 4513 2405 4570 tempore,
2437 4505 2576 4557 Deus
2608 4504 2698 4558 Dei
2728 4505 2910 4569 Filius,
2959 4508 3112 4563 Jesus
3147 4510 3387 4568 Christus
3415 4515 3592 4579 Domi-

2046 4607 2144 4644 nus
2169 4601 2364 4653 noster,
2395 4593 2720 4645 charissima:
2744 4593 2880 4646 ﬁliae.
3333 4610 3360 4649 .'

2659 4697 2979 4754 EPISTOLA

2048 4802 2250 4838 αιιιιδτι
2280 4802 2590 4838 l-‘ANL'LARL'M
2618 4801 2778 4839 ωειλ
2813 4806 2981 4851 ATQUE
3019 4809 3306 4850 ιιεςτιιυῐιις
3338 4814 3408 4852 λυ
3445 4815 3590 4857 Διει-

2574 4871 2676 4908 NL'I
2719 4873 3038 4913 HAGISTRUM.

2112 4943 2420 4998 Venerando
2474 4945 2615 4998 Patri
2670 4947 2924 5014 nobisque
2975 4966 3092 5003 cum
3133 4969 3337 5009 summo
3385 4957 3587 5014 honore

2043 5032 2169 5103 [.4L,
2201 5032 2397 5103 studio]
2442 5033 2807 5099 amplectende
2853 5036 3041 5092 Albino
3087 5043 3358 5109 magistro,
3401 5046 3587 5102 humil-

2041 5122 2178 5173 limae
2197 5121 2392 5175 Christi
2414 5121 2620 5174 famula:
2643 5121 2783 5174 Gisia
2809 5130 2862 5175 et
2882 5123 3140 5180 Rectruda
3167 5129 3314 5198 [Ms.,
3340 5133 3593 5191 Richtru~

2045 5210 2131 5281 da]
2155 5221 2420 5281 perpetuae
2449 5211 2785 5266 beatitudinis
2813 5213 3053 5268 salutem.

2113 5297 2416 5366 Postquam,
2447 5299 2743 5353 venerande
2780 5303 3049 5370 magister,
3097 5307 3292 5376 aliquid
3316 5310 3382 5363 de
3410 5311 3580 5366 melli-

2046 5386 2144 5439 llua
2177 5394 2369 5438 sancta:
2417 5386 2702 5454 Scriptura
2735 5390 3060 5457 cognitione,
3094 5404 3266 5446 vestra
3297 5378 3584 5467 sagacitate

2044 5481 2356 5540 exponente,
2390 5473 2675 5537 hausimus,
2706 5477 2943 5530 ardebat
2964 5479 3130 5538 nobis,
3163 5489 3220 5530 ut
3247 5480 3494 5550 fatemur,
3517 5487 3583 5541 de

2046 5563 2128 5616 die
2155 5562 2204 5613 in
2233 5561 2314 5613 die
2341 5577 2366 5611 ιι
2395 5561 2893 5636 desiderium-hujus
2922 5567 3288 5621 sacratissima
3318 5571 3579 5638 lectionis,
