4230 6242
622 359 720 416 7.39

1463 357 1523 415 Β.
1560 358 1619 415 F.
1659 357 1879 417 ALBlNl
1917 362 2043 418 SEU
2084 362 2347 419 ALCUINI
2386 365 2661 441 ορεηυιι
2696 367 2869 422 PARS
2905 356 2967 421 li.

3696 373 3798 426 7-ιο

617 469 672 525 in
693 482 798 538 qua
826 466 1121 537 puriﬁcatio
1157 477 1234 521 est
1281 468 1470 521 aniuuc
1494 510 1505 529 ,
1548 470 1793 523 solatium
1826 470 2160 525 mortalitatis
2187 474 2233 531 Α
2260 471 2369 526 Rea:
2421 476 2472 526 in
2500 473 2708 529 cellaria
2737 493 2849 540 sua,
2881 475 3246 530 exsultabimus
3266 489 3312 531 et
3338 478 3626 532 tutabimur
3654 483 3709 535 in
3738 499 3801 537 eo

620 569 841 619 nostraa,
870 567 925 611 et
949 572 1073 626 spes
1102 568 1367 627 perpetua:
1392 557 1749 612 beatitudinis.
1777 560 1831 613 lu
1860 575 1961 627 qua
1976 560 2164 613 beatus

615 647 717 711 vir,
740 647 891 718 juxta
921 646 1285 709 Psalmistam,
1338 648 1645 716 quotidiana
1691 650 1923 718 scipsutn
1951 657 2166 703 exercet

615 737 960 791 meditatione
1024 754 1037 790 :
1092 736 1389 806 intelligens
1437 737 1685 791 omnibus
1738 737 1914 790 saeculi
1970 736 2166 791 divitiis

613 821 771 892 hujus
790 839 908 879 esse
926 824 1245 895 agnitionem
1275 824 1425 895 μὴ,
1460 824 1839 895 cognitionem]
1881 824 2165 892 praeferen-

612 909 771 978 dam;
804 928 973 983 neque
1008 914 1164 967 aliam
1189 928 1308 969 esse
1335 929 1519 967 veram
1547 912 1859 982 sapientiam
1879 951 1893 977 ,
1922 914 2022 967 nisi
2048 926 2164 981 qua:

614 999 844 1055 humano
865 1001 1047 1070 generi
1073 1001 1361 1054 secundum
1385 1000 1831 1068 dispensationem
1852 998 2005 1069 46],
2035 1000 2167 1053 divi-

612 1106 694 1145 nzc
732 1091 1110 1160 providentiae,
1161 1090 1393 1145 caelestis
1420 1089 1588 1155 gratia
1618 1088 2027 1142 administravit.
2054 1088 2167 1142 Hoc

609 1188 693 1233 cst
719 1194 936 1244 manna,
964 1180 1102 1248 quod
1129 1177 1282 1249 [Ms.,
1311 1177 1449 1249 quae]
1472 1178 1586 1231 sine
1612 1176 1823 1231 fastidio
1846 1179 1999 1231 satiat
2015 1217 2030 1242 ,
2051 1179 2166 1231 sine

611 1268 819 1324 defectu
842 1270 1098 1338 pascitur.
1130 1267 1256 1322 llaec
1279 1276 1402 1321 sunt
1414 1267 1603 1320 divinae
1621 1267 1815 1336 segetis
1838 1282 2025 1336 grana,
2048 1281 2166 1335 qua:

610 1360 914 1430 apostolicis
947 1354 1136 1427 fricata
1165 1357 1431 1421 manibus,
1464 1367 1619 1426 atque
1647 1372 1742 1427 per
1787 1372 1880 1411 eos
1930 1356 2163 1410 ﬁdelium

609 1450 780 1519 epulis
799 1449 1095 1502 animarum
1125 1448 1362 1516 apposita
1385 1456 1528 1500 sunt.
1562 1445 1665 1500 Sed
1705 1445 1810 1498 duo
1836 1445 1988 1499 valde
2012 1445 2166 1499 nobis

611 1541 876 1594 contraria
898 1540 1202 1608 quotidiana
1234 1540 1449 1593 tristitia
1478 1538 1759 1605 parvitatis
1783 1546 1979 1590 nostra:
2015 1550 2165 1588 men-

612 1640 718 1684 tom
739 1629 981 1701 fatigant.
1014 1628 1209 1692 Unum,
1233 1629 1373 1697 quod
1412 1628 1616 1681 tardius
1644 1625 1798 1693 hujus
1835 1626 2017 1694 optimi
2047 1631 2161 1677 stu-

610 1720 683 1775 dii
702 1718 1025 1790 diligentiam
1053 1719 1359 1781 habuimus;
1391 1716 1551 1779 aliud,
1577 1716 1715 1784 quod
1739 1714 1896 1769 modo
1920 1728 2165 1781 magnam

2262 560 2436 630 (Cant.
2464 578 2500 625 I,
2532 564 2607 631 3).
2646 564 2904 617 Memento
2931 563 3281 644 clarissimum
3306 566 3357 619 in
3399 578 3579 621 sancta
3618 568 3801 623 Eccle-

2261 649 2339 702 sia
2369 650 2556 704 divina:
2586 651 2871 720 Scriptum
2907 653 3193 717 doctorem,
3241 655 3598 710 beatissimum
3638 655 3804 725 siqui-

2261 736 2380 791 dem
2418 736 2815 808 llieronymum,
2844 740 3098 794 nobilium
3124 741 3421 796 nullatenus
3448 758 3695 810 spernere
3725 745 3802 798 fe-

2262 824 2523 877 minarum
2534 840 2749 906 preces,
2790 827 2880 879 sed
2904 826 3130 895 plurima
3157 829 3457 883 nominibus
3485 830 3694 885 illarum
3743 832 3802 885 in

2261 914 2592 981 propheticas
2624 915 2975 970 obscuritates
2995 916 3262 973 dedicasse
3288 920 3562 987 opuscula,
3588 922 3804 989 sapius-

2263 1012 2365 1067 que
2390 999 2455 1052 de
2482 999 2789 1054 Bethlehem
2837 1003 3053 1057 castello
3081 1044 3096 1068 ,
3148 997 3344 1061 Christi
3395 1007 3599 1062 Domini
3639 1011 3805 1073 nostri

2262 1089 2522 1141 nativitati
2565 1099 2873 1144 consecrato
2894 1130 2908 1152 ,
2949 1091 3014 1145 ad
3044 1092 3305 1148 Romanas
3328 1110 3479 1149 arces
3515 1097 3807 1164 epistolari-

2264 1178 2363 1232 bus
2412 1179 2596 1233 iisdem
2640 1180 2941 1248 petentibus
2967 1181 3145 1236 volare
3183 1184 3438 1238 chartulis
3463 1183 3586 1257 [Al.,
3612 1187 3810 1254 cpisto-

2262 1268 2402 1322 lares
2444 1274 2459 1320 .‘
2495 1307 2507 1320 .
2545 1306 2559 1321 .
2590 1268 2904 1340 chartulas},
2952 1286 3048 1324 nec
3096 1278 3357 1335 terrarum
3404 1274 3805 1344 longinquitate,

2262 1354 2345 1409 vel
2382 1356 2690 1424 procellosis
2729 1357 2981 1411 Adriatici
3025 1360 3186 1413 maris
3237 1360 3481 1416 lluctibus
3524 1365 3759 1418 territum
3786 1404 3803 1429 ,

2262 1458 2368 1510 quo
2390 1444 2562 1498 minus
2576 1454 2876 1499 sanctarum
2889 1438 3151 1515 virginum
3174 1451 3518 1517 petitionibus
3531 1465 3804 1508 annueret.

2265 1533 2452 1588 Minori
2481 1538 2732 1591 vadosum
2760 1537 2934 1605 Ligeri
2954 1537 3166 1603 ﬁumen,
3193 1555 3350 1609 quam
3374 1542 3631 1611 Tyrrheni
3648 1546 3810 1598 maris

2230 1641 2234 1644 ’
2263 1625 2505 1689 latitudo,
2536 1628 2771 1695 periculo
2805 1629 3098 1695 navigatur.
3130 1630 3194 1683 Et
3218 1631 3383 1684 multo
3410 1631 3614 1687 facilius
3650 1634 3807 1687 char-

2264 1723 2435 1767 tarum
2484 1724 2722 1785 portator
2751 1716 2904 1786 [Ms.,
2932 1718 3178 1790 portitor]
3236 1728 3448 1775 tuarum
3493 1723 3556 1777 de
3585 1723 3811 1778 Turonis

611 1789 930 1863 habentibus
957 1806 1287 1861 devotionem
1310 1845 1325 1867 ,
1354 1810 1533 1858 vestra
1570 1802 1926 1871 longinquitas
1954 1800 2160 1853 deside-
2196 1789 2581 1875 quarisiacam
2606 1806 2893 1870 civitatem,
2917 1823 3075 1875 quam
3099 1789 3237 1862 illius
3263 1810 3328 1864 de
3358 1804 3664 1867 Bethlehem
3697 1813 3807 1867 Bo-

612 1899 693 1953 rio
721 1906 902 1953 nostro
936 1897 1067 1951 satis
1109 1895 1337 1950 obsistit.
1390 1891 1493 1947 Sed
1533 1900 1762 1945 vestram
1788 1930 1802 1952 ,
1855 1888 2167 1942 charissime

612 1992 816 2054 doctor,
852 1990 1203 2057 deprecamur
1252 1985 1499 2054 pietatem
1526 2023 1541 2047 ,
1600 1996 1664 2035 ne
1720 1996 1817 2035 nos
1867 1981 2167 2033 litterarum

614 2088 825 2131 tuarum
854 2076 1043 2129 solatio
1066 2075 1297 2128 deseras.
1337 2072 1544 2126 Poteris
1585 2070 1810 2138 teipsum
1848 2069 2001 2122 nobis
2027 2080 2169 2134 qua:-

614 2166 851 2221 rentibus
898 2178 992 2234 per
1018 2158 1316 2217 litterarum
1341 2160 1511 2214 ofﬁcia
1537 2158 1841 2218 ostendere,
1872 2163 1931 2208 ut
1970 2153 2170 2207 intelli-

614 2263 770 2322 gatur
794 2268 892 2306 vox
920 2259 1009 2306 tua
1034 2253 1086 2305 in
1113 2265 1310 2307 arcano
1329 2250 1506 2305 cordis
1534 2247 1704 2302 nostri
1730 2242 2015 2299 desiderio.
2036 2243 2169 2297 Nam

612 2343 751 2397 sicut
776 2341 1038 2410 loquentis
1065 2337 1240 2409 lingua
1272 2339 1326 2392 in
1361 2351 1490 2391 aure
1516 2334 1797 2398 audientis,
1830 2334 1902 2386 ita
1934 2332 2170 2386 scriben-

613 2430 685 2486 tis
706 2430 945 2486 calamus
970 2429 1177 2499 prolicit
1202 2429 1252 2481 in
1279 2424 1431 2481 oculo
1452 2425 1673 2496 legentis
1705 2441 1715 2475 :
1757 2431 1811 2478 et
1833 2422 1895 2476 ad
1917 2421 2170 2475 interiora

612 2518 788 2587 cordis
812 2517 1052 2589 pervenit
1100 2531 1287 2571 sensus
1342 2513 1646 2584 dirigentis,
1700 2512 1838 2566 sicut
1880 2511 2039 2565 verba
2090 2509 2171 2562 in-

612 2610 887 2665 struentis.
912 2606 1264 2675 Quapropter,
1289 2603 1597 2657 beatissime
1610 2591 1792 2662 Pater,
1816 2598 1977 2652 nolite
1999 2598 2169 2665 ipsum

614 2697 767 2754 nobis
786 2712 1000 2768 negare.
1024 2694 1191 2763 lrriga
1233 2690 1491 2747 salutiferi
1530 2689 1662 2761 [Al.,
1705 2686 1977 2757 salutaris]
2012 2686 2172 2740 fontis

617 2790 779 2851 unda,
803 2794 1017 2856 pectora
1038 2791 1233 2838 nostra:
1256 2781 1534 2852 parvitatis
1556 2780 1780 2837 arentia.
1810 2778 2018 2834 Scimus
2046 2780 2096 2833 in
2120 2785 2172 2831 te

518 2871 522 2874 ’
619 2891 741 2932 csse
782 2876 978 2931 fontem
1006 2872 1232 2926 vivent’s
1258 2886 1427 2941 aqum,
1451 2885 1568 2940 quae
1602 2868 1754 2941 [Ms.,
1782 2867 1919 2939 qui],
1948 2866 2171 2921 Domino

621 2964 869 3027 dicente,
913 2958 1065 3018 saliet
1103 2962 1156 3015 in
1193 2961 1354 3013 vitam
1403 2969 1656 3013 aeternam
1707 2957 1883 3027 (Joan.
1936 2972 2009 3019 tv,
2058 2953 2167 3024 Η).

619 3052 872 3110 Nolumus
922 3051 1034 3125 [ut]
1074 3053 1139 3107 ad
1182 3060 1235 3105 te
1264 3051 1527 3120 pertineat
1554 3048 1695 3117 quod
1736 3046 1983 3101 Salomon
2006 3047 2079 3099 ait
2106 3045 2172 3099 de

2269 1907 2407 1944 mam
2435 1894 2709 1961 pervenire
2732 1897 2926 1963 poterit
2968 1909 3015 1947 ει.
3055 1896 3168 1950 Noli
3202 1907 3303 1951 tuae
3328 1899 3622 1954 devotionis
3658 1902 3811 1957 nobis

2269 1980 2579 2036 subtrahere
2607 1984 2883 2037 scientiam
2906 2025 2920 2049 ,
2947 1986 3052 2040 noli
3073 2001 3346 2040 accensam
3394 1988 3447 2041 in
3473 1996 3524 2041 te
3546 1988 3811 2044 lucernam

2268 2068 2446 2122 modio
2480 2084 2776 2138 supponere
2799 2071 3009 2141 (Matth.
3038 2090 3087 2139 v,
3119 2074 3223 2145 l5).
3253 2076 3333 2129 vel
3359 2079 3613 2146 torpentis
3638 2079 3812 2133 lectuli

2269 2156 2447 2224 quiete
2489 2159 2849 2233 abscondere;
2911 2163 3001 2215 sed
3051 2162 3306 2231 prteceiso
3352 2178 3646 2235 superpone
3695 2183 3809 2222 eam

2268 2242 2603 2308 candelabro,
2626 2254 2683 2299 ut
2705 2245 2879 2300 luceat
2900 2250 3145 2303 omnibus
3168 2252 3257 2319 qui
3287 2252 3340 2305 in
3369 2253 3522 2308 domo
3550 2254 3643 2307 Dei
3664 2265 3803 2308 sunt.

2268 2332 2411 2386 intra
2457 2344 2762 2389 sanctorum
2786 2335 3159 2407 gazophylacia
3199 2339 3470 2395 doctorum
3497 2380 3512 2405 ,
3540 2349 3592 2393 et
3636 2342 3814 2410 profer

2269 2424 2439 2487 nobis,
2480 2424 2644 2478 veluti
2667 2425 3004 2482 doctissimus
3025 2428 3196 2483 scriba
3211 2469 3224 2492 ,
3250 2436 3303 2482 et
3324 2444 3357 2493 a
3382 2428 3605 2483 Domino
3625 2431 3805 2484 lauda-

2273 2522 2358 2565 tus
2403 2528 2538 2565 nova
2575 2521 2628 2566 et
2669 2522 2849 2568 vetera
2879 2513 3088 2585 (Matth.
3115 2531 3234 2580 nu,
3262 2516 3371 2587 52).
3397 2516 3582 2571 Aderit
3620 2518 3714 2571 tibi
3758 2519 3813 2571 iu

2272 2602 2465 2657 itinere
2490 2603 2644 2672 hujus
2673 2600 2870 2658 laboris
2905 2604 3046 2658 illius
3078 2605 3243 2674 gratia
3268 2622 3281 2669 ;
3313 2606 3401 2673 qui
3432 2606 3634 2660 duobus
3658 2606 3815 2660 disci~
3849 2616 3855 2621 ‘

2270 2690 2407 2759 pulis
2427 2692 2672 2746 euntibus
2691 2692 2744 2745 in
2774 2693 2877 2756 via,
2909 2693 3119 2746 tertium
3141 2708 3198 2747 se
3219 2694 3419 2748 socium
3446 2694 3665 2759 addidit,
3687 2693 3830 2772 illis-_

2270 2796 2373 2849 que
2410 2796 2599 2835 sensus
2623 2784 2847 2851 aperuit,
2879 2790 2935 2835 ut
2961 2792 3171 2837 sanctas
3196 2783 3544 2853 intelligerent
3571 2781 3813 2851 Scriptu-

2278 2884 2385 2923 ras.
2416 2869 2690 2935 Quomodo
2712 2872 2911 2938 poteris
2954 2871 3179 2939 teipsum
3210 2887 3238 2923 a
3263 2871 3415 2938 culpa
3444 2869 3817 2925 taciturnitatis

2272 2959 2411 3025 apud
2438 2962 2557 3011 eum
2580 2972 2835 3011 excusare
2855 2958 2945 3026 qui
2971 2958 3045 3011 ait
3071 2975 3085 3012 :
3112 2957 3265 3012 Omni
3284 2960 3468 3027 petenti
3491 2968 3539 3013 te
3565 2958 3633 3011 da
3662 2956 3811 3029 (Luc.

2272 3063 2419 3113 ntv,
2446 3048 2515 3102 52
2532 3047 2683 3119 seq.),
2713 3050 2941 3102 maxime
2966 3049 3088 3102 dum
3111 3048 3408 3102 nullatenus
3432 3049 3527 3102 tibi
3551 3049 3815 3108 minuetur

623 3146 707 3201 his
739 3144 830 3213 qui
882 3117 1034 3197 suam
1062 3142 1234 3197 solent
1258 3117 1431 3193 celare
1484 3136 1796 3206 sapientiam
1834 3154 1843 3188 :
1880 3134 2169 3187 Tltesaurus
2197 3117 2242 3179 C
2274 3138 2413 3207 quod
2456 3117 2702 3203 dederis,
2742 3139 2832 3191 sed
2874 3140 3055 3192 datum
3103 3139 3270 3208 magis
3293 3139 3546 3208 augetur?
3590 3138 3819 3208 δρίι-ίιιι,

619 3232 937 3295 occultatus,
986 3239 1034 3284 et
1084 3229 1336 3300 sapientia
1372 3227 1667 3281 abscondita
1693 3266 1707 3289 ,
1737 3241 1851 3295 qua:
1885 3223 2081 3277 utilitas
2118 3223 2174 3275 in

621 3322 849 3391 utrisque
869 3318 1055 3391 (Eccli.
1088 3334 1195 3381 xu,
1230 3317 1354 3389 l7)?
1380 3316 1485 3372 Sed
1514 3314 1682 3386 magis
1723 3312 1945 3367 Βοηιίηο
1970 3310 2175 3365 dicente

620 3432 718 3486 per
763 3414 1082 3482 Prophetam
1112 3430 1125 3463 :
1157 3411 1309 3479 Aperi
1360 3416 1608 3475 artuum,
1663 3413 1711 3457 et
1760 3418 1850 3471 ego
1889 3398 2177 3469 adimplebo

625 3500 758 3555 illud
794 3499 963 3569 (Psai.
990 3514 1146 3559 uxx,
1180 3496 1287 3566 ll).
1326 3495 1484 3564 Aperi
1513 3492 1839 3548 conﬁdenter
1861 3504 1922 3543 os
1953 3495 2099 3542 tuum
2125 3487 2179 3540 in

627 3585 1081 3649 sacratissimum,
1140 3584 1339 3654 Spiritu
1414 3592 1597 3639 sancto
1651 3582 1983 3649 inspirante,
2037 3577 2179 3631 beati

624 3677 842 3733 Joannis
883 3676 1219 3749 evangelista:
1254 3673 1638 3745 expositionem
1668 3713 1683 3736 ,
1741 3680 1797 3724 et
1849 3667 2180 3724 venerabiles

628 3777 932 3823 sanctorum
954 3764 1168 3820 Patrum
1196 3765 1368 3833 pande
1397 3761 1549 3815 nobis
1594 3774 1801 3813 sensus.
1828 3757 2033 3826 Collige
2054 3756 2182 3809 mul-

628 3868 805 3913 torum
862 3854 1177 3924 margaritas
1225 3852 1277 3905 in
1326 3847 1578 3918 spiritalis
1623 3846 1859 3901 thesauri
1902 3843 2100 3907 cubili,
2130 3850 2185 3897 et

629 3963 785 4017 pasce
805 3962 869 4000 ex
896 3961 959 4000 eo
981 3957 1237 4014 pauperes
1260 3940 1477 3998 Christi.
1502 3938 1618 3993 Noli
1634 3934 1960 4005 'nosjejunas
1998 3934 2179 3991 dimit-

633 4044 775 4097 tere,
804 4048 873 4087 ne
898 4032 1204 4087 deﬁciamus
1244 4030 1295 4083 in
1327 4029 1433 4082 via.
1476 4026 1744 4080 llabemus
1786 4023 2046 4091 siquidem
2076 4022 2183 4077 cla-

633 4122 828 4177 rissimi
852 4119 1374 4188 doctorisAngustini
1400 4116 1737 4177 homeliatico
1754 4113 1861 4185 [AL
1874 4154 1887 4176 ,
1901 4109 2181 4181 omeliaco]

638 4227 883 4267 sermone
903 4209 1300 4280 explanationes
1322 4208 1374 4261 in
1395 4207 1638 4262 eumdem
1666 4203 2063 4273 evangelistam,
2093 4202 2183 4255 sed

2271 3226 2559 3295 paraclitus
2588 3226 2728 3279 omni
2755 3227 2996 3280 veritatis
3029 3227 3267 3280 doctrina
3295 3237 3350 3281 et
3374 3227 3616 3296 perfectae
3637 3227 3817 3281 chari-

2275 3319 2399 3371 tatis
2425 3320 2643 3372 scientia
2674 3327 2845 3372 vestra
2877 3317 3090 3385 impleat
3112 3326 3325 3386 pectora
3346 3358 3360 3382 ,
3412 3319 3663 3388 magister
3706 3316 3823 3371 dul-

2277 3410 2508 3463 cissime.
3314 3397 3316 3399 ’

2786 3500 2944 3571 m
2983 3500 3307 3556 EPISTOLA

2410 3606 2580 3644 ALBINI
2620 3605 2863 3643 IHGISTRI
2897 3586 2970 3643 ‘AD
3006 3604 3189 3644 GISLAI
3229 3605 3295 3642 ΕΤ
3334 3601 3690 3643 ΒΙΕΗτΒυΒΛΙο

2350 3674 2700 3734 Nobilissimis
2746 3680 2795 3732 in
2824 3669 3139 3734 Christianae
3168 3679 3435 3751 religionis
3464 3664 3747 3732 sanctitate
3767 3684 3839 3738 es

2280 3769 2335 3822 in
2359 3769 2629 3836 sapientia:
2657 3770 2848 3823 studiis
2876 3769 3250 3833 devotissimis,
3278 3760 3488 3837 Deoque
3510 3767 3697 3821 dicatis
3718 3766 3831 3819 vir-

2282 3856 2511 3925 ginibus,
2542 3856 2701 3911 Gisia:
2730 3858 2922 3921 sorori,
2948 3840 3007 3911 et.
3030 3858 3333 3911 Richtrudae
3362 3857 3481 3909 ﬁliae
3508 3855 3637 3925 [Αι.,
3664 3855 3826 3909 Gisia:

2283 3953 2337 3998 et
2363 3946 2670 3999 Richtrudaa
2698 3944 2950 4015 ﬁliabus],
2981 3945 3193 3999 humilis
3215 3943 3379 3997 frater
3410 3954 3463 3997 et
3492 3952 3642 4012 pater
3679 3942 3829 3998 Albi-

2283 4050 2401 4098 nus,
2430 4043 2695 4104 perpetua:
2713 4036 3055 4089 beatitudinis
3078 4034 3317 4089 salutem.

2354 4123 2617 4187 Quantum
2645 4124 2697 4176 in
2726 4124 3059 4177 sanctissimo
3086 4124 3354 4193 sapientiae
3378 4110 3553 4177 Studia
3573 4123 3828 4192 optimam

2287 4214 2338 4266 in
2370 4212 2517 4265 vobis
2540 4211 2693 4274 laudo
2721 4212 3072 4272 devotionem,
3101 4220 3302 4264 tantum
3320 4227 3487 4264 meam
3526 4210 3673 4280 [Ms.,
3698 4204 3829 4280 mei]

637 4301 954 4373 quibusdam
1008 4300 1061 4353 in
1099 4298 1229 4353 locis
1278 4297 1442 4351 multo
1485 4296 1848 4358 obscuriores,
1894 4292 2186 4363 maiorique
2286 4302 2451 4370 ipsius
2494 4300 2682 4368 plango
2723 4299 3077 4368 imperitiam;
3117 4314 3305 4367 meque
3350 4299 3518 4365 ipsum
3548 4297 3699 4365 longe
3726 4296 3832 4349 im-

633 4388 1097 4445 circumlocutione
1127 4388 1421 4448 decoratas,
1478 4400 1635 4451 quam
1688 4392 1883 4437 nostra:
1909 4382 2243 4457 parvitatis_
2286 4404 2465 4457 parem
2512 4396 2703 4443 vestra:
2747 4388 2995 4441 laudabili
3051 4386 3312 4441 devotioni
3365 4400 3610 4455 agnosco.
3658 4382 3831 4450 Atque

636 4477 957 4551 ingeniolum
979 4476 1181 4530 intrare
1196 4476 1387 4528 valeat.
1414 4472 1617 4526 Sullicit
1637 4474 1788 4526 nobis
1807 4482 1997 4524 vestrae
2024 4472 2180 4524 devo—
2208 4452 2255 4509 Ῑ)
2282 4452 2485 4532 {ninam
2512 4486 2656 4531 tanta
2679 4486 2819 4532 esset
2846 4479 2895 4530 in
2921 4493 3039 4531 meo
3065 4484 3278 4545 pectore
3301 4452 3524 4529 facultas
3545 4470 3829 4534 scribendi,

639 4570 800 4624 tionis
826 4566 956 4639 [Αι.,
982 4565 1183 4628 melius,
1215 4562 1405 4618 suﬁicit
1428 4576 1554 4614 vero
1583 4568 1773 4613 nostrm
1809 4558 2093 4629 devotioni]
2116 4558 2181 4613 de

640 4656 824 4711 rivulis
856 4655 1175 4709 dulcissima:
1211 4666 1360 4719 aqua:
1385 4658 1597 4718 potare.
1626 4663 1728 4700 non
1758 4645 2183 4716 profundissimis

643 4744 907 4815 gurgitum
939 4742 1239 4796 fluminibus
1265 4749 1477 4794 nostras
1500 4738 1783 4793 immittere
1810 4737 2037 4791 carinas.
2068 4736 2183 4790 Scis

642 4834 782 4888 enim
808 4831 1023 4899 optime,
1049 4830 1227 4898 parvis
1245 4844 1405 4897 parva
1434 4828 1690 4889 sufﬁcere,
1722 4842 1819 4880 nec
1836 4826 1916 4880 'ad
1944 4841 2182 4881 mensam

646 4928 1011 4991 magnatorum
1045 4930 1327 4985 pauperem
1367 4916 1571 4968 turbam
1597 4916 1847 4968 accedere
1874 4930 2046 4983 posse.
2079 4913 2187 4967 Nec

644 5022 879 5069 nostrum
901 5018 1001 5073 est,
1019 5010 1270 5063 altissima
1292 5007 1571 5061 cedrorum
1594 5006 1863 5059 cacumina
1881 5008 2185 5067 ascendere,

646 5104 738 5155 sed
764 5116 883 5153 cum
909 5098 1149 5159 Zachaeo,
1202 5111 1296 5164 pro
1328 5096 1585 5149 brevitate
1629 5101 1843 5148 statura:
1891 5104 2103 5158 nostra,
2136 5096 2189 5147 in

648 5201 923 5258 sycomoro
938 5196 1097 5248 stare,
1124 5184 1406 5253 Jesumque
1426 5198 1644 5237 cernere
1666 5186 2021 5237 transeuntem
2041 5182 2187 5252 (Luc.

649 5291 760 5337 xu,
791 5272 865 5342 ι),
902 5274 1267 5340 continuisque
1294 5272 1567 5339 deplorare
1586 5270 1829 5340 precibus
1858 5279 1916 5322 ut
1954 5284 2049 5323 nos
2080 5271 2189 5322 suis

652 5364 834 5432 dignas
860 5359 1050 5415 efﬁciat
1097 5360 1351 5414 conviviis
1374 5399 1388 5422 ,
1424 5360 1799 5427 vobiscumquc
1830 5359 2187 5413 dulcissimum

653 5452 973 5517 epithalamii
1027 5451 1331 5518 paradigma
1368 5450 1649 5502 decantare
1694 5467 1706 5501 :
1763 5451 2053 5505 Introduxit
2102 5468 2189 5503 nos

726 5652 747 5679 ⁸
790 5639 885 5692 llic
912 5640 1089 5693 finitur
1109 5642 1224 5693 eod.
1256 5638 1452 5699 \'atie.,
1502 5640 1710 5691 omissis
1732 5655 1845 5705 qua:
1877 5649 2169 5707 sequuntur

2284 4575 2535 4633 quantum
2559 4565 2710 4636 μη,
2735 4565 2956 4636 quanta]
2984 4574 3065 4618 est
3092 4566 3144 4617 in
3174 4564 3324 4617 vobis
3336 4562 3578 4617 voluntas
3602 4553 3830 4630 legendi.

2284 4654 2510 4707 Proinde
2548 4655 2749 4707 duabus
2780 4662 3022 4707 coarctor
3071 4651 3327 4720 angustiis
3377 4670 3387 4701 :
3438 4651 3559 4705 hinc
3586 4647 3834 4704 charitati

2288 4741 2571 4809 quidquam
2595 4756 2809 4815 negare,
2836 4741 2919 4792 cui
2951 4741 3126 4793 omnia
3168 4749 3415 4808 praestare
3438 4739 3643 4793 debitor
3679 4750 3830 4799 sum;

2292 4831 2435 4884 illinc
2474 4830 2658 4883 altiora
2703 4838 2901 4899 petere,
2959 4832 3330 4901 modulumque
3378 4846 3509 4885 mea:
3556 4826 3834 4897 parvitatis

2289 4919 2684 4983 transcendere,
2714 4920 2919 4973 dicente
2946 4920 3219 4987 Scriptura
3259 4940 3269 4972 :
3303 4920 3500 4973 Alliam
3522 4928 3569 4971 te
3593 4934 3654 4970 ne
3680 4933 3828 4987 quc-

2287 5008 2431 5059 sieris
2452 5006 2635 5076 (Eccli.
2665 5023 2748 5067 Ill,
2774 5008 2881 5076 22).
2908 5007 3016 5061 Nisi
3040 5008 3175 5061 forte
3197 5008 3250 5059 in
3264 5006 3412 5061 vobis
3431 4994 3683 5081 sitculpa,
3708 5004 3831 5075 quia

2289 5095 2517 5150 difﬁcilia
2548 5098 2773 5164 petistis,
2806 5106 2859 5151 et
2891 5098 2943 5151 in
2987 5113 3071 5150 me
3096 5098 3233 5151 ratio
3276 5097 3431 5166 justas
3454 5095 3831 5157 excusationis,

2291 5185 2379 5251 qui
2413 5184 2746 5239 inﬁrmitates
2772 5201 2917 5239 meas
2942 5186 3309 5250 considerans,
3359 5185 3672 5240 altissimum
3714 5197 3838 5237 meo

2296 5271 2446 5341 [.ils.,
2500 5273 2755 5327 altissimo
2808 5272 3014 5343 meum]
3060 5289 3216 5342 opere
3262 5275 3522 5328 calamum
3570 5270 3837 5324 abstinere

2295 5362 2521 5415 decrevi.
2551 5364 2697 5419 Scire
2714 5365 2913 5417 debetis
2938 5364 3182 5418 omnibus
3208 5364 3397 5418 divina:
3429 5362 3717 5431 Scriptura:
3735 5375 3834 5430 pa-

2296 5449 2431 5518 ginis
2481 5452 2667 5504 merito
2706 5452 3058 5518 evangelieam
3107 5451 3363 5505 excellere
3423 5448 3832 5509 auctoritatem,
