4230 6186
381 312 473 366 7H

1002 306 1406 369 exsomnes.
1445 341 1511 353 --
1549 286 1895 367 ςοιιιιεκτ.
1936 309 2001 364 1N
2036 309 2224 366 max.
2266 342 2334 351 --
2371 311 2583 369 EPIST.
2624 313 2672 368 r1

1279 314 1406 368 lCA-
1445 341 1511 353 --
1549 286 1895 367 ςοιιιιεκτ.
1936 309 2001 364 1N
2036 309 2224 366 max.
2266 342 2334 351 --
2371 311 2583 369 EPIST.
2624 313 2944 368 parum.

3490 318 3593 373 753

373 422 517 487 quia,
534 419 673 489 quod
696 420 777 473 lex
794 430 846 473 et
866 417 1135 490 propheta
1155 421 1387 475 futurum
1410 420 1919 490 prtennntiaverunt,
1952 425 1993 480 Α
2023 435 2107 484 ea,
2132 435 2248 488 quae
2272 421 2639 489 praeterierunt
2667 422 2892 489 priores,
2922 430 3045 475 ante
3071 422 3410 477 traditionem
3432 423 3595 479 Joan-

373 513 475 566 boc
501 511 763 564 redditum
788 519 948 579 atque
972 512 1291 580 completum
1326 513 1377 565 in
1402 510 1685 580 Evangelio
1712 510 1929 563 demon-

382 607 578 652 ttratur
624 594 758 668 [At.,
787 597 1127 669 Evangelium
1169 598 1541 671 demonstrat].
1592 597 1765 667 Atque
1791 597 1930 651 inter

374 687 519 758 ipsos
536 685 944 757 Evangeliorum
964 687 1250 757 scriptores
1262 687 1411 742 valde
1425 689 1636 743 beatum
1649 685 1925 749 Joannem,

373 776 425 827 in
440 774 739 829 divinorum
754 774 1113 843 profunditate
1133 776 1504 845 mysteriorum
1521 774 1926 827 eminentiorem

370 878 489 918 esse
514 881 528 917 :
558 878 715 933 quem
739 865 899 919 etiam
927 867 1181 928 tradunt,
1222 867 1359 920 sicut
1384 866 1578 935 legitur
1600 866 1653 918 in
1673 863 1928 918 ecclesia-

368 954 503 1007 stica
525 953 768 1017 historia,
795 967 965 1022 usque
990 954 1055 1007 ad
1078 954 1320 1007 ultimum
1344 967 1479 1023 pene
1511 954 1631 1006 vitae
1656 968 1765 1007 sua:
1787 961 1926 1005 tem-

367 1056 486 1110 pus,
515 1042 717 1110 absque
765 1041 922 1097 ullius
968 1042 1257 1112 Scriptura:
1306 1043 1536 1107 indiciis,
1582 1042 1926 1111 Evangelium

366 1149 502 1200 puro
549 1147 797 1187 sermone
830 1133 1166 1203 przedicasse.
1199 1132 1472 1202 Siquidem
1506 1149 1536 1187 a
1562 1142 1800 1203 tempore
1825 1132 1926 1187 Do-

373 1221 581 1275 minicte
609 1221 896 1289 passionis,
930 1224 1337 1277 resurrectionis
1366 1232 1421 1277 et
1457 1223 1808 1287 ascensionis,
1838 1238 1927 1277 us-

372 1322 473 1375 que
516 1307 583 1361 ad
613 1308 797 1362 ultima
826 1308 1110 1363 Domitiani
1136 1311 1394 1381 principis
1420 1320 1677 1380 tempora,
1709 1328 1804 1380 per
1834 1326 1927 1365 an-

316 1418 317 1421 η
367 1411 463 1450 nos
489 1397 705 1451 circiter
727 1397 1002 1467 sexaginta
1046 1406 1098 1452 et
1128 1400 1391 1467 quinque,
1422 1399 1622 1468 absque
1663 1400 1770 1453 ullo
1800 1401 1927 1453 scri-

363 1484 519 1537 bendi
542 1484 885 1549 adminiculo,
914 1486 1133 1540 verbum
1163 1486 1255 1540 Dei
1297 1488 1639 1556 praedicabat.
1685 1486 1752 1539 At
1774 1487 1863 1543 ubi
1894 1503 1923 1540 a

360 1574 661 1627 Domitiano
683 1614 697 1635 ,
743 1575 834 1643 qui
863 1576 1126 1629 secundus
1150 1586 1269 1645 post
1299 1575 1560 1631 Neronem
1589 1575 1923 1631 Christiano-

356 1680 476 1720 rum
503 1676 815 1734 persecutor
839 1668 1063 1731 exstitit,
1119 1668 1173 1721 in
1222 1668 1409 1721 exsilio
1435 1667 1689 1721 Pathmos
1732 1667 1921 1739 [Beda,

2032 504 2116 556 nis
2145 503 2438 560 Salvatoris
2489 516 2639 575 gesta
2685 508 3030 564 describeret.
3091 510 3155 563 Et
3206 511 3323 565 ideo
3366 515 3493 568 dicit
3544 518 3597 569 in

2030 591 2317 662 Evangelia
2346 608 2443 649 suo
2473 613 2483 647 :
2532 593 2645 647 Hoc
2677 596 2793 663 fecit
2824 597 3029 650 initium
3074 598 3338 666 signorum
3382 618 3597 656 suorum

2028 678 2180 733 lem
2205 680 2385 751 (Joan.
2413 698 2470 745 ll,
2500 682 2607 753 ll).
2636 684 2703 737 Et
2731 685 2923 740 iterum
2947 687 2998 740 in
3026 687 3128 741 alio
3154 686 3272 743 loco
3297 689 3497 746 indicat
3516 692 3595 745 di-

2028 785 2155 824 cens
2184 790 2195 823 :
2226 770 2470 824 Nondum
2499 774 2633 826 enim
2657 774 2887 829 Joannes
2910 787 3017 829 erat
3046 780 3232 831 missus
3258 780 3310 832 in
3338 796 3593 835 carcerem

2030 859 2210 928 (Joan.
2244 875 2325 922 ιιι,
2352 858 2465 930 2i).
2499 861 2577 914 Ex
2628 863 2820 932 quibus
2845 872 3057 918 constat
3087 868 3230 934 quod
3264 883 3327 921 ea
3357 883 3474 937 qua:
3501 885 3594 923 an-

2028 956 2242 1016 tequam
2268 946 2503 1003 Joannes
2555 952 2874 1018 traderetur,
2926 955 2994 1007 ab
3025 954 3149 1009 Jesu
3178 954 3392 1012 fuerant
3420 971 3595 1027 gesta,

2027 1038 2299 1091 describit.
2330 1038 2435 1093 Sed
2460 1042 2643 1109 procul
2669 1043 2831 1098 dubio
2857 1047 3087 1099 maxime
3111 1046 3444 1103 divinitatem
3491 1052 3595 1105 Do-

2027 1128 2158 1181 mini
2183 1130 2353 1183 nostri
2374 1129 2503 1183 Jesu
2530 1132 2751 1196 Christi,
2784 1149 2887 1202 qua
2914 1136 3060 1189 Patri
3102 1146 3188 1192 est
3226 1140 3446 1209 :equalis
3473 1181 3488 1205 ,
3518 1143 3597 1195 in-

2030 1218 2197 1271 tendit
2244 1220 2518 1275 declarare
2543 1262 2557 1285 ,
2584 1237 2807 1291 eamque
2837 1227 3099 1295 prmcipue
3149 1244 3245 1283 suo
3286 1230 3593 1301 Evangelia,

2028 1316 2284 1375 quantum
2318 1310 2457 1363 inter
2479 1312 2721 1367 homines
2744 1314 2988 1369 suilicerc
3030 1318 3275 1382 credidit,
3328 1336 3597 1376 commcn-

2025 1394 2154 1447 dare
2208 1398 2433 1449 curavit.
2489 1397 2673 1467 Itaque
2730 1402 2885 1470 longe
2928 1418 2957 1455 a
3008 1390 3175 1460 tribus
3228 1410 3596 1476 superioribus

2024 1487 2361 1556 evangelistis
2375 1489 2655 1544 sublimius
2674 1492 2909 1546 elevatus
2927 1505 3002 1547 cst
3016 1535 3029 1558 ,
3056 1497 3124 1547 ita
3148 1506 3204 1549 ut
3225 1512 3318 1552 eos
3338 1502 3599 1567 quodam-

2025 1576 2183 1629 modo
2211 1577 2391 1631 videas
2424 1579 2477 1631 in
2515 1587 2655 1634 terra
2687 1596 2805 1635 cum
2839 1581 3052 1637 Christo
3103 1585 3316 1641 homine
3373 1604 3599 1642 cowrr-

2025 1664 2152 1728 sari,
2184 1665 2329 1719 ilium
2357 1677 2535 1721 autem
2559 1673 2953 1727 transcendisse
2985 1675 3227 1729 nebulam
3263 1694 3366 1747 qua
3402 1681 3596 1750 legitur

355 1756 509 1809 exsul
530 1756 584 1810 in
612 1755 884 1828 Pathrnos]
909 1758 1102 1811 missus
1125 1766 1243 1821 est;
1284 1766 1439 1811 nacta
1474 1758 1756 1812 occasione
1782 1757 1923 1811 illius
1959 1752 1997 1809 Β
2024 1756 2199 1808 omnis
2221 1765 2361 1813 terra
2382 1798 2395 1820 ,
2426 1768 2479 1811 et
2510 1762 2817 1828 pervenisse
2846 1756 3201 1833 ad’liquidum
3236 1770 3355 1823 casli
3393 1771 3595 1832 lumen.

356 1843 426 1911 pii
457 1842 633 1896 Patris
653 1843 920 1909 absentia,
952 1845 1306 1914 irrumpentes
1334 1846 1386 1899 in
1415 1846 1707 1901 Ecclesiam
1753 1848 1924 1902 luere-

357 1932 465 1995 tiei,
497 1933 648 2001 quasi
678 1933 731 1985 in
757 1934 1009 1987 destituta
1049 1935 1282 2003 pastoris
1321 1934 1510 2006 [Beda,
1552 1935 1789 2008 pastore]
1810 1938 1924 1991 ovi-

355 2022 422 2074 lia
466 2021 614 2091 lupi,
642 2021 896 2085 Marcion,
932 2022 1256 2078 Cherinthus
1283 2034 1339 2079 et
1369 2025 1591 2091 Hebion,
1642 2027 1923 2096 caeterique

358 2111 695 2177 Antichristi,
720 2112 812 2182 qui
832 2112 1103 2168 Christum
1131 2114 1295 2169 fuisse
1322 2124 1446 2170 ante
1494 2116 1715 2170 Mariam
1764 2133 1923 2188 nega-

353 2199 499 2263 bant,
530 2199 926 2268 simplicitatcm
946 2202 1071 2257 iidei
1096 2204 1417 2274 evangelicm
1459 2221 1710 2275 perversa
1740 2222 1922 2261 macu-

355 2285 530 2341 lavere
543 2286 802 2342 doctrina.
821 2287 928 2344 Sed
948 2290 1075 2345 dum
1098 2291 1209 2361 ipse
1231 2300 1349 2361 post
1374 2294 1696 2349 occisionem
1721 2294 1890 2366 [Edit.
1904 2336 1917 2358 ,

352 2375 720 2447 occasionem]
772 2367 1097 2445 Domitiani,
1147 2382 1485 2450 permittente
1532 2384 1620 2453 pio
1680 2386 1919 2454 principe

352 2461 550 2529 Nerva,
577 2465 775 2519 rediret
807 2466 1102 2535 Ephesum,
1125 2472 1432 2540 compulsus
1455 2480 1537 2525 est
1563 2472 1629 2526 ab
1671 2474 1918 2529 omnibus

347 2564 484 2618 pene
512 2558 638 2606 tunc
658 2551 799 2607 Asia:
819 2554 1105 2625 episcopis,
1147 2566 1201 2611 et
1244 2558 1532 2612 multarum
1557 2560 1915 2615 Ecclesiarum

348 2640 725 2711 legationibus,
752 2644 817 2697 de
838 2656 1100 2699 coaeterna
1124 2646 1268 2702 Patri
1314 2649 1589 2703 divinitate
1617 2650 1817 2706 Christi
1844 2652 1917 2706 al-

349 2728 457 2783 tius
490 2728 667 2785 facere
696 2746 997 2787 sermonem
1021 2773 1036 2799 ,
1074 2748 1139 2788 eo
1168 2736 1309 2805 quod
1359 2738 1413 2791 in
1444 2740 1602 2793 trium
1650 2742 1915 2809 evangeli-

288 2812 289 2817 “
346 2828 547 2874 starum
589 2821 824 2891 scriptis,
875 2822 1107 2878 Matthxi
1130 2825 1401 2889 videlicet,
1436 2827 1597 2883 Marci
1642 2838 1694 2883 et
1734 2813 1911 2895 Luc'tc,

346 2908 412 2961 de
440 2909 736 2983 humilitate
764 2910 916 2981 ιλιι,
943 2912 1296 2985 humanitate]
1324 2917 1459 2985 ejus,
1488 2933 1549 2971 ac
1578 2919 1643 2973 de
1688 2920 1770 2975 his
1794 2936 1912 2990 quce

348 3009 445 3061 per
491 2997 758 3052 hominem
799 3002 999 3070 gessit.
1041 3002 1307 3059 suiliciens
1338 3006 1435 3059 sibi
1468 3008 1774 3062 viderentur
1817 3010 1912 3063 ha-

2024 1844 2162 1898 nnde
2197 1847 2311 1900 acie
2338 1848 2534 1901 mentis
2566 1851 2873 1905 acutissima
2907 1861 3066 1921 atque
3096 1855 3404 1911 [inanissima
3448 1861 3596 1914 vide-

2024 1944 2106 1989 ret
2130 1936 2182 1988 in
2210 1937 2470 2005 principio
2487 1938 2743 2005 Verbum,
2772 1941 2939 2001 Deum
2964 1944 3027 1997 de
3056 1944 3184 2010 Deo,
3216 1945 3393 2001 lumen
3422 1949 3486 2003 de
3514 1948 3597 2003 lu-

2021 2022 2185 2087 mine,
2226 2038 2323 2092 per
2348 2040 2505 2094 quem
2542 2026 2681 2081 facta
2713 2040 2836 2083 sunt
2864 2033 3042 2084 omnia
3066 2073 3079 2094 ,
3115 2042 3169 2087 et
3217 2035 3389 2105 ipsum
3431 2054 3595 2110 agno—

2021 2120 2198 2165 sceret
2225 2127 2388 2168 carne
2425 2114 2577 2186 [Ms.,
2609 2119 2850 2190 carnem]
2878 2120 3076 2176 factum
3101 2163 3116 2186 ,
3154 2133 3212 2178 ut
3240 2125 3506 2183 habitaret
3536 2132 3591 2187 in

2023 2204 2173 2258 nobis
2201 2224 2213 2258 :
2251 2208 2391 2276 quod
2421 2210 2685 2277 acceperit
2704 2226 2941 2275 carnem,
2974 2206 3077 2267 non
3108 2216 3245 2282 quod
3286 2216 3445 2273 fuerit
3474 2237 3589 2276 mu-

2021 2300 2161 2347 tatus
2188 2294 2240 2347 in
2272 2310 2509 2351 carnem.
2536 2296 2647 2351 Nisi
2668 2301 2808 2352 enim
2834 2302 3012 2356 carnis
3034 2306 3343 2374 assumptio,
3380 2320 3590 2364 servata

2021 2381 2437 2439 incommutabili
2467 2386 2761 2452 divinitate,
2795 2388 2930 2443 facta
2962 2399 3124 2455 esset,
3148 2407 3253 2448 non
3281 2396 3585 2453 diceretur:

2018 2471 2129 2542 Ego
2154 2483 2203 2526 et
2225 2473 2387 2528 Pater
2410 2493 2569 2530 unum
2601 2495 2781 2534 sumus
2813 2481 2991 2549 (Joan.
3014 2499 3065 2548 ς,
3091 2486 3203 2555 50).
3239 2484 3420 2559 Neque
3446 2490 3587 2544 enim

2016 2560 2177 2616 Pater
2204 2572 2255 2617 et
2285 2579 2412 2618 caro
2437 2572 2767 2621 unum‘sunt.
2800 2569 2865 2622 Et
2908 2572 3010 2624 hoc
3046 2572 3111 2627 de
3139 2589 3197 2629 se
3226 2575 3343 2644 ipso
3371 2577 3585 2632 Domini

2017 2655 2416 2719 testimonium,
2477 2656 2623 2710 solus
2672 2657 2810 2712 idem
2845 2657 3078 2715 Joannes
3123 2668 3581 2720 commemoravit.

2015 2742 2117 2808 Et,
2143 2748 2230 2815 qui
2264 2763 2341 2798 me
2372 2747 2501 2800 ridet
2523 2788 2536 2809 ,
2577 2748 2709 2801 ridet
2733 2759 2777 2801 ct
2810 2749 3040 2804 Putrem.
3084 2752 3169 2817 Et,
3196 2753 3305 2823 Ego
3329 2756 3380 2807 in
3406 2754 3585 2820 Patre,

2012 2842 2059 2883 et
2096 2832 2256 2886 Pater
2283 2835 2337 2886 in
2383 2850 2481 2887 me.
2506 2835 2591 2897 Et,
2623 2834 2687 2888 Ut
2708 2838 2809 2891 sint
2840 2856 3033 2901 unum;
3059 2843 3189 2895 sicut
3215 2853 3260 2896 et
3303 2860 3394 2897 nos
3423 2862 3583 2898 unum

2012 2938 2208 2974 sumus.
2263 2922 2349 2987 Et,
2378 2923 2506 2988 Qua:
2545 2923 2705 2979 Pater
2745 2927 2902 2996 facit,
2946 2931 3057 2983 lure
3092 2933 3272 2986 eadem
3324 2946 3368 2986 et
3412 2928 3583 2988 ("ilius

2014 3015 2141 3083 facit
2178 3018 2411 3071 similiter
2440 3020 2619 3087 (Joan.
2647 3037 2756 3084 XIV,
2789 3024 2840 3085 9,
2877 3025 2995 3095 10);
3030 3027 3095 3079 Et
3135 3028 3180 3081 si
3206 3044 3310 3097 qua
3338 3029 3438 3082 alia
3461 3040 3587 3085 sunt

344 3084 472 3138 bere
507 3086 890 3140 testimonium.
934 3090 1086 3154 Quod
1118 3090 1203 3146 ille
1228 3107 1287 3147 se
1324 3108 1429 3147 non
1460 3095 1616 3149 aliter
1664 3107 1910 3151 acturum
1938 3078 1983 3139 (ἶ
2012 3078 2130 3171 qua:
2156 3104 2355 3160 Christi
2399 3106 2734 3163 divinitatem
2759 3151 2771 3172 ,
2814 3112 2866 3166 in
2894 3078 2997 3181 qua
3039 3078 3259 3183 :cqualils
3285 3125 3368 3170 est
3410 3117 3577 3180 Patri,

344 3177 645 3245 respondit,
676 3179 776 3232 nisi
827 3179 1024 3235 indicto
1045 3180 1249 3249 jejunio
1294 3200 1481 3239 omnes
1528 3186 1581 3239 in
1630 3201 1909 3242 commune

350 3265 633 3319 hominum
680 3279 1031 3336 precarentur
1073 3270 1203 3351 [M3,
1248 3274 1705 3347 deprecarentur],
1737 3284 1797 3329 ut
1820 3276 1908 3331 illo

340 3359 577 3415 donante
600 3360 754 3429 digna
784 3362 1021 3416 scribere
1043 3358 1239 3433 posset.
1262 3366 1328 3419 Et
1350 3368 1449 3421 hoc
1470 3368 1541 3421 ita
1573 3376 1802 3437 patrato,
1828 3369 1908 3423 in-

246 3458 252 3464 ·
341 3455 575 3502 structus
603 3450 927 3505 revelatione
951 3454 1157 3525 caelesti
1186 3493 1200 3517 ,
1241 3469 1303 3507 ac
1332 3456 1500 3509 sancti
1529 3454 1761 3523 Spiritus
1786 3472 1906 3525 gra-

341 3538 413 3587 tia
462 3536 737 3602 ebriatus,
777 3554 963 3595 omnes
1008 3528 1379 3598 lucreticorum
1431 3536 1707 3609 tenebras,
1758 3556 1905 3615 pate-

340 3625 478 3677 facta
508 3624 638 3695 [Αι.,
666 3628 981 3699 patefactus]
1014 3632 1189 3683 subito
1216 3632 1455 3685 veritatis
1500 3634 1636 3698 luce,
1684 3635 1905 3703 dispulit

337 3714 522 3767 dicens
551 3731 562 3765 :
596 3713 662 3767 In
684 3716 938 3785 principio
963 3727 1072 3770 erat
1130 3716 1348 3771 Verbum
1377 3759 1390 3783 ,
1444 3731 1489 3773 et
1533 3720 1749 3773 Verbum
1791 3734 1901 3776 erat

337 3802 476 3870 apud
513 3802 700 3867 Deum,
728 3813 776 3857 et
805 3805 947 3859 Deus
965 3817 1075 3859 erat
1114 3806 1331 3861 Verbum
1355 3802 1533 3880 (Joan.
1567 3828 1605 3875 ι,
1632 3813 1705 3881 i).
1728 3812 1904 3883 Atque

339 3908 461 3944 rum
498 3893 654 3946 trium
680 3893 1108 3965 Evangeliorum,
1137 3897 1365 3954 Matthtei
1393 3899 1616 3964 scilicet,
1642 3901 1807 3958 Marci
1850 3913 1904 3956 et

336 3982 512 4045 Lucae,
541 3984 606 4037 ad
629 3997 750 4036 eum
788 3986 976 4038 notitia
1002 3987 1353 4052 pervenisset,
1403 3990 1655 4055 probasse
1684 3992 1897 4058 quidem

335 4073 528 4125 dicitur
563 4071 717 4126 ﬁdem
748 4080 801 4126 et
832 4074 1109 4127 veritatem
1158 4075 1415 4129 dictorum
1444 4093 1458 4140 ;
1500 4078 1682 4132 deesse
1724 4088 1896 4133 tamen

337 4160 467 4215 vidit
486 4160 659 4229 aliqua
679 4176 857 4215 rerum
880 4169 1149 4231 gestarum
1172 4163 1423 4227 historire,
1452 4181 1513 4219 ea
1530 4168 1760 4220 maxime
1780 4183 1898 4236 qum

334 4249 503 4316 primo
542 4251 937 4317 praedicationis
967 4268 1074 4305 sum
1104 4261 1340 4322 tempore
1360 4254 1613 4309 Dominus
1638 4268 1892 4325 gesserat.

334 4336 550 4388 Certum
581 4344 665 4389 est
691 4338 833 4391 enim
860 4341 999 4406 quod
1031 4340 1082 4392 in
1130 4335 1493 4409 superioribus
1526 4345 1694 4398 tribus
1722 4347 1895 4399 Evan—

330 4423 482 4488 geliis
530 4423 644 4478 haec
684 4425 933 4479 videntur
958 4426 1067 4481 sola
1100 4428 1361 4481 contineri
1420 4445 1536 4497 qua:
1579 4440 1724 4499 gesta
1771 4442 1894 4510 sunt

333 4518 609 4579 postquam
640 4510 872 4567 Joannes
897 4513 1133 4583 Baptista
1180 4516 1405 4569 traditus
1435 4526 1487 4569 et
1536 4518 1770 4573 inclusus
1810 4530 1891 4574 est

332 4599 383 4649 in
412 4612 645 4651 carcere.
673 4601 909 4670 Denique
939 4604 980 4656 si
1008 4605 1262 4658 observes
1291 4606 1471 4659 statim
1508 4606 1558 4659 in
1588 4608 1738 4662 initio
1768 4626 1890 4664 nar-

333 4688 571 4752 rationis,
598 4700 945 4760 posteaquam
974 4696 1136 4749 rct‘ert
1157 4696 1436 4752 Matthccus
1458 4700 1520 4753 de
1537 4702 1886 4772 quadraginta

329 4778 536 4831 dierum
561 4777 763 4847 jejunio
783 4789 835 4833 et
857 4782 919 4834 de
946 4786 1235 4841 tentatione
1260 4786 1394 4853 ejus,
1442 4790 1693 4846 continuo
1720 4792 1888 4859 subje-

328 4867 401 4918 cit
422 4868 606 4921 dicens
631 4886 643 4920 :
684 4869 910 4923 Audiens
937 4881 1105 4925 autem
1130 4877 1253 4942 quia
1287 4876 1516 4932 Joannes
1547 4881 1766 4934 traditus
1794 4894 1888 4947 est,

327 4956 560 5008 discessit
587 4957 849 5012 deluda‘a
865 4968 911 5011 et
938 4961 1069 5014 venit
1088 4962 1141 5014 in
1155 4962 1428 5017 Galilaeam
1454 4967 1753 5037 (Mattimv,
1779 4972 1885 5041 i2).

332 5045 394 5097 St
419 5046 435 5097 l
456 5053 511 5097 et
528 5045 735 5101 Marcus
753 5049 1015 5112 similiter,
1046 5050 1387 5121 Posteaquam
1406 5096 1421 5119 ,
1451 5056 1641 5126 inquit,
1666 5061 1889 5117 traditus

329 5133 662 5197 rstJoames,
680 5136 975 5191 renitlesus
1002 5140 1057 5192 in
1081 5138 1351 5193 Galilwam
1369 5143 1557 5209 (Marc.
1585 5163 1624 5210 ι,
1651 5147 1755 5217 Η).
1784 5149 1887 5203 Lu-

330 5235 417 5274 cas
441 5234 566 5275 vero
594 5222 774 5287 etiam,
798 5225 1107 5295 priusquam
1129 5230 1344 5299 incipiat
1368 5232 1565 5301 aliquid
1592 5238 1657 5290 de
1678 5240 1885 5294 actibus

332 5316 528 5370 referre
544 5316 690 5381 ἔριδι,
713 5318 844 5372 dixit
870 5338 881 5371 :
909 5320 1046 5385 Quia
1066 5325 1253 5393 adjecit
1276 5325 1504 5380 Herodes
1529 5346 1685 5399 super
1710 5337 1883 5388 omnia

331 5400 486 5471 463
514 5405 670 5471 mala,
721 5424 836 5478 qua
861 5425 1113 5479 gesserat,
1154 5425 1201 5467 et
1237 5415 1485 5469 conclusit
1530 5418 1786 5476 Joannem
1829 5427 1883 5479 in

331 5505 531 5543 carcere
550 5492 697 5560 (Luc.
719 5513 802 5562 ιιι,
825 5498 1104 5568 20).Quia.
1129 5503 1366 5572 inquam,
1394 5508 1462 5561 ab
1486 5506 1571 5561 his
1601 5510 1711 5565 haec
1738 5514 1882 5569 vide-

331 5575 525 5630 bantur
555 5581 769 5647 omissa,
795 5596 1008 5656 rogatus
1035 5589 1233 5645 dicitur
1257 5590 1485 5650 Joannes
1508 5596 1790 5665 Apostolus
1822 5613 1878 5657 ut

2008 3202 2155 3245 recte
2178 3193 2591 3265 intelligentibus
2629 3200 2900 3265 iutiment,
2930 3202 3137 3270 plenius
3160 3203 3305 3257 solus
3347 3202 3583 3260 Joannes

2006 3280 2057 3334 in
2093 3280 2376 3353 Evangelio
2409 3300 2509 3339 suo
2532 3291 2731 3355 posuit,
2767 3301 3017 3360 tanquam
3048 3293 3112 3348 de
3138 3298 3353 3362 pectore
3403 3296 3573 3363 ipsius

2006 3369 2236 3435 Domini,
2261 3388 2422 3442 super
2446 3376 2587 3443 quod
2616 3376 2950 3434 discumbere
2981 3384 3031 3433 in
3054 3380 3169 3449 ejus
3188 3385 3431 3440 convivio
3456 3389 3581 3445 soli-

2006 3472 2090 3515 tus
2118 3472 2253 3527 erat,
2299 3474 2563 3521 secretum
2591 3470 2887 3525 divinitatis
2933 3474 3049 3542 ejus
3094 3474 3311 3531 uberius
3351 3488 3404 3531 et
3448 3497 3581 3548 quo-

2003 3552 2286 3609 dammodo
2307 3553 2621 3613 familiarius
2648 3560 2875 3616 biberet.
2905 3562 3156 3630 Proinde,
3185 3582 3307 3621 cum
3332 3570 3448 3625 dua:
3472 3574 3579 3625 vir-

2004 3646 2147 3693 tutes
2176 3644 2459 3710 proposita:
2480 3646 2587 3698 sint
2610 3649 2801 3703 anima:
2829 3652 3094 3717 humanae,
3128 3670 3231 3707 una
3270 3659 3465 3724 activa,
3494 3662 3574 3715 al-

2005 3739 2116 3783 tera
2162 3735 2573 3803 contemplativa
2616 3757 2626 3789 :
2682 3739 2767 3793 illa
2798 3757 2901 3809 qua
2940 3744 3073 3809 itur,
3129 3745 3225 3800 ista
3254 3763 3357 3816 qua
3388 3767 3577 3819 perve—

2004 3822 2176 3886 nitur;
2210 3823 2294 3877 illa
2323 3840 2426 3893 qua
2456 3826 2728 3884 laboratur
2753 3843 2811 3886 ut
2858 3849 2953 3889 cor
2990 3837 3275 3893 mundetur
3301 3840 3365 3895 ad
3391 3844 3581 3899 vider.-

2001 3908 2127 3961 dum
2158 3909 2324 3965 Deum
2345 3952 2359 3977 ,
2389 3914 2487 3968 ista
2510 3931 2613 3985 qua
2640 3929 2865 3975 vocatur
2900 3933 2954 3977 et
2980 3925 3190 3981 videtur
3231 3928 3368 3983 Deus
3422 3950 3433 3983 :
3486 3932 3570 3986 illa

1998 3998 2149 4049 estin
2176 4003 2456 4068 prtcccptis
2476 4009 2789 4062 exercenda:
2805 4012 2925 4063 vita:
2941 4014 3098 4079 hujus
3121 4018 3441 4085 temporalis,
3466 4021 3569 4074 ista

1999 4086 2050 4140 in
2077 4087 2317 4142 doctrina
2331 4092 2451 4145 vita:
2479 4094 2618 4149 illius
2641 4102 2966 4168 sempiterna
3008 4103 3161 4174 [Ms.,
3187 4112 3567 4185 sempiternae}.

1996 4174 2073 4229 Ae
2093 4192 2187 4246 per
2216 4179 2316 4233 hoc
2338 4181 2423 4234 illa
2449 4196 2723 4252 operatur,
2781 4190 2881 4244 ista
2928 4195 3220 4262 requiescit
3260 4216 3275 4251 τ
3302 4174 3451 4268 ’ᾳιιίει
3479 4174 3566 4256 illa

1996 4275 2077 4319 est
2119 4268 2168 4319 in
2199 4274 2514 4338 purgatione
2564 4287 2934 4342 peccatorum,
2993 4284 3094 4337 ista
3127 4287 3177 4340 in
3216 4288 3414 4347 lumine
3440 4310 3565 4362 pnr-

1996 4365 2239 4423 gatorum
2269 4375 2280 4408 :
2314 4374 2376 4411 ac
2403 4375 2497 4427 per
2524 4363 2625 4415 hoc
2650 4405 2663 4428 ,
2698 4366 2748 4417 in
2780 4367 2881 4421 hac
2933 4371 3037 4423 vita
3065 4376 3273 4427 mortali
3301 4417 3312 4439 ,
3348 4378 3436 4431 illa
3482 4392 3566 4435 est

1995 4442 2047 4494 in
2068 4458 2228 4511 Opere
2250 4445 2401 4500 bona:
2422 4455 2867 4520 conversationis,
2894 4459 2995 4512 ista
3023 4476 3148 4517 vero
3170 4467 3338 4535 magis
3364 4468 3415 4521 in
3436 4470 3559 4535 ﬁde,

1994 4540 2047 4584 et
2069 4533 2205 4600 apud
2227 4550 2323 4602 per
2350 4553 2548 4605 paucos
2578 4557 2673 4609 per
2703 4548 2973 4613 speculum
3008 4552 3059 4603 in
3088 4533 3387 4621 aenigmate,
3417 4568 3470 4611 ct
3494 4577 3559 4613 ex

1992 4630 2142 4688 parte
2173 4623 2224 4674 in
2260 4624 2435 4693 aliqua
2463 4629 2666 4683 visione
2696 4633 3144 4691 incommutabilis
3183 4641 3453 4700 Veritatis.
3481 4648 3553 4706 Ex

1991 4725 2097 4777 quo
2124 4711 2341 4781 intelligi
2373 4716 2530 4769 datur
2552 4757 2565 4780 ,
2596 4720 2640 4771 si
2664 4720 2943 4789 diligenter
2968 4727 3235 4793 advertas,
3268 4739 3376 4786 tres
3396 4750 3557 4791 evan-

1990 4801 2235 4869 gelistas,
2275 4807 2586 4873 temporalia
2618 4808 2754 4863 facta
2794 4812 2999 4868 Domini
3023 4826 3077 4869 et
3104 4817 3279 4884 dicta,
3325 4840 3444 4892 quae
3488 4829 3554 4881 ad

1990 4886 2354 4943 informandos
2382 4909 2557 4948 mores
2587 4898 2706 4951 vita:
2726 4906 3005 4969 praesentis
3033 4909 3259 4962 maxime
3288 4912 3551 4981 valerent,

1988 4977 2252 5044 copiosius
2274 4992 2597 5048 prosecutus,
2626 4989 2766 5043 circa
2798 4992 2939 5047 illam
2974 4998 3199 5050 activam
3230 4997 3391 5055 fuisse
3429 5020 3549 5057 ven-

1987 5071 2158 5127 satos;
2191 5063 2448 5123 Joannem
2490 5088 2615 5127 vero
2642 5075 2782 5131 facta
2826 5080 3032 5136 Domini
3082 5086 3248 5140 multo
3292 5094 3545 5157 pauciora

1987 5164 2310 5220 narrantem,
2344 5159 2482 5213 dicta
2505 5177 2629 5217 vero
2660 5165 2794 5232 ejus,
2824 5183 2885 5221 ea
2911 5176 3207 5238 prtesertim
3228 5193 3344 5246 qua:
3374 5182 3550 5239 Trini-

1984 5244 2107 5298 tatis
2132 5249 2389 5303 unitatem
2418 5258 2470 5303 et
2493 5252 2839 5310 vitazazterna:
2870 5256 3174 5317 felicitatem
3192 5244 3544 5337 insinuarent,

1982 5332 2286 5402 diligentius
2311 5348 2365 5393 et
2394 5339 2609 5395 uberius
2641 5348 3084 5417 conscribentem,
3113 5355 3169 5409 in
3196 5359 3389 5412 virtute
3419 5332 3542 5416 non:

1984 5425 2290 5491 templativa
2343 5434 2800 5503 commendanda,
2888 5457 3040 5497 suam
3090 5448 3539 5508 continuationem

1984 5512 2133 5582 μη,
2186 5517 2557 5594 intentionem]
2603 5534 2761 5595 atque
2803 5534 3233 5601 praedicationem
3280 5542 3539 5595 tenuisse.

1982 5608 2083 5660 Iste
2106 5618 2186 5662 est
2209 5610 2467 5679 siquidem
2486 5612 2735 5683 Joannes,
2772 5638 2906 5676 unus
2925 5640 2987 5677 ex
3014 5627 3284 5697 discipulis
3313 5630 3535 5699 Christi,
