4230 6200
695 306 797 362 7J3

1526 306 1584 359 Β.
1626 306 1686 359 F.
1728 302 1944 357 AlBlNl
1986 303 2109 357 SiiL
2153 300 2418 355 ALLUINI
2461 297 2735 355 OI-‘El‘vl'bl
2776 298 2949 351 PARS
2987 297 3044 351 11.

3778 299 3878 350 ’ΞΗ

688 430 848 487 quem
880 415 1130 469 Dominus
1157 416 1219 469 de
1241 416 1511 485 ﬂuctivaga
1561 418 1861 484 nuptiarum
1915 425 2225 484 tempestate
2252 423 2301 479 Α
2328 419 2503 472 tionis.
2525 417 2874 484 QuaprOpter;
2906 414 3081 467 forsan
3110 420 3581 480 temperamentum
3612 412 3877 480 quoddam

688 505 950 574 virginem
991 508 1216 559 vocavit.
1266 505 1426 572 Cujus
1470 506 1788 574 virginitatis
1818 507 1869 558 in
1901 507 2001 558 hoc
2044 507 2232 574 duplex

691 596 1052 650 tastimonium
1074 596 1126 649 in
1157 596 1440 665 Evangelio
1467 597 1641 657 datur,
1681 597 1821 664 quod
1856 604 1911 649 et
1946 610 2054 663 prze
2078 604 2237 648 czetc-

691 684 765 739 ris
793 682 1017 738 dilectus
1051 699 1082 736 a
1110 684 1218 738 Deo
1240 686 1465 748 dicitur;
1507 693 1560 737 et
1583 686 1706 737 huic
1745 693 1966 738 matrem
1993 699 2142 737 suam
2174 684 2238 737 de

688 774 880 829 throno
904 774 1078 827 crucis
1106 775 1513 837 commendavit,
1540 775 1722 828 dicens
1748 773 1935 844 [Beda,
1972 788 2237 828 commenv

688 863 833 915 davit
859 860 1052 931 Deus],
1086 869 1145 913 ut
1179 862 1437 930 virginem
1466 863 1615 931 virgo
1647 868 1904 915 servaret.
1934 860 2033 926 Qui
2056 862 2235 928 singu-

688 947 784 1000 lari
822 948 1097 1016 privilegio
1144 951 1337 1001 meruit
1356 949 1649 1013 castitatis,
1680 958 1739 1003 ut
1765 950 1972 1003 cteteris
1992 948 2239 1002 omnibus

692 1037 1071 1091 miraculorum
1109 1037 1305 1091 Christi
1336 1040 1683 1108 scriptoribus
1709 1035 1869 1093 altius
1895 1040 2085 1092 divina:
2112 1050 2237 1092 ma-

678 1127 892 1193 jestatis
913 1128 1069 1181 simul
1097 1138 1310 1197 caperet
1331 1145 1394 1183 ac
1409 1129 1729 1198 patefaceret
1754 1146 2025 1183 arcanum.
2057 1129 2240 1199 Neque

685 1219 829 1271 cnim
858 1218 1131 1301 frustrajn
1160 1234 1313 1273 cmna
1344 1220 1566 1287 mystica
1587 1236 1748 1289 supra
1777 1229 1961 1289 pectus
1986 1218 2110 1274 Jesu
2149 1235 2238 1275 re-

686 1308 932 1361 cubuisse
957 1308 1303 1375 perhibetur;
1340 1308 1432 1361 sed
1454 1324 1551 1376 per
1574 1310 1673 1363 hoc
1698 1309 1981 1363 verissime
2019 1309 2240 1362 docetur

682 1397 807 1463 quia
836 1396 1069 1449 ccelestis
1098 1392 1345 1448 haustum
1374 1396 1646 1465 sapientiae
1665 1398 1871 1451 caeteris
1897 1397 2239 1452 excellentius

684 1487 751 1539 de
788 1485 1123 1539 sanctissimo
1176 1487 1410 1553 ejusdem
1460 1489 1691 1555 pectoris
1749 1487 1894 1541 fonte
1954 1489 2234 1557 putaverit.

685 1571 834 1626 Unde
866 1580 921 1626 et
958 1573 1151 1627 merito
1178 1575 1229 1626 in
1260 1573 1426 1643 ﬁgura
1458 1585 1687 1641 quatuor
1712 1576 2021 1630 animalium
2050 1576 2239 1645 aquila:

683 1660 884 1715 volanti
934 1670 1312 1729 comparatur;
1350 1664 1556 1717 cunctis
1603 1665 1797 1733 quippe
1831 1666 2017 1718 avibus
2062 1666 2237 1732 aquila

2336 507 2473 560 inter
2497 518 2667 559 meam
2701 506 3029 574 negationem
3048 544 3061 563 ,
3107 512 3445 571 vestramque
3464 503 3771 571 petitionem
3800 503 3881 557 in-

2336 596 2515 649 venire
2542 610 2694 664 posse
2740 595 2891 647 video
2914 635 2930 654 ,
2976 608 3041 646 ne
3064 594 3281 646 omnino
3318 591 3400 645 vel
3440 592 3675 645 charitas
3700 600 3879 646 vestra

2336 685 2693 738 taciturnitate
2745 698 2861 736 mea
2911 691 3219 751 spernatur,
3251 680 3333 734 vel
3366 680 3636 734 temeritas
3664 695 3779 733 mea
3824 679 3882 734 in

2337 785 2525 830 vestrae
2571 776 2841 844 petitionis
2896 774 3149 841 obsequio
3208 771 3641 840 reprehendatur.
3699 768 3879 823 Solent

2337 881 2562 933 namque
2589 866 2778 919 medici
2802 881 2865 917 ex
2893 864 3174 918 multorum
3199 863 3473 931 speciebus
3492 862 3876 930 pigmentorum

2338 954 2389 1005 in
2419 954 2644 1007 salutem
2674 954 2942 1023 poscentis
2966 952 3227 1020 quoddam
3258 950 3629 1004 medicamenti
3668 964 3879 1017 compo-

2338 1058 2464 1096 nere
2491 1058 2658 1111 genus
2678 1082 2692 1105 ,
2730 1058 2826 1096 nec
2854 1043 3055 1108 seipsos
3082 1039 3236 1097 fateri
3262 1048 3587 1108 prmsumunt
3614 1048 3880 1091 creatores

2338 1129 2622 1183 herbarum
2651 1131 2733 1185 vel
2761 1130 2982 1182 aliarum
3005 1128 3299 1197 specierum
3331 1141 3396 1179 ex
3426 1141 3648 1194 quarum
3671 1139 3882 1193 compo-

2338 1220 2528 1273 sitione
2576 1220 2719 1274 salus
2770 1218 2995 1273 eflicitur
3045 1217 3440 1286 tegrotantium,
3481 1217 3576 1269 sed
3614 1217 3879 1269 ministros

2336 1322 2453 1362 csse
2495 1309 2547 1362 in
2584 1308 2876 1377 colligendo
2926 1314 2979 1360 et
3029 1308 3081 1360 in
3135 1321 3297 1375 unum
3335 1304 3684 1374 pigmentaria
3722 1320 3878 1357 manu

2336 1397 2662 1451 conficiendo
2684 1411 2876 1465 cerpus
2908 1415 2919 1447 :
2948 1396 3024 1449 sic
3044 1396 3225 1458 etiam,
3250 1396 3295 1447 si
3320 1392 3541 1447 forsitan
3570 1407 3699 1445 mete
3718 1392 3877 1445 devo—

2338 1487 2497 1540 tionis
2540 1486 2690 1540 labor
2722 1486 2922 1555 aliquid
2952 1493 3138 1538 vestra:
3166 1483 3409 1537 charitati
3439 1481 3698 1549 proficere
3720 1482 3878 1535 valet.

2338 1573 2447 1627 Nec
2472 1588 2537 1627 ex
2561 1574 2795 1642 quolibet
2820 1582 3053 1642 paterna:
3072 1572 3423 1642 possessionis
3461 1581 3616 1640 prato
3640 1572 3769 1625 mihi
3789 1569 3884 1625 llo;

2341 1678 2426 1715 res
2459 1662 2779 1731 colligendos
2804 1677 2922 1716 esse
2946 1678 3157 1726 censeo,
3204 1662 3296 1715 sed
3324 1662 3608 1715 multorum
3638 1661 3876 1733 Patrum,

680 1749 876 1805 celsius
896 1750 1093 1816 volare,
1125 1754 1330 1807 cunctis
1355 1754 1715 1810 animantibus
1758 1755 1954 1809 clarius
1980 1754 2107 1809 solis
2144 1771 2235 1809 ra-
2266 1763 2313 1823 Β
2339 1751 2523 1805 humili
2548 1752 2724 1815 corde,
2747 1767 2910 1820 prona
2932 1754 3166 1815 cervice,
3200 1750 3381 1803 florida
3409 1765 3533 1803 rura
3556 1749 3883 1818 peragranda

682 1839 788 1896 diis
822 1841 1041 1912 infigere
1072 1846 1347 1899 consuevit
1394 1845 1630 1899 obtutus.
1673 1846 1751 1900 Ita
1794 1847 1981 1900 beatus
2005 1846 2239 1901 Joannes

681 1931 962 1987 sublimius
1010 1942 1224 1987 arterna:
1272 1934 1569 2009 nativitatis
1608 1935 1805 1990 Christi
1832 1937 2086 2005 mysteria
2114 1950 2239 1989 con-

682 2019 876 2088 spexit.
908 2018 1013 2073 Iste
1056 2021 1205 2089 prior
1235 2019 1436 2093 [Petro]
1467 2022 1832 2079 laborantibus
1864 2024 1915 2077 in
1946 2024 2237 2094 piscatione

683 2108 978 2178 discipulis,
1008 2109 1276 2164 Christum
1318 2112 1369 2165 in
1422 2112 1599 2167 littore
1651 2122 1901 2179 stantem,
1930 2124 2145 2182 reteque
2183 2114 2237 2167 in

683 2198 959 2253 dexteram
998 2200 1194 2269 navigii
1242 2201 1453 2255 mittere
1491 2200 1764 2269 jubentem
1793 2203 2023 2273 agnovit,
2057 2204 2239 2258 dicens

679 2287 839 2341 Petro
864 2303 880 2340 :
909 2288 1161 2342 Dominus
1198 2300 1293 2343 est.
1322 2290 1425 2343 Iste
1447 2299 1530 2345 est
1556 2308 1695 2345 unus
1727 2293 1793 2346 de
1816 2293 1921 2347 illis
1953 2294 2019 2346 de
2042 2294 2237 2362 quibus

681 2378 946 2447 Propheta
967 2380 1214 2447 pradixit
1247 2398 1260 2432 :
1289 2379 1413 2434 Caeli
1432 2392 1678 2436 enarrant
1702 2382 1921 2453 gloriam
1942 2383 2040 2437 Dei
2062 2382 2230 2454 (Prol.

681 2481 836 2530 xvm,
862 2466 936 2537 l).
972 2466 1118 2522 Unde
1144 2469 1282 2523 illius
1309 2470 1529 2525 tonitrui
1569 2467 1637 2524 ab
1661 2472 1775 2539 ipso
1803 2472 2025 2526 Domino
2052 2472 2233 2542 appel—

679 2556 824 2609 latur
845 2595 861 2621 ,
891 2557 1017 2625 quia
1074 2558 1177 2612 hoc
1214 2560 1457 2613 mirabile
1480 2568 1535 2613 et
1564 2562 1810 2615 omnibus
1836 2561 2045 2615 saeculis
2073 2562 2237 2633 464

683 2646 979 2701 inauditum
1000 2687 1015 2711 ,
1045 2662 1110 2702 ex
1158 2649 1362 2703 cmlesti
1389 2650 1631 2705 claritate
1660 2652 1886 2705 intonuit
1918 2654 2234 2721 prommiun

680 2736 865 2789 dicens
902 2752 916 2789 :
962 2735 1029 2788 In
1059 2738 1312 2807 principio
1356 2750 1465 2791 erat
1502 2738 1754 2806 Verbum,
1793 2751 1841 2794 et
1877 2740 2098 2795 Verbum
2123 2752 2234 2795 erat

681 2824 822 2893 apud
852 2824 1037 2890 Deum,
1064 2835 1110 2878 et
1138 2826 1277 2879 Deus
1306 2838 1414 2881 erat
1458 2828 1673 2883 Verbum
1704 2830 1882 2901 (Joan.
1921 2848 1974 2895 l,
2008 2831 2079 2902 l).
2108 2830 2237 2897 Qua:

681 2914 847 2967 verba
884 2928 1095 2984 semper
1132 2926 1256 2969 sunt
1281 2932 1411 2985 pura
1442 2918 1546 2972 fide
1572 2920 1870 2973 veneranda
1893 2935 1957 2973 ac
1979 2928 2233 2989 perpetua

680 3002 936 3072 religione
959 3002 1195 3065 colenda,
1224 3020 1329 3058 non
1357 3007 1601 3060 humana:
1624 3009 1941 3077 conjectura:
1962 3006 2235 3059 ratiuncu-

2340 1840 2470 1893 mihi
2499 1854 2616 1893 esse
2636 1839 2788 1893 video
2806 1880 2820 1903 ,
2858 1847 2917 1903 ut
2950 1840 3062 1893 sine
3096 1837 3330 1907 periculo
3354 1837 3582 1891 nominis
3605 1838 3706 1891 mei
3728 1836 3887 1890 satis-

2339 1932 2529 1984 faciam
2552 1931 2902 1986 sanctissimae
2936 1929 3189 1983 voluntati
3225 1936 3430 1982 vestras.
3463 1928 3743 1997 Primoque
3764 1942 3884 1981 om-

2338 2024 2482 2076 nium
2505 2022 2674 2075 sancti
2700 2020 2977 2089 Augustini
3006 2018 3251 2089 sull'ragfa
3290 2033 3554 2086 quaerens,
3585 2018 3675 2085 qui
3698 2015 3886 2083 majori

2336 2112 2512 2167 studio
2548 2112 2704 2180 hujus
2737 2110 2905 2163 sancti
2936 2108 3202 2177 Evangelii
3227 2119 3491 2175 exponere
3515 2105 3664 2157 nisus
3686 2113 3769 2157 est
3799 2119 3885 2156 sa-

2336 2200 2634 2254 cratissima
2656 2200 2834 2251 verba.
2864 2197 3061 2250 Deinde
3086 2212 3151 2248 ex
3174 2194 3439 2264 opusculis
3465 2193 3633 2247 sancti
3662 2193 3884 2247 Ambro-

2336 2291 2402 2343 sii
2429 2288 2749 2344 sanctissimi
2789 2287 3020 2341 doctoris
3060 2283 3235 2354 aliqua
3285 2284 3537 2349 trahens;
3588 2297 3792 2337 necnon
3819 2298 3883 2336 cx

2335 2377 2570 2431 homiliis
2596 2374 2845 2446 prmcipui
2866 2372 3042 2430 Pau'is
3058 2372 3296 2441 Gregorii
3325 2387 3490 2442 papae,
3522 2371 3604 2425 vel
3632 2387 3699 2425 ex
3725 2370 3885 2424 homi-

2334 2472 2422 2524 liis
2461 2470 2602 2525 beati
2647 2469 2803 2522 Beda:
2827 2466 3164 2537 presbyteri,
3210 2465 3371 2520 multa
3407 2477 3714 2528 assumens,
3760 2462 3883 2514 alio-

2335 2575 2561 2628 rumque
2607 2568 2910 2613 sanctorum
2957 2557 3173 2611 Patrum
3203 2597 3217 2620 ,
3262 2557 3399 2610 sicut
3452 2554 3687 2608 invenire
3719 2553 3873 2624 potui,

2335 2650 2797 2719 interpretationes
2836 2648 2985 2717 posui
3016 2666 3029 2699 :
3079 2647 3247 2716 magis
3287 2646 3474 2700 horum
3502 2645 3738 2699 omnium
3770 2659 3881 2698 seu-

2342 2741 2490 2796 sibus
2516 2756 2579 2793 ac
2605 2740 2784 2793 verbis
2809 2748 2997 2803 utens,
3046 2753 3203 2807 quam
3248 2751 3378 2790 mem
3425 2736 3709 2805 quidquam
3756 2751 3887 2803 pne-

2336 2820 2621 2899 sumptioni
2645 2828 3005 2893 committens,
3061 2825 3225 2878 veluti
3274 2824 3557 2891 legentium
3606 2824 3888 2877 curiositas

2337 2917 2492 2972 facile
2518 2918 2749 2987 probare
2777 2916 2973 2985 poterit
3014 2932 3027 2967 :
3069 2913 3375 2968 cautissimo
3415 2911 3570 2982 plane
3592 2911 3731 2981 stylo
3754 2927 3890 2983 pmi-

2338 3006 2550 3068 videns,
2590 3004 2764 3058 divina
2788 3003 3079 3072 opitulante
3105 3001 3295 3071 gratia,
3327 3015 3393 3053 ne
3413 3000 3535 3067 quid
3561 2999 3887 3077 contrarium

684 3091 752 3146 lis
778 3086 1011 3147 nimium
1048 3094 1375 3148 discutienda
1394 3136 1407 3158 ,
1436 3112 1553 3164 quze
1591 3099 1644 3150 in
1691 3098 1959 3167 plerisque
2008 3095 2230 3161 fallitur,
2259 3085 2305 3147 C
2335 3104 2640 3148 sanctorum
2664 3092 2879 3146 Patrum
2906 3091 3148 3146 sensibus
3169 3105 3439 3159 ponerem.
3464 3089 3628 3159 Igitur
3652 3097 3707 3142 et
3732 3094 3890 3142 omne

679 3184 806 3237 dum
836 3197 895 3236 se
918 3189 1069 3252 putat
1117 3198 1406 3253 agnoscere
1433 3174 1810 3254 qute‘humani
1853 3203 2041 3241 sensus
2080 3203 2235 3241 exce—

686 3272 818 3325 dunt
845 3270 1254 3340 indagationem.
1298 3274 1495 3328 Tamen
1521 3268 1776 3344 quidquid
1800 3276 1923 3329 inde
1949 3277 2034 3345 pia
2060 3275 2236 3330 chari-

685 3371 771 3414 tas
797 3370 852 3414 et
883 3363 1096 3416 humilis
1118 3363 1392 3430 inquisitio
1418 3364 1711 3434 intelligere
1739 3366 1943 3433 potuit,
1982 3365 2036 3418 in
2058 3379 2237 3419 sacra-

689 3448 912 3502 tissimis
953 3458 1258 3503 sanctorum
1299 3450 1516 3504 Patrum
1559 3454 1795 3521 scriptis,
1842 3453 1964 3507 licet
1988 3453 2237 3523 sparsim,

690 3538 832 3591 dicta
860 3539 1199 3593 inveniuntur
1245 3555 1261 3593 :
1316 3540 1452 3595 sicut
1498 3543 1661 3596 etiam
1687 3552 1743 3597 et
1776 3544 1829 3596 in
1859 3551 1969 3595 toto
2001 3541 2236 3608 ejusdem

689 3627 960 3698 Evangelii
984 3637 1149 3693 textu,
1195 3630 1421 3700 plurima
1449 3648 1479 3685 a
1502 3633 1782 3687 catholicis
1831 3633 2138 3688 doctoribus
2166 3635 2239 3689 le-

691 3723 885 3784 guntur
905 3720 1165 3786 exposita,
1192 3735 1289 3787 pro
1311 3722 1702 3790 opportunitate
1727 3721 1828 3774 loci
1856 3722 1935 3776 vel
1962 3724 2237 3792 temporis,

689 3804 773 3857 vel
802 3805 1200 3861 confirmatione
1227 3811 1535 3862 orthodoxae
1568 3810 1688 3863 lidei
1713 3849 1729 3872 ,
1779 3826 1878 3864 nec
1904 3825 2008 3863 non
2051 3821 2239 3865 contra

689 3892 972 3948 haereticos
992 3895 1282 3964 pravitates
1301 3936 1316 3961 ,
1339 3896 1391 3948 in
1413 3896 1714 3951 defensione
1743 3898 2043 3966 apostolica:
2074 3900 2238 3953 tradi-

2332 3200 2465 3253 opus
2492 3183 2781 3237 secundum
2812 3182 3041 3251 capitula
3071 3180 3307 3251 ejusdem
3335 3178 3606 3248 Evangelii
3638 3178 3889 3242 distinxi,

2336 3288 2399 3325 ac.
2428 3273 2527 3325 sub
2553 3287 2774 3325 numero
2820 3279 3021 3338 septem
3075 3269 3330 3323 librorum
3359 3268 3737 3321 consummavi.
3787 3267 3893 3334 0p-

2336 3370 2456 3415 tans
2467 3376 2578 3423 vos,
2603 3358 2925 3428 septiformis
2941 3356 3172 3425 Spiritus
3192 3354 3359 3425 gratia
3373 3354 3664 3423 inspirante
3675 3362 3891 3421 pectora

2337 3458 2513 3502 vestra
2538 3489 2554 3512 ,
2582 3447 2745 3501 variis
2774 3446 2825 3498 in
2853 3444 3089 3499 Ecclesia
3117 3443 3316 3497 Christi
3346 3442 3535 3496 florere
3560 3441 3786 3505 deliciis,
3832 3449 3891 3495 et

2341 3537 2613 3592 ambulare
2651 3536 2887 3605 quotidie
2914 3550 3033 3588 cum
3062 3534 3261 3587 sanctis
3309 3534 3374 3585 de
3403 3533 3597 3584 virtute
3626 3532 3678 3583 in
3721 3532 3891 3583 virtu-

2343 3640 2468 3694 tem,
2492 3630 2662 3684 donec
2682 3627 2921 3681 videatur
2950 3626 3089 3679 Deus
3113 3624 3331 3678 deorum
3366 3624 3420 3675 in
3467 3622 3616 3685 Sion,
3656 3621 3746 3674 ubi
3772 3634 3893 3689 per-

2339 3712 2497 3791 petua
2525 3720 2805 3775 dulcedine
2857 3718 2998 3772 inter
3048 3717 3238 3771 choros
3285 3714 3576 3769 caelestium
3621 3714 3890 3783 agminum

2341 3812 2553 3873 dicatis,
2582 3809 2731 3861 Beati
2755 3810 2843 3877 qui
2887 3808 3118 3860 habitant
3154 3808 3207 3858 in
3238 3805 3388 3858 domo
3430 3815 3540 3868 tua,
3572 3802 3808 3867 Domine,
3836 3806 3893 3857 in

2341 3899 2586 3952 sttmlum
2624 3897 2798 3950 κατηιὶ
2832 3896 3117 3949 laudabunt
3153 3905 3217 3947 te.
3258 3896 3437 3948 Amen.

878 4182 895 4187 ί-
971 4137 1126 4209 467
1177 4113 2126 4231 COMMENTARIORUM
2186 4156 2291 4232 IN
2348 4096 2811 4235 .lOANNEM
2872 4161 3165 4235 LIBER
3225 4163 3619 4239 PRIMUS.

1196 4420 1419 4487 CAPUT
1457 4421 1737 4477 PRIMUM.

701 4532 764 4587 In
784 4531 1032 4600 prmcipio
1065 4540 1174 4600 erat
1212 4526 1428 4583 Verbum
1457 4532 1594 4598 apud
1616 4531 1802 4591 Deum,
1818 4548 1907 4600 per
1926 4548 2074 4599 quem
2104 4532 2243 4598 facta

766 4611 884 4654 sunt
906 4599 1097 4653 omnia.
1117 4599 1345 4653 Joannes
1370 4601 1555 4653 missus
1582 4610 1654 4653 est
1680 4610 1796 4652 ante
1819 4599 1967 4661 eum,
1995 4600 2082 4668 qui
2112 4600 2242 4651 reci-

770 4670 964 4737 pientes
982 4685 1035 4721 se
1057 4669 1180 4737 facit
1208 4668 1341 4734 ﬁlios
1364 4669 1459 4721 Dei
1493 4685 1585 4737 per
1608 4670 1847 4736 gratiam.

773 4778 933 4831 Vnus.
972 4778 1020 4829 1.
1042 4807 1112 4816 -—
1154 4776 1221 4829 In
1256 4780 1505 4847 principio
1534 4789 1643 4831 erat
1679 4778 1915 4842 Verbum,
1945 4790 1991 4832 et
2033 4777 2247 4832 Verbum

702 4876 813 4919 erat
846 4866 983 4934 apud
1014 4864 1210 4928 Deum,
1263 4874 1310 4917 et
1362 4866 1499 4919 Deus
1551 4876 1659 4919 erat
1698 4866 1916 4920 Verbum
1940 4879 1985 4918 ιι.
2023 4887 2039 4915 ι
2070 4866 2249 4935 Neque

701 4954 841 5006 enim
877 4953 1071 5008 frustra
1102 4956 1286 5009 beatus
1310 4952 1533 5007 Joannes
1558 4995 1572 5017 ,
1602 4955 1820 5008 dilectus
1846 4956 2050 5008 Domini
2086 4956 2245 5009 disci-

706 5042 878 5109 pulus,
906 5043 959 5095 in
990 5059 1141 5098 coma
1170 5059 1327 5111 supra
1354 5051 1538 5111 pectus
1584 5042 1705 5096 Iesu
1732 5044 2037 5097 recubuisse
2075 5046 2248 5112 perbi-

706 5134 879 5185 betur.
920 5131 1023 5185 Sed
1048 5148 1145 5199 per
1186 5136 1286 5188 hoc
1340 5134 1515 5204 typice
1544 5134 1795 5196 docetur,
1847 5135 1971 5202 quia
2017 5135 2247 5189 caelestis

709 5220 953 5274 haustum
982 5222 1250 5289 sapientiae
1294 5226 1501 5278 casteria
1545 5224 1806 5279 excelsius
1836 5224 2019 5297 ψεάα,
2069 5226 2243 5277 excel-

709 5309 921 5376 lentius]
950 5313 1011 5365 de
1032 5313 1363 5366 sanctissimo
1383 5312 1613 5380 ejusdem
1658 5318 1889 5384 pectoris
1928 5313 2069 5367 fonte
2093 5324 2244 5382 pota-

709 5399 861 5451 verit.
895 5399 1043 5453 Unde
1074 5416 1138 5453 ex
1185 5400 1331 5471 [Μο.,
1386 5401 1458 5471 et]
1495 5405 1681 5458 merito
1719 5405 1772 5457 in
1816 5404 1978 5475 figura
2030 5412 2252 5472 quatuor

782 5527 907 5581 ‘Ex
959 5530 1172 5584 ltomilia
1226 5533 1355 5585 Ven.
1399 5531 1550 5587 Beda:
1600 5535 1649 5585 in
1700 5534 1870 5588 Natali
1925 5536 2150 5590 Domini.
2184 5566 2250 5573 —

709 5595 877 5650 Non.
913 5596 1055 5649 Dicta
1087 5600 1194 5653 Ven
1263 5601 1433 5665 Betim,
1484 5602 1723 5654 similiter
1748 5613 1796 5655 et
1829 5605 1923 5656 SS.
1972 5605 2246 5673 Augustini
2291 5601 2293 5604 ⁴

2273 4427 2320 4483 D
2344 4423 2648 4476 animalium
2697 4426 2887 4493 aquila:
2946 4425 3140 4480 volanti
3194 4439 3534 4498 comparatur
3564 4403 3795 4501 (Exeo/1.-
3826 4434 3898 4501 ι).

2340 4509 2557 4565 Cunctis
2580 4512 2774 4580 quippe
2800 4515 2987 4568 avibus
3022 4516 3195 4584 aquila
3224 4517 3416 4571 celsius
3450 4517 3664 4582 volare,
3686 4528 3892 4579 cunctis

2344 4601 2699 4657 animantibus
2744 4604 2940 4659 clarius
2972 4607 3099 4660 solis
3149 4608 3313 4661 radiis
3361 4608 3575 4678 infigere
3620 4616 3893 4676 consuevit

2346 4690 2580 4743 obtutus.
2612 4690 2679 4743 Et
2702 4694 2878 4745 caeteri
2904 4694 3238 4763 evangelista.-
3261 4697 3414 4765 quasi
3440 4698 3492 4751 in
3531 4707 3672 4754 terra
3702 4703 3890 4757 ambu-

2350 4778 2458 4831 lant
2485 4794 2605 4862 cum
2634 4778 2877 4844 Domino,
2902 4782 2991 4849 qui
3010 4821 3023 4845 ,
3060 4786 3397 4852 temporalem
3428 4786 3543 4854 ejus
3597 4792 3894 4858 generatio-

2349 4882 2469 4920 nem
2502 4868 2702 4935 pariter
2753 4881 2806 4922 et
2838 4872 3143 4939 temporalia
3183 4871 3321 4928 facta
3372 4875 3696 4939 sufficienter
3728 4893 3877 4947 expo-

2352 4963 2556 5017 nentes,
2573 4971 2736 5024 pauca
2761 4958 2824 5011 de
2848 4957 3124 5013 divinitate
3148 4960 3411 5015 dixerunt.
3432 4961 3528 5014 llic
3543 4966 3717 5017 autem
3742 4966 3892 5032 quasi

2351 5044 2418 5096 ad
2440 5044 2634 5098 cmlum
2660 5046 2800 5099 volat
2824 5061 2942 5099 cum
2975 5048 3214 5113 Domino,
3251 5050 3361 5116 qui,
3390 5064 3647 5117 perpauca
3677 5054 3740 5105 de
3762 5060 3892 5106 tem-

2353 5136 2617 5204 poralibus
2641 5136 2752 5203 ejus
2798 5138 2930 5190 actis
2956 5138 3272 5202 edisserens,
3301 5148 3553 5193 aeternam
3600 5142 3889 5195 divinitatis

2351 5224 2465 5292 ejus
2507 5227 2793 5294 potentiam
2814 5267 2827 5291 ,
2878 5242 2972 5295 per
2998 5242 3152 5294 quem
3178 5227 3325 5297 ίΜδ..
3354 5227 3533 5298 quam]
3558 5231 3733 5283 omnia
3758 5229 3888 5283 facta

2354 5323 2495 5378 sunt,
2518 5316 2793 5370 sublimius
2839 5326 3014 5370 mente
3037 5318 3259 5372 volando
3301 5329 3355 5372 et
3400 5319 3667 5388 limpidius
3710 5335 3893 5388 Specu-

2354 5408 2509 5460 lando
2538 5408 2821 5477 cognovit,
2870 5423 2931 5460 ac
2957 5408 3111 5461 nobis
3160 5411 3574 5479 cognoscendam
3618 5410 3891 5464 scribendo

2354 5544 2407 5586 et
2434 5535 2699 5605 Gregorii.
2726 5536 2848 5590 dum
2872 5539 3122 5606 incipiunt
3150 5550 3203 5593 et
3224 5530 3492 5603 liniuntur,
3521 5540 3695 5605 notavi
3720 5540 3772 5592 iu
3795 5538 3890 5591 hoc

2354 5614 2510 5673 opere
2537 5608 2635 5660 hoc
2666 5607 2815 5672 signo
2850 5624 2865 5655 ι
2886 5626 2926 5657 ι.
