4286 6216
444 346 543 400 743

1232 337 1629 392 unusnon.
1672 366 1715 373 .-
1775 333 2117 407 couttznr.
2162 334 2224 385 ιχ
2262 333 2446 388 ΙΟΛΝ.
2484 367 2546 373 -
2586 335 2707 387 Lm.
2754 337 2788 386 ι.

3504 331 3605 383 ’ΜΘ

434 456 767 512 conti-adidit.
796 454 931 521 Ergo
966 453 1051 503 alii
1094 450 1424 518 evangelista:
1449 447 1717 501 Christum
1749 460 1811 498 ex
1839 454 1968 497 tem-
2000 450 2041 505 Α
2071 443 2275 511 quando
2301 453 2351 495 et
2382 444 2553 511 qualis
2589 454 2860 496 crearetur
2884 485 2895 505 ,
2948 459 3153 511 semper
3192 445 3352 497 fuisse
3393 446 3608 513 dispost-

435 562 559 616 pore
586 553 764 600 natum
809 543 1132 600 describunt,
1162 538 1389 593 Joannes
1416 541 1656 591 eumdem
1686 538 1735 588 in
1766 536 1965 604 princi-

432 640 518 706 pio
543 635 650 702 jam
683 633 843 686 fuisse
869 639 1089 684 testatur
1118 630 1325 682 discens
1362 646 1371 679 :
1423 648 1437 677 ι

504 738 529 765 ι
570 723 633 777 In
670 722 918 790 principio
967 729 1075 770 erat
1135 716 1368 769 Verbum.
1398 715 1545 780 Quod
1568 714 1769 765 duobus
1799 712 1967 765 modis

435 813 760 883 intelligitur.
793 810 921 862 Nam
964 808 1120 861 Pater
1145 806 1456 875 principium
1492 811 1586 861 est,
1621 802 1770 869 quasi
1804 800 1966 853 dixis-

434 914 513 957 set
542 923 553 955 :
582 903 645 955 In
680 902 854 955 Patre.
881 900 935 953 ln
974 899 1133 951 Patre
1168 906 1249 950 est
1281 895 1446 948 Filius
1468 935 1480 955 ,
1538 908 1691 962 quem
1739 893 1965 944 Verbum

435 990 721 1045 nominavit
756 988 855 1041 iste
898 986 1235 1054 evangelista.
1295 983 1400 1035 Nec
1441 998 1535 1035 nos
1566 996 1773 1034 movere
1814 981 1968 1031 debet

434 1079 570 1148 quod
603 1079 653 1131 in
681 1075 1016 1144 sequentibus
1035 1072 1189 1138 hujus
1210 1068 1497 1135 Evangel'i,
1530 1068 1722 1119 Iudaeis
1740 1068 1965 1120 interro-

434 1165 677 1233 gantibus
702 1163 821 1228 quis
866 1168 1004 1212 esset
1029 1160 1136 1226 ipse
1167 1159 1301 1209 Deus
1324 1199 1336 1216 ,
1375 1158 1465 1210 Dei
1493 1157 1651 1209 l-‘ilius
1681 1156 1843 1225 5.68
1882 1171 1965 1208 re-

431 1253 658 1320 Spondit,
699 1251 1037 1317 Principium,
1066 1250 1152 1316 qui
1192 1258 1237 1299 et
1282 1249 1463 1315 loquor
1491 1248 1623 1298 vobis
1650 1246 1823 1311 (Joan.
1850 1262 1963 1308 vttt,

431 1341 542 1408 25).
573 1340 627 1393 Si
653 1341 788 1394 enim
820 1340 981 1393 Filius
1029 1338 1339 1407 principium
1366 1348 1445 1389 est
1482 1337 1607 1405 HL,
1642 1335 1695 1388 Si
1719 1336 1856 1387 enim
1887 1335 1969 1387 Fi-

430 1430 533 1482 lius
567 1436 845 1498 generatus
891 1443 992 1481 non
1050 1436 1187 1479 esset
1217 1444 1243 1479 a
1285 1425 1487 1495 Pati-cl,
1541 1426 1639 1492 qui
1674 1426 1829 1476 habet
1871 1424 1967 1475 Pa-

434 1527 599 1578 trem,
651 1523 845 1585 quanto
876 1514 1082 1569 facilius
1107 1514 1245 1567 Deus
1287 1514 1445 1566 Pater
1497 1510 1862 1582 intelligendus
1890 1521 1971 1564 est

429 1618 546 1657 esse
573 1602 908 1670 principium,
937 1603 1023 1668 qui
1047 1602 1201 1657 habet
1225 1603 1434 1667 quidem
1460 1602 1666 1661 Filiu'u,
1700 1601 1781 1651 cui
1815 1600 1969 1651 Pater

432 1692 532 1751 sit;
571 1688 736 1742 Filius
762 1689 923 1752 enim,
953 1689 1124 1741 Patris
1152 1698 1230 1741 est
1258 1689 1444 1749 Filias;
1504 1698 1555 1741 et
1593 1688 1745 1739 Pater
1791 1688 1969 1755 utique

2068 540 2197 592 tum,
2221 532 2393 584 ethoc
2414 532 2651 599 estquod
2683 534 2755 584 ait
2782 550 2793 583 :

2136 619 2293 669 Vens.
2320 618 2369 669 4.
2411 650 2478 658 —
2508 619 2654 682 Quod
2686 621 2873 685 factum
2905 630 2994 679 est,
3020 622 3071 672 in
3100 623 3204 688 ipso
3240 624 3340 673 rita
3377 632 3505 675 erat.
3554 621 3609 675 lii

2066 712 2165 765 est,
2192 705 2329 770 quod
2371 703 2564 756 fac‘um
2591 705 2639 756 in
2676 714 2929 771 tempore,
2956 708 3063 757 sive
3090 708 3263 759 vivum
3293 748 3307 768 ,
3347 708 3455 760 sive
3501 704 3625 759 γῖιΑί

2065 806 2253 845 carens
2279 793 2540 860 apparuit,
2567 808 2720 843 omne.
2761 794 2857 844 hoc
2906 795 2956 846 in
3004 796 3227 861 spiritali
3281 795 3493 849 factoris
3525 812 3608 848 ra-

2066 883 2207 935 tione
2230 884 2376 948 quasi
2430 898 2635 949 smnper
2668 884 2896 941 vixerat,
2940 883 3170 943 etvivit;
3221 898 3322 934 non
3371 884 3489 950 quia
3526 898 3613 933 co-

2066 983 2319 1025 :eternum
2348 982 2427 1023 est
2456 972 2691 1024 Creatori
2718 974 2855 1039 qnol
2881 974 3094 1031 creavit,
3124 973 3212 1041 sed
3243 973 3363 1039 quia
3394 980 3610 1024 emetur-

2067 1081 2130 1115 na
2157 1074 2235 1115 est
2268 1064 2336 1115 illi
2370 1064 2501 1114 ratio
2534 1063 2813 1113 voluntatis
2840 1078 2964 1123 sum,
2998 1063 3046 1113 in
3080 1078 3178 1128 qua
3212 1064 3274 1114 ab
3301 1071 3497 1113 :rti-‘rno
3523 1062 3611 1112 Ιιιι⁴

2068 1154 2175 1205 ιιιιὶῐ
2210 1164 2259 1204 ct
2288 1155 2440 1205 balet
2470 1154 2591 1219 quid
2613 1161 2660 1202 ct
2694 1153 2900 1219 quando
2936 1154 3135 1204 creavit
3169 1151 3317 1220 [.lIs.,
3350 1148 3572 1213 crearctl
3598 1192 3609 1208 .

2026 1312 2029 1313 ν
2068 1244 2280 1311 qualitc.
2315 1252 2548 1294 (malum
2589 1242 2863 1305 gubernet,
2895 1249 2949 1291 ut
2985 1249 3223 1301 maneat;
3258 1240 3321 1291 τι]
3356 1254 3512 1305 quem
3557 1239 3612 1290 fi-

2070 1346 2187 1384 nem
2212 1331 2412 1398 singnla
2444 1346 2557 1396 qua:
2590 1330 2786 1381 creavit
2816 1329 3086 1397 perducat.
3125 1349 3142 1377 ι
3188 1329 3305 1379 l-lco
3334 1328 3402 1378 ita
3428 1326 3614 1378 distin-

2070 1423 2327 1489 guendum
2366 1429 2413 1472 et
2449 1419 2875 1471 subinferenilum
2904 1428 3001 1475 est,
3027 1418 3175 1484 quasi
3209 1418 3305 1470 alia
3334 1432 3459 1469 vocc
3486 1455 3498 1476 ,
3551 1413 3612 1466 In

2069 1511 2175 1576 ipso
2202 1510 2303 1560 rita
2339 1519 2466 1559 erat.
2499 1508 2630 1571 Quia
2672 1507 2922 1573 quidquid
2965 1521 3058 1572 per
3092 1506 3261 1572 ipsum
3293 1504 3485 1555 factum
3510 1512 3609 1559 est,

2068 1596 2226 1649 etiam
2254 1598 2382 1650 etin
2414 1597 2525 1663 ipso
2556 1596 2698 1647 vivit.
2733 1595 2878 1645 Sicut
2903 1610 2988 1645 ars
3019 1594 3067 1645 in
3095 1594 3269 1644 animo
3294 1591 3510 1643 artificis
3539 1592 3614 1640 vi-

2072 1687 2164 1746 vit,
2182 1686 2304 1737 licet
2328 1701 2448 1737 arca
2466 1684 2699 1739 velaliud
2728 1683 2922 1747 aliquid
2949 1684 3014 1733 ab
3039 1682 3149 1748 ipso
3174 1679 3385 1735 factum,
3408 1686 3607 1744 pereat.

433 1778 546 1831 Filii
570 1777 725 1831 Pater
753 1786 853 1836 est.
885 1786 937 1829 et
959 1777 1117 1829 Pater
1142 1778 1296 1839 Deus,
1327 1778 1417 1829 sed
1446 1772 1645 1829 non’de
1668 1775 1771 1827 Deo
1799 1774 1961 1836 Deus;
1998 1782 2041 1837 Β
2072 1775 2355 1842 Sequitur:
2396 1793 2410 1822 ι
2448 1774 2511 1825 Et
2565 1775 2665 1825 rita
2689 1782 2798 1823 erat
2857 1771 2944 1821 lu.r
2972 1772 3251 1821 hominum.
3285 1768 3398 1832 Quo
3453 1767 3613 1818 verbo

431 1869 595 1925 Filius
618 1885 774 1922 verus
809 1866 960 1937 [Ms.,
988 1868 1152 1921 Filius
1197 1867 1344 1937 vero]
1377 1868 1511 1919 Deus
1535 1868 1597 1919 de
1642 1867 1747 1919 Deo
1771 1876 1868 1917 est.
1906 1867 1969 1918 Et

435 1957 588 2011 Pater
616 1957 807 2010 dicitur
857 1955 1030 2008 lumen
1066 1994 1077 2015 ,
1130 1955 1218 2007 sed
1258 1970 1360 2008 non
1404 1956 1467 2007 de
1511 1954 1747 2006 lumine:
1808 1954 1970 2006 Filius

435 2044 625 2098 dicitur
668 2042 843 2095 lumen
873 2082 887 2105 ,
936 2043 1025 2095 sed
1073 2042 1246 2094 lumen
1294 2041 1616 2117 de‘lnmine.
1672 2040 1771 2095 Sic,
1811 2040 1971 2094 Pater

432 2130 744 2198 principium
770 2168 785 2190 ,
824 2129 912 2181 sed
943 2144 1044 2180 non
1100 2129 1162 2180 de
1206 2128 1507 2196 principio:
1554 2128 1720 2181 Filius
1765 2128 1968 2195 princi-

434 2220 597 2287 pium,
628 2218 767 2271 seda
810 2218 1065 2285 principio
1110 2215 1441 2284 principium.
1489 2215 1636 2279 Quod
1666 2217 1803 2267 enim
1856 2226 1970 2268 crat

437 2306 487 2358 in
517 2305 794 2373 principio,
828 2319 927 2355 non
959 2303 1137 2355 linitur
1178 2310 1441 2370 tempore,
1473 2318 1576 2355 non
1608 2304 1863 2371 principio
1898 2305 1971 2357 iu-

433 2386 804 2458 choaturlMs.
836 2397 880 2439 et
905 2388 1063 2449 Beda,
1089 2384 1184 2439 nec
1216 2388 1471 2455 principio
1505 2390 1843 2454 przevenitur,
1866 2408 1969 2443 om.

435 2476 527 2527 lin.
547 2474 711 2545 item].
740 2473 903 2526 Filius
922 2474 1231 2541 principium
1265 2489 1364 2525 non
1384 2473 1559 2525 finitur
1590 2483 1842 2541 tempore,
1865 2490 1969 2527 non

435 2563 694 2632 principio
716 2564 1050 2631 prmvenitur,
1075 2563 1183 2615 sive
1197 2562 1260 2615 ad
1282 2572 1639 2615 creaturarum
1657 2564 1969 2630 principium

436 2652 516 2706 vel
562 2659 854 2719 temporum
884 2650 1014 2704 velis
1046 2650 1245 2705 referre
1283 2652 1417 2718 quod
1464 2654 1569 2703 ait:
1606 2652 1670 2705 In
1724 2656 1971 2721 principio

436 2749 543 2791 erat
590 2738 824 2791 Verbum.
881 2740 1142 2806 Quidquid
1183 2748 1580 2802 creaturarum,
1627 2741 1973 2808 quodcunque

438 2827 747 2893 principium
772 2827 950 2879 habuit
976 2835 1034 2879 ut
1048 2834 1208 2890 esset,
1226 2834 1340 2881 erat
1368 2837 1489 2881 tunc
1502 2829 1728 2881 Verbum
1747 2829 1860 2889 Dei,
1880 2844 1973 2896 per

437 2916 572 2982 quod
592 2914 727 2968 facta
762 2925 883 2970 sunt
910 2918 1102 2969 omnia.
1128 2916 1249 2971 ideo
1270 2927 1456 2986 quater
1482 2918 1611 2971 dicit
1632 2918 1973 2986 evangelista,
2013 2983 2021 2986 _

444 3004 590 3069 Erat,
614 3015 741 3069 erat,
765 3016 895 3069 erat,
934 3017 1039 3060 erat
1062 3046 1075 3069 ,
1118 3015 1174 3060 ut
1208 3008 1524 3076 intelligeres
1566 3008 1707 3061 omni
1740 3018 1973 3078 tempore

2068 1872 2247 1930 aperte
2278 1862 2645 1928 tloccturquozl
2669 1861 2775 1927 ipsa
2807 1858 2979 1909 vitalis
3010 1856 3168 1914 ratio,
3204 1872 3296 1922 per
3323 1870 3477 1923 quam
3503 1870 3613 1905 om-

2068 1952 2152 2003 nia
2180 1950 2429 2018 disposita
2462 1958 2577 2001 sunt
2621 1956 2671 1998 et
2715 1955 2980 2013 reguntur,
3010 1959 3111 1995 non
3141 1956 3349 1993 omnem
3402 1949 3611 1991 creatu-

2069 2054 2197 2096 ram,
2224 2036 2312 2089 sed
2348 2036 2707 2087 rationabilem
2740 2042 2963 2090 tantum,
2998 2040 3052 2084 ut
3076 2044 3258 2101 sapere
3284 2027 3469 2095 possit,
3495 2024 3612 2077 illu-

2068 2127 2251 2179 minat.
2281 2126 2531 2178 llomines
2561 2137 2807 2188 namque,
2834 2122 2920 2187 qui
2953 2120 3016 2171 ad
3065 2118 3342 2183 imaginem
3368 2112 3458 2167 Dei
3492 2113 3615 2165 facti

2068 2222 2209 2274 Sunt,
2232 2213 2500 2279 percipere
2524 2210 2829 2277 sapientiam
2852 2216 3089 2273 possunt,
3110 2203 3349 2257 animalia
3372 2218 3474 2254 non
3499 2217 3618 2267 ptis.-

2069 2310 2207 2362 suut.
2242 2302 2343 2352 Sed
2382 2309 2434 2352 et
2461 2298 2700 2350 animalis
2734 2297 3028 2362 quicunque
3053 2304 3129 2345 cst
3160 2296 3334 2351 homo,
3370 2306 3470 2343 non
3499 2305 3613 2355 per-

2069 2389 2195 2455 cipit
2221 2404 2281 2439 ea
2322 2401 2436 2453 qua:
2469 2394 2589 2437 sunt
2623 2383 2849 2450 Spiritus
2888 2382 2976 2433 Dei
3009 2380 3057 2448 (l
3084 2380 3197 2431 Cor.
3232 2396 3289 2440 ιι,
3335 2378 3434 2443 Η).
3467 2376 3613 2429 Γη-ἲο

2069 2475 2201 2527 bene
2228 2490 2346 2527 eum
2394 2475 2615 2527 dixisset
2643 2490 2653 2521 :
2689 2471 2753 2522 Et
2784 2472 2884 2522 cita
2914 2479 3022 2520 erat
3054 2469 3142 2519 lux
3173 2469 3454 2526 hominum,
3487 2464 3611 2515 Silli-

2062 2564 2236 2631 junxit
2259 2572 2311 2616 et
2339 2565 2400 2614 de.
2429 2563 2510 2614 his
2542 2562 2650 2627 qui,
2680 2559 2744 2610 ab
2783 2559 3023 2610 humanae
3054 2572 3148 2607 con
3176 2555 3370 2607 litimds
3417 2555 3617 2606 honore

2067 2653 2249 2721 procul
2278 2653 2597 2710 recedentes,
2628 2648 2911 2714 comparati
2947 2654 3064 2696 sunt
3087 2643 3337 2712 jumentis
3364 2639 3616 2705 insipien-

2070 2743 2228 2801 tibus,
2256 2750 2305 2792 et
2336 2740 2532 2792 similes
2560 2738 2682 2790 facti
2732 2746 2853 2789 sunt
2884 2736 3003 2795 illis,
3032 2742 3187 2800 atque
3217 2732 3332 2785 ideo
3360 2738 3500 2782 recte
3530 2744 3615 2779 ve-

2072 2829 2243 2881 ritatis
2269 2828 2382 2879 luce
2413 2829 2704 2895 privantnr.

2138 2919 2298 2973 Vsns.
2321 2918 2373 2971 5.
2402 2948 2470 2956 —
2497 2917 2561 2969 Et
2593 2916 2703 2977 lux,
2733 2915 2916 2981 inquit,
2947 2914 2998 2963 in
3044 2911 3259 2964 tenebris
3289 2911 3441 2969 lucet,
3463 2917 3510 2960 et
3547 2919 3621 2958 te-

2072 3004 2239 3058 nebras
2265 3022 2376 3057 eam
2426 3021 2524 3056 non
2580 2999 3084 3069 comprehenderunt.
3145 2997 3255 3048 Lux
3291 2996 3484 3063 quippe
3540 3003 3622 3045 est

439 3090 588 3161 μὴ..
617 3093 788 3146 omnia
851 3094 1106 3164 tempora]
1152 3096 1464 3163 prtevenisse
1505 3104 1822 3150 cozeternum
1868 3092 2049 3153 Deo'C
2077 3091 2349 3148 hominum
2384 3094 2644 3154 Christus,
2672 3092 2793 3159 quia
2824 3090 3017 3147 omnia,
3048 3103 3163 3154 qua:
3204 3086 3485 3138 illuminari
3511 3099 3623 3138 me-

443 3178 583 3232 Patri
608 3181 855 3234 Verbum.

515 3288 532 3319 ι
566 3268 665 3322 Alii
698 3270 1027 3335 evangelista:
1052 3271 1187 3323 inter
1208 3271 1444 3324 homines
1468 3271 1642 3325 subito
1674 3272 1979 3341 apparuisse

444 3359 533 3412 Dei
593 3357 781 3411 Filium
838 3359 1197 3412 demonstrant
1253 3360 1458 3429 138d“,
1513 3361 1975 3425 commemorant];

444 3448 625 3499 beatus
649 3445 879 3499 Joannes
916 3448 1050 3513 apud
1087 3448 1246 3499 Deum
1286 3464 1492 3517 semper
1539 3449 1699 3503 fuisse
1726 3451 1973 3508 declarat,

445 3535 622 3586 dicens
655 3550 666 3583 :
706 3532 767 3584 Et
802 3532 1016 3585 Verbum
1044 3544 1150 3585 erat
1184 3537 1322 3603 apud
1339 3536 1518 3587 Deum.
1544 3537 1775 3589 Aliieum
1797 3552 1977 3589 verum

446 3621 705 3674 hominem
732 3660 745 3681 ,
794 3621 878 3673 ille
906 3622 1073 3688 ipsum
1111 3637 1289 3675 verum
1334 3625 1612 3677 confirmat
1647 3640 1761 3678 esse
1790 3625 1976 3687 Deum,

448 3711 664 3763 dicens:
701 3708 763 3760 Et
815 3708 947 3760 Deus
987 3718 1093 3759 erat
1148 3706 1379 3760 Verbum.
1412 3710 1510 3760 Alii
1561 3712 1823 3763 hominem
1860 3728 1977 3765 eum

448 3799 581 3868 apud
628 3798 868 3851 homines
896 3800 1253 3866 temporaliter
1290 3807 1676 3859 conversatum,
1706 3801 1792 3853 ille
1815 3801 1978 3854 Deum

450 3885 581 3953 apud
603 3885 766 3937 Deum
809 3885 860 3935 in
890 3886 1147 3951 principio
1176 3895 1472 3939 manentem
1524 3887 1774 3949 ostendit,
1804 3890 1982 3941 dicens

450 3978 628 4045 (Vens.
660 3976 759 4043 2):
804 3975 914 4028 Hoc
936 3987 1042 4028 erat
1088 3978 1139 4029 in
1182 3980 1429 4046 principio
1473 3980 1608 4046 apud
1639 3980 1820 4031 Deum.
1858 3999 1875 4028 ι
1926 3979 1981 4030 Si

451 4067 602 4118 etiam
660 4065 897 4133 superius
929 4065 1238 4134 principium
1272 4067 1334 4118 ad
1368 4066 1576 4119 Patrem
1614 4066 1797 4119 referri
1832 4064 1979 4135 μὴ..
2016 4055 2019 4059 ’

451 4150 666 4223 referre]
683 4154 868 4221 placet,
888 4164 939 4208 et
966 4154 1063 4207 hoc
1090 4170 1312 4222 sequens
1337 4156 1651 4223 principium
1687 4154 1749 4207 ad
1768 4165 1981 4210 creatu-

452 4261 555 4305 ras,
592 4245 896 4313 Intelligitur
922 4245 1243 4299 :etemaliter
1274 4245 1519 4309 Verbum,
1555 4248 1603 4299 id
1634 4254 1713 4299 est
1764 4246 1983 4307 Filium,

452 4343 565 4385 esse
589 4329 714 4399 [Ηε.
746 4341 793 4383 et
826 4330 984 4393 Beda,
1000 4331 1187 4385 Filium
1212 4333 1299 4386 Dei
1328 4331 1465 4399 esse]
1487 4334 1538 4386 iu
1562 4331 1734 4393 Patre,
1763 4341 1814 4385 et
1830 4345 1984 4383 omne

2077 3190 2276 3244 rentur,
2310 3183 2466 3234 corda
2496 3181 2763 3233 hominum
2792 3194 2899 3231 suae
2920 3174 3197 3242 prresentia
3218 3174 3535 3241 cognitionis
3566 3173 3625 3225 ii-

2076 3268 2555 3323 lustrat.Tcnebr:e
2583 3277 2756 3319 autem
2798 3265 2940 3317 stulti
2970 3272 3090 3317 sunt
3122 3272 3173 3315 et
3205 3264 3366 3329 iniqui
3397 3278 3621 3329 quorum

2077 3374 2214 3412 czeea
2238 3357 2542 3425 prmcordia,
2570 3356 2654 3407 lux
2697 3364 2906 3409 a-ternre
2953 3354 3237 3423 sapientim,
3272 3352 3444 3419 qualia
3480 3353 3583 3404 sint
3609 3394 3621 3411 ,

2077 3446 2353 3499 manifeste
2375 3446 2663 3512 cognoscit,
2693 3446 2933 3510 quamvis
2964 3445 3057 3511 ipsi
3088 3445 3260 3494 radios
3290 3442 3521 3511 ejusdem
3548 3441 3624 3491 lu-

2078 3534 2155 3586 cis
2182 3547 2510 3599 nequaquam
2546 3546 2733 3597 capere
2796 3546 2889 3597 per
2938 3531 3337 3597 intelligentiam
3383 3529 3617 3598 possint;

2078 3622 2239 3675 veluti
2266 3621 2309 3673 si
2331 3621 2551 3688 quilibet
2576 3635 2743 3673 C(‘CCIIS
2762 3618 2948 3685 jubare
2972 3620 3097 3672 solis
3125 3617 3486 3685 perfundatur,
3521 3602 3617 3669 nee

2079 3721 2253 3763 tamen
2291 3710 2398 3776 ipse
2443 3710 2625 3769 solem,
2659 3710 2808 3775 cujus
2847 3708 3041 3758 lumine
3083 3706 3411 3771 perfunditur
3435 3745 3447 3764 ,
3478 3707 3618 3770 aspi-

2082 3800 2211 3861 ciat;
2245 3818 2261 3847 ι
2302 3798 2491 3849 talibus
2514 3798 2684 3847 divina
2706 3796 2963 3848 consuluit
2987 3794 3369 3854 miseiicordia,
3400 3792 3627 3860 qualiter

2080 3887 2351 3955 pervenire
2381 3886 2599 3952 possint,
2652 3893 2708 3935 ut
2747 3884 2884 3935 illam
2920 3897 3091 3933 veram
3124 3882 3291 3932 lucem
3326 3891 3621 3934 cernerent.

2081 3984 2136 4028 et
2156 3975 2314 4045 469
2338 3984 2512 4027 essent
2537 3974 2622 4024 filii
2648 3974 2794 4034 lucis,
2822 3974 2906 4040 qui
2927 3972 3134 4023 fuerunt
3157 3972 3243 4022 lilii
3270 3971 3580 4023 tenebrarun
3612 4011 3619 4017 .

2082 4065 2147 4116 Et
2185 4065 2340 4131 hujus
2364 4063 2677 4130 cognitionis
2706 4062 2909 4113 initium
2942 4060 3038 4111 fuit
3061 4100 3073 4119 ,
3103 4059 3238 4125 quod
3266 4060 3503 4126 sequitur
3527 4072 3539 4107 :

2152 4154 2310 4206 Vens.
2344 4153 2393 4213 6,
2426 4152 2476 4203 7.
2510 4181 2572 4190 —
2601 4170 2618 4199 ‹
2663 4148 2782 4201 Fuit
2817 4151 2964 4201 homo
2994 4149 3173 4200 missus
3204 4166 3233 4199 α
3276 4146 3397 4209 Deo,
3426 4148 3507 4198 cui
3540 4165 3625 4197 no-

2086 4261 2199 4294 men
2226 4250 2333 4293 erat
2362 4241 2625 4301 Joannes;
2656 4240 2752 4305 .hic
2799 4240 2927 4290 venit
2949 4239 2999 4289 in
3025 4239 3385 4297 testimonium,
3415 4247 3469 4288 ut
3492 4243 3623 4289 testi.

2086 4331 2311 4384 monium
2360 4329 2637 4395 perhiberet
2680 4326 2742 4377 de
2784 4325 2996 4384 lumine,
3050 4335 3103 4375 ut
3153 4342 3325 4376 omnes
3370 4325 3625 4377 crederent

451 4428 811 4473 creaturarum
846 4420 1158 4487 principium
1206 4436 1296 4474 sua
1336 4424 1563 4475 essentia
1591 4422 1796 4490 praeire.
1835 4439 1852 4468 ι
1882 4419 1982 4473 Alii
2013 4404 2059 4461 D
2084 4434 2171 4487 per
2190 4417 2355 4469 illum.
2395 4414 2507 4468 Non
2535 4415 2627 4476 ait,
2656 4424 2712 4467 ut
2738 4428 2920 4466 omnes
2948 4414 3224 4466 crederent
3247 4414 3296 4465 in
3326 4413 3484 4466 illum.
3518 4413 3627 4464 Ma-

456 4505 711 4576 magnalia
735 4521 850 4575 qua:
880 4508 931 4560 in
977 4506 1188 4561 homine
1215 4509 1375 4576 gessit
1404 4510 1699 4577 perhibent,
1732 4509 1817 4562 ille
1845 4507 1983 4580 quod

455 4611 662 4651 omnem
715 4604 1011 4651 creaturam
1061 4597 1317 4650 visibilem
1348 4605 1400 4650 et
1439 4596 1750 4651 invisibilem
1780 4613 1873 4664 per
1911 4598 1988 4664 ip.

457 4700 572 4737 sum
600 4683 739 4737 Deus
778 4681 981 4744 fecerit,
1009 4684 1186 4747 docet,
1245 4686 1423 4739 dicens
1450 4684 1627 4753 (Vens.
1660 4684 1750 4753 3):
1802 4682 1987 4735 Omnia

458 4789 546 4841 per
572 4772 739 4840 ipsum
780 4771 917 4837 facta
951 4782 1103 4835 sunt,
1146 4784 1190 4825 et
1220 4776 1325 4827 sine
1353 4777 1460 4843 ipso
1494 4776 1687 4842 factum
1730 4784 1800 4827 est
1842 4773 1986 4826 nihil.

459 4858 515 4913 Si
546 4859 683 4914 enim
712 4858 841 4911 nihil
862 4866 1221 4912 creaturarum
1248 4862 1359 4913 sine
1388 4862 1501 4928 ipso
1526 4860 1717 4913 factum
1742 4869 1821 4915 est
1847 4900 1860 4924 ,
1905 4876 1993 4928 pa—

462 4956 537 5001 tet
560 4945 796 5016 profecto
822 4947 941 5015 quia
980 4947 1085 5014 ipse
1115 4955 1351 4999 creatura
1375 4963 1477 5001 non
1526 4957 1605 5001 est
1628 4989 1642 5010 ,
1690 4964 1785 5016 per
1837 4964 1989 5017 quem

462 5039 634 5091 omnis
664 5047 904 5091 creatura
934 5038 1062 5091 facta
1096 5046 1193 5091 est.
1235 5038 1298 5090 Et
1324 5053 1388 5091 ne
1414 5039 1532 5104 quis
1559 5038 1777 5091 audiens
1800 5037 1991 5091 factam

464 5142 557 5193 per
584 5128 674 5180 Dei
704 5123 894 5182 Filium
940 5138 1231 5183 creaturam
1258 5168 1272 5189 ,
1318 5128 1619 5181 mutabilem
1666 5128 1845 5180 credat
1881 5127 1991 5193 ejus

468 5215 814 5275 voluntatem,
862 5214 1010 5282 quasi
1040 5220 1126 5283 qui
1176 5216 1348 5268 subito
1395 5214 1547 5267 vellet
1578 5212 1748 5267 facere
1786 5225 1992 5269 creatu-

468 5318 602 5364 ram,
625 5318 779 5371 quam
809 5304 873 5354 ab
919 5312 1117 5355 aeterno
1152 5319 1416 5371 nunquam
1454 5312 1573 5356 ante
1604 5302 1841 5367 fecisset;
1884 5320 1997 5357 ma-

473 5390 659 5441 nifeste
706 5389 858 5441 docet
898 5388 1244 5456 Evangelista,
1277 5390 1465 5443 factam
1520 5390 1727 5457 quidem
1763 5390 1814 5443 in
1869 5399 2000 5445 tem-

476 5483 597 5537 pore
624 5480 943 5535 in‘eaturam,
966 5475 1056 5527 sed
1098 5476 1147 5527 in
1175 5485 1367 5530 mterna
1405 5477 1668 5531 Creatoris
1705 5478 1957 5544 sapientia
1984 5520 1996 5540 ,

2090 4505 2299 4558 (edictus
2320 4506 2453 4557 enim
2490 4504 2659 4565 homo,
2688 4503 2773 4571 qui
2803 4502 3010 4569 conﬁdit
3041 4503 3093 4553 in
3134 4502 3361 4563 nomine,
3394 4511 3439 4552 et
3486 4505 3625 4567 ponit

2092 4610 2290 4646 carnem
2320 4593 2581 4644 brachium
2616 4608 2764 4643 suum
2794 4590 3001 4659 (Jerem.
3044 4605 3171 4649 xvii,
3200 4588 3272 4657 5).
3299 4589 3400 4640 Sed
3435 4596 3489 4639 ut
3517 4603 3626 4644 on:-

2092 4700 2205 4746 nes,
2231 4684 2416 4751 inquit,
2440 4684 2716 4736 crederent
2747 4698 2841 4749 per
2879 4680 3045 4741 illum,
3078 4681 3173 4731 hoc.
3202 4688 3281 4731 est
3305 4718 3318 4739 ,
3366 4688 3421 4730 ut
3447 4694 3542 4746 per
3566 4682 3626 4730 ii-

2095 4772 2194 4824 lius
2221 4771 2575 4823 testimonium
2598 4770 2872 4822 crederent
2905 4768 2954 4819 in
2984 4768 3172 4827 lucem,
3198 4782 3355 4834 quam
3405 4770 3624 4820 necdmn

2096 4860 2272 4913 videre
2292 4870 2561 4919 noverant,
2586 4858 2858 4910 Dominum
2882 4856 3121 4908 videlicet
3149 4856 3323 4909 Jesum
3341 4858 3624 4915 Christum,

2098 4952 2185 5017 qui
2213 4951 2275 5003 de
2304 4951 2475 5017 seipse
2507 4959 2724 5003 testatur
2751 4968 2760 4999 :
2797 4948 2906 5016 Ego
2939 4966 3048 5001 sum
3078 4949 3167 5000 lux
3195 4950 3368 5000 mundi
3396 4965 3411 4999 :
3436 4948 3522 5016 qui
3552 4966 3626 4999 se-

2096 5038 2265 5105 quitur
2288 5054 2384 5097 me,
2414 5054 2511 5089 non
2541 5036 2815 5092 ambulabit
2846 5033 2991 5103 [δίδη
3029 5035 3275 5103 ambulat]
3308 5036 3360 5087 in
3390 5036 3627 5098 tenebm,

2096 5126 2183 5177 sed
2208 5125 2406 5177 habebit
2441 5125 2607 5177 lumen
2648 5125 2756 5175 vitm
2788 5122 2963 5189 (Joarr.
2989 5139 3105 5183 vttt,
3140 5123 3243 5189 12).
3273 5122 3520 5188 Sequitur
3545 5144 3556 5177 :

2165 5214 2321 5267 Vens.
2350 5215 2403 5276 8,
2428 5215 2478 5267 9.
2510 5244 2576 5252 —
2599 5212 2715 5265 Non
2742 5220 2847 5264 erat
2873 5212 2957 5265 ille
2983 5211 3190 5274 lux,scd
3212 5223 3264 5263 ut
3288 5215 3626 5266 testimonium

2093 5302 2371 5368 perhiberet
2399 5302 2459 5353 de
2487 5301 2706 5363 lumine;
2760 5311 2867 5354 erat
2893 5301 2982 5353 lux
3020 5316 3166 5362 vera,
3216 5317 3329 5369 qua:
3376 5303 3625 5353 illuminat

2094 5410 2290 5446 omnem
2328 5394 2579 5445 hom'nem
2608 5395 2875 5446 renientem
2922 5395 2973 5444 in
3001 5391 3199 5463 [hunc]
3253 5392 3515 5444 mundum.
3567 5393 3623 5444 Et

2095 5482 2259 5534 sancti
2285 5482 2495 5547 quidem
2531 5482 2765 5534 homines
2812 5481 2898 5535 lux
2946 5489 3067 5533 sunt
3117 5490 3258 5532 recte
3286 5478 3498 5539 vocati,
3552 5480 3617 5531 di-

545 5590 568 5617 ³
595 5579 648 5633 In
693 5582 919 5635 editione
960 5584 1385 5653 Argentoratensi
1422 5584 1509 5637 hic
1558 5584 1803 5637 inseritur
1848 5594 2005 5653 caput
2044 5587 2289 5655 primum.

826 5672 1088 5729 Parnm.
1133 5672 1176 5728 tl

3246 5674 3315 5730 'l't
