4230 6220
694 312 807 372 ’717

1559 317 1617 369 Il.
1659 318 1721 372 l-'.
1758 319 1975 372 ALBINI
2016 318 2143 373 SElI
2182 300 2450 403 Al.Cl'lNl
2490 321 2765 377 UI'ERUM
2805 322 2981 377 ιιΛειε
3016 322 3079 377 ll.

3809 326 3921 383 τις

703 438 854 483 eente
875 427 941 481 ad
965 441 1058 481 eos
1084 427 1304 481 Domino
1334 445 1343 479 :
1373 426 1470 480 νος
1499 429 1618 480 estis
1637 428 1727 479 tux
1758 428 1934 481 mundi
1963 428 2173 501 (Matth.
2200 444 2252 491 ν,
2283 431 2329 511 ᾼ
2358 443 2466 483 sua:
2496 429 2626 499 legis
2651 430 2945 485 doctrinam
2971 431 3286 496 contulerat,
3311 447 3374 487 ex
3398 434 3587 502 quibus
3627 449 3685 490 se
3726 435 3887 493 incar
3906 467 3920 476 -

706 517 816 588 14).
849 516 915 571 Et
943 516 1181 587 apostolo
1224 515 1427 570 Paulo:
1461 515 1654 569 Fuistis
1688 518 1969 587 aliquando
1999 518 2247 581 tenebrae,

703 620 838 661 nunc
881 617 1049 659 autent
1077 605 1169 659 lux
1205 606 1258 659 in
1286 605 1505 658 Domino
1537 605 1746 675 (Ep/ws.
1777 622 1830 669 v,
1853 606 1929 676 8).
1981 606 2084 661 Sed
2120 606 2255 660 mul-

705 706 817 749 tum
846 694 1007 750 distat
1034 695 1173 748 inter
1199 693 1367 749 lucem
1417 710 1534 762 quae
1574 695 1936 759 illuminatur,
1978 705 2032 750 et
2082 696 2252 751 lucem

700 799 818 854 qua:
850 785 1139 851 illuminat;
1186 787 1325 839 inter
1354 801 1447 840 eos
1474 785 1565 854 qui
1606 786 2067 855 participationem
2116 791 2254 841 vene

701 873 835 929 lucis
859 875 1126 944 accipiunt
1155 882 1214 928 ut
1241 875 1479 939 luceant,
1534 884 1590 928 et
1648 874 1814 942 ipsam
1856 873 2026 929 lucem
2069 890 2255 945 perpe—

702 973 864 1027 tuam,
895 979 1013 1033 qua:
1038 979 1143 1019 non
1172 964 1341 1019 solum
1368 965 1421 1017 in
1468 978 1525 1018 se
1549 963 1661 1033 ipsa
1699 964 1901 1028 lucere,
1952 965 2046 1019 sed
2073 972 2127 1019 et
2159 979 2253 1018 sua

699 1054 1002 1126 przesentia,
1025 1068 1367 1123 quoscunque
1390 1053 1642 1121 attigerit,
1661 1053 1925 1108 illustrare
1939 1053 2154 1108 suﬂieit.
2172 1051 2254 1106 Ad

699 1141 859 1210 hujus
881 1144 1330 1211 comparationem
1359 1157 1495 1196 verte
1531 1142 1683 1208 lucis,
1711 1158 1816 1197 non
1846 1150 2050 1197 tantum
2084 1143 2255 1197 miuo-

702 1246 792 1285 res
815 1231 1037 1300 quilibet
1059 1231 1229 1294 electi,
1262 1245 1447 1285 verum
1472 1230 1634 1284 etiam
1682 1230 1795 1298 ipse
1843 1227 2102 1292 Joannes,
2147 1244 2253 1299 quo

703 1321 872 1391 major
896 1319 1251 1393 inter-{natos}
1276 1321 1557 1375 mulierum
1583 1335 1739 1375 nemo
1757 1320 2009 1385 surrexit,
2037 1320 2127 1375 lux
2146 1335 2249 1375 non

701 1422 820 1463 esse
845 1395 1115 1472 asseritur,
1142 1418 1200 1462 ut
1222 1408 1467 1463 videlicet
1487 1407 1730 1464 Christus
1777 1423 1881 1463 non
1908 1424 2027 1464 esse
2049 1448 2065 1475 ,
2110 1409 2252 1479 quod

701 1496 1005 1567 putabatur,
1020 1505 1359 1552 monstretur.
1386 1496 1474 1551 ille
1494 1497 1632 1551 enim
1646 1496 1777 1569 [Al.,
1807 1495 2038 1553 Joannes
2063 1496 2247 1569 enim],

701 1594 764 1639 ut
810 1586 1063 1655 scriptum
1111 1594 1194 1641 est
1230 1600 1245 1639 :
1296 1586 1427 1639 Erat
1472 1585 1681 1639 lucerna
1718 1585 1904 1640 ardens
1929 1625 1945 1650 ,
1991 1594 2041 1639 et
2077 1584 2251 1639 lucens

704 1674 883 1739 (Joan.
905 1691 958 1741 v,
982 1674 1092 1746 55).
1125 1673 1331 1729 Ardens
1360 1674 1562 1727 scilicet
1591 1674 1693 1728 fide
1714 1683 1769 1727 et
1809 1674 2119 1737 dilectione,
2168 1674 2251 1728 lu-

2355 518 2584 571 nandnm
2614 518 2945 587 promiserat,
2970 528 3024 573 et
3048 520 3100 572 in
3141 520 3333 589 quibus
3368 536 3426 576 se
3462 523 3817 587 incarnatum,
3847 534 3922 578 ut

2351 608 2707 677 promiserat,
2750 608 2998 671 ostendit,
3023 608 3121 677 ipsi
3148 622 3269 663 cum
3321 610 3556 679 recipere
3606 612 3919 667 venientem

2353 712 2541 767 magna
2570 711 2633 751 cx
2666 707 2818 765 parte
2847 704 3176 751 recusarunt.
3208 690 3387 767 Neque
3413 699 3553 754 enim
3595 715 3783 755 omnes
3827 715 3924 755 re-

2352 794 2630 849 cusarunt;
2670 785 2902 854 alioquin
2940 785 3114 840 nullus
3138 796 3279 841 esset
3296 788 3507 852 salvus,
3549 796 3603 843 et
3648 803 3919 859 superva-

2350 890 2451 929 cua
2478 872 2594 941 ejus
2618 883 2755 928 esset
2785 874 3099 928 inearnatio.
3130 873 3280 929 Nunc
3304 883 3483 930 autem
3512 877 3661 930 multi
3689 893 3807 931 eum
3836 894 3912 933 es

2352 974 2578 1032 utroque
2602 962 2793 1031 popqu
2817 978 2921 1019 non
2944 962 3208 1018 credendo
3228 963 3592 1036 [respuerant,
3614 965 3760 1019 multi
3794 980 3917 1020 cre-

2350 1050 2554 1123 dendo}
2597 1061 2910 1121 receperunt
2940 1069 2953 1104 :
2983 1052 3049 1107 de
3109 1052 3301 1121 quibus
3353 1053 3676 1122 evangelista
3715 1068 3911 1109 conse-

2351 1151 2576 1209 quenter
2598 1140 2830 1194 insinuat
2858 1140 3040 1194 dicens
3069 1156 3083 1193 :

2344 1244 2351 1249 ’
2418 1229 2581 1301 470
2633 1231 2788 1285 Vens.
2845 1229 2930 1283 η.
2974 1259 3037 1271 -
3093 1228 3352 1295 Quotquot
3400 1236 3571 1283 autem
3615 1240 3915 1298 receperunt

2349 1334 2486 1381 eum,
2517 1318 2653 1371 dedit
2676 1334 2750 1372 ets
2777 1326 3077 1389 potestatem
3102 1317 3240 1387 filios
3265 1317 3361 1371 Dei
3387 1318 3502 1382 ﬁeri
3528 1357 3543 1382 ,
3583 1319 3659 1371 his
3684 1320 3771 1385 qui
3795 1334 3911 1372 creo

2350 1408 2477 1461 dunt
2501 1408 2555 1461 in
2582 1422 2782 1460 nomine
2811 1423 2925 1475 ejus
2969 1406 3374 1461 Consideremus
3406 1445 3421 1469 ,
3464 1406 3656 1459 lratres
3696 1405 3906 1459 charis-

2350 1495 2490 1552 simi.
2516 1504 2711 1564 quanta
2739 1505 2907 1565 gratia
2923 1494 3293 1563 Redemptoris
3318 1495 3505 1554 nostri,
3527 1510 3686 1562 quam
3713 1510 3906 1562 magna

2350 1587 2421 1641 sit
2442 1586 2725 1640 multitudo
2764 1585 3058 1641 dulcedinis
3100 1601 3215 1653 ejus
3268 1584 3464 1641 Unicus
3511 1600 3574 1639 es
3627 1584 3787 1638 Patre
3816 1601 3908 1637 na-

2353 1685 2437 1729 tus
2458 1688 2557 1740 est,
2586 1687 2637 1730 et
2665 1675 2834 1730 uoluit
2873 1690 3147 1730 remanere
3190 1690 3344 1729 unus.
3387 1675 3671 1729 Deswndit
3698 1674 3764 1726 ad
3802 1684 3913 1727 ter»

707 1780 833 1821 cens
867 1766 1029 1820 verbo
1056 1772 1111 1819 et
1144 1765 1367 1818 actione.
1400 1762 1637 1818 Gratiam
1684 1778 1811 1817 vero
1844 1764 1976 1819 lucis
2026 1763 2254 1833 pectori-
2282 1754 2328 1815 Β
2355 1779 2490 1828 ram,
2521 1764 2606 1819 ubi
2636 1756 2827 1817 fratres
2853 1763 2977 1827 sibi,
3006 1764 3199 1832 quibus
3235 1778 3450 1832 regnum
3478 1762 3650 1817 Patris
3671 1765 3753 1816 sui
3779 1763 3917 1827 dare

702 1850 801 1909 bus
830 1853 1125 1919 infundere,
1154 1853 1317 1908 solius
1336 1862 1418 1908 est
1440 1854 1554 1924 ejus
1582 1854 1646 1907 de
1670 1858 1776 1921 quo
1804 1854 1935 1907 dicit
1964 1867 1978 1906 :
2008 1852 2140 1905 Erat
2162 1850 2256 1905 tua:

702 1960 845 2008 vera,
867 1960 981 2014 qua:
1025 1943 1283 1997 illuminat
1337 1959 1537 1997 omnem
1578 1942 1833 1995 hominem
1874 1942 2154 1996 venientem
2198 1940 2253 1992 in

687 2032 879 2106 {hunc}
905 2035 1151 2089 mundum
1166 2051 1186 2099 ;
1216 2048 1428 2089 omnem
1456 2032 1717 2096 videlicet,
1744 2031 1834 2101 qui
1887 2030 2214 2085 illuininatur
2237 2068 2252 2093 ,

701 2126 812 2180 sive
842 2126 1068 2180 naturali
1117 2126 1367 2196 ingenio,
1415 2140 1508 2180 seu
1562 2124 1822 2193 sapientia
1857 2122 2057 2176 divina.
2107 2120 2257 2174 Sicut

700 2214 840 2267 enim
871 2230 1026 2269 nemo
1050 2230 1080 2269 a
1108 2230 1164 2269 se
1192 2215 1306 2284 ipso
1324 2227 1469 2277 esse,
1516 2213 1591 2267 ita
1619 2213 1779 2266 etiam
1803 2226 1959 2266 nemo
1986 2226 2016 2264 a
2044 2225 2101 2265 se
2141 2210 2255 2278 ipso

698 2303 910 2373 sapiens
937 2319 1079 2361 esse.
1102 2311 1293 2372 potest,
1326 2304 1419 2359 sed
1444 2303 1533 2357 illo
1562 2303 1881 2366 illustrante,
1914 2302 1982 2356 de
2002 2316 2105 2369 quo
2130 2301 2259 2354 scri-

698 2402 847 2459 ptum
874 2391 1198 2455 est;-Omnis
1225 2392 1477 2461 sapientia
1520 2390 1798 2444 aDontino
1837 2389 1946 2443 Deo
1969 2399 2041 2443 est
2069 2387 2257 2467 (Ereti.

701 2498 744 2546 ι,
772 2482 846 2551 1).
877 2479 1038 2548 Cujus
1060 2488 1343 2551 utramque
1366 2489 1634 2544 naturam,
1655 2487 1708 2533 et
1756 2478 1989 2532 divinam
2013 2477 2258 2532 videlicet

698 2586 805 2642 qua
831 2586 1038 2641 semper
1069 2572 1263 2640 ubique
1293 2579 1437 2625 totus
1497 2578 1717 2634 manet,
1766 2576 1820 2623 et
1863 2569 2145 2622 humanam
2191 2582 2258 2630 ex

697 2676 804 2731 qua
829 2660 882 2715 in
910 2669 1147 2731 tempore
1172 2670 1329 2715 natus
1352 2701 1366 2725 ,
1400 2661 1530 2715 loco
1556 2660 1791 2714 inclusus
1824 2659 2099 2729 apparuit,
2133 2672 2259 2711 con-

702 2760 989 2821 sequenter
1010 2751 1334 2819 evangelista
1372 2750 1673 2819 descripsit,
1704 2750 1921 2804 dicens:

778 2843 939 2895 Vens.
969 2840 1056 2903 10,
1090 2840 1173 2893 11.
1212 2840 1367 2894 -Ιη
1403 2840 1592 2894 mundo
1637 2850 1786 2904 erat,
1830 2850 1876 2893 et
1918 2839 2141 2894 mundus
2169 2855 2261 2910 per

703 2935 874 3000 ipsum
905 2929 1070 2998 factus
1111 2940 1203 2995 est,
1227 2939 1273 2982 et
1314 2929 1534 2983 mundus
1584 2945 1701 2982 eum
1737 2945 1839 2982 non
1890 2929 2140 2997 cognovit.
2194 2925 2262 2980 In

704 3036 917 3090 propria
937 3020 1090 3085 venit,
1118 3028 1164 3073 et
1187 3020 1270 3072 sui
1314 3035 1431 3072 eum
1465 3036 1565 3072 non
1596 3027 1912 3088 receperunt.
1960 3018 2017 3071 In
2058 3016 2253 3071 mundo

706 3108 941 3181 [quippe]
968 3117 1102 3171 erat,
1134 3119 1185 3164 et
1210 3110 1436 3187 mundus
1461 3124 1554 3177 per
1576 3109 1748 3178 ipsum
1776 3107 1948 3162 factus
1982 3115 2092 3173 cst,
2128 3106 2251 3176 quia

708 3202 850 3255 Dens
874 3209 1011 3265 erat,
1040 3199 1164 3269 quia
1210 3185 1355 3253 totus
1394 3200 1608 3267 ubique,
1649 3198 1773 3266 quia
1818 3213 1928 3252 sua:
1972 3196 2251 3267 praesentia

707 3288 997 3358 maiestatis
1022 3327 1036 3351 ,
1071 3288 1184 3341 sine
1210 3288 1390 3341 labore
1429 3301 1617 3357 regens
1641 3294 1696 3341 et
1728 3287 1844 3342 sine
1878 3301 2038 3342 onere
2084 3287 2253 3342 conti-

698 3391 838 3430 nens
864 3376 1000 3444 quod
1028 3374 1169 3430 fecit.
1204 3374 1266 3427 Et
1308 3373 1526 3426 mundus
1553 3389 1670 3427 eum
1707 3390 1815 3444 non
1842 3375 2090 3443 cognovit.
2122 3372 2253 3438 Quia

704 3464 796 3516 lux
822 3464 876 3516 in
898 3462 1115 3517 tenebris
1138 3462 1290 3523 lucet,
1322 3471 1367 3514 et
1396 3460 1617 3515 tenebrat
1644 3442 1757 3514 eant
1788 3478 1889 3515 non
1927 3462 2255 3532 comprehen-

707 3552 912 3605 derunt.
941 3551 1189 3605 blandum
1219 3565 1447 3618 namque
1475 3551 1577 3605 hoc
1604 3549 1656 3604 in
1684 3550 1801 3605 loco
1826 3550 1956 3605 dicit
1979 3551 2219 3605 homines
2237 3591 2251 3616 ,

710 3639 892 3693 mundi
934 3653 1114 3695 amore
1139 3640 1406 3706 deceptos,
1430 3645 1589 3704 atque
1620 3638 1926 3693 inhaerendo
1964 3648 2219 3693 creatum:
2241 3680 2255 3703 ,

692 3728 775 3782 .ab
834 3727 1166 3795 agnoscenda
1204 3726 1461 3780 creatoris
1499 3726 1580 3779 sui
1613 3725 1888 3793 majestate
1922 3726 2163 3781 reﬂexos.
2200 3727 2254 3780 ln

698 3816 921 3885 propria
955 3816 1117 3880 venit,
1139 3815 1263 3884 quia
1291 3815 1345 3869 in
1374 3814 1569 3869 mundo
1589 3855 1603 3880 ,
1638 3830 1793 3884 quem
1814 3830 1909 3883 per
1929 3814 2257 3869 divinitatem

709 3906 854 3972 fecit,
881 3922 977 3976 per
1004 3907 1387 3961 humanitatem
1416 3914 1573 3960 natus
1589 3907 1851 3975 apparuit.
1868 3906 1922 3959 ln
1950 3908 2160 3974 propria
2173 3922 2259 3961 ve-

709 3998 804 4060 nit,
828 3998 965 4066 quia
995 3996 1047 4049 in
1079 4004 1235 4064 gente
1258 3993 1460 4059 Judtca,
1481 4009 1639 4062 quam
1668 3995 1769 4047 sibi
1793 4009 1904 4061 pra:
1932 3997 2141 4050 cmteris
2169 4012 2259 4050 na-

709 4087 940 4141 tionibus
956 4084 1176 4154 speciali
1197 4084 1366 4154 gratia
1394 4083 1753 4152 copulaverat,
1788 4083 2051 4138 incarnari
2077 4085 2259 4155 digna-

713 4188 795 4230 tus
824 4173 1002 4229 estJn
1030 4174 1225 4227 mundo
1243 4181 1355 4227 erat
1383 4188 1532 4242 ergo,
1561 4179 1614 4227 et
1639 4172 1691 4225 in
1722 4172 1975 4227 mundum
2005 4173 2165 4226 venit.
2202 4174 2258 4226 ln

710 4267 910 4322 mundo
929 4273 1045 4320 erat
1072 4280 1165 4336 per
1198 4265 1564 4319 divinitatem:
1600 4264 1670 4317 in'
1687 4263 1941 4317 mundum
1981 4264 2125 4317 venit
2165 4278 2259 4332 per

713 4357 1145 4413 incarnationem.
1175 4357 1359 4411 Venire
1381 4357 1571 4433 quippe
1592 4366 1644 4410 et
1671 4354 1822 4427 [Ms.,
1850 4356 1954 4427 vel]
1978 4356 2145 4421 abire,
2167 4357 2259 4411 hu-

719 4447 986 4500 manitatis
1019 4454 1128 4508 est;
1160 4460 1375 4498 manere
1393 4452 1605 4507 etesse,
1626 4445 1932 4498 divinitatis.
1947 4443 2081 4509 Quia
2109 4460 2253 4514 ergo,

718 4552 838 4590 cum
869 4536 921 4589 in
948 4534 1143 4588 mundo
1169 4542 1430 4600 essetxper
1460 4532 1785 4586 divinitatem
1812 4571 1826 4594 ,
1879 4533 2107 4585 mundus
2138 4548 2258 4586 eum

727 4641 828 4677 unn
870 4624 1149 4693 cognovit,
1191 4622 1434 4690 dignatus
1460 4628 1542 4675 est
1566 4619 1744 4674 venire
1800 4620 1854 4673 in
1882 4606 2132 4674 mundum
2167 4635 2262 4689 per

720 4715 1129 4777 humanitatem,
1166 4721 1225 4765 ut
1264 4712 1342 4765 vel
1377 4711 1454 4765 sic
1489 4725 1609 4765 eum
1655 4709 1879 4764 mundus
1902 4720 2257 4780 cognosceret.

720 4800 824 4857 Sed
858 4800 1129 4855 videamus
1153 4801 1278 4869 quid
1301 4801 1562 4869 sequitur:
1869 4814 1873 4818 '

788 4892 858 4948 In
891 4892 1100 4975 propria
1126 4892 1279 4955 venit,
1294 4903 1341 4945 et
1365 4895 1445 4946 sui
1472 4909 1589 4946 eum
1624 4908 1729 4946 non
1763 4889 2260 4962 receperunt.'Quem

719 4984 857 5039 enim
880 4985 932 5038 in
973 4982 1208 5052 potentia
1241 4980 1527 5037 divinitatis
1553 4990 1744 5037 cuncta
1770 4991 2035 5036 creantem
2074 5000 2261 5054 regen-

725 5085 933 5142 temque
968 5076 1325 5141 cognoverant
1374 5060 1544 5139 {Beda
1582 5079 1629 5124 et
1674 5087 1770 5125 ms.
1794 5109 1809 5136 ,
1847 5084 1953 5123 non
2000 5087 2255 5139 cogam-0-

722 5160 885 5232 runt],
916 5161 1088 5230 ipsum
1117 5160 1169 5214 in
1197 5157 1375 5213 carnis
1419 5156 1754 5224 inﬁrmitate,
1806 5158 2073 5214 miraculis
2113 5176 2265 5215 coru-

722 5259 957 5303 seantem
979 5248 1214 5317 recipere
1237 5246 1536 5302 noluerunt.
1558 5246 1625 5300 Et
1652 5247 1793 5318 quod
1814 5247 2028 5318 gravius
2054 5256 2155 5312 est,
2184 5250 2263 5302 sui

724 5354 841 5393 eum
872 5353 977 5394 non
1002 5345 1351 5407 receperunt,
1400 5336 1641 5392 homines
1699 5337 1936 5401 scilicet,
1982 5352 2113 5406 quos
2154 5338 2264 5407 ipse

726 5426 952 5490 creavit;
986 5422 1173 5489 Judzei,
1196 5441 1329 5494 quos
1348 5424 1666 5495 peculiarem
1690 5423 1789 5499 sibi
1816 5424 2047 5495 elegerat
2082 5425 2133 5479 in
2158 5424 2263 5494 ple-

728 5512 869 5576 bem,
897 5513 1088 5583 quibus
1106 5528 1213 5569 sua:
1249 5513 1562 5583 cognitionis
1610 5511 1933 5567 revelaverat
1973 5528 2224 5569 arcanum
2245 5552 2260 5577 ,

732 5613 863 5667 quos
887 5601 1120 5657 mirificis
1147 5610 1355 5673 patrum
1409 5601 1795 5671 glorificaverat
1845 5603 2018 5669 actis,
2071 5602 2266 5671 quibus

2354 1866 2547 1925 posset.
2578 1856 2896 1921 aequireret.
2940 1854 3077 1907 Dens
3102 1868 3165 1906 cx
3198 1852 3304 1907 Deo
3328 1864 3482 1906 natus
3509 1861 3611 1911 est.
3640 1864 3693 1906 et
3739 1852 3917 1906 noluit

2353 1947 2448 2001 Dei
2476 1953 2680 1999 tantum
2722 1944 2889 1998 Filius
2933 1938 3180 2006 manere;
3235 1945 3464 1997 hominis
3512 1958 3722 2012 quoque
3768 1943 3915 1997 illius

2353 2034 2467 2089 ﬁeri
2496 2034 2742 2103 dignatus
2763 2041 2859 2096 est,
2892 2047 2997 2086 non
3025 2034 3276 2087 amittens
3299 2036 3440 2098 quod
3484 2042 3620 2094 erat,
3642 2034 3735 2086 sed
3760 2046 3910 2085 assu-

2354 2139 2503 2179 mens
2521 2124 2661 2191 quod
2684 2137 2787 2176 non
2813 2130 2957 2181 erat:
2989 2133 3046 2175 ut
3074 2136 3169 2191 per
3191 2122 3289 2175 hoc
3313 2122 3552 2175 homines
3575 2121 3631 2175 in
3658 2121 3749 2173 Dei
3774 2121 3914 2173 filios

2352 2211 2687 2274 transferret,
2708 2211 2990 2281 gloriaque
3029 2226 3137 2265 sua:
3166 2210 3363 2265 faceret
3389 2210 3692 2264 cohtcrcdes
3714 2249 3728 2269 .
3772 2210 3864 2276 qui
3891 2247 3909 2268 ο

2353 2287 2495 2368 (ιυόἀ
2522 2298 2633 2365 ipse
2660 2310 2867 2364 semper
2888 2296 3110 2350 habebat
3148 2312 3241 2366 per
3285 2308 3523 2350 naturain
3549 2337 3563 2359 ,
3616 2296 3903 2365 inciperent

2354 2392 2550 2446 habere
2574 2406 2669 2458 per
2695 2391 2942 2460 gratiam.
2966 2390 3391 2455 Cousideremns,
3415 2399 3611 2459 quanta
3640 2392 3897 2445 virtusest

2355 2482 2496 2545 fidei,
2529 2480 2681 2549 cujus
2738 2481 2927 2535 merito
2956 2490 3189 2550 potestas
3240 2482 3395 2535 datur
3418 2482 3720 2535 hominibus
3768 2480 3893 2534 ﬁlios

2354 2573 2448 2628 Dei
2477 2571 2776 2627 fieri.Unde
2801 2571 3212 2642 benescriptum
3237 2581 3336 2635 est,
3360 2572 3484 2642 quia
3512 2573 3691 2640 justus
3715 2588 3779 2626 ea:
3797 2571 3890 2641 ﬁde

2355 2660 2653 2730 υἱυὶτ(Ηεὺ.
2678 2678 2739 2725 ιι,
2769 2661 2831 2726 4;
2868 2660 3013 2715 Rom.
3042 2663 3214 2734 un).
3246 2663 3388 2717 Vivit
3433 2662 3610 2730 justus
3655 2678 3722 2716 ex
3772 2642 3912 2725 nae,‘

2355 2766 2459 2804 non
2486 2750 2573 2805 illa
2606 2766 2724 2820 quae
2748 2751 3002 2805 labiorum
3026 2760 3228 2806 tantum
3257 2751 3588 2806 confessione
3616 2751 3900 2820 profertur,

2356 2840 2449 2895 sed
2473 2856 2533 2895 ea
2555 2858 2674 2911 qua:
2694 2857 2789 2911 per
2817 2842 3148 2897 dilectionem
3172 2851 3440 2911 operatur.
3467 2842 3713 2910 Alioquin
3750 2842 3904 2904 fides,

2358 2931 2402 2984 si
2429 2946 2531 2984 non
2579 2931 2767 2984 haheat
2800 2946 2977 2999 opera,
3020 2940 3225 2985 mortua
3262 2931 3437 2984 estin
3479 2932 3763 2998 semetipsa
3791 2929 3904 3000 (Jac

2361 3021 2469 3075 cob.
2500 3037 2557 3085 ιι,
2592 3022 2698 3091 17).
2728 3019 2913 3075 Nullus
2960 3022 3191 3090 Sripsum
3220 3021 3495 3089 despiciat,
3524 3019 3699 3074 nullus
3721 3020 3786 3073 de
3808 3034 3906 3073 sua

2352 3108 2523 3163 salute
2542 3108 2806 3177 desperet,
2836 3124 3113 3163 curramus
3151 3107 3335 3179 [Bedu,
3367 3105 3664 3178 currcmus]
3688 3121 3904 3167 omnes,

2351 3202 2625 3254 curramus
2650 3198 2859 3267 singuli,
2892 3210 2942 3250 ut
2989 3200 3079 3267 qui
3117 3212 3334 3253 eramus
3369 3197 3551 3266 longe,
3604 3210 3907 3250 mereamur

2352 3286 2465 3341 fieri
2496 3302 2659 3356 prope
2692 3287 2744 3339 in
2769 3287 3021 3354 sanguine
3048 3284 3268 3340 Christi.
3298 3284 3582 3338 Videamus
3630 3283 3771 3351 quo]
3820 3282 3905 3336 di-

2351 3376 2527 3429 citur:
2555 3376 2686 3441 Quia
2715 3386 2957 3445 quotquot
3005 3386 3295 3446 receperunt
3331 3391 3482 3439 eum,
3534 3374 3673 3427 dedit
3714 3375 3787 3426 eis
3814 3389 3904 3442 pa-

2352 3473 2582 3519 tcstatem
2608 3464 2744 3534 ﬁlios
2771 3465 2869 3518 Dei
2910 3466 3057 3534 fieri;
3087 3466 3363 3537 Quotquot,
3389 3466 3578 3535 inquit,
3611 3474 3903 3535 receperunt

2352 3572 2486 3609 eum.
2514 3554 2630 3608 Non
2658 3562 2740 3609 est
2763 3555 2905 3609 enim
2930 3554 3278 3624 personarum
3316 3564 3564 3623 acceptor
3583 3555 3725 3609 Deus
3747 3594 3764 3616 ,
3814 3553 3905 3607 sed

2354 3644 2408 3697 in
2437 3644 2579 3697 omni
2606 3651 2782 3713 gente,
2820 3644 2908 3713 qui
2940 3644 3089 3697 timet
3116 3659 3237 3697 eum
3266 3652 3321 3697 et
3346 3650 3595 3713 operatur
3616 3641 3896 3708 justitiam,

2355 3744 2605 3805 acceptus
2644 3744 2726 3791 est
2769 3736 2863 3789 illi.
2899 3735 3013 3801 Quo
3053 3742 3229 3789 autem
3275 3720 3458 3789 ordine
3496 3732 3772 3787 credentes
3815 3730 3904 3783 lilii

2356 3825 2448 3879 Dei
2484 3832 2702 3893 possunt
2737 3824 2872 3887 ﬁeri,
2900 3832 2955 3878 et
3000 3823 3395 3892 quantum‘btec
3419 3822 3691 3893 generatio
3723 3835 3756 3874 a
3791 3834 3906 3873 car-

2356 3912 2462 3965 nali
2486 3912 2666 3975 distet,
2700 3913 3013 3965 subsecutus
3034 3911 3359 3981 evangelista
3380 3911 3640 3980 designat.

2425 4001 2583 4056 Vsus.
2611 3998 2696 4055 l5.
2725 4028 2796 4039 —
2822 3999 2922 4065 Qui
2953 4016 3055 4053 non
3077 4015 3140 4053 ea:
3162 3999 3516 4069 sanguinibus,
3540 3996 3730 4067 inquit,
3752 4012 3907 4066 neque

2354 4104 2419 4141 ea:
2444 4087 2702 4143 voluntate
2743 4089 2934 4154 carnis,
2959 4104 3116 4157 neque
3166 4103 3231 4141 ex
3272 4084 3529 4141 voluntate
3557 4087 3681 4149 uiri,
3841 4099 3905 4136 ea:

2360 4177 2462 4229 Deo
2486 4179 2594 4240 nati
2614 4186 2753 4229 sunt.
2777 4176 3020 4231 Carnalis
3040 4178 3234 4247 quippe
3261 4185 3443 4231 nostra
3472 4176 3795 4245 singulorum
3821 4187 3907 4242 ge-

2355 4264 2674 4334 neratio,“
2717 4269 3069 4339 sanguinibus,
3100 4270 3163 4324 id!
3197 4278 3297 4331 est,
3326 4285 3391 4325 ex
3426 4270 3627 4325 semine
3651 4269 3816 4324 maris
3853 4278 3906 4324 et
3937 4337 3943 4343 ι

2360 4356 2586 4421 feminae,
2612 4374 2641 4411 a
2666 4358 2896 4428 conjugii
2919 4358 3337 4427 duxitoriginem
3362 4360 3659 4428 complexu.
3686 4358 3757 4413 At
3782 4374 3905 4413 vero

2360 4448 2610 4515 spiritalis
2631 4448 2857 4516 Spiritus
2879 4449 3047 4503 sancti
3071 4450 3239 4519 gratia
3262 4449 3906 4517 ministratur,quantcar-

2362 4536 2554 4590 naliter
2588 4537 2913 4605 distinguens
2948 4537 3202 4593 Dominus
3241 4538 3343 4591 ait:
3378 4538 3494 4590 Nisi
3533 4538 3647 4606 quis
3703 4547 3905 4589 renatus

2362 4624 2518 4694 fuerit
2545 4642 2609 4679 ea:
2635 4643 2767 4696 aqua
2798 4637 2843 4699 et
2868 4627 3191 4696 spiritu,<non
3213 4636 3369 4697 potest
3394 4627 3604 4679 introire
3623 4625 3678 4677 in
3700 4641 3913 4694 regnum.

2367 4713 2479 4766 Dei.
2518 4712 2669 4778 Quod
2706 4702 2882 4766 natum
2903 4724 2977 4766 est
2999 4730 3062 4766 ex
3085 4730 3266 4777 carne,
3316 4730 3436 4767 caro
3462 4723 3558 4777 est,
3581 4723 3627 4767 et
3654 4712 3791 4783 quod
3806 4722 3905 4765 na.

2364 4817 2473 4859 tum
2496 4793 2566 4858 est
2602 4805 2665 4858 de
2690 4805 2876 4873 spiritu
2902 4845 2916 4869 ,
2969 4807 3177 4876 spiritus
3220 4817 3292 4861 est
3319 4806 3497 4878 (Joan.
3523 4823 3600 4868 Ill,
3626 4806 3681 4870 5,
3710 4804 3785 4872 6).
3811 4804 3891 4859 Vc

2366 4908 2482 4946 rum
2507 4908 2573 4947 ne
2599 4894 2716 4961 quis
2750 4894 3021 4948 hominum
3063 4895 3266 4962 dubitet
3287 4895 3449 4949 ﬁlium
3469 4910 3528 4949 se
3554 4894 3647 4946 Dei
3677 4892 3906 4947 cubare-

2362 4982 2481 5034 dem
2503 4979 2711 5049 Christi
2740 4992 2897 5050 p'osse
2924 4982 3059 5045 fieri,
3087 4983 3179 5036 dat
3212 4981 3508 5051 exemplum
3553 4968 3867 5055 evangelista
3888 5018 3901 5041 ,

2364 5070 2486 5139 quia
2510 5079 2564 5123 et
2610 5072 2719 5139 ipse
2740 5070 2906 5125 Filius
2940 5072 3033 5126 Dei
3068 5073 3228 5126 homo
3250 5072 3385 5134 fieri,
3409 5078 3463 5123 et
3492 5070 3732 5124 habitare
3771 5068 3905 5123 inter

2364 5159 2604 5212 homines
2624 5159 2871 5227 dignatus
2889 5160 2981 5223 sit,
3002 5168 3059 5213 ut
3080 5160 3323 5212 humana:
3344 5158 3606 5226 particeps
3631 5156 3901 5212 esistendo

2363 5245 2681 5315 fragilitatis,
2707 5248 2946 5303 homines
2964 5247 3153 5301 divina:
3172 5245 3383 5299 virtutis
3420 5262 3527 5300 sum
3552 5246 3771 5300 donaret
3789 5236 3901 5297 esse

2364 5335 2665 5403 participes.
3878 5338 3887 5342 ”

2436 5424 2593 5478 Vens.
2626 5424 2708 5477 14.
2735 5453 2807 5466 --
2839 5424 2901 5478 Et
2950 5423 3185 5488 Verbum,
3215 5424 3403 5495 inquit,
3426 5439 3546 5479 cara
3576 5423 3770 5493 factum
3808 5431 3899 5485 est,

2362 5523 2409 5566 et
2431 5512 2672 5568 habitavit
2695 5516 2747 5567 in
2770 5513 2929 5568 nobis.
2956 5512 3106 5579 Quod
3138 5522 3221 5570 est
3244 5515 3418 5569 dicere
3440 5553 3455 5579 ,
3501 5521 3555 5567 et
3602 5512 3770 5567 Filius
3811 5509 3899 5565 Del

2368 5603 2524 5659 homo
2555 5603 2723 5660 factus
2746 5614 2854 5669 est,
2902 5613 2956 5658 et
2981 5604 3116 5659 inter
3164 5604 3405 5658 homines
3432 5611 3773 5659 conversatus
3804 5607 3895 5653 est.
