4230 6204
319 425 419 484 719
594 425 599 431 ’
1122 424 1522 483 ΕΧΕΟΕΪΙΕᾹ.

1567 461 1629 468 ν-
1666 429 2010 483 COMMENT.
2050 429 2113 481 ΙΝ
2152 429 2338 484 JOAN.
2378 461 2445 469 ——
2486 425 2606 484 ΜΒ.
2647 430 2684 483 l.

3418 431 3517 484 7.?)

315 535 457 589 Solet
499 550 725 605 namque
750 535 1021 602 Scriptura
1060 538 1217 590 modo
1250 538 1461 595 animm.
1493 535 1647 588 modo
1690 537 1866 588 carnis
1895 542 1940 595 Λ
1973 535 2221 589 insinuat.
2262 535 2318 587 lu
2353 551 2416 589 eo
2444 551 2568 590 vero
2589 538 2728 603 quod
2753 538 3049 605 subjungit,
3099 550 3216 591 ante
3245 557 3322 593 me
3347 542 3516 610 factus

313 623 590 687 vocabulo,
620 631 789 677 totum
817 624 1094 692 designare
1118 625 1421 686 hominem;
1461 625 1649 676 animat:
1685 624 1867 676 videli—

312 720 418 776 cet,
439 721 496 765 ut
517 715 775 781 scriptum
821 722 938 766 est:
970 713 1107 777 Quia
1154 714 1412 765 descendit
1436 713 1598 764 Iacob
1626 713 1680 764 in
1703 713 1773 764 1E
1777 730 1867 780 gy-

309 809 476 868 ptum,
501 802 558 855 in
603 804 872 856 animabus
897 805 1216 872 septuaginta
1246 803 1423 872 (Deut.
1447 819 1499 865 κ,
1522 803 1642 871 22);
1690 806 1865 858 carnis

310 905 459 956 vero,
485 900 542 945 ut
589 908 773 947 rursus
797 894 1051 962 scriptum
1080 902 1198 946 est:
1228 893 1293 944 Et
1325 893 1510 946 ridebit
1554 895 1720 946 omnis
1743 910 1864 946 caro

309 981 539 1035 salutare
564 983 657 1036 Dei
680 984 826 1051 (Luc.
857 1001 938 1047 Ill,
964 985 1037 1053 ϐ).
1071 983 1251 1052 Neque
1277 985 1419 1037 enim
1433 983 1514 1037 vel
1539 986 1728 1037 animm
1751 986 1865 1039 sine

309 1070 619 1137 corporibus
660 1072 714 1124 in
741 1070 1036 1140 'A-lgyptum
1066 1072 1385 1126 descendere
1411 1113 1425 1137 ,
1470 1073 1551 1125 vel
1574 1087 1701 1126 caro
1749 1074 1865 1129 sine

310 1157 486 1210 anima
514 1158 694 1213 videre
726 1159 924 1227 aliquid
951 1168 1150 1227 potest;
1188 1161 1279 1213 sed
1314 1160 1401 1213 hic
1449 1174 1543 1227 per
1591 1161 1823 1214 animam
1845 1201 1860 1225 ,

309 1256 453 1301 totus
474 1249 651 1309 homo,
683 1249 754 1303 ibi
778 1251 1018 1319 signatur
1037 1264 1132 1319 per
1159 1265 1396 1303 carnem.
1429 1249 1520 1303 Sic
1544 1264 1670 1316 ergo
1685 1251 1784 1304 hoc
1810 1251 1862 1303 in

310 1337 446 1401 loco,
472 1340 611 1406 quod
634 1339 829 1393 dicitur
853 1357 866 1393 :
896 1339 962 1392 Et
1016 1337 1233 1392 Verbum
1288 1355 1408 1393 caro
1447 1339 1641 1402 factum
1665 1350 1759 1401 εει,
1784 1341 1863 1392 ηἰ-

307 1425 381 1478 hil
410 1425 549 1480 aliud
575 1427 730 1480 debet
759 1427 1001 1496 intelligi,
1028 1442 1186 1496 quam
1215 1427 1259 1482 si
1287 1427 1551 1480 diceretur
1575 1445 1586 1479 :
1634 1428 1699 1480 Et
1723 1427 1863 1482 Deus

306 1514 466 1569 homo
493 1515 663 1571 factus
687 1526 786 1583 est,
811 1533 1028 1573 carnem
1071 1520 1318 1573 videlicet
1369 1519 1635 1572 induendo
1655 1527 1710 1573 et
1750 1521 1862 1573 ani-

304 1619 466 1658 mam.
486 1605 557 1661 Ut
577 1608 716 1661 sicut
737 1609 961 1677 quisque
980 1616 1226 1662 nostrum
1258 1624 1394 1662 unus
1423 1608 1580 1662 homo
1607 1624 1671 1661 ex
1701 1623 1862 1662 carne

303 1702 512 1748 constat
539 1705 594 1750 et
618 1697 816 1758 anima,
843 1699 914 1750 ita
942 1713 1079 1750 unus
1119 1697 1188 1750 ab
1217 1698 1596 1751 incarnationis
1623 1706 1861 1765 tempore

302 1784 547 1839 Christus
581 1801 646 1840 ex
673 1787 964 1850 divinitate,
986 1803 1146 1842 carne
1171 1796 1225 1841 et
1251 1789 1427 1841 anima
1455 1797 1662 1842 constat
1687 1804 1701 1841 :
1725 1791 1860 1843 Deus

1968 634 2061 684 est,
2090 624 2470 680 sublimitatem
2496 626 2731 691 ejusdem
2762 629 3104 682 humanitatis
3128 672 3143 692 ,
3177 647 3278 699 qua
3309 635 3516 689 exteris

1966 713 2213 765 omnibus
2233 715 2493 768 creaturis
2524 725 2639 766 erat
2663 717 2855 770 merito
2884 718 3227 783 przel'ercnda,
3254 720 3511 790 designat.

1964 798 2115 863 Quod
2133 801 2278 853 enim
2302 803 2392 861 ait,
2423 814 2540 854 ante
2562 819 2670 862 me,
2716 819 2820 856 non
2863 805 2928 858 ad
2970 806 3207 859 ordinem
3238 810 3514 876 temporis.

1965 888 2057 941 sed
2085 890 2151 942 ad
2187 891 2493 944 distantiam
2533 894 2759 960 pertinet
2783 895 3070 962 dignitatis,
3105 897 3253 962 juxta
3286 899 3427 964 quod
3452 900 3517 952 de

1963 975 2154 1046 Ioseph
2185 980 2306 1034 tiliis
2343 981 2685 1036 henedicente
2730 982 2893 1037 Jacob
2937 986 3190 1052 scriptum
3228 996 3346 1039 est:
3379 986 3512 1039 Con-

1961 1068 2226 1136 stituitque
2251 1068 2499 1136 Epitraint
2535 1081 2653 1123 ante
2680 1071 2959 1125 Manassen
3002 1073 3151 1142 (Gen.
3189 1092 3376 1138 xum,
3404 1077 3512 1144 9.0),

1963 1156 2053 1208 ubi
2083 1167 2225 1211 recte
2245 1160 2420 1226 potuit
2451 1160 2629 1214 dicere
2659 1160 2959 1225 Manasscs,
2998 1165 3089 1231 qui
3122 1173 3234 1232 post
3259 1181 3339 1217 me
3362 1167 3512 1226 venit,

1962 1257 2082 1300 ante
2103 1265 2183 1300 me
2203 1250 2371 1316 factus
2392 1260 2488 1314 est,
2512 1251 2563 1304 id
2584 1259 2698 1314 est,
2728 1254 2816 1319 qui
2838 1262 2956 1321 post
2979 1269 3062 1307 me
3103 1263 3256 1308 natus
3293 1264 3396 1319 est,
3425 1273 3519 1324 po-

1964 1341 2126 1394 tentia
2156 1354 2242 1392 me
2279 1341 2424 1408 regni
2454 1343 2757 1396 antecessit.
2805 1343 3260 1408 Quemadmodum
3287 1345 3516 1400 Joannes

1962 1426 2029 1479 de
2050 1426 2294 1489 Domino,
2323 1428 2412 1496 qui
2425 1437 2544 1496 post
2566 1444 2668 1492 me,
2693 1429 2886 1496 inquit,
2914 1441 3156 1484 venturus
3181 1443 3278 1496 est,
3301 1443 3418 1486 ante
3439 1451 3520 1486 me

1963 1516 2130 1583 factus
2161 1525 2257 1578 est,
2283 1517 2337 1569 id
2363 1525 2465 1578 est,
2494 1518 2585 1584 qui
2620 1525 2738 1585 post
2767 1533 2852 1571 me
2879 1519 2944 1572 ad
2969 1521 3358 1587 praedicandum
3385 1537 3518 1576 ven-

1950 1613 2114 1664 turus
2153 1614 2271 1670 est,
2323 1606 2552 1660 culmine
2594 1620 2678 1660 me
2720 1608 2868 1675 regni
2915 1616 2968 1660 et
3019 1610 3301 1662 sacerdotii
3335 1626 3518 1678 peren-
3583 1676 3586 1679 ι

1961 1694 2045 1747 nis
2085 1694 2371 1748 antecellit.
2431 1695 2610 1759 Quare
2649 1704 2826 1748 autem
2871 1697 2917 1749 is
2949 1698 3038 1765 qui
3074 1707 3190 1764 post
3228 1714 3351 1752 cum
3393 1715 3520 1752 ven-

1959 1790 2113 1837 turus
2159 1793 2313 1847 erat,
2367 1799 2492 1837 eum
2537 1785 2791 1852 diguita.c
2851 1785 3222 1850 antecelleret,
3285 1789 3515 1855 aperuit,

302 1872 370 1924 ab
391 1880 592 1927 aeterno
619 1874 670 1926 in
694 1883 950 1929 :etemum
981 1878 1217 1931 existens
1246 1892 1422 1941 verus,
1447 1886 1506 1930 ut
1529 1888 1664 1942 erat,
1688 1879 1856 1932 homi-
1891 1893 1934 1949 Β
1960 1887 2080 1925 cum
2129 1871 2435 1938 SUIljllﬂXll:
2475 1872 2611 1936 Quia
2653 1876 2798 1941 prior
2849 1891 2928 1927 me
2966 1886 3094 1939 erat,
3145 1877 3195 1930 id
3224 1886 3336 1941 est,
3391 1881 3516 1946 quia

302 1977 422 2017 nem
467 1978 534 2017 ex
573 1974 812 2033 tempore
857 1982 1134 2021 assumens
1183 1968 1236 2020 in
1278 1969 1534 2020 unitatem
1584 1983 1693 2021 suae
1741 1983 1860 2036 pcr-

301 2064 444 2103 sona:
470 2059 676 2116 verum,
708 2069 867 2121 quem
897 2070 1001 2108 non
1025 2056 1303 2109 habuerat.
1332 2055 1616 2124 Sequitur:

370 2139 439 2192 Et
465 2143 686 2197 vidimus
712 2144 932 2213 gloriam
959 2148 1092 2214 ejus,
1119 2147 1337 2216 gloriam
1352 2149 1521 2216 ,φιαεὶ
1552 2148 1797 2216 unigeniti
1826 2165 1858 2200 η

307 2225 491 2301 "atre,
537 2225 741 2299 plenum
787 2235 969 2302 gratim
992 2245 1040 2287 et
1083 2237 1335 2289 ueritatis.
1380 2235 1615 2289 Gloriam
1658 2239 1856 2291 Christi

298 2330 458 2382 quam
485 2327 608 2372 ante
629 2321 1045 2377 incarnationem
1075 2325 1253 2378 videre
1283 2341 1386 2378 non
1416 2335 1660 2394 poterant
1691 2328 1858 2380 homi-

300 2423 412 2471 nes,
441 2418 562 2476 post
591 2412 1011 2466 incarnationem
1033 2414 1300 2477 viderunt,
1331 2416 1650 2482 aspicientes
1680 2416 1860 2468 huma-

299 2499 520 2553 nitatem
545 2501 818 2556 miraeulis
851 2502 1216 2572 relulgentem,
1245 2513 1300 2558 et
1343 2505 1695 2574 intelligentes
1720 2506 1855 2558 divi-

297 2587 516 2644 nitatem
547 2590 689 2643 intus
726 2590 1052 2656 latitantem;
1109 2591 1183 2646 illi
1215 2594 1444 2646 maxime
1465 2633 1478 2654 ,
1532 2593 1620 2661 qui
1665 2601 1714 2646 et
1744 2593 1857 2661 ejus

295 2662 625 2742 claritatem,
671 2687 794 2732 ante
842 2681 1140 2747 passionem
1189 2681 1551 2749 transﬁgurati
1596 2682 1648 2734 in
1681 2689 1857 2734 monte

296 2775 498 2830 sancto,
521 2767 868 2834 contemplari
903 2778 1233 2834 meruerunt,
1259 2786 1388 2824 voce
1415 2771 1624 2838 delapsa
1652 2772 1716 2823 ad
1738 2785 1858 2826 eum

299 2853 664 2920 hujuscemodi
692 2871 722 2909 a
754 2857 1032 2926 magniﬁca
1059 2859 1222 2927 gloria
1250 2877 1261 2910 :
1292 2858 1390 2910 llic
1419 2869 1490 2911 est
1516 2858 1562 2910 F
1566 2859 1687 2912 ilius
1715 2877 1856 2913 mens

298 2944 530 3008 dilectus,
563 2946 616 2999 in
644 2963 744 3015 quo
787 2948 913 2999 mihi
963 2949 1249 3016 complacui
1269 2948 1478 3018 (Matth.
1511 2963 1642 3012 xvtl,
1666 2949 1741 3017 5).
1792 2950 1856 3001 Et

299 3040 416 3097 post
439 3033 756 3099 passionem,
786 3037 1209 3099 resurrectionis,
1232 3038 1664 3106 ascensionisquc
1688 3038 1854 3104 ipsius

297 3121 462 3187 gloria
489 3132 792 3191 conspecta,
821 3125 1051 3192 Spiritus
1065 3126 1180 3194 ejus
1209 3135 1332 3179 sunt
1355 3127 1494 3180 dono
1522 3127 1743 3180 miriﬁce
1773 3142 1853 3180 rc-

1958 1973 2189 2017 a3ternus
2232 1972 2353 2015 ante
2399 1963 2591 2016 smcula
2631 1965 2769 2017 Deus
2794 1974 2941 2028 erat,
2968 1976 3245 2036 propterea
3279 1985 3362 2024 me
3391 1971 3517 2024 licet

1957 2053 2221 2121 posterior
2244 2061 2430 2115 natus,
2464 2053 2630 2120 gloria
2659 2053 2952 2119 majcsmtis
2975 2058 3136 2109 etiam
3164 2059 3216 2110 in
3242 2070 3514 2127 assumpta

1957 2142 2284 2195 humanitate
2319 2142 2544 2209 punibit.
2570 2142 2822 2210 Exposito
2842 2153 3016 2196 autem
3037 2145 3356 2213 evangelista
3381 2162 3518 2214 pra:-

1956 2231 2192 2284 cursoris
2221 2231 2422 2283 Domini
2461 2232 2760 2285 testimonio
2788 2234 2929 2300 quod
2949 2234 3014 2287 de
3035 2234 3124 2287 illo
3148 2236 3514 2304 perhiliuerat,

1958 2320 2132 2372 reddit
2160 2322 2341 2372 statim
2387 2337 2495 2373 sua:
2529 2336 2739 2389 quoque
2784 2323 3128 2385 assertionis,
3173 2327 3314 2392 quod
3340 2341 3518 2395 cmpe-

1959 2418 2059 2473 rat,
2090 2409 2162 2462 illi
2192 2411 2552 2463 testiinonium
2577 2410 2722 2463 dare.
2766 2410 2898 2464 Nam
2925 2413 3167 2480 sequitur
3192 2431 3205 2465 :

2025 2499 2185 2550 Vsus.
2231 2499 2312 2550 lti.
2341 2528 2410 2536 —
2431 2498 2498 2550 Et
2534 2498 2595 2550 de
2622 2497 2940 2566 plenitudine
2965 2500 3075 2566 ejus
3101 2517 3193 2553 nos
3224 2518 3397 2555 omnes
3424 2519 3513 2555 uc-

1955 2588 2180 2654 cepintus
2206 2587 2429 2654 gratiam
2449 2603 2542 2655 pro
2567 2589 2757 2654 gratia.
2795 2586 3049 2656 Superius
3076 2604 3302 2658 namque
3333 2590 3466 2644 dixit
3500 2610 3512 2642 :

1957 2677 2092 2741 Quia
2130 2675 2347 2728 Verbum
2385 2693 2506 2728 caro
2536 2677 2730 2744 factum
2771 2687 2877 2740 εει,
2920 2688 2966 2729 ει
2993 2680 3239 2732 habitarit
3268 2682 3320 2733 in
3348 2683 3513 2745 nobis,

1955 2777 2001 2819 et
2044 2767 2266 2820 vidimus
2310 2766 2529 2835 gloriam
2572 2768 2713 2834 ejus,
2751 2769 2968 2835 gloriam
3013 2771 3163 2837 quasi
3205 2773 3450 2840 unigeniti
3485 2791 3516 2824 a

1958 2853 2115 2907 Patre
2133 2854 2340 2923 plenum
2367 2857 2548 2923 gratim
2570 2864 2616 2907 et
2647 2857 2892 2908 veritatis.
2942 2856 3090 2920 Quod
3125 2874 3244 2910 cum
3286 2875 3518 2927 prmcur-

1955 2942 2092 2994 soris
2138 2940 2268 3011 [Αι.,
2294 2940 2613 3010 ριιωευτεοτ]
2653 2957 2864 3010 quoque
2897 2943 3012 3009 ejus
3047 2947 3350 3000 testimonio
3387 2964 3511 3001 con-

1955 3029 2256 3092 lirmasset,
2303 3030 2565 3083 dicentis:
2595 3030 2695 3083 llic
2740 3043 2850 3084 erat
2891 3050 3041 3102 quem
3083 3035 3196 3088 dixi
3237 3037 3393 3098 vobis,
3426 3041 3516 3105 qui

1953 3130 2064 3189 post
2112 3137 2192 3172 me
2238 3130 2482 3172 venturus
2509 3130 2599 3182 est,
2630 3132 2748 3174 ante
2777 3139 2855 3174 me
2885 3123 3054 3189 factus
3090 3135 3161 3176 est
3181 3165 3194 3188 ,
3225 3127 3347 3194 quia
3372 3128 3517 3195 prior

298 3209 440 3261 fecti.
481 3209 684 3274 Quibus
708 3211 951 3264 omnibus
980 3211 1259 3265 manifeste
1304 3222 1683 3281 cognoverunt,
1712 3215 1853 3282 quod
1883 3215 1926 3274 C
1961 3228 2038 3263 me
2061 3220 2193 3274 erat,
2223 3225 2406 3263 rursus
2435 3213 2546 3278 ipse
2570 3250 2584 3273 ,
2624 3210 2764 3278 quod
2808 3223 3042 3280 cmpcrat
3087 3218 3396 3284 exsequitur
3436 3219 3515 3271 di-

297 3297 596 3365 hujusmodi
627 3300 792 3369 gloria
814 3317 916 3355 non
943 3302 1158 3355 cuilibet
1182 3311 1506 3365 sanctorum,
1535 3306 1627 3358 sed
1651 3305 1723 3357 illi
1753 3305 1850 3358 soli

300 3389 517 3453 homini,
546 3391 635 3458 qui
661 3402 801 3444 esset
829 3391 880 3444 in
923 3392 1197 3446 divinitate
1245 3395 1551 3462 unigenitus
1607 3410 1634 3446 a
1665 3395 1852 3459 Patre,

294 3481 620 3534 conveniret.
665 3480 813 3546 Quod
861 3492 1034 3537 autem
1089 3487 1369 3553 sequitur:
1417 3485 1636 3538 Plenum
1673 3490 1855 3554 gratia:

301 3582 346 3621 et
371 3574 619 3627 ueritatis.
650 3573 849 3628 Gratia:
875 3576 1062 3643 plenus
1089 3585 1204 3629 erat
1227 3587 1279 3630 ct
1304 3586 1406 3640 est,
1430 3578 1588 3630 homo
1613 3576 1855 3630 Christus

212 3711 216 3715 .
296 3659 573 3723 .lesus,cui
617 3665 868 3734 singulari
909 3681 1128 3719 munere
1155 3682 1262 3734 pne
1291 3668 1496 3720 caeteris
1546 3666 1854 3719 mortalibus

298 3751 452 3822 47],
485 3753 662 3807 datum
687 3765 786 3818 cst,
822 3765 879 3808 ut
917 3758 1095 3810 statim
1120 3772 1184 3808 ex
1230 3772 1334 3822 quo
1367 3758 1416 3808 in
1441 3766 1590 3810 utero
1635 3757 1853 3823 virginis

299 3843 503 3910 concipi
525 3853 578 3896 et
603 3845 759 3898 homo
791 3845 902 3897 tieri
927 3847 1202 3912 inciperet,
1234 3860 1391 3897 verus
1419 3852 1559 3897 esset
1590 3854 1644 3895 ct
1692 3844 1849 3897 Deus.

303 3928 448 3983 Unde
471 3939 524 3984 et
545 3934 726 3985 eadem
748 3934 973 4002 gloriosa
996 3949 1205 4002 semper
1243 3935 1389 4001 virgo
1425 3934 1604 3997 Maria,
1631 3951 1734 3987 non
1763 3950 1850 3987 so-

297 4019 405 4072 lum
435 4021 660 4076 hominis
682 4023 899 4087 Christi,
931 4025 1022 4079 sed
1051 4034 1103 4077 et
1133 4025 1223 4078 Dei
1278 4025 1505 4102 geniti-iv
1556 4035 1698 4077 recte
1743 4039 1854 4076 cre-

296 4110 466 4163 denda
493 4119 546 4165 et
591 4113 886 4165 conﬁtenda
924 4121 1018 4165 est.
1053 4114 1191 4165 Idem
1214 4113 1479 4164 'veritatis
1503 4113 1688 4178 plenus
1738 4121 1854 4163 erat

295 4205 350 4251 et
374 4210 473 4260 est,
506 4200 612 4267 ipsa
645 4201 884 4253 videlicet
917 4201 1073 4252 Verbi
1118 4201 1413 4261 divinitate,
1443 4216 1561 4268 qua:
1587 4201 1850 4253 hominem

299 4289 442 4341 illum
466 4289 802 4355 singulariter
827 4289 1074 4352 electum,
1098 4305 1219 4343 cum
1245 4306 1348 4358 quo
1372 4306 1474 4343 una
1497 4290 1692 4343 Christi
1735 4307 1854 4359 pcr-

299 4395 426 4433 sona
455 4387 614 4444 esset,
643 4395 914 4434 assumere
967 4381 1179 4449 dignata
1225 4389 1338 4445 est;
1381 4395 1484 4435 non
1516 4381 1713 4448 aliquid
1745 4397 1854 4434 sua:

301 4470 491 4522 divinas
523 4469 848 4533 substantize,
875 4479 935 4523 ut
974 4471 1207 4524 bteretici
1237 4470 1436 4532 volunt,
1471 4471 1524 4522 in
1554 4469 1850 4523 faciendam

1954 3316 2080 3354 cens
2120 3319 2131 3352 :
2167 3301 2233 3353 Et
2260 3301 2322 3353 de
2358 3300 2674 3371 plenitudine
2719 3303 2830 3372 ejus
2878 3321 2968 3357 nos
3007 3323 3177 3359 omnes
3225 3312 3515 3379 accepimus

1952 3390 2174 3457 gratiam
2220 3407 2311 3458 pro
2356 3392 2544 3460 gratia.
2619 3392 2813 3445 Plenus
2861 3396 3054 3463 quippe
3097 3407 3213 3450 erat
3260 3399 3514 3453 Dominus.|

1956 3481 2153 3546 Spiritu
2184 3490 2368 3533 sancto
2393 3520 2405 3542 ,
2449 3483 2635 3548 plenus
2676 3483 2844 3551 gratia
2869 3492 2922 3536 et
2947 3487 3190 3548 veritate,
3231 3491 3352 3555 quia
3378 3491 3514 3541 sicut

1952 3568 2232 3633 Apostolus
2260 3569 2369 3620 ait:
2402 3569 2463 3620 In
2495 3571 2602 3637 ipso
2654 3571 2844 3621 "abitat
2889 3575 3052 3624 omnis
3082 3575 3343 3642 plenitudo
3372 3578 3507 3629 diri-

1955 3657 2130 3707 uitatis
2151 3657 2486 3724 corporaliter
2512 3659 2731 3728 (Coloss.
2760 3677 2817 3724 Il,
2847 3662 2933 3730 9);
2988 3663 3050 3714 tle
3096 3664 3245 3732 cujus
3282 3665 3507 3733 plenitu-

1953 3749 2072 3799 dine
2118 3764 2207 3798 nos
2245 3766 2416 3800 omnes
2469 3748 2634 3815 (juxta
2681 3753 2892 3805 modum
2936 3763 3128 3806 noslrm
3171 3758 3500 3825 capacitatis)

1953 3842 2260 3908 accepimus,
2289 3841 2410 3908 quia
2445 3843 2718 3909 unicuique
2759 3852 2990 3894 nostrum
3032 3844 3155 3895 data
3195 3854 3268 3895 est
3316 3848 3507 3913 gratia,

1952 3929 2230 3981 secundant
2261 3946 2552 3981 mensuram
2579 3931 2871 3985 donationis
2887 3930 3078 3986 Christi
3098 3933 3306 4005 (Ep/tes.
3345 3954 3415 3999 tv,
3434 3939 3509 4005 7).

1955 4019 2025 4069 De
2054 4018 2164 4070 solo
2191 4034 2417 4086 namque
2444 4021 2731 4074 mediatore
2763 4023 2853 4075 Dei
2881 4033 2933 4077 et
2971 4026 3261 4089 homimnn,
3294 4029 3505 4080 homine.

1951 4106 2072 4160 Jesu
2103 4107 2315 4161 Christo
2340 4111 2603 4161 veraciter
2628 4110 2731 4162 dici
2770 4113 2974 4178 potuit:
3009 4113 3076 4163 Et
3119 4117 3392 4182 requiescet
3422 4133 3511 4169 sn-

1951 4213 2040 4263 per
2064 4213 2178 4248 cum
2205 4197 2413 4265 spiritus
2447 4197 2668 4258 Domini,
2717 4199 2926 4265 spiritus
2977 4201 3242 4268 sapientitc
3279 4211 3325 4252 et
3361 4203 3511 4256 intel-

1953 4288 2127 4348 lectus,
2155 4288 2362 4355 spiritus
2390 4287 2590 4340 consilii
2611 4297 2655 4339 et
2677 4288 3013 4355 fortitudinis,
3045 4291 3253 4358 spiritus
3283 4292 3510 4345 scientia:

1954 4390 2000 4432 et
2033 4380 2269 4449 pietatis,
2323 4388 2369 4432 et
2425 4378 2630 4447 replebit
2676 4395 2791 4430 eum
2820 4381 3029 4448 spiritus
3063 4381 3260 4433 timoris
3302 4383 3510 4435 Domini

1956 4470 2107 4538 (lsai.
2135 4485 2207 4531 XI,
2236 4469 2314 4538 2).
2363 4467 2561 4522 Omnes
2604 4483 2730 4522 vero
2773 4470 2940 4522 sancti
2985 4486 3086 4522 non
3126 4471 3506 4537 plenitudinem

303 4558 530 4611 hominis
555 4565 796 4609 naturam
839 4568 1200 4623 commutatis;
1230 4559 1322 4612 sed
1349 4561 1458 4625 ipse
1477 4559 1616 4625 apud
1641 4557 1851 4611 Patrem
1887 4537 1931 4593 ί)
1955 4537 2174 4628 spiritus
2201 4537 2346 4625 ejus.
2387 4559 2477 4612 scd
2505 4559 2568 4612 dc
2608 4559 2931 4629 plenitudine
2958 4560 3072 4628 ejus
3090 4601 3104 4623 ,
3141 4573 3392 4628 quantum
3421 4565 3508 4616 illo.

304 4658 542 4706 manens,
561 4652 726 4696 totum
751 4646 890 4713 quod
911 4656 1046 4710 erat,
1069 4654 1232 4700 totam
1264 4647 1329 4700 de
1349 4646 1550 4701 semine
1575 4646 1738 4700 David
1757 4661 1852 4700 na-

306 4741 478 4785 turam
506 4733 614 4785 vcri
633 4734 860 4788 hominis
882 4749 1038 4803 quam
1067 4751 1169 4790 non
1186 4735 1431 4798 habebat,
1448 4736 1740 4804 suscipiens
1757 4748 1801 4789 ο.
1827 4757 1846 4787 ι

374 4822 535 4876 Vens.
579 4822 662 4876 15.
700 4853 769 4863 -
802 4843 821 4874 ι
852 4826 879 4865 b
912 4826 1137 4880 Joannes
1166 4829 1510 4881 testimonium
1538 4828 1761 4896 perhibet
1790 4828 1852 4879 de

305 4914 434 4983 ipso.
485 4912 852 4980 Redemptoris
878 4918 1044 4971 nostri
1079 4932 1374 4986 prtecursor
1399 4918 1757 4973 testimonium
1788 4919 1852 4971 dc

307 5010 421 5078 ipso
434 5007 740 5078 perbibens,
763 5007 1123 5064 celsitudinem
1150 5013 1497 5067 humanitatis
1518 5014 1633 5083 ejus
1654 5013 1856 5082 pariter

304 5104 358 5150 et
381 5097 675 5152 divinitatis
692 5096 1044 5151 :cternitatem
1067 5097 1342 5153 manifesta
1374 5116 1502 5154 voce
1526 5103 1849 5170 pronuntiat.

305 5187 516 5242 Clamat
546 5187 689 5242 enim
713 5188 894 5242 dicens
921 5204 934 5239 :
972 5185 1070 5240 Hic
1095 5197 1226 5250 erat,
1265 5205 1412 5257 quem
1433 5191 1542 5242 dixi
1567 5192 1727 5254 vobis,
1767 5192 1853 5260 qui

307 5283 418 5341 post
436 5290 518 5328 me
537 5284 777 5328 naturus
803 5285 900 5339 est,
922 5284 1040 5328 ante
1057 5291 1136 5328 me
1159 5276 1324 5344 factus
1350 5286 1446 5338 est,
1467 5278 1589 5346 quia
1611 5279 1754 5346 prior
1775 5294 1856 5330 me

310 5371 420 5415 erat
440 5362 618 5433 (toan.
644 5379 684 5427 ι,
708 5365 815 5435 15).
839 5365 895 5420 ln
920 5380 985 5419 eo
1006 5381 1234 5435 namque
1258 5366 1399 5434 quod
1423 5367 1516 5430 ait,
1534 5369 1622 5438 qui
1641 5380 1752 5437 post
1773 5385 1850 5421 me

311 5460 552 5505 uenturus
575 5460 650 5505 est
674 5491 690 5516 ,
734 5453 972 5508 ordinem
1001 5455 1243 5510 humana:
1263 5447 1679 5521 dispensationis
1702 5498 1717 5521 ,
1748 5471 1850 5526 qua

314 5545 433 5601 post
449 5551 571 5591 eum
594 5546 780 5602 natus,
826 5548 947 5608 post
972 5555 1094 5595 eum
1122 5539 1282 5596 etiam
1309 5543 1716 5611 praedicaturus,
1762 5546 1855 5598 ba-

315 5623 628 5713 ptizatum,
656 5627 805 5697 signa
846 5626 1103 5691 facturus,
1128 5639 1182 5684 et
1210 5637 1436 5684 mortem
1463 5640 1580 5685 erat
1603 5647 1855 5699 passurus

384 5744 408 5770 ι
447 5729 567 5803 ηας,
586 5748 752 5802 usque
779 5750 842 5788 ex
873 5735 1025 5790 Bothe
1045 5737 1188 5790 hom.
1223 5741 1312 5792 cit.

1956 4649 2139 4708 donat,
2169 4648 2451 4718 accipiunt.
2495 4646 2629 4712 Quia
2656 4647 2747 4700 alii
2774 4664 2866 4717 per
2892 4646 3139 4718 Spiritum
3161 4651 3316 4703 datur
3342 4667 3507 4703 sermo

1955 4739 2254 4808 sapientite,
2306 4738 2398 4790 alii
2445 4753 2610 4790 sermo
2652 4738 2916 4798 scientias,
2959 4739 3236 4789 secundum
3275 4741 3504 4792 eumdem

1959 4831 2231 4901 Spiritum.
2271 4830 2432 4898 Alteri
2457 4829 2586 4896 ﬁdes
2626 4829 2681 4881 in
2719 4828 2895 4880 eodem
2935 4827 3128 4897 Spiritu
3157 4869 3169 4889 ,
3219 4829 3309 4881 alii
3338 4835 3504 4898 gratia

1955 4922 2236 4973 sanitatum
2259 4920 2312 4970 in
2333 4936 2435 4972 uno
2457 4918 2677 4988 Spiritu.
2717 4917 2821 4971 Alii
2854 4919 3080 4988 operatio
3104 4919 3346 4971 virtutum
3370 4960 3382 4979 ,
3415 4921 3505 4970 alii

1952 5007 2270 5078 praphetatio
2301 5004 2446 5077 [δίδη
2474 5005 2781 5079 prophetia],
2829 5006 2920 5059 alii
2944 5007 3180 5078 discretio
3207 5009 3501 5079 spirituum.

1953 5096 2043 5150 alii
2075 5113 2260 5166 genera
2289 5097 2545 5166 linguarut
2599 5137 2611 5160 ,
2656 5097 2748 5150 alii
2794 5096 3144 5166 interpretatio
3190 5111 3499 5147 sermonum.

1956 5184 2082 5239 IIa'c
2109 5196 2280 5240 autem
2304 5187 2475 5239 omnia
2501 5194 2742 5255 Operatur
2767 5201 2898 5238 unus
2925 5193 3075 5252 atque
3101 5182 3234 5236 idem
3257 5181 3502 5253 Spiritus.

1952 5275 2182 5328 dividens
2220 5274 2438 5344 singulis
2464 5283 2614 5343 prout
2657 5273 2765 5326 vult
2799 5272 2848 5343 (I
2878 5271 2998 5324 Cor.
3036 5287 3134 5337 xu,
3160 5272 3328 5343 8-H).
3370 5273 3502 5339 Quia

1952 5381 2079 5436 ergo
2105 5367 2170 5420 de
2198 5364 2523 5434 plenitudine
2558 5363 2852 5418 conditoris
2898 5364 3066 5417 nostri
3090 5402 3104 5425 ,
3145 5376 3250 5417 non
3287 5362 3502 5431 quidam

1953 5455 2137 5527 [Beda,
2170 5472 2273 5510 non
2317 5454 2622 5525 quiddam],
2666 5456 2760 5510 sed
2810 5442 3035 5519 omnes,
3081 5453 3336 5522 quidquid
3379 5453 3503 5508 boni

1954 5547 2283 5614 accepimus,
2322 5545 2604 5608 habemus,
2634 5546 2926 5599 curandum
2964 5557 3293 5610 summopere
3326 5552 3407 5595 est
3439 5560 3505 5593 nt:

1954 5639 2214 5704 quispiam
2246 5636 2311 5688 de
2335 5636 2471 5689 bona
2506 5651 2562 5689 se
2592 5651 2681 5687 sua
2712 5638 2915 5689 actione
2958 5634 3035 5686 vel
3065 5633 3378 5702 cogitatione
3424 5633 3505 5684 iu-

2030 5747 2054 5783 δ
2097 5745 2167 5797 Ex
2196 5746 2338 5798 hom.
2371 5745 2404 5797 9.
2432 5746 2599 5800 Βεὼρ.
