4286 6196
748 333 832 386 "75
842 337 859 386 l

1598 334 1659 386 Β.
1702 334 1763 385 F.
1798 333 2020 385 ALBlNl
2057 334 2187 388 εει]
2228 332 2495 387 Αιευικι
2532 332 2811 387 OPERUM
2851 332 3025 387 PARS
3062 333 3123 386 Il.

3850 335 3956 389 73!
3991 397 4007 411 2

761 445 1218 506 eautusestollat;
1268 457 1335 513 ne
1361 442 1403 494 si
1439 442 1677 509 ingratus
1702 440 1938 506 largitori
1970 440 2299 500 remanserit,
2332 441 2371 495 Α
2404 436 2663 490 lutaribus
2678 437 2927 498 instituit,
2944 450 3061 503 qua:
3076 437 3117 489 si
3135 446 3369 490 servaret
3387 436 3957 506 [Al.,institultslha:e

762 535 953 605 perdat
996 531 1193 588 bonum
1232 529 1373 598 quod
1415 527 1636 594 accepit.
1694 526 1825 580 Cum
1863 535 2038 579 autem
2083 528 2303 581 dixisset

764 622 1105 694 evangelista,
1128 633 1229 673 nos
1256 630 1443 671 omnes
1477 616 1543 669 de
1580 614 1904 690 plenitudine
1930 613 2125 667 Christi
2153 626 2303 668 acce-

762 714 923 780 pisse,
950 707 1226 765 confestim
1250 702 1518 770 subjunxit
1543 710 1599 755 et
1620 702 1695 754 ait
1717 719 1728 753 :
1768 700 2002 753 Gratiam
2049 717 2142 769 pro
2184 717 2304 783 gra—

764 802 858 852 tia.
893 796 1168 853 Geminam
1194 807 1320 861 ergo
1354 804 1451 844 nos
1476 790 1700 859 gratiam
1743 788 2009 855 accepisse
2054 796 2301 851 testatur,

764 903 921 943 unam
945 886 1188 941 videlicet
1213 884 1267 939 in
1302 879 1571 951 prtesenti,
1614 878 1838 931 alteram
1871 892 1996 929 vero
2021 878 2073 929 in
2101 876 2299 931 futuro.

761 984 817 1037 ln
841 981 1085 1052 praesenti
1108 980 1317 1048 quidem
1350 979 1528 1040 ﬁdem,
1558 990 1675 1044 qua:
1708 988 1802 1044 per
1824 972 2155 1027 dilectionem
2177 984 2303 1037 ope-

761 1079 939 1133 ratur;
975 1069 1029 1121 in
1056 1067 1215 1139 572
1242 1065 1418 1119 futuro
1442 1071 1615 1117 autem
1638 1064 1799 1115 vitam
1826 1070 2096 1113 aeternam.
2145 1057 2302 1112 Fides

758 1160 968 1227 quidem
1009 1156 1159 1227 [Ms.,
1189 1154 1422 1225 quippe],
1447 1168 1564 1221 qua:
1602 1166 1698 1220 per
1738 1150 2073 1204 dilectionem
2114 1161 2303 1213 opera-

759 1260 867 1311 tur,
913 1246 1080 1316 gratia
1127 1244 1219 1297 Dei
1265 1252 1363 1305 est,
1402 1243 1525 1310 quia
1567 1242 1707 1309 quod
1730 1240 2026 1300 credimus,
2064 1245 2120 1291 et
2147 1236 2301 1306 [Μεη

735 1334 884 1400 Διιιιιὶει
910 1339 968 1384 ut
1015 1330 1352 1384 crederemus
1370 1367 1384 1390 ,
1414 1324 1506 1398 ut]
1530 1334 1589 1378 ut
1613 1325 1910 1391 diligamus,
1937 1332 1995 1375 ut
2021 1338 2303 1389 operemur

757 1423 895 1476 bona
918 1436 1034 1489 qua:
1054 1418 1328 1481 novimus,
1368 1431 1472 1470 non
1500 1415 1619 1468 ullis
1652 1413 2071 1481 praacedcntibus
2098 1412 2302 1464 meritis

755 1509 970 1569 nostris,
1020 1506 1114 1560 sed
1158 1506 1272 1573 ipso
1313 1505 1567 1573 largiente
1605 1503 1953 1571 percepimus,
1995 1501 2084 1567 qui
2133 1500 2297 1554 dicit:

758 1596 882 1647 Non
910 1610 997 1647 vos
1025 1609 1104 1646 me
1127 1592 1368 1661 elegistis,
1396 1590 1484 1644 sed
1508 1606 1599 1660 ego
1624 1588 1751 1657 elegi
1775 1606 1862 1642 vos
1885 1630 1897 1651 ,
1934 1598 1981 1641 et
2011 1589 2158 1657 posui
2191 1605 2299 1649 vos.

756 1693 813 1735 ut
840 1684 967 1736 eatis
1015 1690 1062 1734 et
1112 1681 1338 1759 fructum
1371 1678 1602 1745 afferatis
1646 1675 1823 1745 (Joan.
1872 1692 1959 1738 xv,
2002 1675 2111 1743 16).
2147 1676 2212 1727 Et
2243 1682 2300 1727 ut

2403 524 2685 594 servaret],
2710 533 2905 577 terram
2941 524 3363 592 repromissionis
3396 525 3713 581 intraturum
3734 535 3788 580 et
3806 527 3863 581 in
3884 542 3955 581 ea

2401 622 2657 680 perpetuo
2675 614 2935 666 victurum
2949 613 3217 681 promisit;
3245 614 3325 666 sin
3346 613 3493 677 alias,
3515 615 3958 682 prosternendum

2402 701 2470 753 ab
2481 701 2721 753 hostibus
2732 700 2993 766 praedixit.
3010 699 3191 753 Gratia
3212 710 3265 753 et
3289 701 3485 754 veritas
3504 707 3595 768 per
3609 700 3788 756 Iesum
3799 700 3960 756 Chri-

2402 796 2539 841 stum
2564 786 2701 841 facta
2728 795 2811 840 est
2829 826 2843 849 ,
2884 788 3006 853 quia
3035 788 3157 841 dato
3176 789 3394 856 spiritus
3416 789 3495 841 sui
3518 789 3677 851 dono,
3706 798 3762 843 et
3782 789 3956 858 legem
4046 850 4049 851 ν

2402 878 2710 945 spiritaliter
2732 877 2949 945 intelligi
2965 892 3034 930 iac
3057 892 3270 931 servare
3292 893 3447 945 posse
3467 880 3684 933 donavit
3713 897 3726 931 :
3771 888 3825 941 et
3858 896 3960 934 eos

2401 965 2488 1032 qui
2518 973 2753 1027 servant,
2799 966 2852 1017 in
2888 979 3066 1017 veram
3106 965 3340 1019 caelestis
3374 967 3493 1019 vita:
3540 966 3916 1021 beatitudinem
3937 1009 3957 1029 ,

2402 1071 2560 1123 quam
2584 1064 2723 1108 terra
2752 1056 3174 1124 repromissionis
3198 1056 3460 1123 signabat,
3485 1057 3788 1110 introducit.
3824 1057 3977 1123 Qua:

2400 1146 2473 1197 sit
2501 1153 2680 1198 autem
2702 1158 2905 1197 summa
2928 1144 3107 1211 gratim
3133 1153 3189 1196 et
3208 1145 3447 1198 veritatis
3466 1185 3479 1209 ,
3515 1161 3632 1213 qua:
3654 1161 3749 1214 per
3770 1144 3955 1200 Jesum

2382 1234 2668 1299 Christum
2691 1224 2830 1288 facta
2854 1243 2953 1298 est,
2970 1237 3289 1304 evangelista
3316 1238 3585 1290 subdendo
3607 1237 3908 1291 manifestat
3938 1257 3953 1289 :

2471 1322 2630 1375 Vsus.
2671 1323 2755 1376 18.
2778 1351 2848 1361 -
2866 1322 3030 1375 Deum
3055 1340 3199 1376 nemo
3220 1324 3345 1375 vidit
3371 1340 3630 1392 unquam;
3661 1326 3956 1394 unigenitus

2402 1411 2589 1475 Filius,
2620 1412 2708 1481 qui
2735 1422 2807 1465 est
2854 1413 2909 1465 in
2953 1414 3068 1465 sinu
3099 1411 3295 1476 Patris,
3344 1414 3449 1481 ipse
3489 1416 3768 1467 enarravit.
3799 1410 3954 1469 Nulla

2399 1503 2558 1555 etiam
2585 1504 2757 1571 gratia
2782 1502 2949 1567 major
2974 1503 3272 1555 hominibus
3292 1502 3439 1566 dari,
3476 1503 3615 1555 nulla
3638 1505 3833 1560 veritas
3871 1506 3953 1559 al-

2400 1588 2503 1642 tior
2526 1597 2697 1657 potest
2738 1590 2804 1643 ab
2845 1590 3144 1643 hominibus
3169 1590 3448 1658 cognosci,
3487 1605 3647 1659 quam
3670 1607 3732 1647 ea
3759 1594 3823 1646 de
3845 1609 3953 1662 qua

2401 1678 2701 1746 unigenitus
2728 1676 2892 1730 Filius
2930 1678 3021 1730 Dei
3069 1678 3178 1731 suis
3212 1677 3453 1730 fidelibus
3490 1694 3750 1733 narrans:
3779 1679 3950 1741 Beati,

753 1774 941 1836 vitam,
963 1777 1179 1840 propter
1201 1769 1358 1822 fidem
1380 1776 1433 1821 ct
1452 1767 1814 1829 dilectionem,
1846 1781 1941 1832 per
1964 1781 2123 1833 opera
2160 1767 2295 1819 bona
2329 1777 2372 1833 Β
2403 1766 2606 1834 inquit,
2633 1768 2825 1819 mundo
2858 1767 3040 1830 corde,
3080 1768 3325 1835 quoniam
3362 1768 3458 1836 ipsi
3490 1768 3768 1822 Dominum
3801 1769 3951 1840 [Ms.,

752 1862 1107 1932 percipiamus
1132 1868 1382 1912 aeternam
1402 1896 1417 1922 ,
1466 1857 1636 1925 gratia
1661 1855 1756 1909 Dei
1782 1864 1893 1918 est;
1924 1857 2045 1923 quia
2071 1871 2137 1909 ne
2158 1871 2187 1907 a
2206 1856 2299 1909 bo-

754 1965 827 2004 no
852 1948 1123 2003 deviemus
1164 1948 1353 2009 itinere
1374 1984 1390 2008 ,
1429 1946 1545 2012 ipso
1569 1942 1701 1996 duce
1744 1956 1953 2009 semper
1976 1956 2110 2009 Opus
2130 1942 2295 1995 habe-

754 2052 895 2103 mus,
920 2015 1005 2090 cui
1034 2034 1227 2088 dicitur
1256 2049 1272 2085 :
1300 2031 1477 2084 Deduc
1520 2045 1621 2093 me,
1644 2028 1882 2091 Domine,
1922 2029 1975 2080 in
1998 2028 2081 2079 via
2109 2037 2218 2091 tua,
2250 2038 2296 2079 et

750 2122 1027 2178 ambulabo
1052 2122 1108 2174 in
1130 2121 1344 2173 veritate
1371 2128 1461 2170 tua
1492 2114 1662 2186 (Psal.
1688 2131 1879 2178 uxxv,
1912 2116 2018 2185 ll).
2047 2135 2064 2166 ι
2100 2114 2298 2168 Notan-

754 2216 882 2267 dum
903 2218 987 2266 est
1012 2210 1151 2279 quod
1177 2209 1389 2277 quidam
1412 2207 1531 2261 libri
1559 2206 1786 2269 habent,
1822 2204 1931 2258 Nos
1963 2220 2135 2258 omnes
2157 2221 2299 2257 acce—

752 2303 922 2371 pimus
942 2301 1005 2355 de
1028 2298 1344 2370 plenitudine
1366 2297 1498 2365 ejus,
1527 2305 1574 2349 et
1594 2296 1815 2364 gratiam
1839 2310 1933 2363 pro
1960 2294 2147 2362 gratia,
2190 2292 2298 2345 Αιξ-

753 2389 880 2459 quid
903 2389 1075 2458 primo
1100 2388 1165 2441 de
1190 2385 1514 2456 plenitudine
1537 2383 1651 2450 ejus
1679 2382 2007 2450 accepimus;
2038 2391 2093 2435 et
2117 2391 2299 2452 postea

753 2479 977 2549 gratiam
999 2492 1097 2546 pro
1117 2476 1306 2546 gratia,
1339 2474 1392 2527 id
1418 2480 1529 2536 est,
1560 2473 1624 2526 de
1649 2470 1974 2541 plenitudine
2011 2469 2125 2537 ejus
2152 2485 2300 2524 acce-

752 2570 926 2638 pimus
952 2565 1320 2621 remissionem
1344 2570 1713 2632 pecatorum;
1752 2568 1806 2614 et
1832 2562 2087 2629 gratiam,
2115 2561 2167 2614 id
2195 2570 2297 2625 est,

752 2658 912 2711 vitam
937 2665 1207 2717 aeternam,
1232 2666 1330 2721 pro
1352 2652 1520 2720 gratia
1539 2650 1683 2713 ﬁdei,
1704 2664 1822 2717 quae
1844 2664 1941 2717 per
1965 2648 2299 2701 dilectionem

750 2752 1021 2813 operatur.
1057 2741 1185 2807 Qum
1209 2740 1385 2797 omnia
1408 2753 1475 2791 ex
1498 2752 1603 2791 uno
1625 2737 1771 2791 fonte
1789 2736 2130 2805 plenitudinis
2148 2736 2301 2788 Chri-

750 2833 819 2885 sti
846 2830 999 2885 nobis
1025 2828 1305 2897 provenire
1329 2826 1681 2880 certissimum
1704 2833 1803 2877 est.
1844 2823 1978 2889 Quid
2005 2839 2128 2892 ergo
2149 2838 2301 2877 accc-

755 2920 927 2987 pimus
954 2919 1019 2973 de
1037 2917 1359 2985 plenitudine
1384 2916 1637 2971 bonitatis
1658 2916 1830 2969 illius?
1866 2915 2081 2969 Scilicet
2114 2916 2301 2967 remis-

752 3008 953 3061 sionem
980 3010 1340 3072 peccatorum,
1377 3011 1434 3055 ut
1456 3002 1805 3069 justiﬂcemur
1830 3003 1882 3055 in
1912 3001 2031 3055 ﬁde.
2080 3002 2301 3070 Insuper

2394 1854 2581 1924 Deum]
2609 1856 2847 1907 videbunt
2875 1855 3087 1924 (Matth.
3117 1870 3171 1917 v,
3197 1854 3272 1923 8).
3313 1855 3379 1907 Et
3413 1855 3477 1909 de
3507 1870 3610 1923 qua
3644 1855 3790 1909 Patri
3818 1862 3950 1927 sup-

2394 1942 2597 2009 plicans
2624 1943 2737 1994 ait:
2774 1941 2900 1995 Ha’c
2946 1951 3017 1995 est
3064 1952 3235 1995 autem
3273 1944 3377 1995 vita
3406 1952 3621 2007 (eterna,
3653 1954 3710 1996 ut
3758 1961 3953 2015 cogno—

2394 2041 2539 2084 scant
2562 2042 2609 2083 te
2634 2048 2831 2096 verum,
2878 2041 2927 2084 et
2967 2047 3126 2085 unum
3156 2032 3341 2095 Deum,
3385 2041 3431 2085 et
3469 2049 3617 2103 quem
3643 2034 3830 2087 misisti
3852 2034 3953 2087 Je-

2396 2135 2512 2170 sum
2540 2117 2801 2171 Christum
2828 2119 3008 2184 (Joan.
3033 2135 3164 2183 xvn,
3193 2119 3269 2187 ‘5).
3310 2118 3439 2185 Quae
3466 2122 3717 2175 nimirum
3744 2123 3949 2177 beatis-

2395 2207 2528 2259 sima
2551 2206 2819 2274 perceptio
2847 2207 3028 2274 gratia:
3053 2214 3106 2258 et
3135 2208 3394 2270 veritatis,
3426 2209 3677 2275 quoniam
3703 2209 3756 2262 in
3790 2209 3953 2276 hujus

2396 2292 2572 2347 s'cculi
2598 2294 2701 2346 vita
2732 2293 2847 2346 tieri
2872 2308 2974 2346 non
3000 2301 3191 2361 potest,
3223 2302 3366 2348 recte
3392 2294 3585 2347 dicitur
3611 2314 3624 2347 :
3668 2295 3835 2349 Deam
3860 2314 3953 2352 ne-

2398 2397 2497 2432 mo'
2516 2381 2643 2432 vidit
2670 2395 2896 2448 unquam
2937 2379 2985 2449 (1
3016 2381 3175 2433 Joan.
3203 2396 3274 2444 Iv,
3295 2380 3375 2449 2),
3417 2381 3471 2441 id
3495 2389 3597 2447 est,
3638 2397 3795 2437 nemo
3821 2399 3946 2439 cor-

2398 2470 2632 2539 ruptibili
2661 2471 2836 2524 adhuc
2857 2510 2874 2533 ,
2919 2479 2972 2524 et
3016 2470 3224 2523 mortali
3262 2486 3422 2524 carne
3448 2472 3943 2537 circumdatus,.in—

2396 2560 2854 2629 circumscriptam
2903 2561 3221 2629 divinitatis,
3240 2566 3415 2629 potest
3468 2560 3639 2615 lucem
3685 2565 3942 2616 contueri.

2400 2647 2547 2703 Unde
2569 2648 2899 2702 manifestius
2929 2649 3057 2702 dicit
3084 2649 3363 2716 Apostolus
3394 2666 3405 2701 :
3443 2648 3605 2713 Quem
3642 2668 3783 2705 nemo
3817 2653 3944 2705 vidit

2397 2736 2682 2801 hominum,
2724 2754 2815 2790 nec
2859 2737 3027 2790 videre
3071 2748 3232 2806 potest
3275 2737 3323 2807 (Ι
3356 2737 3486 2815 Tini.
3517 2738 3725 2809 γι,16).
3780 2739 3949 2793 Nemo

2397 2826 2537 2878 enim
2566 2828 2839 2880 hominum
2865 2827 3075 2890 dicitur,
3106 2827 3157 2879 id
3182 2836 3285 2890 est,
3331 2844 3484 2881 nemo
3514 2830 3743 2882 humano
3775 2831 3953 2883 adhue

2400 2915 2580 2968 habitu
2609 2923 2957 2985 aggravatus,
3009 2916 3236 2969 humana
3265 2917 3666 2971 conversatione
3694 2918 3952 2973 caducus.

2401 3003 2535 3056 Hinc
2572 3012 2653 3057 est
2692 3004 2853 3066 enim,
2903 3004 3043 3072 quod
3088 3000 3439 3073 Moyses,iqui
3488 3006 3676 3071 Deum,
3708 3022 3867 3074 quem
3897 3010 3955 3064 iu

752 3094 911 3162 quid?
938 3094 1005 3148 Et
1026 3093 1247 3162 gratiam
1267 3107 1362 3160 pro
1380 3091 1569 3162 gratia,
1598 3090 1650 3144 id
1670 3099 1751 3144 est
1778 3106 1872 3157 pro
1894 3090 2086 3157 gratia,
2104 3091 2154 3141 in
2178 3106 2225 3157 (ι’
2252 3106 2302 3151 a,
2330 3086 2372 3144 C
2406 3093 2591 3162 angelo
2612 3094 2841 3156 videbat,
2868 3095 2919 3146 in
2947 3096 3057 3161 ipsa
3093 3093 3207 3161 ejus
3230 3104 3416 3149 natura
3442 3097 3619 3151 videre
3642 3096 3957 3154 desiderans

751 3200 817 3239 ex
844 3186 943 3239 llde
967 3185 1211 3247 vivimus,
1239 3183 1499 3250 recepturi
1524 3196 1706 3234 sumus
1736 3180 1914 3232 aliam.
1936 3180 2068 3243 Quid
2097 3188 2267 3231 tamen
2285 3219 2297 3241 ,

754 3274 853 3326 nisi
886 3271 1151 3341 gratiam?
1177 3271 1280 3323 hoc
1302 3278 1405 3333 est,
1439 3269 1603 3321 vitam
1628 3276 1896 3321 :eternam.
1930 3266 2176 3335 Sequitur
2201 3287 2211 3319 :

825 3361 983 3413 Vnus.
1025 3358 1108 3410 l7.
1134 3386 1206 3397 ——
1232 3375 1249 3407 ι
1273 3369 1296 3396 κ
1323 3356 1459 3420 Quia
1484 3356 1564 3408 lea:
1590 3370 1679 3424 per
1710 3354 1887 3418 Mosen
1914 3355 2037 3407 data
2061 3365 2157 3417 est,
2184 3372 2301 3423 gra-

754 3450 828 3501 tia
862 3457 907 3501 et
928 3448 1113 3501 veritas
1141 3462 1231 3514 per
1257 3446 1437 3498 Jesum
1470 3442 1729 3499 Christum
1754 3442 1891 3510 facta
1919 3450 2011 3494 est.
2050 3441 2159 3494 Lex
2185 3442 2301 3509 qui-
2331 3476 2343 3484 -

754 3538 874 3589 dem
914 3550 1011 3605 per
1056 3535 1268 3603 Moysen
1314 3532 1437 3586 data
1480 3518 1597 3595 est,-
1624 3532 1675 3584 in
1700 3546 1802 3600 qua
1841 3531 1981 3599 quod
2016 3531 2296 3598 agendum,

754 3626 896 3693 quod
920 3624 1190 3676 vitandum
1213 3622 1301 3683 sit,
1322 3619 1524 3673 caelesti
1542 3620 1659 3686 jure
1678 3621 1998 3674 decernitur.
2038 3620 2142 3675 Sed
2160 3621 2299 3687 quod

758 3712 841 3765 illa
869 3709 1127 3779 prtecipit,
1158 3723 1262 3761 non
1285 3707 1384 3761 nisi
1414 3707 1579 3774 gratia
1611 3704 1807 3759 Christi
1839 3706 2150 3773 completur.
2208 3706 2299 3758 llla

757 3801 1015 3868 siquidem
1060 3806 1356 3853 monstrare
1395 3806 1690 3866 peccatum,
1719 3796 1977 3865 justitiam
2005 3796 2216 3857 docere,
2247 3805 2300 3848 et

757 3902 1170 3961 transgressores
1196 3890 1277 3943 sui
1302 3904 1421 3943 reos
1443 3888 1721 3941 ostendere
1744 3887 1968 3940 valebat.
1998 3886 2162 3939 Porro
2181 3902 2297 3953 gra-

754 3980 828 4031 tia
842 3977 1037 4031 Christi
1059 3975 1243 4031 diﬂ'usa
1275 3990 1369 4043 per
1401 3974 1641 4043 spiritum
1667 3973 1944 4027 charitatis
1972 3972 2023 4023 in
2049 3972 2297 4025 cordibus

757 4066 986 4119 ﬁdelium
1013 4064 1157 4128 facit,
1186 4072 1246 4117 ut
1270 4065 1411 4132 quod
1446 4065 1528 4117 lex
1549 4063 1787 4131 prtecipit
1814 4060 2112 4128 impleatur.
2147 4059 2295 4113 Unde

757 4153 881 4205 illud
902 4152 1042 4219 quod
1063 4152 1314 4219 scriptum
1340 4158 1436 4212 cst,
1466 4166 1565 4202 non
1595 4151 1944 4217 concupisces,
1973 4148 2055 4200 lex
2093 4156 2173 4200 est
2206 4163 2298 4215 per

757 4241 991 4309 Moysen,
1024 4253 1141 4305 qua:
1161 4236 1313 4306 jubet
1335 4236 1597 4308 [Al.,quia
1616 4234 1885 4304 jubetur];
1921 4236 2011 4288 scd
2033 4250 2126 4302 per
2148 4234 2298 4287 Chri-

754 4342 891 4383 stum
908 4330 964 4383 lit
986 4330 1174 4399 gratia,
1204 4331 1413 4397 quando
1440 4330 1576 4398 quod
1592 4328 1827 4395 jubetur,
1848 4326 2112 4394 impletur.
2148 4325 2298 4379 Veri-

2398 3185 2509 3234 oral
2533 3192 2585 3233 at
2610 3200 2621 3233 ε
2676 3180 2734 3235 Si
2758 3182 2924 3234 inveni
2953 3185 3173 3250 gratiam
3200 3184 3252 3235 in
3280 3194 3547 3253 conspectu
3583 3196 3695 3250 tuo,
3741 3190 3954 3243 ostende

2398 3271 2524 3323 milii
2557 3269 2776 3339 gloriam
2814 3281 2978 3335 tuam,
3020 3273 3252 3324 audivit:
3293 3290 3395 3325 non
3440 3274 3628 3342 poteris
3660 3276 3833 3328 videre
3865 3276 3948 3344 [a-

2398 3358 2525 3409 ciem
2548 3374 2731 3421 meam,
2756 3375 2858 3410 non
2879 3361 3011 3410 enim
3038 3360 3223 3411 videbit
3246 3376 3323 3413 me
3347 3360 3496 3413 homo
3522 3372 3571 3413 et
3596 3362 3724 3413 vivet
3751 3361 3948 3431 (Exod.

2399 3463 2490 3511 xx,
2524 3446 2723 3517 18-20).
2760 3446 2870 3512 Qua
2903 3457 3079 3501 autem
3124 3449 3325 3501 ratione
3353 3450 3418 3501 ad
3461 3450 3718 3504 visionem
3746 3451 3949 3504 incom-

2397 3536 2667 3590 mutabilis
2689 3546 2743 3591 et
2770 3538 2954 3589 ειετηί
2979 3537 3191 3589 luminis
3233 3539 3508 3605 pervenire
3537 3539 3756 3603 debeat,
3786 3555 3949 3594 evan-

2396 3626 2582 3695 gelista
2608 3634 2993 3696 consequenter
3021 3628 3281 3695 exposuit,
3314 3628 3495 3681 dicens
3519 3647 3531 3679 :

2461 3714 2619 3784 473
2655 3714 2957 3784 Unigenitus
3006 3714 3201 3778 Filius,
3243 3717 3329 3784 qui
3366 3725 3438 3779 est
3476 3717 3532 3768 in
3577 3719 3695 3770 sinu
3744 3716 3947 3783 Patris,

2395 3803 2501 3870 ipse
2547 3806 2822 3857 enarravit.
2871 3803 2964 3857 Cui
2996 3804 3166 3857 simile
3204 3812 3303 3866 est,
3353 3807 3493 3873 quod
3536 3807 3787 3861 Dominus
3824 3809 3947 3862 ait:

2397 3890 2561 3942 Nemo
2580 3892 2708 3943 venit
2729 3892 2796 3943 ad
2832 3892 3040 3943 Patrem
3076 3894 3174 3943 nisi
3201 3909 3291 3959 per
3314 3910 3392 3945 me
3426 3895 3607 3963 (Joan.
3636 3913 3744 3957 stv,
3768 3898 3820 3966 ϐ)
3846 3915 3861 3960 ;
3891 3907 3947 3952 et

2393 3978 2516 4032 alibi
2543 3998 2555 4031 :
2606 3979 2769 4033 Nemo
2813 3982 2946 4034 novit
2987 3980 3178 4032 Filium
3211 3983 3309 4035 nisi
3342 3982 3513 4044 Pater,
3546 4001 3705 4053 neque
3732 3986 3942 4038 Patrem

2391 4070 2506 4137 quis
2530 4070 2688 4133 novit,
2732 4072 2832 4123 nisi
2864 4069 3055 4133 Filius,
3083 4082 3128 4123 et
3159 4074 3241 4124 cui
3269 4072 3482 4125 voluerit
3514 4072 3683 4126 Filius
3718 4075 3945 4129 revelare

2396 4156 2609 4224 (Matth.
2642 4173 2717 4219 χι,
2739 4158 2851 4225 ‘27).
2888 4158 3054 4224 Ipsius
3081 4160 3273 4226 quippe
3300 4161 3493 4214 ducatu
3520 4163 3583 4215 ad
3610 4162 3822 4217 Patrem
3848 4178 3941 4218 ve-

2397 4245 2533 4307 nire,
2593 4246 2757 4313 ipsius
2785 4248 3091 4314 magisterio
3128 4248 3333 4300 Patrem
3364 4258 3416 4302 et
3440 4250 3653 4315 Filium,
3686 4269 3785 4307 nec
3826 4266 3935 4308 non

2396 4343 2449 4388 et
2488 4334 2741 4404 Spiritum
2794 4344 3029 4389 sanctum
3092 4335 3299 4407 [unum]
3340 4338 3503 4392 Deum
3560 4350 3614 4393 et
3657 4340 3940 4395 Dominum

757 4428 835 4473 las
854 4426 1028 4497 autem
1049 4417 1186 4471 facta
1206 4425 1289 4471 est
1309 4432 1401 4484 per
1419 4417 1706 4478 Christum,
1728 4415 1848 4482 quia
1872 4415 2109 4466 umbram
2133 4415 2295 4467 habe-
2322 4398 2370 4454 ο
2394 4398 2550 4478 nosse
2600 4426 2851 4479 debemus
2876 4444 2888 4478 :
2910 4428 3047 4497 quia
3092 4398 3352 4481 nimirum
3399 4429 3512 4497 ipse
3559 4431 3718 4485 homo
3768 4430 3944 4487 factus

758 4508 842 4557 hat
864 4506 947 4561 lex
971 4492 1266 4557 futurorum
1286 4504 1564 4564 bonorum,
1584 4516 1689 4552 non
1715 4502 1879 4568 ipsam
1909 4502 2188 4571 imaginem
2210 4517 2294 4555 re-

757 4608 889 4644 rum.
920 4594 988 4647 Et
1012 4593 1149 4646 sicut
1182 4591 1305 4645 alibi
1332 4590 1457 4657 dicit
1480 4589 1758 4657 Apostolus
1784 4608 1795 4641 :
1835 4590 2019 4643 Omnia
2046 4592 2099 4643 in
2124 4591 2292 4658 ﬁgura

754 4678 1104 4747 contingebant
1132 4678 1234 4731 illis
1257 4678 1307 4748 (I
1329 4678 1639 4747 Cor.x,il).
1666 4676 1769 4730 Sed
1795 4693 1888 4746 pro
1915 4679 2101 4731 umbra
2122 4679 2291 4731 lucem

754 4766 1028 4829 veritatis,
1068 4781 1164 4833 pro
1206 4768 1368 4836 ligura
1415 4768 1545 4837 legis
1586 4768 1751 4835 ipsam
1793 4768 2072 4835 imaginem
2116 4782 2293 4820 rerum

752 4871 869 4921 qua:
910 4854 1250 4924 figurabatur,
1296 4854 1534 4907 exhibuit
1586 4855 1865 4919 Christus,
1906 4842 2124 4923 quando
2170 4856 2290 4908 data

753 4944 967 5009 spiritus
1009 4944 1215 5014 gratia,
1262 4944 1467 5011 aperuit
1507 4945 1776 5012 discipulis
1824 4947 1933 4999 suis
1972 4962 2183 4999 sensum
2234 4954 2292 4997 ut

754 5029 1101 5100 intelligerent
1148 5028 1471 5099 Scripturas.
1528 5029 1634 5083 Lex
1663 5047 1757 5099 per
1804 5032 2015 5100 Moysen
2040 5035 2159 5087 data
2186 5044 2289 5097 est,

755 5129 871 5169 rum
919 5117 1141 5185 populus
1201 5116 1506 5188 aspersione
1557 5117 1824 5186 sanguinis
1880 5118 2001 5185 agni
2046 5121 2289 5191 mundari

755 5212 1043 5273 praeceptus
1064 5212 1162 5257 est.
1192 5205 1372 5259 Gratia
1394 5214 1445 5259 et
1471 5206 1666 5259 veritas
1687 5221 1802 5274 qua:
1823 5205 1874 5258 in
1895 5205 2009 5274 lege
2026 5204 2288 5275 ﬁguraba-

756 5308 857 5353 .ur,
883 5306 975 5361 per
994 5290 1173 5345 Iesum
1192 5291 1460 5348 Christum
1481 5295 1616 5351 facta
1638 5304 1737 5361 est,
1760 5311 1879 5349 cum
1900 5297 2011 5365 ipse
2031 5310 2217 5363 passus
2234 5297 2285 5350 in

754 5395 928 5443 cruce,
967 5380 1095 5435 lavit
1130 5396 1226 5435 nos
1264 5396 1295 5434 a
1333 5386 1563 5451 peccatis
1590 5383 1786 5441 nostris
1815 5388 1867 5441 in
1888 5387 2144 5456 sanguine
2168 5403 2281 5442 suo.

756 5466 856 5526 Lex
880 5483 972 5535 per
994 5471 1201 5542 Moysen
1222 5471 1343 5527 data
1361 5481 1463 5537 est,
1491 5476 1609 5542 quia
1634 5478 1881 5546 populum
1901 5479 2176 5547 praeceptis
2198 5494 2283 5532 sa-

824 5588 846 5615 ι
886 5576 1042 5637 Beda.
1070 5579 1184 5636 loco
1207 5582 1387 5637 citato.

2390 4528 2487 4581 pro
2533 4516 2705 4577 nobis,
2742 4514 2793 4566 in
2841 4516 3068 4569 hominis
3096 4517 3279 4570 habitu
3328 4518 3548 4584 loquens
3595 4522 3764 4584 nobis,
3813 4522 3941 4589 quid

2392 4602 2457 4655 de
2472 4612 2667 4656 sancta:
2698 4603 2973 4657 Trinitatis
3000 4606 3201 4659 unitate
3230 4615 3373 4659 recte
3388 4610 3740 4670 sentiendum,
3769 4612 3942 4678 quali-

2394 4695 2477 4741 ter
2509 4690 2574 4743 ad
2606 4692 2720 4759 ejus
2740 4694 3238 4759 contemplationem
3261 4693 3500 4748 ﬁdelibus
3523 4700 3935 4765 properandum,

2394 4777 2585 4843 quibus
2636 4778 2840 4831 actibus
2888 4780 2955 4832 ad
3005 4781 3143 4834 hanc
3190 4783 3255 4836 sit
3308 4784 3740 4851 perveniendum,
3792 4786 3934 4840 clara

2391 4864 2506 4917 luce
2544 4864 2810 4917 revelavit.
2868 4866 2980 4933 Ipse
3031 4871 3377 4924 sacramentis
3409 4887 3518 4925 sua:
3557 4874 3936 4927 incarnationis

2390 4964 2485 5003 uos
2517 4952 2774 5016 imbuens,
2805 4956 2886 5007 sui
2928 4970 3024 5009 nos
3044 4958 3263 5025 spiritus
3294 4960 3704 5013 charismatibus
3740 4962 3936 5014 sancti-

2388 5038 2577 5102 ﬁcans,
2614 5049 2669 5094 ut
2707 5040 2772 5094 ad
2810 5042 2948 5095 hanc
2973 5044 3153 5097 venire
3200 5046 3489 5110 valeamus,
3559 5048 3791 5116 adjuvat.
3817 5049 3932 5119 Ipse

2386 5138 2599 5196 peracto
2644 5131 2697 5183 ir.
2730 5131 2959 5187 hominis
3001 5132 3171 5198 forma
3193 5134 3413 5201 judicio,
3452 5136 3735 5189 novissime
3778 5137 3931 5208 [Ms.,

2380 5217 2579 5284 judicio
2637 5221 2947 5292 novissimo]
3024 5223 3089 5275 ad
3137 5223 3391 5275 visionem
3445 5239 3540 5279 nos
3586 5225 3773 5279 divina
3818 5240 3931 5277 ma.

2382 5292 2591 5359 lcstatis
2628 5307 2921 5362 sublimiter
2966 5310 3262 5362 introducet
3306 5309 3455 5379 [Ms.,
3508 5310 3811 5383 introducit]
3852 5322 3931 5365 at-

2388 5406 2489 5461 que
2527 5409 2719 5447 arcana
2764 5396 2915 5449 nobis
2965 5395 3111 5463 regni
3154 5396 3381 5450 caelestis
3425 5400 3733 5452 mirabiliter
3773 5413 3933 5454 enare

2388 5483 2525 5536 rabit
2570 5480 2715 5552 [Ms.,
2749 5482 3058 5552 enarravit].
3085 5483 3220 5537 Sane
3268 5488 3404 5552 quod
3445 5488 3553 5538 ait:
3608 5484 3708 5550 Qui
3747 5496 3818 5541 est
3871 5487 3935 5570 in;
4012 5530 4019 5537 .
