4230 6190
286 320 390 376 753

1087 323 1490 378 EXEGETICA.
1531 353 1598 362 ——-
1633 322 1980 378 COMMENT.
2020 323 2084 375 ΙΝ
2124 321 2308 389 ιοΑΝ.
2349 353 2417 363 ο-
2455 322 2581 378 LlB.
2618 318 2657 376 l.

3392 328 3500 384 τεὴ

283 428 401 480 sinu
454 423 652 490 Patris,
713 429 766 481 In
829 438 1032 483 secreto
1094 430 1268 484 Patris
1329 430 1610 498 signiﬁcat.
1665 432 2215 500 NequeAhumiliter
2269 435 2498 489 auditur.
2543 437 2641 488 Via
2698 435 2908 491 Domini
2965 441 3029 493 ad
3078 455 3187 494 cor'
3225 441 3519 511 dirigitur,’

285 515 428 567 enim
465 514 615 568 sinus
647 513 822 570 Patris
849 518 1122 585 pueriliter
1147 527 1228 573 est
1256 521 1586 588 cogitandus,
1613 520 1666 573 in
1695 519 1840 572 simi-

285 604 560 657 litudinem
589 605 754 658 nostri
794 605 960 670 sinus,
993 623 1150 674 quem
1179 609 1437 663 habemus
1477 611 1531 662 in
1562 611 1837 673 vestibus;

284 699 376 772 aut
405 694 668 760 putandus
696 700 776 746 est
797 694 957 758 Deus,
986 697 1075 762 qui
1102 697 1453 754 humanorum
1477 697 1645 750 forma
1670 692 1841 751 mem-

282 785 503 838 brorum
539 785 938 853 compaginatus
979 802 1081 839 non
1109 797 1210 851 est,
1248 788 1326 841 sic
1369 788 1553 841 sedere
1591 789 1842 855 quemad-

286 873 500 928 modum
544 889 659 927 nos.
710 873 812 928 Sed
838 876 960 943 quia
988 877 1135 930 sinus
1183 885 1359 930 noster
1387 877 1526 928 intus
1562 884 1663 938 est,
1697 889 1842 927 more

285 968 468 1016 nostro
499 961 718 1030 loquens
748 963 1042 1032 Scriptura,
1082 965 1133 1016 in
1174 966 1291 1016 sinu
1331 964 1506 1016 Patris
1550 977 1668 1015 esse
1716 962 1845 1014 dicit

293 1050 439 1114 1118..
472 1051 686 1122 dicitur]
723 1059 880 1120 quem
907 1053 959 1106 in
998 1064 1202 1107 secreto
1230 1037 1554 1121 Patris,'quo
1583 1054 1844 1106 humanus

285 1140 508 1194 intuitus
557 1143 856 1210 pertingere
908 1157 1012 1196 non
1068 1143 1226 1205 valet,
1278 1157 1490 1210 semper
1540 1151 1843 1196 manentem

285 1228 396 1282 vult
431 1229 667 1299 intelligi.
692 1230 806 1284 Non
832 1240 958 1285 tunc
994 1241 1172 1286 autem
1198 1233 1366 1286 solum
1394 1233 1665 1286 enarrabit
1689 1230 1841 1302 [Ms.,

283 1318 576 1389 enarravit]
628 1320 931 1388 unigenitus
970 1321 1137 1376 Filius
1178 1322 1363 1383 Deum,
1400 1321 1451 1374 id
1489 1329 1591 1384 est,
1646 1329 1844 1376 sanctae

282 1416 339 1461 et
367 1409 653 1463 individua:
681 1409 978 1476 Trinitatis,
1004 1426 1121 1479 qua:
1147 1419 1228 1465 est
1255 1426 1392 1464 unus
1421 1412 1581 1473 Deus,
1621 1410 1842 1479 gloriam

281 1500 638 1554 manifestabit
692 1499 843 1570 [Με.,
909 1501 1288 1572 manifestavit]
1345 1502 1669 1563 hominibus,
1724 1516 1843 1554 cum

278 1597 400 1657 post
439 1590 738 1643 universale
768 1590 1028 1657 judicium
1055 1605 1240 1644 omnes
1279 1590 1483 1658 pariter
1528 1589 1729 1643 electos
1777 1590 1844 1642 ad

280 1678 538 1731 visionem
592 1679 851 1743 claritatis
905 1678 1019 1744 ejus
1076 1679 1452 1732 inducet:sed
1505 1688 1559 1732 et
1606 1677 1843 1746 quotidie

1939 533 2059 572 cum
2109 522 2174 574 ad
2205 531 2524 590 praeceptum
2575 524 2681 574 vita
2733 536 3079 593 praeparatur.
3132 529 3283 583 Unde
3325 535 3495 602 scrip-

1940 619 2049 663 tum
2105 619 2187 664 est
2234 629 2245 662 :
2305 610 2364 664 Si
2413 614 2526 680 quis
2583 613 2751 680 diligit
2819 632 2930 680 me,
2997 618 3158 688 474
3209 637 3493 680 sermonem

1941 714 2109 751 meum
2156 701 2391 763 servabit,
2443 710 2486 752 et
2535 700 2688 753 Pater
2732 719 2873 757 meus
2925 706 3100 775 diliget
3154 725 3290 774 eum,
3326 722 3374 764 et
3426 714 3494 765 ad

1939 803 2055 840 eum
2121 789 2403 850 veniemus,
2452 798 2498 840 et
2534 791 2850 843 mansionem
2899 795 3037 862 apud
3099 814 3210 849 eum
3247 798 3493 865 faciemus

1941 875 2160 944 (Joan/
2180 893 2290 941 xiv,
2334 877 2445 947 25).
2481 877 2732 948 Quisquis
2779 896 2905 951 ergo
2951 884 3002 937 in
3054 887 3298 954 superbia
3346 905 3492 943 men-

1941 972 2047 1018 tem
2073 965 2262 1028 elevat,
2295 966 2535 1034 quisquis
2571 969 2811 1022 avaritiae
2845 974 3062 1027 mstibus
3089 976 3321 1040 anhelat,
3349 978 3497 1045 quis-

1941 1056 2061 1122 quis
2086 1071 2142 1109 se
2158 1056 2380 1109 luxuria:
2407 1057 2856 1124 inquinationibus
2871 1061 3074 1127 polluit,
3101 1066 3276 1118 cordis
3298 1067 3493 1119 ostium

1942 1150 2127 1196 contra
2154 1145 2430 1208 veritatem
2458 1144 2689 1209 claudit;
2717 1155 2768 1199 et
2785 1162 2850 1200 ne
2863 1148 2928 1201 ad
2953 1163 3010 1202 se
3023 1150 3276 1205 Dominus
3295 1153 3490 1211 veniat.

1941 1233 2170 1285 claustra
2192 1235 2353 1286 animi
2380 1236 2515 1319 seris
2550 1235 2800 1289 vitiorum
2823 1239 3055 1291 damnat.
3081 1239 3184 1292 Sed
3210 1241 3382 1296 adhuc
3402 1243 3493 1311 qui

1942 1320 2090 1372 missi
2113 1331 2253 1382 sunt,
2293 1333 2705 1390 percunctantur
2724 1325 2922 1394 [Creg.,
2946 1330 3370 1401 percontantur].

2014 1408 2171 1462 Vsus.
2221 1409 2306 1461 25.
2339 1439 2411 1449 -
2455 1409 2594 1475 Quid
2642 1429 2760 1480 ergo
2813 1414 3062 1482 baptizas,
3113 1419 3157 1469 si
3203 1427 3258 1470 tu
3301 1435 3404 1472 non
3444 1437 3497 1472 es

1944 1496 2106 1558 Elias,
2147 1514 2304 1566 neque
2348 1497 2599 1560 Christus,
2647 1516 2805 1569 neque
2844 1502 3136 1570 propheta?
3174 1503 3325 1568 Quod
3371 1508 3497 1573 quia

1943 1601 2047 1639 non
2080 1587 2254 1641 studio
2284 1590 2662 1655 cognoscenda:
2688 1591 2945 1653 veritatis,
2987 1577 3081 1646 sed
3115 1594 3319 1648 malitia
3343 1612 3497 1651 exer-

1947 1676 2126 1729 cenda:
2157 1678 2506 1732 mmulationis
2547 1679 2761 1743 dicitur,
2791 1681 3112 1748 evangelista
3150 1683 3311 1738 tacite
3346 1686 3498 1739 inno-

282 1774 484 1830 uarrat,
516 1781 635 1844 cum
660 1766 881 1834 singulis
904 1743 1200 1833 quibusque
1227 1764 1460 1818 ﬁdelium
1481 1743 1840 1832 perfectorum
1875 1743 1917 1799 Β
1944 1765 2061 1826 tuit,
2088 1781 2207 1817 cum
2244 1765 2515 1832 subjunxit
2551 1766 2776 1838 [dicens]
2804 1785 2816 1819 :

283 1869 406 1907 mox
437 1870 466 1907 a
497 1854 673 1907 carnis
716 1854 1058 1922 corruptione
1083 1852 1278 1924 [Edit.,
1309 1850 1726 1922 incorruptione]
1757 1867 1843 1904 so-

287 1938 434 2001 lutis,
457 1939 677 2008 implere
697 1941 936 2008 coeperit.
959 1940 1098 2008 quod
1119 1940 1365 2007 promisit
1390 1954 1403 1991 :
1431 1938 1532 2003 Qui
1552 1938 1720 2007 diligit
1744 1955 1840 1998 me,

287 2025 535 2094 diligetur
563 2044 594 2078 a
623 2025 783 2080 Patre
815 2045 945 2091 meo,
971 2038 1016 2081 et
1043 2045 1132 2098 ego
1162 2028 1376 2098 diligam
1413 2046 1552 2092 eum,
1588 2037 1635 2082 et
1673 2029 1844 2082 mani-

281 2111 478 2180 {estabo
522 2113 571 2166 ei
613 2116 883 2183 meipsum.
936 2116 1211 2184 Meipsum,
1259 2116 1449 2183 inquit,
1497 2114 1848 2170 manife'stabo

287 2203 634 2259 dilectoribus
657 2205 809 2268 meis,
840 2213 900 2258 ut
925 2220 1081 2273 quem
1105 2205 1157 2258 in
1188 2220 1283 2257 sua
1311 2211 1672 2273 cognoverunt
1704 2219 1848 2256 mor-

284 2292 463 2356 talem,
493 2294 547 2347 in
571 2309 688 2347 mea
721 2301 894 2346 tamen
925 2292 1072 2363 [Ms.,
1105 2301 1150 2344 et
1180 2292 1342 2355 Beda,
1379 2292 1434 2344 in
1456 2306 1570 2344 mea
1592 2289 1726 2360 jam]
1755 2305 1847 2343 na-

284 2396 425 2452 tura,
445 2385 588 2440 Patri
607 2395 660 2439 et
676 2385 894 2455 Spiritui
918 2393 1100 2439 sancto
1121 2384 1300 2437 videre
1314 2384 1517 2454 possint
1533 2382 1806 2452 aequalem.
1822 2400 1839 2434 i

897 2474 1120 2528 CAPUT
1165 2475 1224 2526 11.

277 2540 512 2597 Joannes
553 2551 701 2611 negat
726 2561 776 2596 se
801 2560 907 2595 esse
936 2543 1217 2603 Christum,
1241 2543 1331 2594 sed
1374 2544 1586 2595 missum
1633 2560 1686 2595 se
1731 2552 1848 2594 ante

403 2627 540 2675 sum,
584 2628 852 2678 vocemque
895 2612 1165 2663 clamantis
1213 2611 1268 2662 in
1323 2611 1520 2662 deserto
1567 2611 1848 2662 secundum

384 2681 550 2734 saiam
575 2680 825 2732 enuntiat.

353 2767 514 2822 Vens.
546 2769 632 2822 i9.
662 2798 730 2807 —
757 2767 868 2821 Hoc
904 2777 978 2821 est
1001 2769 1349 2822 testimonium
1369 2767 1613 2830 Joannis,
1638 2765 1845 2835 quando

283 2850 528 2904 miserunt
553 2850 730 2903 Judwi
750 2850 812 2903 ab
839 2849 1211 2921 Hierosolymis
1251 2850 1539 2903 sacerdotes
1579 2859 1626 2901 et
1672 2847 1846 2900 levitas

283 2936 353 2988 ad
402 2951 536 2999 eum,
593 2947 650 2990 ut
691 2938 1062 3007 interrogarent
1111 2955 1229 2992 eum
1271 2955 1288 2991 :
1337 2937 1411 2990 Tu
1451 2938 1564 3006 quis
1618 2953 1693 3000 es,
1741 2943 1842 2988 etc.

2009 1854 2169 1906 Vens.
2199 1854 2286 1906 24.
2310 1885 2378 1894 ——
2407 1856 2474 1907 Et
2509 1858 2598 1924 qui
2625 1858 2769 1910 missi
2794 1857 3019 1925 fuerant,
3046 1869 3191 1913 erant
3220 1877 3284 1914 ea:
3310 1859 3500 1915 Phari-

1941 1941 2079 1994 stris.
2106 1942 2180 1994 Ac
2205 1942 2247 1994 si
2291 1951 2474 2008 aperte
2501 1942 2644 1996 dicat
2675 1961 2688 1995 :
2717 1944 2795 1996 llli
2823 1944 3080 2026 Joannem
3108 1949 3174 2002 de
3210 1951 3322 2005 suis
3361 1952 3496 2005 acti-

1945 2030 2044 2084 bus
2082 2032 2376 2098 requirunt,
2400 2032 2491 2099 qui
2517 2031 2813 2086 doetrinam
2840 2035 3086 2089 nesciunt
3111 2032 3372 2105 quaerere,
3403 2043 3496 2094 sed
3522 2074 3531 2084 ι

1948 2118 2200 2171 invidere.
2237 2118 2340 2196 Sed
2381 2130 2595 2174 sanctus
2617 2122 2860 2192 quisque,
2901 2125 3061 2178 etiam
3092 2142 3212 2181 cum
3248 2144 3496 2197 perversa

1948 2216 2123 2260 mente
2154 2209 2460 2276 requiritur,
2495 2227 2524 2263 a
2548 2212 2803 2266 bonitatis
2831 2221 2940 2268 sua:
2978 2217 3155 2271 studio
3188 2233 3295 2272 non
3323 2229 3497 2274 muta—

1911 2290 1914 2292 ’
1947 2302 2050 2346 tur.
2081 2295 2229 2348 Unde
2255 2296 2486 2351 Joannes
2514 2314 2723 2366 quoque
2748 2301 2813 2353 ad
2849 2303 3012 2356 verba
3041 2303 3271 2370 invidiaz,
3309 2309 3498 2375 praedi-

1944 2392 2188 2437 camenta
2217 2386 2488 2453 respondit
2518 2388 2654 2440 vitaz.
2687 2387 2815 2440 Nam
2845 2391 3086 2456 protinus
3123 2393 3395 2464 adjungit:

2016 2473 2175 2527 Vens.
2216 2473 2302 2527 96.
2335 2504 2403 2513 —
2433 2474 2544 2543 Ego
2581 2475 2783 2544 baptizo
2813 2478 2869 2529 in
2895 2493 3029 2545 aqua
3055 2493 3071 2530 :
3096 2481 3294 2534 medius
3323 2492 3494 2536 autem

1949 2573 2162 2616 vestrum
2189 2565 2350 2626 stetit,
2376 2580 2524 2632 quem
2552 2581 2634 2618 vos
2663 2566 2886 2617 nescitis.
2913 2564 3140 2624 Joannes
3159 2584 3263 2622 non
3283 2570 3492 2638 spiritu,

1947 2653 2036 2705 sed
2070 2667 2206 2718 aqua
2240 2653 2489 2720 baptizat,
2524 2653 2648 2720 quia
2683 2662 2899 2720 peccata
2935 2656 3139 2712 solvere
3162 2674 3267 2712 non
3295 2660 3504 2724 valens,
3543 2705 3546 2708 .

1946 2743 2333 2811 baptizatorum
2363 2758 2585 2811 corpora
2616 2759 2751 2811 aqua
2780 2744 2940 2809 lavat,
2966 2748 3057 2801 sed
3085 2757 3262 2803 tamen
3289 2765 3387 2819 per
3409 2766 3499 2805 ve-

1948 2833 2089 2886 niam
2137 2831 2340 2902 [Greg.,
2387 2840 2617 2886 mentem
2648 2848 2743 2900 per
2776 2835 3005 2906 veniam]
3055 2852 3161 2892 non
3207 2839 3364 2894 lavat.
3393 2840 3500 2896 Cur

1947 2936 2075 2992 ergo
2095 2922 2350 2990 baptizat,
2380 2921 2468 2990 qui
2491 2931 2704 2989 peccata
2735 2938 2830 2992 per
2851 2925 3112 2991 baptisma
3141 2940 3247 2980 non
3268 2928 3490 2992 relaxat,

288 3043 307 3074 ι
330 3025 448 3078 ιΕι
470 3026 554 3079 his
582 3027 758 3080 verbis
779 3025 997 3080 Joannis
1016 3026 1287 3080 humilitas
1310 3025 1731 3086 commendatur,
1756 3022 1845 3090 qui
1873 3059 1919 3122 ο
1949 3015 2052 3068 nisi
2082 3023 2140 3067 ut
2160 3015 2535 3084 prmcursionis
2562 3030 2670 3068 sua:
2698 3015 2938 3069 ordinem
2961 3029 3202 3081 servans,
3241 3018 3331 3086 qui
3373 3034 3493 3072 nas-

281 3133 406 3174 cum
438 3125 598 3172 tante
620 3118 831 3172 virtutis
854 3127 1018 3181 esset,
1045 3126 1103 3169 ut
1123 3117 1366 3171 Christus
1394 3115 1535 3170 credi
1560 3115 1838 3183 potuisset,

277 3207 442 3276 elegit
484 3206 648 3262 solide
678 3207 968 3260 subsistere
999 3211 1049 3259 in
1080 3219 1155 3269 se,
1202 3221 1267 3259 ne
1319 3204 1844 3273 humanaepinione

279 3306 561 3368 raperetur
588 3299 817 3353 inaniter
849 3313 1009 3367 super
1033 3312 1107 3352 se.

350 3389 513 3442 Vena.
546 3389 635 3442 20.
681 3418 752 3428 —
791 3389 859 3441 Et
888 3389 1152 3454 confessus
1185 3398 1280 3451 est,
1312 3397 1358 3441 et
1381 3405 1482 3440 non
1535 3389 1756 3455 negarit,
1794 3395 1841 3438 et

272 3474 547 3544 confessus
587 3484 680 3540 est,
703 3476 826 3544 quia
865 3492 968 3528 non
996 3493 1110 3528 sum
1155 3492 1245 3544 ego
1276 3475 1529 3528 Christus.
1581 3473 1683 3528 Sed
1715 3475 1839 3541 quia

273 3566 443 3629 dixit,
481 3565 604 3620 Non
640 3582 779 3630 sum,
822 3565 1035 3634 negavit
1069 3564 1223 3634 plane
1257 3566 1398 3633 quod
1425 3579 1527 3616 non
1575 3570 1709 3626 erat,
1752 3562 1842 3615 sed

274 3674 388 3715 non
436 3660 646 3730 negavit
679 3658 818 3727 quod
854 3665 1008 3722 erat;
1039 3665 1096 3709 ut
1128 3656 1408 3712 veritatem
1438 3655 1681 3723 loquens,
1728 3652 1843 3721 ejus

273 3748 584 3804 membrum
632 3747 784 3802 ﬁeret
834 3746 986 3814 cujus
1040 3746 1141 3800 sibi
1192 3759 1384 3800 nomen
1415 3743 1697 3798 'l‘allaciter
1740 3758 1842 3796 non

272 3844 591 3907 usurparet.
655 3836 786 3891 Cum
841 3851 969 3905 ergo
1026 3850 1130 3889 non
1184 3836 1299 3888 vult
1352 3843 1601 3904 appetere
1654 3848 1845 3887 nomen

275 3928 506 3993 Christi,
536 3925 706 3981 factus
731 3933 812 3980 est
837 3925 1135 3979 membrum
1163 3923 1357 3976 Christi
1388 3942 1399 3975 :
1425 3925 1548 3992 quia
1596 3924 1717 3977 dum
1767 3925 1845 3976 in-

281 4022 599 4077 ﬁrmitatem
624 4033 774 4073 suam
822 4015 1022 4071 studuit
1059 4012 1327 4067 humiliter
1366 4027 1674 4082 agnoscere,
1708 4011 1845 4064 illius

281 4111 654 4168 celsitudinem
716 4107 911 4161 meruit
963 4103 1228 4158 veraciter
1276 4102 1536 4156 obtinere.
1591 4101 1844 4167 Quisnam

283 4205 375 4265 sit,
405 4200 658 4255 continuo
684 4196 959 4267 exprimit,
986 4209 1107 4248 cum
1135 4193 1402 4261 subjungit
1431 4210 1442 4243 ς

355 4291 516 4344 Visus.
542 4287 629 4344 25.
660 4317 730 4326 —
759 4286 870 4356 Ego
893 4301 988 4338 eoa:
1007 4283 1278 4336 clamantis
1318 4283 1372 4332 in
1415 4280 1631 4332 deserto.
1685 4276 1846 4331 Scitis

1949 3106 2175 3159 citurum
2201 3106 2467 3159 nascendo
2485 3113 2838 3174 praevenerat,
2867 3105 3257 3174 baptizaturum
3285 3123 3496 3177 quoque

1944 3195 2224 3249 Dominum
2245 3196 2562 3264 baptizando
2586 3196 2901 3262 prieveuiret
2921 3198 2942 3249 *ἰ
2965 3197 3031 3250 Et
3047 3197 3140 3265 qui
3163 3198 3497 3266 pmdicando

1942 3283 2115 3337 factus
2133 3292 2216 3337 est
2251 3299 2550 3352 pnecursor
2577 3283 2797 3348 Christi,
2822 3283 3144 3352 baptizando
3177 3289 3338 3342 etiam
3361 3303 3498 3358 prte-

1941 3388 2130 3427 cursor
2164 3372 2278 3440 ejus
2310 3373 2481 3439 ﬁeret,
2507 3369 2800 3428 imitatione
2829 3379 3194 3430 sacramenti?
3222 3379 3320 3445 Qui
3359 3379 3500 3433 inter

1943 3465 2056 3517 hinc
2075 3463 2386 3533 mysterium
2414 3463 2960 3533 Redemptorisnostri
2987 3469 3328 3532 annuntians,
3353 3469 3494 3522 hunc

1941 3554 1995 3607 in
2046 3554 2219 3607 medio
2247 3555 2519 3608 hominum
2561 3562 2615 3606 et
2659 3553 2874 3612 stetisse
2923 3555 3116 3608 asserit
3168 3563 3222 3609 et
3257 3558 3493 3622 nesciri;

1943 3642 2065 3712 quia
2095 3656 2189 3710 per
2226 3657 2441 3696 carnem
2465 3642 2717 3696 Dominus
2752 3657 3032 3712 apparens,
3059 3651 3113 3696 et
3138 3643 3362 3698 visibilis
3390 3654 3497 3698 ste—

1948 3732 2009 3786 tit
2028 3747 2250 3801 corpore
2273 3740 2328 3784 et
2350 3731 2626 3785 invisibilis
2648 3730 2942 3799 majesmte.
2969 3731 3043 3786 De
3067 3747 3172 3802 quo
3186 3732 3348 3786 etiam
3374 3733 3498 3787 sub-

1945 3822 2114 3876 didit:
2145 3819 2246 3884 Qui
2271 3829 2381 3890 post
2404 3837 2481 3874 me
2499 3821 2654 3885 venit,
2681 3829 2798 3873 ante
2827 3837 2905 3873 me
2933 3820 3098 3888 factus
3120 3829 3215 3873 est.
3239 3820 3329 3874 Sic
3350 3836 3498 3875 nam-

1946 3927 2049 3981 que
2070 3911 2300 3964 dicitur:
2335 3911 2462 3963 Ante
2495 3926 2574 3963 me
2603 3910 2771 3980 factus
2805 3921 2898 3975 est,
2928 3926 2990 3966 ac
3024 3911 3069 3964 si
3109 3911 3337 3976 dicatur,
3377 3918 3499 3965 ante
3522 3946 3543 3985 -ι

1949 4000 2077 4072 [me]
2126 4001 2349 4069 positus.
2380 3999 2508 4054 Post
2543 4014 2630 4054 me
2656 4014 2782 4068 ergo
2810 4001 2974 4065 venit,
3014 4001 3135 4068 quia
3160 4002 3496 4069 postmodum

1947 4102 2140 4156 natus;
2172 4100 2292 4144 ante
2321 4097 2499 4146 autem
2537 4089 2709 4143 factus
2753 4097 2858 4151 est,
2907 4089 3031 4156 quia
3062 4090 3189 4142 mihi
3227 4090 3496 4157 prmlatus.

1949 4183 2052 4238 Sed
2096 4185 2209 4236 lucc
2253 4182 2408 4250 paulo
2458 4182 2700 4246 superius
2741 4179 2940 4240 dicens,
2979 4179 3138 4230 etiam
3176 4179 3502 4245 pmlationis

1948 4271 2061 4340 ejus
2087 4284 2277 4323 causas
2314 4266 2520 4336 aperuit
2557 4281 2678 4320 cum
2715 4264 3021 4334 subjunxit:
3066 4263 3202 4328 Quia
3236 4265 3379 4334 prior
3419 4280 3509 4320 me

284 4381 412 4450 quia
437 4377 736 4446 unigenitus
753 4353 920 4430 Filius
935 4373 1164 4428 Verbum
1186 4370 1608 4429 Patrisvocatur,
1645 4366 1846 4422 Joanne
1877 4381 1925 4440 υ
1948 4369 2078 4414 erat.
2108 4359 2184 4412 Ae
2221 4358 2265 4411 si
2293 4365 2475 4427 aperte
2503 4356 2681 4450 dicat:
2711 4355 2832 4450 inde
2865 4368 2949 4408 me
2994 4353 3153 4407 etiam
3196 4360 3317 4420 post
3345 4361 3502 4407 natus

284 4478 592 4534 attestante,
621 4470 710 4537 qui
739 4469 846 4522 ait:
879 4463 1205 4536 Inprincipio
1236 4469 1345 4513 erat
1384 4459 1620 4523 Verbum,
1649 4468 1695 4511 et
1724 4457 1847 4511 Ver-

287 4561 411 4612 bum
436 4565 543 4608 erat
567 4556 704 4623 apud
727 4555 911 4618 Deum,
936 4562 982 4606 et
1004 4552 1142 4605 Deus
1165 4558 1274 4603 erat
1307 4545 1542 4609 Verbum,
1574 4555 1627 4601 et
1645 4563 1710 4601 ex
1733 4548 1844 4616 ipsa
1882 4538 1885 4540 ’

287 4655 466 4702 vestra
492 4645 754 4699 locutione
789 4643 1136 4712 cognoscitis,
1177 4640 1300 4708 quia
1345 4639 1492 4708 prius
1529 4653 1630 4692 vox
1672 4646 1844 4702 sonat,

288 4745 348 4788 ut
367 4735 589 4788 verbum
611 4730 941 4801 postmodum
960 4728 1127 4801 possit
1154 4729 1344 4782 audiri.
1365 4727 1594 4782 Joannes
1617 4743 1741 4797 ergo
1759 4743 1848 4781 vo-

287 4839 408 4880 cem
440 4839 498 4877 se
540 4797 656 4877 esse
679 4818 884 4882 asserit,
917 4818 1037 4885 quia
1072 4797 1303 4871 \ierbum
1349 4818 1618 4885 prmcedit.
1639 4817 1849 4870 Adven-

287 4923 403 4967 tum
434 4913 613 4982 itaque
638 4907 967 4965 Dominicum
999 4921 1330 4974 przocurrens
1357 4921 1457 4959 vox
1485 4905 1698 4968 dicitur,
1724 4904 1846 4970 quia

283 5016 382 5073 per
424 4999 541 5066 ejus
577 4998 950 5060 ministerium,
990 4995 1162 5048 Patris
1192 4995 1409 5047 verbum
1454 4995 1520 5047 ab
1550 4993 1850 5046 hominibus

284 5089 442 5164 [λίβη
489 5087 757 5157 omnibus]
793 5086 1038 5149 auditur;
1085 5084 1351 5153 quietiam
1391 5083 1444 5136 in
1489 5083 1696 5135 deserto
1740 5079 1848 5134 cla-

286 5188 422 5244 mat,
458 5179 585 5250 quia
634 5175 898 5231 derelictae
924 5191 986 5229 ac
1033 5174 1300 5228 destitutae
1342 5172 1552 5235 Judaeaz,
1606 5173 1850 5227 solatium

285 5269 645 5338 redemptoris
673 5263 970 5319 annuntiat.
1004 5263 1142 5328 Quid
1167 5272 1340 5316 autem
1382 5263 1571 5318 clamet
1600 5264 1847 5327 insinuat,

291 5376 416 5419 cum
442 5359 713 5429 subjungit
738 5371 752 5409 :
1306 5342 1310 5348 ’

362 5449 582 5519 Dirigite
622 5449 756 5500 viam
792 5444 1021 5506 Domini,
1051 5445 1185 5511 sicut
1215 5445 1342 5497 dixit
1382 5445 1548 5499 Isaias
1588 5448 1849 5514 propheta.

293 5541 394 5594 Via
431 5538 633 5594 Domini
687 5536 751 5588 ad
773 5551 865 5589 cor
908 5533 1176 5601 dirigitur,
1227 5545 1345 5584 cum
1391 5534 1632 5587 veritatis
1677 5549 1852 5588 sermo

377 5664 398 5688 ·
421 5651 498 5703 Ex
538 5648 687 5703 “om.
728 5645 890 5702 sancti
917 5641 1153 5711 Gregorii
1180 5655 1325 5708 papae
1354 5643 1440 5694 lib.
1469 5659 1506 5708 ι,
1537 5645 1680 5698 hom.
1711 5646 1759 5697 7.

1947 4459 2178 4520 superat,
2211 4463 2315 4517 quo
2341 4463 2462 4501 eum
2490 4445 2781 4499 nativitatis
2808 4459 2915 4498 suae
2937 4452 3172 4510 tempora
3204 4457 3307 4496 non
3337 4457 3500 4511 augu-

1948 4550 2109 4597 stam.
2139 4539 2271 4593 Nam
2285 4539 2375 4608 qui
2395 4553 2490 4606 per
2517 4544 2739 4590 matrem
2764 4536 2817 4587 in
2842 4543 3075 4602 tempore
3103 4533 3360 4600 nascitur,
3386 4534 3502 4589 sine

1950 4644 2186 4702 tempore
2213 4640 2294 4687 est
2329 4648 2359 4685 a
2394 4630 2549 4684 Patre
2563 4636 2880 4697 generatus:
2914 4625 2996 4679 cui
3021 4634 3234 4694 quanta
3256 4642 3503 4681 reveren—

1949 4724 2035 4777 tia:
2049 4723 2394 4775 humilitatem
2412 4719 2618 4781 debeat,
2637 4716 2908 4771 subdendo
2920 4715 3238 4779 manifestat,
3255 4732 3373 4770 cum
3397 4718 3503 4769 ait:

2018 4814 2178 4867 Vens.
2213 4814 2302 4866 27.
2332 4843 2402 4852 -—
2429 4811 2589 4881 Cujus
2620 4826 2720 4862 non
2745 4825 2858 4861 sum
2896 4809 3082 4877 dignus
3107 4806 3298 4861 solvere
3340 4806 3502 4858 corri-

1949 4905 2085 4972 giam
2131 4902 2481 4956 calceamenti.
2512 4900 2622 4954 Mos
2645 4899 2782 4969 apud
2810 4907 3019 4952 veteres
3059 4897 3181 4961 fuit,
3210 4906 3267 4949 ut
3291 4897 3333 4948 si
3382 4894 3502 4961 quis

1950 5007 2065 5056 eam
2109 5009 2225 5062 qua:
2268 4994 2366 5049 sibi
2406 4998 2749 5059 competeret,
2783 4989 3024 5057 accipere
3060 5001 3279 5041 uxorem
3318 4983 3498 5046 nollet,

1952 5083 2039 5136 ille
2067 5085 2114 5154 ei
2157 5085 2572 5139 calceamentum
2611 5079 2858 5140 solveret,
2896 5079 2984 5147 qui
3009 5078 3074 5131 ad
3104 5077 3240 5129 hanc
3271 5089 3502 5142 sponsus

1945 5174 2065 5244 jure
2098 5174 2506 5245 propinquitatis
2544 5173 2767 5226 veniret.
2805 5170 2939 5236 Quid
2968 5170 3130 5238 igitur
3155 5167 3293 5218 inter
3326 5166 3521 5218 homi-‘

1953 5281 2047 5319 nes
2072 5266 2333 5328 Christus,
2361 5264 2462 5317 nisi
2491 5271 2689 5317 sancta:
2711 5260 2956 5314 Ecclesia:
2985 5269 3210 5324 sponsus
3227 5254 3506 5322 apparuit?

1953 5353 2026 5408 De
2061 5370 2166 5423 quo
2204 5363 2258 5408 et
2285 5354 2423 5406 idem
2466 5350 2696 5406 Joannes
2740 5347 2897 5401 dicit:
2932 5344 3035 5408 Qui
3062 5342 3210 5422 habet
3239 5358 3496 5410 sponsam,

1954 5461 2165 5512 sponsus
2194 5452 2267 5495 est
2298 5443 2475 5511 (Joan.
2514 5456 2592 5501 ιιι,
2614 5437 2722 5505 29).
2759 5433 2860 5488 Sed
2888 5433 3010 5502 quia
3046 5430 3303 5486 Joannem
3327 5432 3499 5484 homi-

1955 5549 2047 5587 nes
2099 5523 2368 5587 Christum
2407 5544 2523 5583 esse
2551 5533 2888 5595 putaverunt,
2933 5523 3073 5592 quod
3105 5522 3242 5576 idem
3271 5520 3505 5574 Joannes-
