4230 6194
723 249 826 304 πε

1557 243 1619 302 Β.
1658 244 1717 301 F.
1766 247 1986 302 ALBlNl
2025 247 2155 303 εει]
2193 246 2463 302 ΑιΕΙΞΙΝΙ
2494 247 2774 304 ονειιιςιι
2814 242 2989 303 PARS
3024 245 3086 303 ll.

3823 232 3929 299 15¢

723 366 903 428 negat,
946 367 1090 413 recte
1124 370 1183 411 se
1217 358 1491 424 indignum
1516 372 1633 410 esse
1662 356 1727 409 ad
1764 356 2073 411 solvendum
2100 357 2270 411 eorri—
2299 363 2344 414 Α
2368 354 2694 422 jnstilicaudi
2724 358 2883 412 habet
2918 366 3258 426 potestatem.
3297 355 3575 421 Quomodo
3604 364 3783 411 autem
3806 372 3934 428 pec-

723 452 862 514 giatn
886 464 1003 515 eius
1022 448 1369 503 calceamenti
1397 446 1688 501 denuntiat.
1730 448 1804 501 Ac
1827 448 1872 501 si
1894 459 2078 517 aperte
2095 447 2269 501 dicat:

722 538 832 606 Ego
863 536 1233 604 Redemptoris
1256 535 1475 604 vestigia
1504 534 1776 589 denudare
1804 550 1908 587 non
1936 535 2109 597 valeo,
2147 534 2274 603 quia

720 626 900 694 sponsi
928 639 1120 678 nomen
1149 624 1279 678 mihi
1304 624 1603 677 immeritus
1639 639 1745 676 non
1774 639 1990 692 usurpo.
2016 623 2167 689 Quod
2194 631 2273 676 ta-

700 712 840 766 'mcn
887 711 1103 780 intelligi
1158 722 1213 765 et
1266 711 1421 765 aliter
1465 720 1658 779 potest.
1706 713 1836 777 Quis
1878 713 2021 765 enim
2073 713 2273 765 nesciat

717 801 858 870 quod
895 802 1256 855 calceameuta
1283 816 1349 853 ex
1378 800 1603 853 mortuis
1638 800 1958 853 anhualilms
1989 800 2160 854 ﬁant?
2190 801 2272 854 lu-

715 900 966 945 carnatns
992 906 1120 943 vero
1144 890 1400 943 Dominus
1434 892 1670 951 veniens,
1704 891 1854 957 quasi
1887 890 2153 944 calceatus
2181 907 2275 957 ap-

713 981 906 1049 paruit.
935 981 1025 1049 qui
1052 980 1104 1032 in
1136 979 1409 1032 divinitate
1433 996 1525 1031 sua
1553 981 1830 1031 morticina
1848 978 2006 1048 μὴ,
2038 979 2295 1055 ιιιοιΊὶεἰ-⁵

718 1069 863 1140 natu!
883 1080 1078 1121 rasum
1101 1068 1460 1134 corruptionis
1481 1070 1789 1136 assumpsit.
1835 1067 1984 1121 l.'udc
2000 1068 2161 1120 etiam
2181 1084 2275 1136 per

715 1160 1029 1228 l’ruphrtam
1051 1159 1177 1211 dicit
1206 1173 1220 1209 :
1251 1156 1315 1209 In
1340 1157 1608 1209 ltlttmcnm
1651 1158 1921 1210 utendum
1957 1156 2275 1210 calceamen-

715 1266 824 1304 tnm
846 1250 1200 1321 ntcttttt(l’s.:l.
1222 1268 1333 1315 us,
1355 1252 1457 1321 l0).
1486 1252 1589 1306 Per
1622 1252 1891 1306 idttnteatn
1931 1252 2125 1320 quippe
2149 1266 2275 1318 gen-

714 1344 879 1396 tilitas
899 1343 1226 1412 designatur.
1260 1344 1316 1396 In
1337 1343 1605 1397 Idumeam
1633 1357 1763 1410 ergo
1786 1344 2044 1395 Dominus
2069 1340 2274 1395 calcea—

715 1442 950 1486 mentum
992 1448 1145 1485 suum
1182 1446 1239 1484 se
1266 1432 1551 1485 extendere
1594 1433 1805 1490 asserit.
1835 1432 1960 1500 quia
2006 1431 2132 1483 dum
2181 1445 2274 1497 per

711 1536 927 1573 carnem
958 1521 1202 1587 gentibus
1239 1520 1478 1580 innotuit,
1514 1521 1664 1588 quasi
1696 1520 1931 1574 calceata
1969 1519 2036 1571 ad
2062 1534 2156 1571 nos
2194 1517 2273 1569 di-

714 1612 905 1666 vinitas
934 1613 1096 1666 venit.
1122 1611 1226 1665 Sed
1251 1610 1407 1679 hujus
1436 1611 1819 1665 incarnationis
1838 1611 2148 1681 mysterium
2181 1610 2274 1662 lut-

711 1716 899 1754 manus
918 1700 1104 1754 oculus
1122 1710 1404 1769 penetrare
1419 1717 1522 1753 non
1553 1701 1763 1753 sullicit.
1790 1700 2100 1769 lnvestigari
2123 1699 2263 1752 enim
2299 1685 2341 1743 Β

712 1790 1010 1842 nullatenus
1070 1797 1263 1859 potest,
1318 1789 1583 1856 quomodo
1637 1789 2009 1857 incol-paratur
2065 1786 2265 1858 μῖνιισ..

710 1877 1044 1950 corporatnr]
1079 1880 1335 1942 verbum;
1364 1879 1630 1947 quomodo
1667 1894 1907 1932 summus
1939 1888 1993 1932 et
2030 1877 2268 1931 viviﬁca-

710 1974 796 2021 tor
842 1967 1062 2036 spiritus
1109 1968 1247 2020 intra
1296 1977 1504 2021 uterum
1565 1968 1751 2021 matris
1802 1968 2105 2029 animatur;
2139 1982 2270 2033 quo-

713 2056 871 2110 modo
913 2057 959 2109 is
984 2057 1075 2124 qui
1105 2056 1312 2109 initium
1345 2071 1449 2110 non
1479 2057 1659 2121 habet,
1698 2066 1752 2110 et
1779 2056 1962 2110 existit
1994 2066 2049 2109 et
2089 2057 2269 2111 conci-

710 2146 871 2215 pitur.
895 2144 1135 2214 Corrigia
1173 2161 1301 2198 vero
1330 2145 1676 2198 calceamenti
1705 2154 1788 2199 est
1822 2146 2046 2214 Iigatura
2077 2155 2270 2213 myste-

712 2234 796 2286 rii.
842 2232 1075 2287 Joannes
1120 2234 1298 2303 itaque
1343 2233 1548 2288 solvere
1597 2234 1879 2302 corrigiam
1922 2232 2265 2287 ealceamenti

710 2326 827 2393 ejus
874 2340 977 2378 non
1022 2324 1176 2386 valet,
1218 2325 1341 2392 quia
1381 2324 1763 2377 incarnationis
1808 2324 2119 2392 mysterium
2169 2337 2269 2377 nec

710 2416 822 2483 ipse
853 2415 1170 2484 investigare
1190 2413 1404 2477 sullicit,
1442 2414 1533 2481 qui
1561 2414 1697 2465 hanc
1722 2426 1816 2479 per
1850 2411 2141 2480 prophetia:
2163 2411 2269 2478 spi-

719 2506 876 2558 ritum
905 2505 1140 2573 agnovit.
1182 2503 1320 2569 Quid
1346 2512 1431 2557 est
1468 2517 1597 2572 ergo
1631 2502 1828 2566 dicere,
1869 2500 1991 2555 Non
2033 2518 2146 2554 sum
2188 2501 2268 2553 di-

712 2612 841 2663 gnus
862 2595 1054 2648 solvere
1077 2592 1353 2662 corrigiam
1375 2591 1707 2644 calceameuti
1732 2591 1864 2659 ejus,
1885 2590 1986 2643 nisi
2013 2599 2195 2658 aperte
2215 2598 2271 2643 et

715 2681 989 2737 humiliter
1036 2695 1189 2734 suam
1242 2679 1595 2749 ignorantiam
1642 2676 1923 2747 proﬁteri?
1966 2677 2044 2730 Ae
2089 2677 2135 2729 si
2177 2690 2269 2743 pa-

711 2780 886 2824 tenter
915 2769 1057 2824 dieat
1081 2783 1094 2821 :
1121 2767 1258 2835 Quid
1289 2768 1504 2829 mirum,
1542 2767 1586 2819 si
1615 2766 1742 2819 mihi
1767 2765 1854 2818 ille
1883 2764 2137 2835 prmlatus
2163 2774 2265 2828 est,

709 2876 871 2929 quem
906 2868 1027 2930 post
1073 2873 1159 2912 me
1204 2858 1416 2927 quidem
1452 2866 1633 2911 natum
1669 2856 1969 2918 considero,
2006 2856 2099 2908 sed
2132 2854 2269 2907 nati-

712 2952 895 3005 vitatis
920 2950 1035 3017 ejus
1057 2948 1371 3017 mysterium
1402 2962 1506 3000 non
1529 2946 1867 3016 apprehende
1891 2957 1915 2985 ι
1938 2945 1962 2996 ?
1990 2968 2008 2995 ι

781 3006 1129 3113 475λέηεῖ
1150 3038 1240 3092 28.
1259 3068 1328 3076 —
1344 3035 1471 3089 11(ιέ
1490 3037 1541 3089 in
1558 3006 1809 3089 lict/mnia
1825 3036 1964 3104 facta
1988 3046 2105 3088 sunt
2125 3046 2268 3088 trans
2296 3006 2342 3068 Ο

706 3133 1011 3197 Jordmtcm,
1037 3129 1125 3182 ubi
1150 3139 1261 3182 erat
1290 3130 1519 3181 Joannes
1547 3127 1834 3196 baptizans.
1866 3124 2007 3178 Bene
2045 3139 2271 3194 praecur-

709 3241 800 3279 sor
811 3223 1018 3277 Domini
1037 3220 1205 3273 nostri
1221 3220 1272 3273 in
1290 3218 1543 3273 Bethania
1572 3217 1767 3270 dicitur
1782 3207 2081 3284 baptiiasse
2105 3233 2119 3281 ;
2148 3230 2269 3269 nam

712 3316 964 3370 Bethania
1016 3313 1204 3367 domus
1249 3309 1561 3363 obedientia:
1617 3309 2035 3376 interpretatur;
2070 3316 2128 3361 ut
2175 3308 2271 3362 de-

714 3412 1037 3473 monstraret
1077 3417 1173 3471 per
1214 3399 1568 3453 obedientiam
1606 3398 1723 3451 ﬁdei
1752 3413 1938 3450 omnes
1962 3399 2027 3449 ad
2073 3397 2271 3453 Christi

718 3495 977 3562 baptisma
1014 3492 1206 3546 debere
1238 3487 1532 3557 pervenire.
1578 3486 1727 3557 Sicut
1762 3484 1928 3557 Magis
1964 3487 2271 3540 mandatum

713 3594 797 3641 est
818 3599 913 3655 per
939 3582 1095 3636 aliam
1119 3580 1255 3632 viam
1281 3579 1475 3633 reverti
1504 3578 1555 3630 in
1581 3579 1828 3647 patriam,
1858 3579 1931 3631 ita
1959 3578 2111 3631 nobis
2138 3593 2274 3646 prte-

713 3683 925 3743 ceptum
960 3679 1043 3725 est
1078 3683 1175 3738 per
1204 3668 1362 3720 aliam
1392 3666 1457 3719 ad
1487 3665 1717 3735 paradisi
1740 3666 1926 3734 gaudia
1955 3666 2269 3736 pervenire:

715 3778 837 3815 nam
885 3759 1055 3815 nostri
1084 3763 1334 3826 parentes
1365 3768 1461 3823 per
1488 3754 1859 3808 inobedientiaz
1902 3754 2111 3826 culpam
2152 3754 2273 3809 inde

712 3851 866 3920 eiecti
889 3858 1011 3904 sunt
1034 3866 1047 3914 ;
1076 3862 1172 3901 uos
1198 3860 1325 3899 vero
1344 3860 1442 3914 per
1461 3844 1774 3899 obedientize
1794 3845 1991 3898 bonum
2016 3853 2071 3898 et
2094 3844 2274 3899 obser-

714 3945 977 3997 vationem
1011 3940 1377 3993 mandatorum
1420 3936 1532 3997 Dei,
1572 3937 1637 3987 ad
1677 3943 1889 3988 atteram
1928 3932 2273 3987 beatitudinis

716 4034 1018 4107 paradisum
1053 4030 1329 4099 pervenire
1365 4026 1636 4081 debemus.
1922 4090 1925 4091 ν

783 4129 945 4182 Vens.
974 4124 1062 4177 29.
1090 4152 1157 4161 ——
1184 4119 1355 4172 Altera
1385 4120 1467 4171 die
1498 4118 1623 4171 cidit
1648 4118 1879 4170 Joannes
1902 4116 2082 4169 Iesum
2112 4113 2181 4166 ad
2217 4130 2271 4166 se

716 4217 1013 4272 venientem.
1056 4209 1284 4263 Joannes
1319 4209 1701 4275 interpretatur
1741 4207 1911 4275 gratia
1944 4206 2057 4259 Dei.
2089 4204 2268 4257 Altera

714 4306 827 4359 dies
841 4300 1031 4373 populo
1056 4297 1357 4352 Christiano
1384 4295 1534 4366 [Jls.,
1558 4296 1780 4363 populus
1803 4294 2158 4365 Christianus]
2182 4303 2265 4347 est
2296 4329 2342 4387 υ

718 4394 817 4448 sub
854 4391 1042 4459 gratia,
1066 4388 1155 4457 qui
1183 4387 1414 4457 pretioso
1438 4385 1693 4452 sanguine
1719 4383 1917 4437 Christi
1965 4384 2265 4450 redemptus

715 4494 816 4539 est.
844 4484 1021 4537 Altera
1050 4482 1162 4533 dies
1188 4478 1287 4530 fuit
1311 4479 1505 4547 pupulo
1542 4476 1705 4544 priori
1737 4476 1832 4528 sub
1854 4475 1984 4543 lege,
2025 4475 2112 4541 qui
2152 4489 2266 4544 my—

716 4580 849 4635 gucc
876 4573 1129 4643 sanguine
1156 4570 1275 4637 agni
1303 4570 1605 4635 redemptus
1626 4576 1709 4620 est
1732 4582 1761 4618 a
1789 4564 2044 4619 servitute
2072 4562 2266 4633 [Egyp-

717 4668 872 4721 tiaca.
916 4662 1007 4717 Ille
1061 4672 1228 4729 agnus
1276 4654 1604 4725 signiﬁcabat
1650 4656 1809 4709 istum
1850 4668 2066 4722 agnum,
2109 4667 2261 4719 quem

715 4764 1028 4825 prmsentem
1043 4750 1233 4803 beatus
1252 4746 1488 4813 Baptista
1517 4744 1679 4812 digito
1698 4744 2027 4805 ostendebat,
2051 4743 2259 4795 dicens:

721 4867 739 4898 ι
771 4849 797 4886 ι)
830 4846 960 4897 Ecce
1005 4844 1177 4911 Agnus
1216 4838 1330 4900 Dei,
1354 4854 1465 4889 ecce
1497 4836 1587 4903 qui
1632 4832 1763 4887 tollit
1811 4843 2017 4901 peccata
2063 4833 2260 4885 mundi.

718 4941 852 4993 Ecce
885 4949 1053 5005 agnus
1091 4932 1203 4992 Dei,
1232 4944 1354 4983 ecce
1400 4927 1652 4979 innocens
1688 4931 1739 4976 et
1768 4923 1834 4976 ab
1877 4922 2019 4974 omni
2050 4930 2265 4988 peccato

719 5027 989 5088 innuunis,
1028 5031 1082 5077 ut
1116 5031 1235 5089 pote
1274 5020 1364 5086 qui
1400 5034 1459 5070 os
1487 5017 1695 5088 quidem
1733 5016 1795 5067 de
1830 5013 2038 5065 ossibus
2074 5012 2262 5075 Adam,

719 5126 771 5171 et
798 5129 1010 5168 carnem
1037 5109 1223 5181 [Bcda,
1255 5114 1307 5158 et
1344 5104 1491 5173 caro]
1516 5105 1579 5156 de
1607 5119 1766 5157 carne
1805 5102 1993 5162 Adam,
2022 5100 2111 5153 sed
2151 5100 2267 5152 nul-

722 5208 826 5257 lam
877 5202 941 5255 de
992 5215 1151 5251 carne
1200 5194 1497 5265 peecatrice
1552 5193 1712 5243 traxit
1763 5190 2022 5245 maculam
2079 5188 2261 5255 culpm.

668 5342 673 5347 ,
727 5297 862 5348 licee
885 5292 973 5361 qui
1015 5289 1148 5343 tollit
1178 5296 1393 5356 peccata
1426 5283 1607 5338 mundi
1632 5300 1645 5347 ;
1673 5298 1795 5335 ecce
1822 5282 2101 5349 quijustns
2130 5282 2267 5333 inter

727 5394 1049 5453 peccatores,
1090 5380 1233 5434 mitis
1265 5380 1401 5431 inter
1430 5376 1635 5443 impios,
1668 5375 1766 5428 hoc
1796 5382 1893 5433 est,
1924 5374 2069 5439 quasi
2102 5386 2266 5440 agnus

731 5477 864 5530 inter
909 5472 1056 5536 lupos
1100 5483 1373 5536 apparens,
1427 5467 1583 5519 etiam
1639 5471 1942 5533 peccatores
1983 5472 2031 5516 et
2079 5463 2263 5530 impios

803 5600 825 5623 ,ι
858 5579 1129 5645 [lacusque
1154 5591 1214 5625 ev
1244 5577 1514 5635 Gregorio.

2373 457 2493 499 cata
2546 447 2728 499 mundi
2784 447 2955 512 tollat,
3006 462 3113 518 quo
3173 448 3361 501 ordine
3409 445 3670 515 justiﬁeet
3717 448 3930 519 impios.

2372 533 2642 602 apostolus
2684 534 2874 589 Petrus
2901 537 3156 600 ostendit,
3178 536 3269 606 qui
3298 536 3374 590 ait
3398 554 3411 589 :
3443 534 3565 590 Non
3585 539 3933 609 corruptibili-

2373 625 2486 688 bus,
2529 635 2740 694 argento
2773 626 2848 680 rei
2897 644 3027 680 auro
3051 628 3299 697 redempti
3335 629 3459 682 estis
3505 628 3570 683 de
3592 639 3934 685 maesta

2370 714 2751 767 conversatione
2792 726 3020 785 paterna:
3064 717 3382 780 traditionis,
3418 716 3510 770 sed
3546 718 3772 787 pretioso
3812 735 3939 772 sane

2370 803 2543 870 guine,
2588 805 2739 872 quasi
2783 805 2906 872 agni
2941 806 3356 869 incontaminati,
3386 816 3434 859 et
3459 805 3782 860 insimulati
3808 805 3936 861 Iesu

2373 889 2566 943 Christi
2590 890 2639 959 (ι
2664 891 2805 945 om.
2834 909 2871 955 ι,
2899 877 3109 964 ιε,ἰε)).
3135 893 3427 963 Sequitur:

2377 1019 2380 1022 .
2446 981 2604 1032 Vnus.
2629 980 2717 1034 50.
2742 1012 2811 1020 —
2832 980 3067 1052 Joannes
3093 983 3454 1037 testimonium
3476 982 3723 1052 perbibet
3752 984 3939 1041 deDo—

2377 1019 2380 1022 .
2452 1000 2473 1031 ι
2491 1000 2604 1032 nus.
2629 1000 2717 1034 ou.
2742 1012 2811 1020 —
2832 1000 2950 1034 Joat
2973 1000 3067 1036 ltus
3093 1000 3454 1037 tesumomum
3476 1000 3723 1052 perutnet
3752 1000 3939 1041 aeuo-

2372 1072 2533 1123 mino.
2560 1069 2656 1122 llic
2681 1081 2756 1123 est
2786 1071 2850 1125 tle
2876 1000 2977 1141 qui)
3007 1072 3140 1133 dixi.
3170 1084 3283 1141 post
3315 1090 3396 1126 me
3426 1075 3558 1126 venit
3582 1075 3679 1137 air,
3706 1074 3799 1145 qui
3816 1086 3939 1130 ante

2372 1176 2452 1211 me
2473 1160 2641 1227 [iectus
2667 1170 2764 1220 est,
2792 1162 2915 1228 quia
2943 1163 3089 1229 prior
3112 1177 3191 1213 me
3215 1171 3346 1215 erat.
3393 1161 3521 1216 Post
3541 1178 3627 1218 me
3648 1164 3794 1217 venit
3832 1165 3935 1230 vir,

2372 1259 2488 1319 post
2519 1266 2603 1303 me
2630 1259 2787 1303 natus
2810 1257 2892 1304 cst
2915 1250 2969 1303 in
2992 1250 3208 1312 mundo,
3232 1252 3352 1318 post
3378 1267 3462 1305 me
3486 1253 3779 1319 praedicare
3802 1253 3938 1308 inci-

2372 1342 2480 1410 piet
2502 1341 2735 1406 mundo;
2769 1342 2860 1411 qui
2887 1349 3011 1395 ante
3036 1357 3120 1395 me
3146 1339 3319 1395 factus
3338 1350 3440 1405 est,
3472 1343 3565 1411 qui
3590 1358 3677 1397 me
3695 1346 3934 1413 potentia

2375 1431 2668 1499 majestatis
2688 1441 2914 1495 tantum,
2947 1440 3204 1500 quantum
3238 1446 3538 1499 praeconem
3550 1430 3737 1500 judes,
3766 1449 3935 1503 quau-

2375 1536 2485 1577 tnm
2526 1523 2604 1576 sol
2627 1522 2951 1585 Luciferum,
3001 1520 3278 1590 licetpost
3319 1537 3603 1592 apparens,
3643 1522 3935 1578 antecellit.

2375 1615 2507 1678 tgnia
2538 1614 2685 1683 prior
2713 1628 2797 1666 me
2826 1622 2965 1675 erat,
3002 1612 3129 1681 quia
3169 1612 3224 1664 in
3249 1611 3503 1681 principio
3527 1620 3638 1665 erat
3692 1610 3934 1677 Verbum,

2370 1715 2415 1757 ct
2457 1700 2673 1757 Verbum
2712 1712 2823 1756 erat
2852 1702 2992 1772 apud
3023 1702 3208 1765 Deum,
3254 1711 3302 1755 et
3344 1700 3484 1755 Deus
3530 1712 3643 1755 erat
3690 1700 3931 1755 Verbum.

2380 1793 2496 1845 Post
2545 1809 2625 1845 me
2654 1793 2789 1845 venit
2835 1792 2928 1854 vir,
2972 1799 3185 1860 tempus
3218 1791 3467 1845 humanae
3506 1790 3803 1845 nativitatis
3836 1790 3934 1845 de-

2368 1883 2561 1950 signat,
2610 1880 2665 1933 in
2695 1894 2802 1949 quo
2839 1878 3045 1934 Joanne
3079 1878 3431 1948 posteriorem
3472 1878 3746 1932 Christum
3774 1880 3935 1933 intel-

2368 1970 2471 2041 lige
2492 1988 2507 2035 ;
2532 1970 2634 2036 Qui
2660 1980 2779 2023 ante
2809 1987 2889 2023 nte
2920 1970 3091 2036 factus
3118 1979 3216 2033 est,
3257 1970 3545 2038 primatum
3571 1970 3732 2039 regia
3783 1978 3934 2040 pote-

2368 2062 2541 2124 statis,
2596 2077 2702 2129 qua
2750 2061 2914 2114 etiam
2955 2060 3159 2128 angelis
3211 2060 3479 2129 prxesidet,
3535 2058 3935 2130 intuere;qaia

2366 2151 2510 2218 prior
2551 2168 2629 2202 me
2662 2160 2791 2215 erat,
2827 2150 3181 2205 aeternitatem
3226 2149 3420 2204 divina:
3469 2149 3789 2220 maiestatis,
3829 2164 3932 2219 qua

2368 2238 2635 2291 Patricst
2672 2238 2909 2305 aequalis,
2956 2237 3210 2306 intellige.
3246 2235 3372 2290 Post
3418 2254 3499 2290 me
3529 2238 3663 2291 venit
3705 2237 3803 2304 air,
3844 2240 3934 2308 qui

2369 2338 2487 2379 ante
2511 2342 2590 2379 mc
2620 2326 2789 2393 factus
2813 2337 2907 2388 est,
2936 2326 3060 2394 quia
3084 2325 3231 2394 prior
3261 2341 3342 2377 me
3362 2336 3491 2377 erat.
3522 2323 3650 2378 Post
3675 2339 3764 2379 me
3790 2327 3932 2379 venit

2369 2414 2718 2479 humanitate,
2764 2415 2856 2483 qui
2891 2414 3009 2469 ideo
3048 2430 3134 2469 me
3169 2414 3426 2483 praecellit
3471 2414 3758 2484 dignitate,
3809 2417 3927 2486 quia

2369 2503 2517 2571 prior
2542 2516 2627 2557 me
2650 2512 2767 2557 erat
2793 2503 3094 2559 divinitate.

2444 2591 2598 2645 Vens.
2624 2592 2711 2645 5|.
2742 2622 2811 2631 —-
2852 2592 2920 2645 Et
2945 2610 3037 2662 ego
3078 2594 3385 2659 nesciebam,
3408 2593 3603 2663 inquit,
3638 2612 3779 2648 eum.
3807 2594 3917 2650 Ger—

2370 2690 2480 2733 lum
2507 2688 2589 2733 est
2616 2682 2738 2749 quia
2761 2680 2965 2734 sciebat
2988 2681 3270 2734 Dominum
3296 2679 3551 2746 Joannes,
3574 2682 3659 2736 cui
3688 2684 3918 2737 testim
3944 2750 3949 2755 η

2368 2771 2515 2824 nium
2550 2770 2834 2839 perhibere
2870 2771 3066 2824 missus
3113 2779 3215 2835 est,
3246 2785 3404 2840 quem
3422 2770 3658 2839 iudicem
3690 2772 3923 2826 omium

2370 2873 2652 2917 venturum
2697 2861 3043 2931 praedicabat,
3073 2862 3256 2917 dicens
3280 2880 3292 2915 :
3319 2862 3485 2931 Cujus
3514 2861 3852 2918 ventilabam
3877 2864 3939 2916 is'

2371 2968 2527 3003 manu
2596 2968 2711 3013 sua,
2763 2959 2811 3003 et
2883 2950 3242 3019 permundabit
3278 2966 3456 3003 aream
3503 2968 3653 3005 suam
3714 2950 3928 3022 (Matth.

2374 3039 2595 3108 ιιι,12);
2623 3054 2652 3091 a
2686 3054 2792 3108 quo
2820 3038 3075 3107 Spiritum
3107 3046 3353 3092 sanctum
3382 3037 3499 3092 dari
3535 3038 3730 3092 debere
3770 3045 3934 3092 usta-

2370 3130 2556 3191 batur,
2576 3129 2682 3195 ipse
2724 3144 2808 3180 vos
2848 3128 3146 3195 baptizabit,
3176 3127 3443 3195 inquiens,
3472 3125 3671 3195 Spiritu
3712 3137 3935 3193 sancto;

2371 3234 2401 3271 a
2428 3232 2534 3286 quo
2569 3231 2626 3270 se
2670 3216 2842 3285 ipsum
2877 3214 3021 3267 ablui
3061 3214 3418 3277 desiderabat,
3458 3212 3678 3267 dicens:
3710 3212 3822 3283 Ego
3841 3215 3933 3269 de-

2372 3310 2460 3362 beo
2485 3326 2515 3360 a
2543 3318 2591 3360 te
2612 3306 2886 3375 baptizari,
2907 3316 2956 3359 et
2981 3314 3036 3358 tu
3067 3306 3206 3358 venis
3228 3304 3296 3357 ad
3342 3321 3422 3359 me
3449 3305 3474 3357 2
3496 3304 3774 3370 Quomodo
3800 3322 3937 3378 ergo

2371 3397 2517 3461 dicit,
2552 3406 2598 3448 et
2629 3412 2720 3465 ego
2746 3394 3031 3448 nesciebam
3068 3410 3207 3459 eum,
3245 3395 3346 3448 nisi
3374 3395 3498 3462 quia
3538 3410 3661 3449 eum
3688 3411 3847 3464 quem
3878 3406 3931 3450 et

2371 3495 2528 3541 antea
2582 3494 2823 3548 noverat,
2878 3483 3167 3553 perfectius
3212 3482 3325 3549 iam
3375 3498 3497 3536 cum
3567 3484 3945 3551 baptizaretur

2372 3578 2627 3644 agnovit?
2650 3576 2817 3642 Quem
2851 3576 3033 3629 mundi
3061 3574 3393 3631 Salvatorem
3416 3582 3471 3628 et
3504 3573 3741 3642 iudicem
3766 3590 3937 3630 novas--

2372 3677 2472 3733 rat,
2496 3667 2653 3735 hujus
2676 3667 2967 3736 potentiam
2990 3664 3282 3733 maiestatis
3303 3666 3482 3731 altius,
3513 3665 3714 3736 Spiritu
3744 3678 3931 3723 sancto

2371 3772 2531 3826 super
2550 3774 2673 3811 eum
2688 3757 3068 3822 descendente,
3091 3756 3357 3825 cognovit.
3376 3755 3557 3826 Neque
3602 3758 3753 3811 enim
3771 3758 3928 3813 dubi—

2372 3849 2591 3902 tandum
2635 3858 2737 3911 est,
2785 3848 2907 3916 quia
2954 3848 3143 3901 beatus
3188 3843 3441 3910 Joannes,
3493 3862 3616 3902 cum
3667 3845 3941 3918 Spiritum

2370 3946 2633 4001 sanetum,
2672 3937 2798 3990 licet
2832 3936 3094 4005 corporali
3131 3936 3309 4003 specie
3331 3935 3549 3999 videre;
3578 3950 3703 3989 cum
3737 3950 3935 3991 vocem-

2369 4029 2563 4091 Patris,
2602 4026 2725 4080 licet
2773 4024 3121 4093 corporaliter
3165 4034 3462 4087 sonantem,
3504 4024 3788 4078 meruisset
3828 4040 3926 4079 atr-

2368 4118 2504 4182 dire,
2531 4117 2755 4171 multum
2780 4130 2845 4169 ex
2884 4116 2987 4169 hoc
3016 4114 3130 4168 visu
3159 4123 3214 4167 et
3240 4115 3421 4168 auditu
3446 4115 3759 4185 profecerit;
3793 4118 3928 4173 mu!-

2369 4217 2481 4260 tum
2502 4207 2566 4260 de
2596 4206 2788 4259 divina:
2810 4204 3091 4273 potestatis
3126 4203 3457 4269 excellentia,
3483 4204 3733 4259 revelatis
3754 4207 3929 4262 oculis

2368 4298 2584 4359 mentis,
2614 4295 2849 4347 scientia:
2888 4294 3121 4347 etelestis
3148 4295 3413 4363 acceperit
3438 4312 3451 4345 :
3482 4293 3616 4347 adeo
3653 4302 3712 4348 ut
3735 4293 3924 4365 [Beda,

2365 4385 2633 4455 acceperit
2674 4400 2703 4436 a
2741 4382 2864 4447 Deo,
2905 4380 2985 4452 ut]
3025 4383 3091 4435 ad
3131 4382 3582 4450 comparationem
3630 4382 3928 4452 intelligen-

2364 4481 2450 4535 tia:
2479 4495 2584 4549 qua
2612 4486 2735 4531 tunc
2764 4476 3017 4529 illustrari
3054 4480 3306 4542 emperat,
3334 4481 3553 4527 eatenus
3583 4474 3729 4529 illum
3752 4490 3924 4544 quan-

2366 4580 2449 4623 tus
2474 4575 2635 4629 esset,
2676 4565 2992 4619 omnimodis
3034 4563 3133 4616 sibi
3179 4562 3445 4616 videretur
3472 4564 3762 4633 ignorasse.
3818 4563 3919 4630 Qui

2364 4658 2743 4719 testimonium,
2791 4654 2845 4706 in
2893 4669 2997 4722 quo
3020 4652 3207 4723 [Bcda,
3261 4654 3313 4706 in
3367 4652 3532 4724 quod]
3576 4654 3770 4707 missus
3814 4663 3919 4719 est,

2364 4750 2585 4804 Domino
2621 4747 2900 4817 diligenter
2934 4745 3219 4813 perhibens
3244 4744 3517 4812 adiungit:

2434 4837 2539 4891 Sed
2576 4846 2629 4888 ut
2677 4835 3092 4902 manifestaretar
3126 4832 3313 4895 Israel,
3343 4842 3609 4901 propterea
3660 4833 3774 4886 verti
3822 4850 3914 4903 ego

2363 4925 2416 4974 in
2446 4938 2579 4990 aqua
2611 4920 2897 4989 baptizans.
2927 4918 3076 4984 Quod
3107 4926 3188 4971 est
3214 4924 3395 4983 aperte
3418 4916 3596 4969 dicere
3620 4935 3632 4968 :
3660 4932 3765 4971 non
3794 4918 3915 4972 ideo

2364 5012 2482 5065 veni
2516 5012 2566 5065 in
2598 5028 2729 5079 aqua
2769 5012 3065 5078 baptizans,
3105 5009 3225 5075 quia
3256 5017 3471 5074 peccata
3518 5010 3700 5063 mundi
3740 5009 3913 5077 bapti-

2366 5100 2533 5153 zando
2569 5100 2753 5153 tollere
2801 5112 3036 5166 possum,
3074 5096 3165 5148 sed
3210 5104 3268 5148 ut
3309 5112 3431 5149 eum
3476 5096 3795 5165 baptizando
3846 5109 3953 5153 ae-

2364 5190 2695 5258 prtcdicando
2731 5186 3125 5241 manifestarem
3154 5187 3343 5254 populo
3386 5184 3565 5246 Israel,
3595 5184 3685 5253 qui
3723 5184 3914 5257 inSpi-

2365 5278 2467 5331 ritu
2506 5286 2689 5330 saneto
2728 5275 3023 5343 baptizans,
3057 5275 3120 5327 ad
3149 5276 3373 5328 tollenda
3419 5282 3633 5339 peccata
3686 5290 3789 5329 non
3819 5290 3909 5328 so-

2365 5367 2470 5421 lum
2501 5366 2681 5428 Israel,
2711 5365 2802 5418 sed
2827 5372 2881 5418 et
2910 5365 3072 5418 totius
3097 5366 3296 5425 mundi,
3336 5362 3378 5416 si
3407 5364 3452 5415 ei
3485 5364 3702 5418 credere
3727 5364 3906 5418 volue-

2366 5460 2453 5519 rit.
2482 5459 2701 5513 idoneus
2731 5464 2833 5510 est.
2874 5455 3153 5523 Propterea
3204 5452 3365 5523 476
3411 5455 3530 5508 veni
3558 5470 3657 5524 ego
3686 5456 3737 5508 in
3766 5468 3905 5522 aqua

2438 5571 2462 5608 ιη
2490 5567 2806 5628 Beda,hom.
2840 5568 2888 5620 in
2917 5565 3198 5632 Epiphania
3226 5564 3449 5619 Domini.

4154 562 4155 635 ι

4154 718 4155 787 ι

4154 896 4157 985 1

4150 1542 4159 2133 ξ
