4230 6220
295 335 397 407 Ἱξῇ

1088 329 1489 398 εχὲαετιω.
1523 373 1592 384 --
1630 341 1975 398 ΕΟΜΜΕΝΤ.
2017 341 2082 395 rs
2118 331 2307 396 rem.
2347 370 2415 382 —
2452 337 2575 393 LIB.
2616 330 2672 394 1‘.-

3374 331 3484 385 738'

300 456 432 527 [Al.,
459 452 517 531 ‘ln
543 434 931 521 patuitentiam]
979 449 1275 528 baptiz'ans,
1319 459 1377 503 ut
1400 451 1480 504 sic
1505 451 1835 524 baptizando,
1867 457 1910 507 Δ

1961 449 2164 517 ’ugeret,
2210 449 2369 502 ullam
2408 449 2624 501 invenit.
2660 438 2850 500 Mansit
2883 455 3056 499 autem
3103 453 3245 498 totus
3282 445 3334 495 in
3360 443 3492 502 illo,

301 543 374 597 Illi
425 541 566 594 viam
599 552 864 610 pararem,
910 536 1003 607 qul
1043 536 1338 606 baptizaret
1379 538 1432 590 in
1479 539 1842 592 remissionem

298 639 660 702 peccatorum.

370 708 530 775 'Vens.
559 717 646 772 52.
668 745 739 757 —-
758 714 825 770 Et
850 715 1194 769 testimonium
1217 713 1470 784 perhibuit
1506 713 1732 768 Joannes
1764 715 1844 768 di-

300 825 440 871 cens,
459 794 581 876 quia
605 804 708 857 uidi
723 793 973 873 Spiritum
990 791 1371 856 descendentem
1384 803 1532 872 quasi
1559 801 1846 857 columbam

301 884 367 950 de
379 893 524 957 caelo,
546 902 593 946 et
609 881 795 946 mansit
819 907 1115 961 supersum.
1135 890 1274 945 Bene
1286 898 1460 943 autem
1475 889 1576 962 [in]
1588 889 1847 944 columbae

303 985 481 1053 specie
501 974 772 1036 descendit
788 996 944 1050 super
970 980 1248 1034 Dominum
1277 978 1529 1049 Spiritus,
1561 988 1620 1033 ut
1641 979 1848 1034 discant

302 1065 489 1121 ﬁdeles
498 1081 603 1118 non
619 1061 840 1118 aliterse
861 1063 1098 1117 membra
1117 1061 1231 1130 ejus
1251 1061 1366 1116 ﬁeri
1390 1079 1406 1128 ;
1430 1078 1538 1117 non
1565 1063 1716 1117 aliter
1735 1062 1849 1131 ejus

305 1149 509 1227 Spiritu
558 1171 617 1210 se
659 1169 814 1224 posse
867 1153 1094 1221 repleri,
1147 1152 1248 1205 nisi
1301 1151 1570 1220 simplices
1619 1152 1846 1219 fuerint,

306 1244 412 1299 nisi
457 1259 638 1298 veram
673 1258 792 1297 cum
840 1240 1094 1295 fratribus
1125 1240 1406 1295 habuerint
1446 1257 1652 1310 pacem,
1689 1257 1849 1311 quam

304 1333 605 1401 signiﬁcant
649 1331 827 1386 oscula
872 1329 1256 1385 columbarum.
1298 1329 1505 1386 Habent
1552 1340 1729 1386 autem
1764 1347 1852 1386 os-

308 1420 429 1474 cula
455 1428 508 1473 et
535 1421 703 1484 corvi,
729 1419 823 1472 sed
851 1418 1074 1484 laniant,
1096 1419 1237 1487 quod
1262 1419 1520 1474 columba
1546 1421 1851 1475 omnimodo

306 1525 415 1568 non
441 1507 640 1560 faciunt
664 1523 676 1558 :
707 1505 1068 1575 signiﬁcantes
1090 1521 1201 1571 eos,
1235 1508 1328 1575 qui
1355 1507 1641 1576 loquuntur
1665 1523 1853 1576 pacem

307 1615 430 1657 cum
457 1597 700 1668 proximo
721 1611 838 1659 suo,
878 1595 1016 1648 mala
1051 1606 1229 1650 autem
1257 1604 1384 1651 sunt
1406 1597 1458 1670 in
1485 1599 1733 1653 cordibus
1764 1613 1856 1653 eo-

310 1705 430 1744 rum
460 1684 629 1757 (Psal.
662 1700 829 1749 xxv",
862 1684 938 1754 ὅ).
968 1683 1237 1738 Columba:
1279 1694 1454 1740 autem
1490 1697 1695 1752 natura,
1737 1703 1854 1757 quae

1940 553 2046 592 non
2080 552 2147 591 ex
2183 552 2248 591 eo
2278 537 2445 591 solum
2479 545 2715 605 tempore
2733 551 2838 604 quo
2881 537 3022 590 hunc
3045 532 3274 588 Joannes
3319 544 3482 599 super

1937 641 2061 680 eum
2103 625 2234 680 vidit
2259 625 2697 689 descendentem;
2729 625 2821 678 sed
2845 639 2914 677 ex
2961 638 3066 692 quo
3111 623 3270 678 homo
3315 614 3477 690 [ﬁeri]

1940 714 2219 784 incipiens,
2263 712 2378 780 ejus
2407 713 2701 768 ministerio
2745 723 2798 768 et
2842 728 3001 783 opere
3051 719 3336 780 conceptus
3376 716 3475 762 est.

1941 803 2140 857 Idcirco
2167 811 2345 857 autem
2378 818 2534 871 super
2562 819 2708 867 eum,
2749 804 2802 856 in
2831 818 2936 871 quo
2967 817 3177 871 semper
3212 800 3480 862 manebat,

1940 893 2262 962 baptizatum
2315 891 2639 946 descendere
2695 892 2925 961 Spiritus
2964 891 3279 953 ostenditur,
3327 897 3385 941 ut
3427 895 3484 941 et

1943 982 2176 1051 Baptista
2202 981 2312 1049 ipse
2342 979 2495 1051 μη,
2528 977 2721 1050 ipsum]
2755 980 2950 1032 celsius
2972 977 3081 1045 jam
3110 992 3267 1045 quem
3292 971 3484 1044 prmdi-

1945 1078 2108 1136 caret,
2137 1078 2448 1141 agnosceret
2473 1086 2488 1135 ;
2522 1077 2574 1122 et
2596 1067 2935 1122 credentibus
2967 1067 3184 1120 daretur
3203 1063 3493 1126 indicium,-

1950 1175 2287 1230 nequaquam
2320 1174 2378 1213 se
2415 1159 2516 1213 nisi
2558 1158 2851 1226 baptizatos
2897 1170 3052 1224 aqua,
3083 1153 3314 1222 Spiritus
3342 1152 3488 1220 ejuse

1946 1252 2067 1305 dem
2113 1263 2269 1318 posse
2314 1249 2577 1315 baptisma
2621 1247 2834 1302 mereri.
2885 1244 3234 1311 Quaerendum
3280 1249 3361 1296 est
3407 1241 3502 1294 in-_.

1946 1347 2093 1393 terea
2152 1338 2415 1406 quomodo
2472 1337 2698 1406 speciale
2763 1335 2854 1389 ﬁlii
2907 1336 3000 1389 Dei
3053 1332 3372 1404 agnoscendi
3428 1331 3507 1387 si-.

1946 1445 2106 1500 gnum
2129 1428 2306 1493 fuerit,
2332 1427 2472 1502 quod
2501 1441 2660 1496 super
2682 1441 2802 1480 eum
2833 1426 3186 1487 descenderit,
3213 1432 3267 1478 et
3289 1438 3502 1478 manse-.

1949 1520 2020 1572 rit
2049 1518 2318 1587 Spiritus?
2363 1516 2494 1570 Cum
2539 1516 2699 1569 etiam
2728 1513 2999 1582 discipulis
3033 1513 3147 1580 ipse
3195 1512 3505 1580 promittat.

1947 1609 2130 1663 dicens
2152 1609 2229 1661 eis
2253 1625 2265 1659 :
2292 1605 2402 1675 Ego
2431 1606 2616 1674 rogabo
2641 1601 2872 1665 Patrem,
2902 1611 2947 1656 et
2976 1600 3135 1657 alium
3176 1597 3504 1669 paracletum.

1951 1697 2090 1750 dabit
2119 1695 2276 1759 vobis,
2304 1703 2359 1747 ut
2380 1703 2583 1747 maneat
2609 1691 2863 1746 uobiscum
2881 1691 2934 1743 in
2951 1699 3216 1750 internum,
3240 1685 3494 1755 Spiritum

310 1777 511 1832 laniatu
533 1777 788 1829 innocens
812 1781 910 1838 est,
939 1772 1044 1828 illis
1068 1773 1340 1841 aptissime
1359 1776 1627 1844 congruit,
1651 1777 1741 1844 qui
1763 1791 1856 1844 pa—
1886 1773 1933 1831 Β
1960 1786 2182 1840 υεήιιιιῑε
2217 1783 2395 1853 (Ιοαη.
2443 1797 2554 1845 xiv,
2578 1780 2684 1853 15).
2721 1781 2788 1834 Et
2815 1778 2971 1847 paulo
2995 1785 3115 1847 post
3139 1795 3152 1829 :
3177 1775 3312 1840 Quia
3357 1774 3495 1841 apud

310 1881 428 1921 cem
454 1872 748 1932 sequuntur
782 1878 903 1916 eum
937 1863 1182 1918 omnibus
1208 1875 1263 1918 et
1295 1865 1718 1930 sanctimoniam,
1757 1865 1861 1920 sol-

311 1951 443 2006 liciti
455 1965 670 2005 servare
681 1951 938 2004 unitatem
950 1951 1168 2021 spiritus
1180 1953 1235 2005 in
1250 1953 1460 2007 vinculo
1480 1955 1626 2022 pacis
1646 1953 1857 2024 (Ephes.

316 2057 389 2106 tv,
411 2040 487 2110 ὅ).
538 2038 712 2107 Atque
739 2039 858 2094 ideo
896 2039 1125 2109 Spiritus
1181 2041 1236 2094 in
1270 2042 1527 2097 columbae
1562 2044 1738 2112 specie
1774 2043 1864 2097 de-

317 2127 638 2191 scendendo,
653 2141 758 2179 non
791 2141 938 2179 suam
979 2129 1362 2192 tantummodo,
1388 2130 1471 2183 vel
1491 2129 1603 2198 ejus
1627 2132 1680 2184 in
1707 2145 1864 2199 quem

315 2215 606 2277 descendit,
667 2213 1022 2266 innocentiam
1050 2215 1546 2285 simplicitatemque
1601 2220 1862 2287 designat,

315 2302 410 2359 sed
455 2317 636 2357 eorum
671 2318 819 2370 reque
851 2303 939 2370 qui
967 2303 1200 2356 sentiunt
1227 2305 1290 2358 de
1332 2305 1421 2359 illo
1456 2307 1509 2359 in
1540 2308 1777 2361 bonitate
1813 2316 1867 2361 et

317 2390 372 2445 in
419 2391 756 2460 simplicitate
796 2391 973 2445 cordis
1021 2401 1265 2461 qumrunt
1311 2394 1458 2469 illum
1498 2394 1648 2467 (Sap.
1679 2395 1742 2468 ι).
1797 2397 1862 2450 Et

316 2499 430 2553 ego,
461 2483 649 2551 inquit,
677 2485 961 2538 nesciebam
982 2503 1116 2540 eum.
1148 2485 1432 2555 Subaudis,
1456 2499 1563 2543 tam
1583 2492 1863 2556 subtiliter,

316 2589 474 2643 quam
516 2573 716 2642 Spiritu
736 2575 788 2627 in
825 2590 944 2627 eum
968 2575 1318 2630 descendente
1347 2576 1531 2647 [Bcda,
1555 2581 1862 2647 spiritum...

319 2662 766 2734 descendentem],
783 2664 1025 2733 cognovi.

373 2747 547 2811 .VEns.
591 2753 677 2808 '53.
707 2783 775 2792 —
804 2752 906 2807 Sed
938 2755 1026 2824 qui
1053 2756 1188 2808 misit
1224 2773 1300 2809 me
1335 2757 1592 2827 baptizare
1633 2761 1686 2812 in
1712 2776 1865 2828 aqua,

319 2840 405 2892 ille
426 2842 551 2894 mihi
576 2842 745 2894 dixit:
772 2841 940 2912 Super
971 2861 1120 2914 quem
1149 2846 1333 2900 videris
1364 2846 1614 2916 Spiritum
1662 2850 1870 2904 descen-

323 2928 543 2992 dentem,
569 2939 615 2981 et
642 2941 928 2985 manentem
958 2951 1111 3003 super
1133 2953 1269 3001 eum,
1297 2938 1380 2990 hic
1423 2949 1495 2991 est
1521 2940 1608 3010 qui
1645 2940 1870 3008 baptizat

324 3016 377 3067 in
442 3015 638 3084 Spiritu
714 3029 908 3073 sancto.
975 3021 1232 3090 Baptizat'
1263 3023 1513 3078 Dominus
1554 3027 1606 3078 in
1667 3026 1868 3096 Spiritu

325 3112 528 3171 sancto,
566 3121 663 3176 per
706 3107 935 3176 Spiritus
972 3112 1142 3164 sancti
1180 3113 1403 3181 gratiam
1444 3123 1660 3184 peccata
1690 3093 1869 3172 dimit-
1893 3093 1939 3155 ο

327 3193 502 3248 tendo.
554 3193 678 3250 Sive
722 3197 861 3250 enim
906 3198 1016 3267 ipse
1044 3215 1182 3270 aqua
1235 3201 1440 3270 aliquos
1493 3206 1868 3279 discipulorum

326 3298 539 3338 suorum
585 3286 788 3354 primus
828 3288 1194 3356 baptizavcrit,
1228 3307 1323 3360 per
1362 3309 1496 3363 quos
1543 3297 1609 3350 ad
1652 3308 1871 3355 cmteros

325 3373 508 3430 ﬁdeles
543 3376 685 3437 rivus
708 3378 953 3446 baptismi
986 3381 1289 3449 proﬁueret,
1339 3386 1548 3439 eosdem
1575 3388 1734 3440 etiam
1765 3388 1871 3455 spi-

328 3463 433 3516 ritu
461 3464 783 3532 baptizabat,
823 3479 1040 3535 peccata
1079 3471 1181 3525 illis
1229 3473 1511 3527 relaxando
1545 3483 1595 3527 et
1644 3476 1870 3543 Spiritus

328 3555 498 3605 sancti
530 3554 664 3607 dona
695 3556 1040 3612 ministrando
1066 3575 1080 3624 ;
1109 3561 1219 3613 sive
1244 3561 1423 3614 ﬁdeles
1449 3563 1584 3631 ejus,
1628 3565 1869 3620 invocato

330 3641 544 3694 nomine
576 3643 762 3709 ipsius,
795 3647 1222 3717 aquabaptizent
1261 3650 1478 3716 electos,
1509 3658 1562 3704 et
1585 3653 1871 3708 chrismate

330 3736 515 3781 sancto
557 3741 868 3799 perungunt,
900 3737 1112 3788 eosdem
1155 3738 1491 3793 nihilominus
1518 3741 1627 3809 ipse
1672 3742 1871 3812 Spiritu

330 3823 514 3868 sancto
537 3817 807 3886 baptizat;
840 3822 962 3890 quia
998 3837 1153 3877 nemo
1185 3834 1376 3893 praeter
1416 3829 1588 3896 ipsum
1633 3841 1875 3898 peccato-

332 3918 447 3957 rum
503 3920 669 3959 nexus
717 3908 938 3974 solvere,
986 3919 1037 3964 et
1065 3911 1292 3980 Spiritus
1334 3918 1502 3970 sancti
1547 3919 1686 3972 valet
1739 3922 1871 3975 dona

334 3993 586 4049 tribuere.
630 3995 734 4050 Sed
764 3998 1064 4068 diligentius
1098 4002 1406 4057 intuendum
1451 4016 1553 4072 est,
1584 4011 1705 4077 quia
1753 4027 1871 4064 cum

331 4083 590 4139 dixisset:
623 4085 787 4157 Super
807 4106 952 4159 quem
977 4091 1161 4145 videris
1193 4091 1442 4163 Spiritum
1470 4097 1869 4164 descendentem,

329 4171 521 4238 adjecit
545 4193 556 4226 :
583 4185 630 4227 et
657 4187 942 4232 manentem
979 4196 1131 4248 super
1151 4198 1285 4234 eum.
1317 4183 1382 4236 Et
1415 4185 1468 4237 in
1497 4194 1704 4240 sanctos
1732 4187 1872 4240 enim

328 4255 442 4324 eius
492 4261 710 4329 spiritus
763 4265 1071 4319 descendit:
1124 4282 1306 4322 verum
1359 4272 1589 4338 quandiu
1661 4283 1782 4328 sunt
1819 4275 1872 4328 in

330 4365 571 4416 corpore,
614 4361 829 4418 peccato
866 4369 1048 4408 carere
1084 4367 1371 4424 nequeunt,
1417 4361 1538 4427 quia
1577 4361 1868 4418 cmlestium

1957 1889 2042 1926 vos
2063 1873 2302 1934 manebit,
2322 1873 2445 1924 etin
2473 1871 2609 1923 vobis
2635 1871 2750 1923 erit.
2785 1867 2842 1922 Si
2865 1868 3008 1922 enim
3037 1865 3176 1934 apud
3196 1878 3379 1917 servos
3399 1862 3492 1915 Dei

1957 1959 2154 2016 electos
2202 1967 2403 2023 manet,
2441 1966 2495 2010 et
2537 1959 2589 2011 in
2638 1957 2742 2009 illis
2786 1957 2889 2009 erit
2940 1953 3190 2023 Spiritus,
3235 1951 3365 2024 quid
3417 1956 3503 2002 est

1960 2064 2207 2119 magnum
2237 2045 2361 2118 [Με.
2394 2054 2440 2098 et
2489 2043 2651 2107 Beda,
2684 2043 2859 2111 magni
2888 2041 2990 2110 est]
3037 2041 3170 2095 Filio
3211 2039 3321 2103 Dei,
3361 2038 3500 2106 quod

1962 2139 2015 2192 in
2069 2137 2182 2206 ipso
2254 2148 2470 2206 manere
2531 2131 2760 2202 Spiritus
2817 2129 3129 2190 astruatur‘!
3200 2125 3500 2179 Notandum

1961 2200 2171 2296 quoque
2215 2200 2355 2293 qubd
2397 2200 2608 2292 semper
2644 2221 2697 2274 in
2731 2218 2952 2274 Domino
2983 2215 3238 2272 manserit
3273 2211 3502 2282 Spiritus
3553 2253 3556 2256 .

1962 2324 2178 2370 sanctus
2202 2329 2217 2367 :
2248 2315 2300 2368 in
2325 2313 2523 2367 sanctis
2558 2317 2737 2364 autem
2762 2306 3081 2370 hominibus,
3109 2303 3341 2374 quandiu
3364 2315 3502 2353 mor-

1965 2405 2068 2459 tale
2094 2417 2286 2473 corpus
2304 2399 2648 2472 gestaverint,
2670 2397 2864 2467 partim
2893 2401 3106 2452 maneat
3135 2393 3187 2448 in
3221 2399 3498 2450 retentum,

1963 2493 2158 2562 partim
2179 2490 2447 2544 rediturus
2469 2489 2704 2542 secedat.
2727 2484 2904 2540 Manet
2931 2483 3124 2556 quippe
3153 2481 3290 2550 apud
3314 2493 3429 2541 eos,
3447 2486 3507 2528 ut

1964 2582 2116 2638 bonis
2139 2579 2388 2634 insistant
2403 2578 2629 2642 actibus,
2643 2574 2996 2634 voluntariam
3015 2577 3380 2643 paupertatem
3395 2565 3509 2621 dili—

1965 2678 2091 2740 gant
2126 2667 2587 2722 mansuetudinem
2622 2669 2914 2733 sequantur
2952 2659 3138 2730 [Beda,
3175 2670 3505 2726 consequan-

1967 2757 2094 2829 tur],
2119 2771 2215 2824 pro
2227 2765 2546 2810 aeternorum
2559 2752 2820 2806 desiderio
2839 2751 3073 2818 lugeant,
3089 2748 3345 2809 esuriant,
3367 2754 3421 2799 et
3437 2745 3509 2798 si-

1970 2852 2102 2906 tiant
2120 2848 2414 2917 justitiam,
2435 2842 2875 2905 misericordiam,
2892 2837 3205 2892 munditiam
3235 2834 3427 2896 cordis,
3453 2841 3507 2886 et

1970 2932 2400 3007 tranquillitatem
2437 2932 2584 3002 pacis
2623 2928 3027 3000 amplectantur.
3057 2924 3162 2978 Sed
3186 2931 3240 2978 et
3277 2937 3373 2990 pro
3412 2922 3509 2974 ob-

1971 3029 2265 3084 servatione
2283 3024 2526 3094 justitiaa,
2555 3020 2976 3091 persecutionem
3001 3017 3110 3087 pati
3134 3031 3239 3069 non
3279 3028 3504 3067 verean-

1969 3126 2075 3183 tur,
2104 3113 2469 3182 eleemosynis,
2506 3108 2854 3172 orationibus,
2899 3113 2952 3160 et
2989 3104 3226 3174 jejuniis,
3275 3100 3508 3159 caateris-

1969 3223 2071 3280 que
2107 3205 2437 3276 spiritalibus
2461 3199 2587 3273 [Ms.
2616 3209 2663 3252 et
2688 3197 2851 3261 Beda,
2880 3196 3129 3268 Spiritus]
3146 3195 3303 3266 477
3323 3193 3508 3247 fructi—

1967 3301 2067 3352 bus
2098 3298 2340 3350 insistere
2368 3293 2685 3347 desiderent.
2711 3288 2930 3343 Recedit
2966 3296 3142 3340 autem
3175 3287 3241 3339 ad
3282 3283 3507 3352 tempus,

1968 3400 2034 3439 ne
2068 3397 2275 3450 semper
2302 3381 2540 3434 inﬁrmos
2567 3377 2806 3441 curandi,
2835 3385 3072 3430 mortuos
3108 3375 3417 3438 suscitandi,
3444 3373 3511 3428 le-

1966 3490 2152 3546 prosos
2176 3473 2482 3537 mundandi,
2510 3471 2774 3526 daemones
2800 3469 3058 3537 cjiciendi,
3084 3467 3166 3521 vel
3190 3466 3349 3519 etiam
3386 3480 3508 3538 pro-3

1967 3545 2216 3634 pbetandi
2265 3563 2469 3631 possint
2516 3559 2714 3615 habere
2747 3545 3013 3614 virtutem.
3063 3557 3239 3614 Manet
3278 3567 3504 3622 semper,

1971 3661 2029 3708 ut
2073 3650 2386 3706 mirabiliter
2426 3650 2526 3719 ipsi
2567 3649 2747 3702 vivant
2798 3659 2846 3701 ιε
2885 3647 3028 3703 venit
3078 3646 3142 3698 ad
3180 3653 3403 3712 tempus,
3452 3651 3510 3699 ut

1970 3745 2130 3798 etiam
2172 3743 2290 3796 aliis
2324 3757 2420 3811 per
2448 3739 2821 3795 miraculorum
2866 3738 2964 3809 sigr
2985 3752 3034 3801 a,
3066 3735 3247 3806 quales
3288 3735 3396 3789 sint
3425 3733 3528 3798 in-,

1970 3844 2074 3898 tus,
2107 3831 2406 3901 effulgeant.
2457 3849 2470 3856 -

2038 3922 2196 3976 Vsus.
2225 3921 2312 3973 54.
2349 3950 2419 3959 --
2453 3919 2584 3989 Ego,
2615 3919 2806 3987 inquit,
2833 3918 2934 3970 vidi
2962 3927 3006 3969 et
3038 3915 3377 3969 testimonium
3405 3928 3514 3981 per-

1968 4007 2128 4073 hibui,
2152 4008 2273 4078 quia
2293 4008 2376 4060 hic
2401 4017 2472 4060 est
2509 4005 2679 4061 Filius
2722 4006 2834 4059 Dei.
2904 4004 3073 4072 Supra
3111 4004 3350 4057 dixerat:
3383 3997 3509 4055 Post

1970 4114 2048 4151 me
2068 4098 2198 4150 venit
2219 4098 2311 4161 uir,
2337 4098 2424 4166 qui
2450 4105 2564 4150 ante
2603 4094 2743 4166 [me]
2775 4095 2940 4163 factus
2964 4101 3036 4145 est
3069 4108 3088 4144 :
3119 4105 3256 4143 nunc
3279 4088 3510 4142 testimo-

1970 4186 2114 4240 nium
2140 4186 2401 4254 perhibet,
2431 4185 2550 4254 quia
2570 4184 2652 4236 hic
2675 4192 2747 4234 est
2761 4181 2931 4232 Filius
2959 4179 3084 4230 Dei:
3118 4178 3390 4243 utriusque
3419 4188 3511 4228 na—

1973 4284 2106 4330 tura:
2121 4276 2415 4338 veritatem,
2433 4279 2487 4326 ct
2507 4272 2749 4322 humana:
2763 4267 3007 4321 videlicet
3027 4274 3082 4320 et
3099 4264 3308 4328 divinae,
3334 4264 3386 4316 in
3407 4278 3511 4317 una

1973 4364 2262 4430 eademque
2279 4360 2477 4415 Christi
2487 4373 2734 4428 persona,
2750 4356 3025 4410 manifeste
3051 4354 3356 4423 designans.
3380 4352 3513 4408 Eru-

330 4442 756 4510 contemplationi
783 4461 991 4514 semper
1013 4449 1221 4502 oculum
1251 4451 1442 4504 mentis
1472 4451 1744 4508 intendere
1767 4471 1870 4509 non
1897 4428 1944 4485 ί)
1969 4457 2147 4509 bescat
2173 4428 2506 4512 ilanichmus,
2558 4449 2804 4504 audiens:
2846 4445 3117 4507 Venituir.
3178 4445 3512 4501 Conticescat

333 4525 636 4594 suﬁiciunt;
667 4532 759 4585 sed
786 4535 977 4603 smpius
1010 4535 1150 4591 hunc
1184 4539 1249 4603 ad
1279 4548 1500 4594 terrena:
1534 4558 1714 4595 curam
1747 4547 1870 4597 con-

333 4617 650 4670 versationis
685 4619 958 4678 inﬁectunt
984 4643 997 4678 :
1027 4627 1081 4701 in
1110 4642 1292 4682 eorum
1334 4630 1514 4698 procul
1561 4632 1720 4687 dubio
1759 4649 1873 4690 cor-

334 4705 491 4759 dibus
533 4706 758 4773 Spiritus
804 4709 1084 4778 aliquando
1127 4722 1284 4779 venit,
1326 4719 1607 4786 aliquando
1649 4721 1867 4776 recedit.

340 4795 489 4850 Unde
513 4795 709 4849 dictum
742 4807 843 4860 est,
880 4789 1124 4868 Spiritus,
1157 4805 1243 4857 ubi
1269 4806 1394 4870 uult,
1422 4811 1604 4878 spirat,
1634 4821 1681 4864 et
1705 4829 1869 4866 uocem

333 4886 446 4954 ejus
483 4887 651 4949 audis,
689 4888 776 4942 sed
817 4907 920 4943 non
940 4892 1058 4955 scis,
1093 4894 1225 4945 unde
1245 4898 1427 4961 vernat,
1482 4908 1530 4951 et
1571 4917 1670 4969 quo
1717 4903 1868 4956 vadat

334 4972 515 5042 (Joan.
541 4992 622 5039 nr,
645 4977 719 5047 8).
749 4980 902 5034 Venit
930 4982 1119 5052 quippe
1143 4984 1206 5037 ad
1228 4996 1456 5054 sanctos,
1498 4991 1640 5044 vadit
1677 5007 1705 5043 a
1750 5009 1870 5047 san-

334 5060 437 5115 ctis
459 5059 704 5130 Spiritus,
745 5075 802 5119 ut
829 5083 984 5135 quem
1033 5085 1232 5140 semper
1264 5074 1500 5145 [habere]
1547 5077 1716 5133 idonei
1768 5085 1869 5137 non

335 5158 477 5213 sunt,
534 5151 650 5218 ejus
669 5167 764 5220 per
789 5163 1030 5225 tempora
1074 5163 1339 5215 redeuntis
1368 5167 1552 5219 crebra
1594 5168 1706 5223 luce
1754 5174 1870 5226 reﬁ-

334 5240 560 5293 ciantur.
579 5243 632 5294 In
650 5244 760 5297 solo
783 5254 957 5299 autem
981 5252 1268 5306 mediatore
1291 5253 1379 5306 Dei
1408 5263 1462 5308 et
1488 5257 1755 5312 hominum
1778 5263 1871 5315 ho-

337 5330 475 5384 mine
495 5330 620 5387 Jesu
641 5333 850 5388 Christo
873 5333 1102 5404 Spiritus
1124 5351 1374 5409 perpetuo
1394 5347 1650 5398 veraciter
1671 5357 1864 5409 manet,

337 5421 390 5474 in
411 5437 515 5491 quo
548 5438 643 5477 nec
669 5426 893 5480 sordida:
919 5428 1254 5497 cogitationis
1283 5435 1559 5494 maculam,
1600 5451 1754 5502 quam
1787 5452 1866 5489 re-

1972 4544 2242 4603 Photinus,
2266 4541 2514 4596 audiens:
2545 4538 2641 4591 llic
2663 4548 2735 4591 est
2768 4537 2934 4592 Filius
2955 4536 3069 4591 Dei.
3086 4536 3335 4594 .Audiant
3362 4549 3510 4588 man-

1973 4633 2105 4689 sueti
2128 4633 2472 4694 etlmtentur,
2517 4631 2639 4699 quia
2667 4629 2811 4682 venit
2856 4627 2944 4680 vir.
2964 4636 3081 4696 post
3106 4626 3381 4688 Joannem,
3406 4625 3513 4676 for—

1973 4724 2075 4776 tior
2096 4721 2315 4786 Joanne,
2371 4722 2462 4790 qui
2493 4720 2725 4788 baptizat
2750 4719 2802 4772 in
2832 4717 3029 4787 Spiritu
3056 4725 3257 4778 sancto,
3303 4724 3356 4767 et
3383 4713 3507 4780 quia

1973 4813 2059 4868 hic
2079 4822 2160 4866 est
2186 4812 2350 4866 Filius
2392 4812 2502 4868 Dei.
2542 4811 2671 4879 Quia
2696 4811 2834 4865 enim
2870 4824 2962 4879 per
3007 4807 3298 4874 superbiam
3338 4818 3508 4858 reces-

1973 4901 2138 4955 simus
2159 4915 2342 4956 omnes
2363 4915 2393 4953 a
2419 4900 2543 4964 Deo,
2571 4898 2735 4952 Filius
2759 4899 2850 4950 Dei
2880 4912 2974 4964 per
2996 4893 3405 4947 misericordiam
3435 4892 3510 4945 fa-

1974 4999 2090 5043 ctus
2116 4997 2196 5043 est
2221 4990 2398 5051 homo,
2429 4995 2485 5040 ut
2512 4987 2648 5039 idem
2683 4987 2792 5050 ipse
2815 4992 2866 5034 et
2885 4995 2980 5049 per
3007 4979 3330 5034 divinitatem
3365 4980 3508 5038 Patri

1976 5085 2029 5130 et
2049 5092 2143 5146 per
2163 5076 2540 5130 humanitatem
2571 5077 2883 5138 congrueret
2904 5069 3084 5132 nobis;
3125 5085 3187 5124 ac
3213 5084 3307 5136 per
3326 5069 3509 5120 huma-

1977 5168 2194 5220 nitatem
2233 5163 2395 5217 nostri
2421 5161 2647 5214 similem
2676 5174 2772 5227 pro
2794 5159 2945 5213 nobis
2994 5174 3110 5214 cum
3139 5159 3289 5211 hoste
3327 5155 3508 5219 conﬁis

1976 5270 2116 5322 gere,
2135 5268 2229 5321 per
2247 5249 2569 5303 divinitatem
2592 5248 2732 5302 Patri
2750 5247 3262 5307 consubstantialem,
3290 5245 3354 5297 ad
3373 5245 3508 5298 ima-

1973 5343 2146 5409 ginem
2164 5354 2260 5393 nos
2282 5339 2372 5392 Dei
2399 5347 2452 5392 et
2477 5339 2889 5401 similitudinem,
2916 5351 3068 5404 quam
3087 5335 3348 5402 peccando
3375 5336 3513 5389 arui-

1975 5431 2157 5494 simus,
2203 5436 2381 5500 posset
2409 5430 2561 5498 digne
2586 5443 2850 5489 recreare;
2895 5424 3127 5495 [ωηεν
3167 5433 3388 5480 mortem
3415 5439 3515 5491 ne:

409 5624 434 5654 ⁸
472 5611 637 5666 Beda:
674 5614 843 5667 Μίίηστ
867 5630 1076 5683 “MP”.
1119 5627 1170 5667 νη
1200 5614 1389 5684 possint
1412 5619 1588 5672 habere
1623 5624 1867 5685 rirtutem,
1906 5643 2002 5694 qua
2033 5625 2329 5677 mirabiliter
2353 5623 2444 5690 ipsi
2479 5623 2655 5673 uiuant.
