  <div class='ocr_page' id='page_1' title='image "/cluster/home/n/w/nwhite01/storage/ocr_20150623/100/uva.x000827058/387.png"; bbox 0 0 4230 6194; ppageno 0'>
   <div class='ocr_carea' id='block_1_1' title="bbox 525 1668 2236 1744">
    <p class='ocr_par' dir='ltr' id='par_1_1' title="bbox 525 1668 2236 1744">
     <span class='ocr_line' id='line_1_1' title="bbox 525 1668 2236 1744; baseline -0.007 -16"><span class='ocrx_word' id='word_1_1' title='bbox 525 1716 530 1720; x_wconf 85' lang='grc'>.</span> <span class='ocrx_word' id='word_1_2' title='bbox 681 1687 956 1744; x_wconf 76' lang='lat' dir='ltr'><strong>p.-t&#39;cutere</strong></span> <span class='ocrx_word' id='word_1_3' title='bbox 987 1690 1099 1726; x_wconf 75' lang='lat' dir='ltr'><strong>“non</strong></span> <span class='ocrx_word' id='word_1_4' title='bbox 1125 1675 1268 1725; x_wconf 90' lang='lat' dir='ltr'><strong>sinit.</strong></span> <span class='ocrx_word' id='word_1_5' title='bbox 1329 1673 1455 1729; x_wconf 64' lang='lat' dir='ltr'><strong>Ecce</strong></span> <span class='ocrx_word' id='word_1_6' title='bbox 1478 1685 1642 1738; x_wconf 84' lang='lat' dir='ltr'><strong>agnus</strong></span> <span class='ocrx_word' id='word_1_7' title='bbox 1668 1668 1783 1719; x_wconf 83' lang='lat' dir='ltr'><strong>Dei.</strong></span> <span class='ocrx_word' id='word_1_8' title='bbox 2147 1742 2150 1743; x_wconf 12' lang='grc' dir='ltr'><em>ν</em></span> <span class='ocrx_word' id='word_1_9' title='bbox 2234 1714 2236 1716; x_wconf 76' lang='grc'>,</span> 
     </span>
    </p>
   </div>
   <div class='ocr_carea' id='block_1_2' title="bbox 603 1739 2308 1824">
    <p class='ocr_par' dir='ltr' id='par_1_2' title="bbox 603 1739 2308 1824">
     <span class='ocr_line' id='line_1_2' title="bbox 603 1739 2308 1824; baseline -0.011 0"><span class='ocrx_word' id='word_1_10' title='bbox 603 1751 605 1753; x_wconf 21' lang='grc' dir='ltr'><strong>Ι</strong></span> <span class='ocrx_word' id='word_1_11' title='bbox 681 1739 694 1744; x_wconf 34' lang='grc'>⁷</span> <span class='ocrx_word' id='word_1_12' title='bbox 753 1770 910 1822; x_wconf 66' lang='lat' dir='ltr'><strong>Vens.</strong></span> <span class='ocrx_word' id='word_1_13' title='bbox 938 1767 1023 1820; x_wconf 77' lang='lat'><strong>37.</strong></span> <span class='ocrx_word' id='word_1_14' title='bbox 1051 1771 1118 1804; x_wconf 64' lang='lat'><strong>&#39;——</strong></span> <span class='ocrx_word' id='word_1_15' title='bbox 1149 1765 1212 1817; x_wconf 75' lang='grc' dir='ltr'><strong>ΕΙ</strong></span> <span class='ocrx_word' id='word_1_16' title='bbox 1270 1765 1543 1816; x_wconf 75' lang='lat' dir='ltr'><strong>mulierum</strong></span> <span class='ocrx_word' id='word_1_17' title='bbox 1572 1777 1685 1812; x_wconf 81' lang='lat' dir='ltr'><strong>cum</strong></span> <span class='ocrx_word' id='word_1_18' title='bbox 1735 1757 2002 1824; x_wconf 70' lang='lat' dir='ltr'><strong>discipuli.</strong></span> <span class='ocrx_word' id='word_1_19' title='bbox 2059 1742 2235 1818; x_wconf 85' lang='lat' dir='ltr'><strong>Quare</strong></span> <span class='ocrx_word' id='word_1_20' title='bbox 2269 1739 2308 1794; x_wconf 77' lang='grc' dir='ltr'><strong>Β</strong></span> 
     </span>
    </p>
   </div>
   <div class='ocr_carea' id='block_1_3' title="bbox 687 307 831 380">
    <p class='ocr_par' dir='ltr' id='par_1_3' title="bbox 687 307 831 380">
     <span class='ocr_line' id='line_1_3' title="bbox 687 307 831 380; baseline -0.035 1"><span class='ocrx_word' id='word_1_21' title='bbox 687 307 831 380; x_wconf 78' lang='lat'><strong>759</strong></span> 
     </span>
    </p>
   </div>
   <div class='ocr_carea' id='block_1_4' title="bbox 1523 297 3025 374">
    <p class='ocr_par' dir='ltr' id='par_1_4' title="bbox 1523 297 3025 374">
     <span class='ocr_line' id='line_1_4' title="bbox 1523 297 3025 374; baseline -0.005 0"><span class='ocrx_word' id='word_1_22' title='bbox 1523 325 1576 374; x_wconf 75' lang='grc' dir='ltr'><strong>Β.</strong></span> <span class='ocrx_word' id='word_1_23' title='bbox 1620 324 1677 374; x_wconf 70' lang='grc' dir='ltr'><strong>ιε.</strong></span> <span class='ocrx_word' id='word_1_24' title='bbox 1717 319 1932 371; x_wconf 75' lang='lat' dir='ltr'><strong>A-LBINI</strong></span> <span class='ocrx_word' id='word_1_25' title='bbox 1973 318 2096 370; x_wconf 68' lang='lat' dir='ltr'><strong>seu</strong></span> <span class='ocrx_word' id='word_1_26' title='bbox 2139 297 2411 368; x_wconf 69' lang='lat' dir='ltr'><strong>ALL&#39;L&#39;th</strong></span> <span class='ocrx_word' id='word_1_27' title='bbox 2440 315 2713 368; x_wconf 74' lang='lat' dir='ltr'><strong>oecuuu</strong></span> <span class='ocrx_word' id='word_1_28' title='bbox 2760 314 2930 367; x_wconf 66' lang='lat' dir='ltr'><strong>PARS</strong></span> <span class='ocrx_word' id='word_1_29' title='bbox 2969 311 3025 366; x_wconf 83' lang='grc' dir='ltr'>ιι.</span> 
     </span>
    </p>
   </div>
   <div class='ocr_carea' id='block_1_5' title="bbox 3769 316 3865 369">
    <p class='ocr_par' dir='ltr' id='par_1_5' title="bbox 3769 316 3865 369">
     <span class='ocr_line' id='line_1_5' title="bbox 3769 316 3865 369; baseline -0.01 0"><span class='ocrx_word' id='word_1_30' title='bbox 3769 316 3865 369; x_wconf 79' lang='lat'><strong>760</strong></span> 
     </span>
    </p>
   </div>
   <div class='ocr_carea' id='block_1_6' title="bbox 686 411 3874 507">
    <p class='ocr_par' dir='ltr' id='par_1_6' title="bbox 686 411 3874 507">
     <span class='ocr_line' id='line_1_6' title="bbox 686 411 3874 507; baseline 0.006 -43"><span class='ocrx_word' id='word_1_31' title='bbox 686 452 808 492; x_wconf 56' lang='grc' dir='ltr'><strong>ειη,</strong></span> <span class='ocrx_word' id='word_1_32' title='bbox 838 429 1134 507; x_wconf 43' lang='lat' dir='ltr'><strong>fragium“;-</strong></span> <span class='ocrx_word' id='word_1_33' title='bbox 1160 440 1454 490; x_wconf 63' lang='lat' dir='ltr'><strong>destrueret</strong></span> <span class='ocrx_word' id='word_1_34' title='bbox 1483 451 1600 487; x_wconf 83' lang='lat' dir='ltr'><strong>eum</strong></span> <span class='ocrx_word' id='word_1_35' title='bbox 1646 433 1732 501; x_wconf 82' lang='lat' dir='ltr'><strong>qui</strong></span> <span class='ocrx_word' id='word_1_36' title='bbox 1767 431 1992 483; x_wconf 72' lang='lat' dir='ltr'><strong>habebat</strong></span> <span class='ocrx_word' id='word_1_37' title='bbox 2042 426 2226 480; x_wconf 85' lang='lat' dir='ltr'><strong>mortis</strong></span> <span class='ocrx_word' id='word_1_38' title='bbox 2257 427 2298 482; x_wconf 74' lang='grc' dir='ltr'><strong>Α</strong></span> <span class='ocrx_word' id='word_1_39' title='bbox 2334 425 2435 477; x_wconf 76' lang='lat' dir='ltr'><strong>Vos</strong></span> <span class='ocrx_word' id='word_1_40' title='bbox 2479 411 2654 478; x_wconf 83' lang='lat' dir='ltr'><strong>autem</strong></span> <span class='ocrx_word' id='word_1_41' title='bbox 2681 465 2694 486; x_wconf 90' lang='lat'><strong>,</strong></span> <span class='ocrx_word' id='word_1_42' title='bbox 2744 425 2831 492; x_wconf 88' lang='lat' dir='ltr'><strong>qtti</strong></span> <span class='ocrx_word' id='word_1_43' title='bbox 2880 424 3120 491; x_wconf 73' lang='lat' dir='ltr'><strong>discipuli</strong></span> <span class='ocrx_word' id='word_1_44' title='bbox 3176 424 3304 476; x_wconf 79' lang='lat' dir='ltr'><strong>estis</strong></span> <span class='ocrx_word' id='word_1_45' title='bbox 3355 425 3571 479; x_wconf 83' lang='lat' dir='ltr'><strong>Joannis</strong></span> <span class='ocrx_word' id='word_1_46' title='bbox 3605 467 3618 490; x_wconf 92' lang='lat'><strong>,</strong></span> <span class='ocrx_word' id='word_1_47' title='bbox 3666 434 3756 495; x_wconf 85' lang='lat' dir='ltr'><strong>qui</strong></span> <span class='ocrx_word' id='word_1_48' title='bbox 3809 446 3874 488; x_wconf 77' lang='lat' dir='ltr'><strong>ex</strong></span> 
     </span>
    </p>
   </div>
   <div class='ocr_carea' id='block_1_7' title="bbox 688 519 2256 598">
    <p class='ocr_par' dir='ltr' id='par_1_7' title="bbox 688 519 2256 598">
     <span class='ocr_line' id='line_1_7' title="bbox 688 519 2256 598; baseline -0.013 -14"><span class='ocrx_word' id='word_1_49' title='bbox 688 519 985 598; x_wconf 68' lang='lat' dir='ltr'><strong>imperium,</strong></span> <span class='ocrx_word' id='word_1_50' title='bbox 1015 537 1071 582; x_wconf 84' lang='lat' dir='ltr'><strong>ct</strong></span> <span class='ocrx_word' id='word_1_51' title='bbox 1099 543 1192 596; x_wconf 84' lang='lat' dir='ltr'><strong>per</strong></span> <span class='ocrx_word' id='word_1_52' title='bbox 1215 526 1586 594; x_wconf 82' lang='lat' dir='ltr'><strong>iutpassibilem</strong></span> <span class='ocrx_word' id='word_1_53' title='bbox 1616 539 1721 576; x_wconf 83' lang='lat' dir='ltr'><strong>stt-.c</strong></span> <span class='ocrx_word' id='word_1_54' title='bbox 1744 519 2030 573; x_wconf 81' lang='lat' dir='ltr'><strong>divinitatis</strong></span> <span class='ocrx_word' id='word_1_55' title='bbox 2051 527 2256 584; x_wconf 72' lang='lat' dir='ltr'><strong>poten-~</strong></span> 
     </span>
    </p>
   </div>
   <div class='ocr_carea' id='block_1_8' title="bbox 690 611 2190 676">
    <p class='ocr_par' dir='ltr' id='par_1_8' title="bbox 690 611 2190 676">
     <span class='ocr_line' id='line_1_8' title="bbox 690 611 2190 676; baseline -0.013 -5"><span class='ocrx_word' id='word_1_56' title='bbox 690 621 813 672; x_wconf 90' lang='lat' dir='ltr'><strong>tiam</strong></span> <span class='ocrx_word' id='word_1_57' title='bbox 846 611 1219 670; x_wconf 80' lang='lat' dir='ltr'><strong>reconciliaret&quot;</strong></span> <span class='ocrx_word' id='word_1_58' title='bbox 1235 630 1328 668; x_wconf 87' lang='lat' dir='ltr'><strong>nos</strong></span> <span class='ocrx_word' id='word_1_59' title='bbox 1363 615 1466 665; x_wconf 77' lang='lat' dir='ltr'><strong>lico</strong></span> <span class='ocrx_word' id='word_1_60' title='bbox 1491 611 1642 662; x_wconf 64' lang='lat' dir='ltr'><strong>l&#39;atri&#39;</strong></span> <span class='ocrx_word' id='word_1_61' title='bbox 1663 622 1705 661; x_wconf 77' lang='grc' dir='ltr'><strong>η.</strong></span> <span class='ocrx_word' id='word_1_62' title='bbox 1747 629 1763 658; x_wconf 78' lang='grc' dir='ltr'><strong>ι</strong></span> <span class='ocrx_word' id='word_1_63' title='bbox 1993 627 1998 636; x_wconf 90' lang='grc'>·</span> <span class='ocrx_word' id='word_1_64' title='bbox 2187 673 2190 676; x_wconf 13' lang='grc' dir='ltr'><strong>Α</strong></span> 
     </span>
    </p>
   </div>
   <div class='ocr_carea' id='block_1_9' title="bbox 757 691 2229 764">
    <p class='ocr_par' dir='ltr' id='par_1_9' title="bbox 757 691 2229 764">
     <span class='ocr_line' id='line_1_9' title="bbox 757 691 2229 764; baseline -0.011 -4"><span class='ocrx_word' id='word_1_65' title='bbox 757 691 912 760; x_wconf 60' lang='lat' dir='ltr'><strong>Vens.</strong></span> <span class='ocrx_word' id='word_1_66' title='bbox 941 705 1028 760; x_wconf 73' lang='lat'><strong>35.</strong></span> <span class='ocrx_word' id='word_1_67' title='bbox 1055 734 1122 744; x_wconf 91' lang='lat'><strong>—</strong></span> <span class='ocrx_word' id='word_1_68' title='bbox 1150 702 1346 758; x_wconf 72' lang='grc' dir='ltr'>ειαὺιιιι</span> <span class='ocrx_word' id='word_1_69' title='bbox 1368 703 1591 754; x_wconf 68' lang='lat' dir='ltr'><strong>Joannes</strong></span> <span class='ocrx_word' id='word_1_70' title='bbox 1629 710 1674 750; x_wconf 83' lang='lat' dir='ltr'><strong>et</strong></span> <span class='ocrx_word' id='word_1_71' title='bbox 1717 711 1777 749; x_wconf 75' lang='lat' dir='ltr'><strong>cr</strong></span> <span class='ocrx_word' id='word_1_72' title='bbox 1821 696 2086 764; x_wconf 78' lang='lat' dir='ltr'><strong>discipulis</strong></span> <span class='ocrx_word' id='word_1_73' title='bbox 2120 695 2229 760; x_wconf 83' lang='lat' dir='ltr'><strong>ejus</strong></span> 
     </span>
    </p>
   </div>
   <div class='ocr_carea' id='block_1_10' title="bbox 684 781 2231 855">
    <p class='ocr_par' dir='ltr' id='par_1_10' title="bbox 684 781 2231 855">
     <span class='ocr_line' id='line_1_10' title="bbox 684 781 2231 855; baseline -0.008 -12"><span class='ocrx_word' id='word_1_74' title='bbox 684 793 819 849; x_wconf 75' lang='lat' dir='ltr'><strong>duo.</strong></span> <span class='ocrx_word' id='word_1_75' title='bbox 862 789 1046 843; x_wconf 81' lang='lat' dir='ltr'><strong>Stabat</strong></span> <span class='ocrx_word' id='word_1_76' title='bbox 1083 789 1338 845; x_wconf 71' lang='lat' dir='ltr'><strong>Joannes,</strong></span> <span class='ocrx_word' id='word_1_77' title='bbox 1369 787 1491 855; x_wconf 87' lang='lat' dir='ltr'><strong>quia</strong></span> <span class='ocrx_word' id='word_1_78' title='bbox 1518 784 1765 838; x_wconf 86' lang='lat' dir='ltr'><strong>credebat</strong></span> <span class='ocrx_word' id='word_1_79' title='bbox 1797 784 1846 834; x_wconf 92' lang='lat' dir='ltr'><strong>in</strong></span> <span class='ocrx_word' id='word_1_80' title='bbox 1875 781 2091 834; x_wconf 73' lang='lat' dir='ltr'><strong>Domino</strong></span> <span class='ocrx_word' id='word_1_81' title='bbox 2111 819 2125 838; x_wconf 86' lang='lat'><strong>,</strong></span> <span class='ocrx_word' id='word_1_82' title='bbox 2179 789 2231 831; x_wconf 86' lang='lat' dir='ltr'><strong>et</strong></span> 
     </span>
    </p>
   </div>
   <div class='ocr_carea' id='block_1_11' title="bbox 685 865 2231 946">
    <p class='ocr_par' dir='ltr' id='par_1_11' title="bbox 685 865 2231 946">
     <span class='ocr_line' id='line_1_11' title="bbox 685 865 2231 946; baseline -0.008 -16"><span class='ocrx_word' id='word_1_83' title='bbox 685 881 794 933; x_wconf 68' lang='lat' dir='ltr'><strong>dtt&#39;u&#39;</strong></span> <span class='ocrx_word' id='word_1_84' title='bbox 813 895 878 932; x_wconf 74' lang='lat' dir='ltr'><strong>ex</strong></span> <span class='ocrx_word' id='word_1_85' title='bbox 908 879 1174 946; x_wconf 72' lang='lat' dir='ltr'><strong>discipulis</strong></span> <span class='ocrx_word' id='word_1_86' title='bbox 1201 877 1341 944; x_wconf 80' lang='lat' dir='ltr'><strong>ejus;</strong></span> <span class='ocrx_word' id='word_1_87' title='bbox 1401 877 1577 928; x_wconf 80' lang='lat' dir='ltr'><strong>statim</strong></span> <span class='ocrx_word' id='word_1_88' title='bbox 1605 873 1744 925; x_wconf 81' lang='lat' dir='ltr'><strong>enim’</strong></span> <span class='ocrx_word' id='word_1_89' title='bbox 1774 865 2131 930; x_wconf 66' lang='lat' dir='ltr'><strong>crediderunt,</strong></span> <span class='ocrx_word' id='word_1_90' title='bbox 2179 877 2231 919; x_wconf 87' lang='lat' dir='ltr'><strong>ct</strong></span> 
     </span>
    </p>
   </div>
   <div class='ocr_carea' id='block_1_12' title="bbox 685 966 1604 1023">
    <p class='ocr_par' dir='ltr' id='par_1_12' title="bbox 685 966 1604 1023">
     <span class='ocr_line' id='line_1_12' title="bbox 685 966 1604 1023; baseline -0.009 -1"><span class='ocrx_word' id='word_1_91' title='bbox 685 971 848 1023; x_wconf 70' lang='lat' dir='ltr'><strong>secuti</strong></span> <span class='ocrx_word' id='word_1_92' title='bbox 871 978 990 1021; x_wconf 89' lang='lat' dir='ltr'><strong>sunt</strong></span> <span class='ocrx_word' id='word_1_93' title='bbox 1021 967 1199 1019; x_wconf 82' lang='lat' dir='ltr'><strong>Jcsum</strong></span> <span class='ocrx_word' id='word_1_94' title='bbox 1228 966 1604 1018; x_wconf 84' lang='lat' dir='ltr'><strong>ambulantem.</strong></span> 
     </span>
    </p>
   </div>
   <div class='ocr_carea' id='block_1_13' title="bbox 746 1045 2227 1118">
    <p class='ocr_par' dir='ltr' id='par_1_13' title="bbox 746 1045 2227 1118">
     <span class='ocr_line' id='line_1_13' title="bbox 746 1045 2227 1118; baseline -0.009 -11"><span class='ocrx_word' id='word_1_95' title='bbox 746 1056 923 1107; x_wconf 45' lang='lat' dir='ltr'><strong>‘\&#39;t:tts.&#39;</strong></span> <span class='ocrx_word' id='word_1_96' title='bbox 1080 1082 1147 1092; x_wconf 91' lang='lat'><strong>——</strong></span> <span class='ocrx_word' id='word_1_97' title='bbox 1187 1052 1253 1104; x_wconf 76' lang='grc' dir='ltr'>1ιί</span> <span class='ocrx_word' id='word_1_98' title='bbox 1313 1053 1578 1118; x_wconf 75' lang='lat' dir='ltr'><strong>respiciens</strong></span> <span class='ocrx_word' id='word_1_99' title='bbox 1619 1049 1795 1100; x_wconf 80' lang='lat' dir='ltr'><strong>Jesum</strong></span> <span class='ocrx_word' id='word_1_100' title='bbox 1866 1045 2227 1098; x_wconf 68' lang='lat' dir='ltr'><strong>ambulantem.</strong></span> 
     </span>
    </p>
   </div>
   <div class='ocr_carea' id='block_1_14' title="bbox 689 1138 2234 1210">
    <p class='ocr_par' dir='ltr' id='par_1_14' title="bbox 689 1138 2234 1210">
     <span class='ocr_line' id='line_1_14' title="bbox 689 1138 2234 1210; baseline -0.008 -13"><span class='ocrx_word' id='word_1_101' title='bbox 689 1142 1180 1210; x_wconf 63' lang='lat' dir='ltr'><strong>lit-bemuSsingula</strong></span> <span class='ocrx_word' id='word_1_102' title='bbox 1198 1140 1593 1208; x_wconf 83' lang='lat' dir='ltr'><strong>Scripturarnm</strong></span> <span class='ocrx_word' id='word_1_103' title='bbox 1611 1139 1766 1187; x_wconf 84' lang='lat' dir='ltr'><strong>verba</strong></span> <span class='ocrx_word' id='word_1_104' title='bbox 1792 1138 2039 1192; x_wconf 83' lang='lat' dir='ltr'><strong>tractare,</strong></span> <span class='ocrx_word' id='word_1_105' title='bbox 2071 1147 2234 1199; x_wconf 79' lang='lat' dir='ltr'><strong>quare</strong></span> 
     </span>
    </p>
   </div>
   <div class='ocr_carea' id='block_1_15' title="bbox 679 1221 2233 1291">
    <p class='ocr_par' dir='ltr' id='par_1_15' title="bbox 679 1221 2233 1291">
     <span class='ocr_line' id='line_1_15' title="bbox 679 1221 2233 1291; baseline -0.009 -8"><span class='ocrx_word' id='word_1_106' title='bbox 679 1229 706 1283; x_wconf 68' lang='grc' dir='ltr'><strong>ι</strong></span> <span class='ocrx_word' id='word_1_107' title='bbox 730 1246 911 1284; x_wconf 74' lang='lat' dir='ltr'><strong>iannes</strong></span> <span class='ocrx_word' id='word_1_108' title='bbox 939 1241 1108 1291; x_wconf 83' lang='lat' dir='ltr'><strong>stans,</strong></span> <span class='ocrx_word' id='word_1_109' title='bbox 1137 1239 1188 1280; x_wconf 86' lang='lat' dir='ltr'><strong>et</strong></span> <span class='ocrx_word' id='word_1_110' title='bbox 1221 1227 1375 1280; x_wconf 71' lang='lat' dir='ltr'><strong>Jesus</strong></span> <span class='ocrx_word' id='word_1_111' title='bbox 1423 1227 1698 1280; x_wconf 77' lang='lat' dir='ltr'><strong>ambulans</strong></span> <span class='ocrx_word' id='word_1_112' title='bbox 1736 1223 1928 1274; x_wconf 80' lang='lat' dir='ltr'><strong>dicitur</strong></span> <span class='ocrx_word' id='word_1_113' title='bbox 1956 1239 1967 1272; x_wconf 89' lang='lat'>:</span> <span class='ocrx_word' id='word_1_114' title='bbox 2003 1221 2066 1272; x_wconf 74' lang='lat' dir='ltr'><strong>Et</strong></span> <span class='ocrx_word' id='word_1_115' title='bbox 2099 1222 2233 1287; x_wconf 64' lang='lat' dir='ltr'><strong>aspi—</strong></span> 
     </span>
    </p>
   </div>
   <div class='ocr_carea' id='block_1_16' title="bbox 681 1311 2228 1381">
    <p class='ocr_par' dir='ltr' id='par_1_16' title="bbox 681 1311 2228 1381">
     <span class='ocr_line' id='line_1_16' title="bbox 681 1311 2228 1381; baseline -0.01 -5"><span class='ocrx_word' id='word_1_116' title='bbox 681 1328 816 1377; x_wconf 54' lang='lat' dir='ltr'><strong>ciens</strong></span> <span class='ocrx_word' id='word_1_117' title='bbox 841 1323 1017 1376; x_wconf 79' lang='lat' dir='ltr'><strong>Jcsuut</strong></span> <span class='ocrx_word' id='word_1_118' title='bbox 1041 1322 1407 1379; x_wconf 72' lang='lat' dir='ltr'><strong>ambulantem,</strong></span> <span class='ocrx_word' id='word_1_119' title='bbox 1459 1319 1611 1369; x_wconf 79' lang='lat' dir='ltr'><strong>dicit:</strong></span> <span class='ocrx_word' id='word_1_120' title='bbox 1645 1315 1774 1367; x_wconf 72' lang='lat' dir='ltr'><strong>Ecce</strong></span> <span class='ocrx_word' id='word_1_121' title='bbox 1795 1329 1956 1381; x_wconf 79' lang='lat' dir='ltr'><strong>agnus</strong></span> <span class='ocrx_word' id='word_1_122' title='bbox 1985 1311 2098 1362; x_wconf 88' lang='lat' dir='ltr'><strong>Dei.</strong></span> <span class='ocrx_word' id='word_1_123' title='bbox 2125 1311 2228 1362; x_wconf 75' lang='lat' dir='ltr'><strong>Lex</strong></span> 
     </span>
    </p>
   </div>
   <div class='ocr_carea' id='block_1_17' title="bbox 681 1400 2232 1475">
    <p class='ocr_par' dir='ltr' id='par_1_17' title="bbox 681 1400 2232 1475">
     <span class='ocr_line' id='line_1_17' title="bbox 681 1400 2232 1475; baseline -0.01 -11"><span class='ocrx_word' id='word_1_124' title='bbox 681 1414 771 1465; x_wconf 86' lang='lat' dir='ltr'><strong>dat</strong></span> <span class='ocrx_word' id='word_1_125' title='bbox 795 1411 1160 1468; x_wconf 76' lang='lat' dir='ltr'><strong>testinttutiuin</strong></span> <span class='ocrx_word' id='word_1_126' title='bbox 1183 1427 1214 1459; x_wconf 75' lang='grc' dir='ltr'><strong>ε’</strong></span> <span class='ocrx_word' id='word_1_127' title='bbox 1246 1423 1367 1460; x_wconf 82' lang='lat' dir='ltr'><strong>cccc</strong></span> <span class='ocrx_word' id='word_1_128' title='bbox 1403 1422 1569 1475; x_wconf 74' lang='lat' dir='ltr'><strong>agnus</strong></span> <span class='ocrx_word' id='word_1_129' title='bbox 1594 1404 1706 1466; x_wconf 79' lang='lat' dir='ltr'><strong>Dei,</strong></span> <span class='ocrx_word' id='word_1_130' title='bbox 1734 1418 1900 1469; x_wconf 81' lang='lat' dir='ltr'><strong>agnus</strong></span> <span class='ocrx_word' id='word_1_131' title='bbox 1926 1400 2232 1452; x_wconf 73' lang='lat' dir='ltr'><strong>im&#39;nacnlzt—</strong></span> 
     </span>
    </p>
   </div>
   <div class='ocr_carea' id='block_1_18' title="bbox 684 1486 2229 1569">
    <p class='ocr_par' dir='ltr' id='par_1_18' title="bbox 684 1486 2229 1569">
     <span class='ocr_line' id='line_1_18' title="bbox 684 1486 2229 1569; baseline -0.012 -15"><span class='ocrx_word' id='word_1_132' title='bbox 684 1515 790 1564; x_wconf 86' lang='lat' dir='ltr'><strong>ttts,</strong></span> <span class='ocrx_word' id='word_1_133' title='bbox 814 1486 980 1569; x_wconf 75' lang='lat' dir='ltr'><strong>agnus</strong></span> <span class='ocrx_word' id='word_1_134' title='bbox 1010 1497 1308 1558; x_wconf 82' lang='lat' dir='ltr'><strong>a-tuticttlus,</strong></span> <span class='ocrx_word' id='word_1_135' title='bbox 1337 1503 1500 1564; x_wconf 76' lang='lat' dir='ltr'><strong>agnus</strong></span> <span class='ocrx_word' id='word_1_136' title='bbox 1523 1495 1608 1560; x_wconf 88' lang='lat' dir='ltr'><strong>qtti</strong></span> <span class='ocrx_word' id='word_1_137' title='bbox 1639 1493 1767 1544; x_wconf 80' lang='lat' dir='ltr'><strong>tollit</strong></span> <span class='ocrx_word' id='word_1_138' title='bbox 1794 1497 2008 1557; x_wconf 83' lang='lat' dir='ltr'><strong>peccata</strong></span> <span class='ocrx_word' id='word_1_139' title='bbox 2029 1487 2229 1548; x_wconf 88' lang='lat' dir='ltr'><strong>mundi,</strong></span> 
     </span>
    </p>
   </div>
   <div class='ocr_carea' id='block_1_19' title="bbox 682 1575 2232 1666">
    <p class='ocr_par' dir='ltr' id='par_1_19' title="bbox 682 1575 2232 1662">
     <span class='ocr_line' id='line_1_19' title="bbox 682 1575 2232 1662; baseline -0.01 -20"><span class='ocrx_word' id='word_1_140' title='bbox 682 1591 963 1662; x_wconf 74' lang='lat' dir='ltr'><strong>agnusqtti</strong></span> <span class='ocrx_word' id='word_1_141' title='bbox 1019 1581 1726 1650; x_wconf 61' lang='lat' dir='ltr'><strong>estermiuatorem:Egypti</strong></span> <span class='ocrx_word' id='word_1_142' title='bbox 1779 1577 2026 1648; x_wconf 79' lang='lat' dir='ltr'><strong>pupulum</strong></span> <span class='ocrx_word' id='word_1_143' title='bbox 2076 1575 2232 1628; x_wconf 81' lang='lat' dir='ltr'><strong>lsrael</strong></span> 
     </span>
    </p>
   </div>
   <div class='ocr_carea' id='block_1_20' title="bbox 681 1845 2238 1922">
    <p class='ocr_par' dir='ltr' id='par_1_20' title="bbox 681 1845 2238 1922">
     <span class='ocr_line' id='line_1_20' title="bbox 681 1845 2238 1922; baseline -0.008 -17"><span class='ocrx_word' id='word_1_144' title='bbox 681 1859 845 1911; x_wconf 70' lang='lat' dir='ltr'><strong>voluit</strong></span> <span class='ocrx_word' id='word_1_145' title='bbox 887 1856 1082 1914; x_wconf 83' lang='lat' dir='ltr'><strong>dicere,</strong></span> <span class='ocrx_word' id='word_1_146' title='bbox 1123 1854 1287 1922; x_wconf 76' lang='lat' dir='ltr'><strong>ecce?</strong></span> <span class='ocrx_word' id='word_1_147' title='bbox 1323 1853 1543 1916; x_wconf 77' lang='lat' dir='ltr'><strong>Quando</strong></span> <span class='ocrx_word' id='word_1_148' title='bbox 1590 1850 1783 1902; x_wconf 86' lang='lat' dir='ltr'><strong>dicitur</strong></span> <span class='ocrx_word' id='word_1_149' title='bbox 1807 1863 1937 1908; x_wconf 79' lang='lat' dir='ltr'><strong>erce,</strong></span> <span class='ocrx_word' id='word_1_150' title='bbox 1981 1845 2238 1913; x_wconf 82' lang='lat' dir='ltr'><strong>quodam-</strong></span> 
     </span>
    </p>
   </div>
   <div class='ocr_carea' id='block_1_21' title="bbox 683 1934 2236 2011">
    <p class='ocr_par' dir='ltr' id='par_1_21' title="bbox 683 1934 2236 2011">
     <span class='ocr_line' id='line_1_21' title="bbox 683 1934 2236 2011; baseline -0.008 -13"><span class='ocrx_word' id='word_1_151' title='bbox 683 1948 838 1998; x_wconf 74' lang='lat' dir='ltr'><strong>modo</strong></span> <span class='ocrx_word' id='word_1_152' title='bbox 873 1946 959 1998; x_wconf 85' lang='lat' dir='ltr'><strong>ille</strong></span> <span class='ocrx_word' id='word_1_153' title='bbox 983 1945 1073 2011; x_wconf 85' lang='lat' dir='ltr'><strong>qui</strong></span> <span class='ocrx_word' id='word_1_154' title='bbox 1105 1942 1424 2002; x_wconf 84' lang='lat' dir='ltr'><strong>ostenditur,</strong></span> <span class='ocrx_word' id='word_1_155' title='bbox 1459 1940 1623 2008; x_wconf 81' lang='lat' dir='ltr'><strong>digito</strong></span> <span class='ocrx_word' id='word_1_156' title='bbox 1646 1939 2059 1991; x_wconf 85' lang='lat' dir='ltr'><strong>demonstratur.</strong></span> <span class='ocrx_word' id='word_1_157' title='bbox 2100 1934 2236 1986; x_wconf 89' lang='lat' dir='ltr'><strong>Dicit</strong></span> 
     </span>
    </p>
   </div>
   <div class='ocr_carea' id='block_1_22' title="bbox 678 2025 2236 2104">
    <p class='ocr_par' dir='ltr' id='par_1_22' title="bbox 678 2025 2236 2104">
     <span class='ocr_line' id='line_1_22' title="bbox 678 2025 2236 2104; baseline -0.004 -18"><span class='ocrx_word' id='word_1_158' title='bbox 678 2052 806 2104; x_wconf 72' lang='lat' dir='ltr'><strong>ergo</strong></span> <span class='ocrx_word' id='word_1_159' title='bbox 829 2035 898 2088; x_wconf 90' lang='lat' dir='ltr'><strong>ad</strong></span> <span class='ocrx_word' id='word_1_160' title='bbox 938 2027 1222 2102; x_wconf 70' lang='lat' dir='ltr'><strong>discipulus</strong></span> <span class='ocrx_word' id='word_1_161' title='bbox 1249 2047 1404 2086; x_wconf 87' lang='lat' dir='ltr'><strong>suos:</strong></span> <span class='ocrx_word' id='word_1_162' title='bbox 1441 2030 1577 2096; x_wconf 90' lang='lat' dir='ltr'><strong>Qttid</strong></span> <span class='ocrx_word' id='word_1_163' title='bbox 1607 2045 1689 2083; x_wconf 89' lang='lat' dir='ltr'><strong>me</strong></span> <span class='ocrx_word' id='word_1_164' title='bbox 1736 2028 2053 2096; x_wconf 79' lang='lat' dir='ltr'><strong>sequimini?</strong></span> <span class='ocrx_word' id='word_1_165' title='bbox 2100 2025 2236 2091; x_wconf 85' lang='lat' dir='ltr'><strong>Quid</strong></span> 
     </span>
    </p>
   </div>
   <div class='ocr_carea' id='block_1_23' title="bbox 683 2115 2235 2192">
    <p class='ocr_par' dir='ltr' id='par_1_23' title="bbox 683 2115 2235 2192">
     <span class='ocr_line' id='line_1_23' title="bbox 683 2115 2235 2192; baseline -0.008 -15"><span class='ocrx_word' id='word_1_166' title='bbox 683 2141 766 2178; x_wconf 85' lang='lat' dir='ltr'><strong>nte</strong></span> <span class='ocrx_word' id='word_1_167' title='bbox 789 2119 982 2192; x_wconf 79' lang='lat' dir='ltr'><strong>putatis</strong></span> <span class='ocrx_word' id='word_1_168' title='bbox 1009 2123 1318 2192; x_wconf 80' lang='lat' dir='ltr'><strong>magistrum</strong></span> <span class='ocrx_word' id='word_1_169' title='bbox 1345 2121 1579 2177; x_wconf 84' lang='lat' dir='ltr'><strong>habere?</strong></span> <span class='ocrx_word' id='word_1_170' title='bbox 1602 2117 1731 2172; x_wconf 83' lang='lat' dir='ltr'><strong>Ecce</strong></span> <span class='ocrx_word' id='word_1_171' title='bbox 1755 2133 1918 2186; x_wconf 81' lang='lat' dir='ltr'><strong>agnus</strong></span> <span class='ocrx_word' id='word_1_172' title='bbox 1938 2117 2058 2167; x_wconf 70' lang='lat' dir='ltr'><strong>&#39;Dci.</strong></span> <span class='ocrx_word' id='word_1_173' title='bbox 2086 2115 2235 2166; x_wconf 78' lang='lat' dir='ltr'><strong>Illum</strong></span> 
     </span>
    </p>
   </div>
   <div class='ocr_carea' id='block_1_24' title="bbox 680 2202 2232 2284">
    <p class='ocr_par' dir='ltr' id='par_1_24' title="bbox 680 2202 2232 2284">
     <span class='ocr_line' id='line_1_24' title="bbox 680 2202 2232 2284; baseline -0.011 -14"><span class='ocrx_word' id='word_1_174' title='bbox 680 2215 979 2284; x_wconf 64' lang='lat' dir='ltr'><strong>Sequimini,</strong></span> <span class='ocrx_word' id='word_1_175' title='bbox 1013 2213 1156 2268; x_wconf 90' lang='lat' dir='ltr'><strong>illum</strong></span> <span class='ocrx_word' id='word_1_176' title='bbox 1186 2222 1393 2282; x_wconf 82' lang='lat' dir='ltr'><strong>Oportet</strong></span> <span class='ocrx_word' id='word_1_177' title='bbox 1423 2225 1684 2270; x_wconf 84' lang='lat' dir='ltr'><strong>crescere,</strong></span> <span class='ocrx_word' id='word_1_178' title='bbox 1718 2223 1799 2260; x_wconf 90' lang='lat' dir='ltr'><strong>me</strong></span> <span class='ocrx_word' id='word_1_179' title='bbox 1848 2217 2022 2260; x_wconf 84' lang='lat' dir='ltr'><strong>autem</strong></span> <span class='ocrx_word' id='word_1_180' title='bbox 2047 2202 2232 2256; x_wconf 88' lang='lat' dir='ltr'><strong>minui.</strong></span> 
     </span>
    </p>
   </div>
   <div class='ocr_carea' id='block_1_25' title="bbox 683 2299 2236 2373">
    <p class='ocr_par' dir='ltr' id='par_1_25' title="bbox 683 2299 2236 2373">
     <span class='ocr_line' id='line_1_25' title="bbox 683 2299 2236 2373; baseline -0.006 -14"><span class='ocrx_word' id='word_1_181' title='bbox 683 2306 846 2360; x_wconf 54' lang='lat' dir='ltr'><strong>Scuto</strong></span> <span class='ocrx_word' id='word_1_182' title='bbox 867 2305 1182 2373; x_wconf 70' lang='lat' dir='ltr'><strong>prudentum</strong></span> <span class='ocrx_word' id='word_1_183' title='bbox 1203 2320 1322 2355; x_wconf 88' lang='lat' dir='ltr'><strong>cunt</strong></span> <span class='ocrx_word' id='word_1_184' title='bbox 1352 2303 1439 2370; x_wconf 89' lang='lat' dir='ltr'><strong>qui</strong></span> <span class='ocrx_word' id='word_1_185' title='bbox 1475 2301 1748 2362; x_wconf 90' lang='lat' dir='ltr'><strong>minuitur,</strong></span> <span class='ocrx_word' id='word_1_186' title='bbox 1768 2299 2028 2365; x_wconf 87' lang='lat' dir='ltr'><strong>sequitur,</strong></span> <span class='ocrx_word' id='word_1_187' title='bbox 2066 2305 2117 2348; x_wconf 84' lang='lat' dir='ltr'><strong>et</strong></span> <span class='ocrx_word' id='word_1_188' title='bbox 2153 2311 2236 2351; x_wconf 84' lang='lat' dir='ltr'><strong>re-</strong></span> 
     </span>
    </p>
   </div>
   <div class='ocr_carea' id='block_1_26' title="bbox 684 2387 2238 2464">
    <p class='ocr_par' dir='ltr' id='par_1_26' title="bbox 684 2387 2238 2464">
     <span class='ocr_line' id='line_1_26' title="bbox 684 2387 2238 2464; baseline -0.005 -17"><span class='ocrx_word' id='word_1_189' title='bbox 684 2396 1011 2464; x_wconf 80' lang='lat' dir='ltr'><strong>linquitenm</strong></span> <span class='ocrx_word' id='word_1_190' title='bbox 1051 2394 1139 2463; x_wconf 86' lang='lat' dir='ltr'><strong>qui</strong></span> <span class='ocrx_word' id='word_1_191' title='bbox 1167 2393 1376 2446; x_wconf 91' lang='lat' dir='ltr'><strong>crcscit.</strong></span> <span class='ocrx_word' id='word_1_192' title='bbox 1420 2392 1484 2449; x_wconf 80' lang='lat' dir='ltr'><strong>Et</strong></span> <span class='ocrx_word' id='word_1_193' title='bbox 1519 2387 2055 2461; x_wconf 87' lang='lat' dir='ltr'><strong>audierttn&#39;teumduo</strong></span> <span class='ocrx_word' id='word_1_194' title='bbox 2083 2388 2238 2441; x_wconf 88' lang='lat' dir='ltr'><strong>disci-</strong></span> 
     </span>
    </p>
   </div>
   <div class='ocr_carea' id='block_1_27' title="bbox 683 2475 2238 2553">
    <p class='ocr_par' dir='ltr' id='par_1_27' title="bbox 683 2475 2238 2553">
     <span class='ocr_line' id='line_1_27' title="bbox 683 2475 2238 2553; baseline -0.003 -17"><span class='ocrx_word' id='word_1_195' title='bbox 683 2486 788 2552; x_wconf 86' lang='lat' dir='ltr'><strong>puli</strong></span> <span class='ocrx_word' id='word_1_196' title='bbox 818 2484 1119 2553; x_wconf 77' lang='lat' dir='ltr'><strong>loqucutem</strong></span> <span class='ocrx_word' id='word_1_197' title='bbox 1151 2483 1493 2552; x_wconf 74' lang='lat' dir='ltr'><strong>magistrum:</strong></span> <span class='ocrx_word' id='word_1_198' title='bbox 1540 2479 1775 2549; x_wconf 70' lang='lat' dir='ltr'><strong>Magistri</strong></span> <span class='ocrx_word' id='word_1_199' title='bbox 1804 2475 2082 2546; x_wconf 86' lang='lat' dir='ltr'><strong>imperium</strong></span> <span class='ocrx_word' id='word_1_200' title='bbox 2116 2488 2238 2531; x_wconf 80' lang='lat' dir='ltr'><strong>stitit</strong></span> 
     </span>
    </p>
   </div>
   <div class='ocr_carea' id='block_1_28' title="bbox 682 2570 2233 2634">
    <p class='ocr_par' dir='ltr' id='par_1_28' title="bbox 682 2570 2233 2634">
     <span class='ocr_line' id='line_1_28' title="bbox 682 2570 2233 2634; baseline -0.004 -6"><span class='ocrx_word' id='word_1_201' title='bbox 682 2576 870 2630; x_wconf 77' lang='lat' dir='ltr'><strong>secuti.</strong></span> <span class='ocrx_word' id='word_1_202' title='bbox 909 2575 1286 2628; x_wconf 83' lang='lat' dir='ltr'><strong>Testimonium</strong></span> <span class='ocrx_word' id='word_1_203' title='bbox 1322 2572 1542 2625; x_wconf 84' lang='lat' dir='ltr'><strong>Joannis</strong></span> <span class='ocrx_word' id='word_1_204' title='bbox 1571 2571 1698 2623; x_wconf 89' lang='lat' dir='ltr'><strong>ﬁdes</strong></span> <span class='ocrx_word' id='word_1_205' title='bbox 1731 2579 1813 2622; x_wconf 91' lang='lat' dir='ltr'><strong>cst</strong></span> <span class='ocrx_word' id='word_1_206' title='bbox 1840 2570 2233 2634; x_wconf 87' lang='lat' dir='ltr'><strong>discipulorum.</strong></span> 
     </span>
    </p>
   </div>
   <div class='ocr_carea' id='block_1_29' title="bbox 683 2658 2240 2733">
    <p class='ocr_par' dir='ltr' id='par_1_29' title="bbox 683 2658 2240 2733">
     <span class='ocr_line' id='line_1_29' title="bbox 683 2658 2240 2733; baseline -0.004 -16"><span class='ocrx_word' id='word_1_207' title='bbox 683 2665 750 2717; x_wconf 77' lang='lat' dir='ltr'><strong>Et</strong></span> <span class='ocrx_word' id='word_1_208' title='bbox 775 2665 935 2718; x_wconf 85' lang='lat' dir='ltr'><strong>secuti</strong></span> <span class='ocrx_word' id='word_1_209' title='bbox 965 2671 1082 2716; x_wconf 85' lang='lat' dir='ltr'><strong>sunt</strong></span> <span class='ocrx_word' id='word_1_210' title='bbox 1108 2663 1304 2715; x_wconf 83' lang='lat' dir='ltr'><strong>Jesum.</strong></span> <span class='ocrx_word' id='word_1_211' title='bbox 1348 2661 1639 2733; x_wconf 82' lang='lat' dir='ltr'><strong>Sequentes</strong></span> <span class='ocrx_word' id='word_1_212' title='bbox 1661 2658 1859 2724; x_wconf 79' lang='lat' dir='ltr'><strong>Jcsum,</strong></span> <span class='ocrx_word' id='word_1_213' title='bbox 1917 2660 2240 2728; x_wconf 86' lang='lat' dir='ltr'><strong>reliquerunt</strong></span> 
     </span>
    </p>
   </div>
   <div class='ocr_carea' id='block_1_30' title="bbox 680 2749 2235 2820">
    <p class='ocr_par' dir='ltr' id='par_1_30' title="bbox 680 2749 2235 2820">
     <span class='ocr_line' id='line_1_30' title="bbox 680 2749 2235 2820; baseline -0.005 -13"><span class='ocrx_word' id='word_1_214' title='bbox 680 2751 969 2818; x_wconf 74' lang='lat' dir='ltr'><strong>Joannem;</strong></span> <span class='ocrx_word' id='word_1_215' title='bbox 1013 2761 1294 2820; x_wconf 88' lang='lat' dir='ltr'><strong>sequentes</strong></span> <span class='ocrx_word' id='word_1_216' title='bbox 1325 2752 1684 2819; x_wconf 77' lang='lat' dir='ltr'><strong>Evangelittm,</strong></span> <span class='ocrx_word' id='word_1_217' title='bbox 1712 2750 1901 2818; x_wconf 79' lang='lat' dir='ltr'><strong>Legem</strong></span> <span class='ocrx_word' id='word_1_218' title='bbox 1925 2749 2235 2802; x_wconf 85' lang='lat' dir='ltr'><strong>amiserunt.</strong></span> 
     </span>
    </p>
   </div>
   <div class='ocr_carea' id='block_1_31' title="bbox 687 2840 2240 2916">
    <p class='ocr_par' dir='ltr' id='par_1_31' title="bbox 687 2840 2240 2916">
     <span class='ocr_line' id='line_1_31' title="bbox 687 2840 2240 2916; baseline -0.003 -19"><span class='ocrx_word' id='word_1_219' title='bbox 687 2846 776 2897; x_wconf 73' lang='lat' dir='ltr'><strong>Sic</strong></span> <span class='ocrx_word' id='word_1_220' title='bbox 830 2853 1004 2898; x_wconf 87' lang='lat' dir='ltr'><strong>tamen</strong></span> <span class='ocrx_word' id='word_1_221' title='bbox 1056 2845 1223 2898; x_wconf 80' lang='lat' dir='ltr'><strong>secuti</strong></span> <span class='ocrx_word' id='word_1_222' title='bbox 1275 2854 1394 2895; x_wconf 86' lang='lat' dir='ltr'><strong>sunt</strong></span> <span class='ocrx_word' id='word_1_223' title='bbox 1435 2842 1795 2909; x_wconf 75' lang='lat' dir='ltr'><strong>Evangelium,</strong></span> <span class='ocrx_word' id='word_1_224' title='bbox 1853 2849 1910 2916; x_wconf 87' lang='lat' dir='ltr'><strong>ut</strong></span> <span class='ocrx_word' id='word_1_225' title='bbox 1941 2840 2240 2893; x_wconf 82' lang='lat' dir='ltr'><strong>testimonio</strong></span> 
     </span>
    </p>
   </div>
   <div class='ocr_carea' id='block_1_32' title="bbox 687 2931 2239 3002">
    <p class='ocr_par' dir='ltr' id='par_1_32' title="bbox 687 2931 2239 3002">
     <span class='ocr_line' id='line_1_32' title="bbox 687 2931 2239 3002; baseline -0.001 -16"><span class='ocrx_word' id='word_1_226' title='bbox 687 2943 962 2987; x_wconf 83' lang='lat' dir='ltr'><strong>uterentur</strong></span> <span class='ocrx_word' id='word_1_227' title='bbox 991 2949 1020 2987; x_wconf 68' lang='grc' dir='ltr'><em>σε</em></span> <span class='ocrx_word' id='word_1_228' title='bbox 1049 2934 1202 3002; x_wconf 62' lang='lat' dir='ltr'><strong>Lege.</strong></span> <span class='ocrx_word' id='word_1_229' title='bbox 1253 2933 1538 2985; x_wconf 73' lang='lat' dir='ltr'><strong>Conuersus</strong></span> <span class='ocrx_word' id='word_1_230' title='bbox 1585 2943 1750 2983; x_wconf 81' lang='lat' dir='ltr'><strong>autent</strong></span> <span class='ocrx_word' id='word_1_231' title='bbox 1776 2931 1948 2995; x_wconf 74' lang='lat' dir='ltr'><strong>Iesus,</strong></span> <span class='ocrx_word' id='word_1_232' title='bbox 1992 2941 2037 2984; x_wconf 90' lang='lat' dir='ltr'><strong>ct</strong></span> <span class='ocrx_word' id='word_1_233' title='bbox 2068 2932 2239 2984; x_wconf 79' lang='lat' dir='ltr'><strong>ridens</strong></span> 
     </span>
    </p>
   </div>
   <div class='ocr_carea' id='block_1_33' title="bbox 2331 509 3877 579">
    <p class='ocr_par' dir='ltr' id='par_1_33' title="bbox 2331 509 3877 579">
     <span class='ocr_line' id='line_1_33' title="bbox 2331 509 3877 579; baseline 0.007 -17"><span class='ocrx_word' id='word_1_234' title='bbox 2331 511 2444 578; x_wconf 88' lang='lat' dir='ltr'><strong>ipso</strong></span> <span class='ocrx_word' id='word_1_235' title='bbox 2471 515 2683 565; x_wconf 89' lang='lat' dir='ltr'><strong>nomine</strong></span> <span class='ocrx_word' id='word_1_236' title='bbox 2718 509 3100 564; x_wconf 81' lang='lat' dir='ltr'><strong>confessionem</strong></span> <span class='ocrx_word' id='word_1_237' title='bbox 3135 521 3365 564; x_wconf 75' lang='lat' dir='ltr'><strong>vestram</strong></span> <span class='ocrx_word' id='word_1_238' title='bbox 3395 513 3787 579; x_wconf 84' lang='lat' dir='ltr'><strong>demonstratis,</strong></span> <span class='ocrx_word' id='word_1_239' title='bbox 3821 530 3877 573; x_wconf 79' lang='lat' dir='ltr'><strong>et</strong></span> 
     </span>
    </p>
   </div>
   <div class='ocr_carea' id='block_1_34' title="bbox 2271 597 3874 675">
    <p class='ocr_par' dir='ltr' id='par_1_34' title="bbox 2271 597 3874 675">
     <span class='ocr_line' id='line_1_34' title="bbox 2271 597 3874 675; baseline 0.003 -24"><span class='ocrx_word' id='word_1_240' title='bbox 2271 671 2275 675; x_wconf 26' lang='grc' dir='ltr'><em>ι</em></span> <span class='ocrx_word' id='word_1_241' title='bbox 2332 599 2533 652; x_wconf 88' lang='lat' dir='ltr'><strong>dicitis:</strong></span> <span class='ocrx_word' id='word_1_242' title='bbox 2567 598 2742 661; x_wconf 83' lang='lat' dir='ltr'><strong>Rubbi,</strong></span> <span class='ocrx_word' id='word_1_243' title='bbox 2765 599 2933 650; x_wconf 87' lang='lat' dir='ltr'><strong>venite</strong></span> <span class='ocrx_word' id='word_1_244' title='bbox 2959 607 3011 650; x_wconf 92' lang='lat' dir='ltr'><strong>et</strong></span> <span class='ocrx_word' id='word_1_245' title='bbox 3042 598 3209 651; x_wconf 85' lang='lat' dir='ltr'><strong>videte</strong></span> <span class='ocrx_word' id='word_1_246' title='bbox 3237 597 3361 668; x_wconf 76' lang='grc' dir='ltr'><strong>[Με.</strong></span> <span class='ocrx_word' id='word_1_247' title='bbox 3383 599 3506 652; x_wconf 87' lang='lat' dir='ltr'><strong>add.</strong></span> <span class='ocrx_word' id='word_1_248' title='bbox 3529 601 3619 654; x_wconf 89' lang='lat' dir='ltr'><strong>ubi</strong></span> <span class='ocrx_word' id='word_1_249' title='bbox 3643 602 3874 674; x_wconf 86' lang='lat' dir='ltr'><strong>maneo].</strong></span> 
     </span>
    </p>
   </div>
   <div class='ocr_carea' id='block_1_35' title="bbox 2410 688 3879 759">
    <p class='ocr_par' dir='ltr' id='par_1_35' title="bbox 2410 688 3879 759">
     <span class='ocr_line' id='line_1_35' title="bbox 2410 688 3879 759; baseline 0.004 -19"><span class='ocrx_word' id='word_1_250' title='bbox 2410 689 2662 742; x_wconf 72' lang='lat' dir='ltr'><strong>Venerunt</strong></span> <span class='ocrx_word' id='word_1_251' title='bbox 2679 700 2725 741; x_wconf 83' lang='lat' dir='ltr'><strong>et</strong></span> <span class='ocrx_word' id='word_1_252' title='bbox 2749 689 2978 740; x_wconf 67' lang='lat' dir='ltr'><strong>viderunt</strong></span> <span class='ocrx_word' id='word_1_253' title='bbox 3003 688 3088 738; x_wconf 86' lang='lat' dir='ltr'><strong>ubi</strong></span> <span class='ocrx_word' id='word_1_254' title='bbox 3113 699 3356 751; x_wconf 81' lang='lat' dir='ltr'><strong>maneret,</strong></span> <span class='ocrx_word' id='word_1_255' title='bbox 3378 698 3424 740; x_wconf 87' lang='lat' dir='ltr'><strong>et</strong></span> <span class='ocrx_word' id='word_1_256' title='bbox 3446 691 3583 759; x_wconf 87' lang='lat' dir='ltr'><strong>apud</strong></span> <span class='ocrx_word' id='word_1_257' title='bbox 3611 708 3723 745; x_wconf 85' lang='lat' dir='ltr'><strong>cum</strong></span> <span class='ocrx_word' id='word_1_258' title='bbox 3736 711 3879 746; x_wconf 84' lang='lat' dir='ltr'><strong>man-</strong></span> 
     </span>
    </p>
   </div>
   <div class='ocr_carea' id='block_1_36' title="bbox 2329 776 3878 854">
    <p class='ocr_par' dir='ltr' id='par_1_36' title="bbox 2329 776 3878 854">
     <span class='ocr_line' id='line_1_36' title="bbox 2329 776 3878 854; baseline 0 -22"><span class='ocrx_word' id='word_1_259' title='bbox 2329 789 2502 832; x_wconf 80' lang='lat' dir='ltr'><strong>serunt</strong></span> <span class='ocrx_word' id='word_1_260' title='bbox 2532 778 2740 830; x_wconf 83' lang='lat' dir='ltr'><strong>dieillo.</strong></span> <span class='ocrx_word' id='word_1_261' title='bbox 2803 776 2932 843; x_wconf 86' lang='lat' dir='ltr'><strong>Quia</strong></span> <span class='ocrx_word' id='word_1_262' title='bbox 2958 776 3257 837; x_wconf 76' lang='lat' dir='ltr'><strong>credebant,</strong></span> <span class='ocrx_word' id='word_1_263' title='bbox 3300 791 3404 830; x_wconf 91' lang='lat' dir='ltr'><strong>non</strong></span> <span class='ocrx_word' id='word_1_264' title='bbox 3449 779 3501 854; x_wconf 87' lang='lat' dir='ltr'><strong>in</strong></span> <span class='ocrx_word' id='word_1_265' title='bbox 3546 789 3700 834; x_wconf 87' lang='lat' dir='ltr'><strong>nocte</strong></span> <span class='ocrx_word' id='word_1_266' title='bbox 3726 796 3878 832; x_wconf 89' lang='lat' dir='ltr'><strong>man-</strong></span> 
     </span>
    </p>
   </div>
   <div class='ocr_carea' id='block_1_37' title="bbox 2329 865 3879 930">
    <p class='ocr_par' dir='ltr' id='par_1_37' title="bbox 2329 865 3879 930">
     <span class='ocr_line' id='line_1_37' title="bbox 2329 865 3879 930; baseline 0.001 -10"><span class='ocrx_word' id='word_1_267' title='bbox 2329 875 2533 928; x_wconf 90' lang='lat' dir='ltr'><strong>serunt,</strong></span> <span class='ocrx_word' id='word_1_268' title='bbox 2556 867 2646 920; x_wconf 89' lang='lat' dir='ltr'><strong>sed</strong></span> <span class='ocrx_word' id='word_1_269' title='bbox 2671 867 2722 918; x_wconf 91' lang='lat' dir='ltr'><strong>in</strong></span> <span class='ocrx_word' id='word_1_270' title='bbox 2738 867 2849 919; x_wconf 80' lang='lat' dir='ltr'><strong>die.</strong></span> <span class='ocrx_word' id='word_1_271' title='bbox 2892 865 3003 919; x_wconf 69' lang='lat' dir='ltr'><strong>No‘x</strong></span> <span class='ocrx_word' id='word_1_272' title='bbox 3031 866 3116 919; x_wconf 89' lang='lat' dir='ltr'><strong>illa</strong></span> <span class='ocrx_word' id='word_1_273' title='bbox 3140 866 3383 919; x_wconf 82' lang='lat' dir='ltr'><strong>tenebras</strong></span> <span class='ocrx_word' id='word_1_274' title='bbox 3405 881 3507 920; x_wconf 87' lang='lat' dir='ltr'><strong>non</strong></span> <span class='ocrx_word' id='word_1_275' title='bbox 3533 867 3774 930; x_wconf 80' lang='lat' dir='ltr'><strong>habebat,</strong></span> <span class='ocrx_word' id='word_1_276' title='bbox 3790 869 3879 922; x_wconf 88' lang='lat' dir='ltr'><strong>ubi</strong></span> 
     </span>
    </p>
   </div>
   <div class='ocr_carea' id='block_1_38' title="bbox 2331 952 3880 1020">
    <p class='ocr_par' dir='ltr' id='par_1_38' title="bbox 2331 952 3880 1020">
     <span class='ocr_line' id='line_1_38' title="bbox 2331 952 3880 1020; baseline -0.001 -12"><span class='ocrx_word' id='word_1_277' title='bbox 2331 963 2445 1008; x_wconf 88' lang='lat' dir='ltr'><strong>crat</strong></span> <span class='ocrx_word' id='word_1_278' title='bbox 2475 954 2603 1007; x_wconf 86' lang='lat' dir='ltr'><strong>ﬁdes</strong></span> <span class='ocrx_word' id='word_1_279' title='bbox 2633 954 2743 1006; x_wconf 84' lang='lat' dir='ltr'><strong>veri</strong></span> <span class='ocrx_word' id='word_1_280' title='bbox 2782 954 3011 1006; x_wconf 89' lang='lat' dir='ltr'><strong>luminis.</strong></span> <span class='ocrx_word' id='word_1_281' title='bbox 3064 952 3128 1004; x_wconf 80' lang='lat' dir='ltr'><strong>Et</strong></span> <span class='ocrx_word' id='word_1_282' title='bbox 3165 953 3303 1020; x_wconf 88' lang='lat' dir='ltr'><strong>apttd</strong></span> <span class='ocrx_word' id='word_1_283' title='bbox 3341 969 3456 1004; x_wconf 82' lang='lat' dir='ltr'><strong>eum</strong></span> <span class='ocrx_word' id='word_1_284' title='bbox 3482 965 3774 1007; x_wconf 83' lang='lat' dir='ltr'><strong>manserunt</strong></span> <span class='ocrx_word' id='word_1_285' title='bbox 3795 955 3880 1007; x_wconf 74' lang='lat' dir='ltr'><strong>dte</strong></span> 
     </span>
    </p>
   </div>
   <div class='ocr_carea' id='block_1_39' title="bbox 2332 1041 3880 1112">
    <p class='ocr_par' dir='ltr' id='par_1_39' title="bbox 2332 1041 3880 1112">
     <span class='ocr_line' id='line_1_39' title="bbox 2332 1041 3880 1112; baseline 0.003 -19"><span class='ocrx_word' id='word_1_286' title='bbox 2332 1043 2442 1094; x_wconf 90' lang='lat' dir='ltr'><strong>illo.</strong></span> <span class='ocrx_word' id='word_1_287' title='bbox 2485 1041 2630 1093; x_wconf 76' lang='lat' dir='ltr'><strong>&quot;ora</strong></span> <span class='ocrx_word' id='word_1_288' title='bbox 2659 1052 2767 1094; x_wconf 82' lang='lat' dir='ltr'><strong>erat</strong></span> <span class='ocrx_word' id='word_1_289' title='bbox 2793 1043 2941 1110; x_wconf 84' lang='lat' dir='ltr'><strong>quasi</strong></span> <span class='ocrx_word' id='word_1_290' title='bbox 2960 1043 3178 1094; x_wconf 80' lang='lat' dir='ltr'><strong>decima.</strong></span> <span class='ocrx_word' id='word_1_291' title='bbox 3241 1041 3313 1094; x_wconf 76' lang='lat' dir='ltr'><strong>Ex</strong></span> <span class='ocrx_word' id='word_1_292' title='bbox 3341 1042 3478 1112; x_wconf 82' lang='lat' dir='ltr'><strong>Lege</strong></span> <span class='ocrx_word' id='word_1_293' title='bbox 3508 1043 3786 1096; x_wconf 81' lang='lat' dir='ltr'><strong>veniebant</strong></span> <span class='ocrx_word' id='word_1_294' title='bbox 3813 1044 3880 1098; x_wconf 85' lang='lat' dir='ltr'><strong>ad</strong></span> 
     </span>
    </p>
   </div>
   <div class='ocr_carea' id='block_1_40' title="bbox 2333 1131 3886 1206">
    <p class='ocr_par' dir='ltr' id='par_1_40' title="bbox 2333 1131 3886 1206">
     <span class='ocr_line' id='line_1_40' title="bbox 2333 1131 3886 1206; baseline 0.003 -22"><span class='ocrx_word' id='word_1_295' title='bbox 2333 1131 2711 1206; x_wconf 60' lang='lat' dir='ltr'><strong>Evangelium;~</strong></span> <span class='ocrx_word' id='word_1_296' title='bbox 2737 1131 2800 1182; x_wconf 88' lang='lat' dir='ltr'><strong>ad</strong></span> <span class='ocrx_word' id='word_1_297' title='bbox 2830 1131 2982 1206; x_wconf 79' lang='lat' dir='ltr'><strong>ﬁdem</strong></span> <span class='ocrx_word' id='word_1_298' title='bbox 3014 1132 3212 1184; x_wconf 78' lang='lat' dir='ltr'><strong>Christi</strong></span> <span class='ocrx_word' id='word_1_299' title='bbox 3237 1131 3480 1184; x_wconf 86' lang='lat' dir='ltr'><strong>mittebat</strong></span> <span class='ocrx_word' id='word_1_300' title='bbox 3508 1132 3626 1187; x_wconf 91' lang='lat' dir='ltr'><strong>illos</strong></span> <span class='ocrx_word' id='word_1_301' title='bbox 3646 1133 3774 1205; x_wconf 74' lang='lat' dir='ltr'><strong>legis</strong></span> <span class='ocrx_word' id='word_1_302' title='bbox 3798 1133 3886 1188; x_wconf 82' lang='lat' dir='ltr'><strong>de-</strong></span> 
     </span>
    </p>
   </div>
   <div class='ocr_carea' id='block_1_41' title="bbox 2332 1203 3516 1292">
    <p class='ocr_par' dir='ltr' id='par_1_41' title="bbox 2332 1203 3516 1292">
     <span class='ocr_line' id='line_1_41' title="bbox 2332 1203 3516 1292; baseline -0.002 -16"><span class='ocrx_word' id='word_1_303' title='bbox 2332 1222 2567 1292; x_wconf 80' lang='lat' dir='ltr'><strong>calogus,</strong></span> <span class='ocrx_word' id='word_1_304' title='bbox 2593 1223 2681 1291; x_wconf 85' lang='lat' dir='ltr'><strong>qui</strong></span> <span class='ocrx_word' id='word_1_305' title='bbox 2703 1203 2796 1290; x_wconf 74' lang='lat' dir='ltr'><strong>per</strong></span> <span class='ocrx_word' id='word_1_306' title='bbox 2823 1203 3078 1274; x_wconf 80' lang='lat' dir='ltr'><strong>Joatincm</strong></span> <span class='ocrx_word' id='word_1_307' title='bbox 3102 1221 3516 1291; x_wconf 75' lang='lat' dir='ltr'><strong>signiﬁcabatur.</strong></span> 
     </span>
    </p>
   </div>
   <div class='ocr_carea' id='block_1_42' title="bbox 2938 1349 3274 1404">
    <p class='ocr_par' dir='ltr' id='par_1_42' title="bbox 2938 1349 3274 1404">
     <span class='ocr_line' id='line_1_42' title="bbox 2938 1349 3274 1404; baseline -0.012 0"><span class='ocrx_word' id='word_1_308' title='bbox 2938 1349 3159 1404; x_wconf 75' lang='lat' dir='ltr'><strong>CAPUT</strong></span> <span class='ocrx_word' id='word_1_309' title='bbox 3195 1350 3274 1402; x_wconf 80' lang='lat' dir='ltr'><strong>ill.</strong></span> 
     </span>
    </p>
   </div>
   <div class='ocr_carea' id='block_1_43' title="bbox 2337 1431 3881 1513">
    <p class='ocr_par' dir='ltr' id='par_1_43' title="bbox 2337 1431 3881 1513">
     <span class='ocr_line' id='line_1_43' title="bbox 2337 1431 3881 1513; baseline 0.003 -20"><span class='ocrx_word' id='word_1_310' title='bbox 2337 1441 2487 1513; x_wconf 74' lang='lat' dir='ltr'><strong>Quod</strong></span> <span class='ocrx_word' id='word_1_311' title='bbox 2515 1459 2578 1494; x_wconf 78' lang='lat' dir='ltr'><strong>ea:</strong></span> <span class='ocrx_word' id='word_1_312' title='bbox 2601 1442 2800 1494; x_wconf 88' lang='lat' dir='ltr'><strong>duobus</strong></span> <span class='ocrx_word' id='word_1_313' title='bbox 2825 1441 3041 1513; x_wconf 65' lang='lat' dir='ltr'><strong>Joannis</strong></span> <span class='ocrx_word' id='word_1_314' title='bbox 3059 1431 3356 1513; x_wconf 70' lang='lat' dir='ltr'><strong>discipulis,</strong></span> <span class='ocrx_word' id='word_1_315' title='bbox 3369 1442 3456 1513; x_wconf 80' lang='lat' dir='ltr'><strong>qui</strong></span> <span class='ocrx_word' id='word_1_316' title='bbox 3493 1444 3653 1496; x_wconf 80' lang='lat' dir='ltr'><strong>secuti</strong></span> <span class='ocrx_word' id='word_1_317' title='bbox 3680 1443 3881 1510; x_wconf 75' lang='lat' dir='ltr'><strong>fuerant</strong></span> 
     </span>
    </p>
   </div>
   <div class='ocr_carea' id='block_1_44' title="bbox 2405 1510 3881 1577">
    <p class='ocr_par' dir='ltr' id='par_1_44' title="bbox 2405 1510 3881 1577">
     <span class='ocr_line' id='line_1_44' title="bbox 2405 1510 3881 1577; baseline 0.001 -15"><span class='ocrx_word' id='word_1_318' title='bbox 2405 1510 2700 1569; x_wconf 87' lang='lat' dir='ltr'><strong>Dominum,</strong></span> <span class='ocrx_word' id='word_1_319' title='bbox 2739 1526 2869 1561; x_wconf 88' lang='lat' dir='ltr'><strong>unus</strong></span> <span class='ocrx_word' id='word_1_320' title='bbox 2885 1510 3122 1562; x_wconf 59' lang='lat' dir='ltr'><strong>Andreas</strong></span> <span class='ocrx_word' id='word_1_321' title='bbox 3162 1510 3377 1562; x_wconf 78' lang='lat' dir='ltr'><strong>adduxit</strong></span> <span class='ocrx_word' id='word_1_322' title='bbox 3415 1510 3626 1577; x_wconf 75' lang='lat' dir='ltr'><strong>fratrem</strong></span> <span class='ocrx_word' id='word_1_323' title='bbox 3649 1528 3796 1564; x_wconf 83' lang='lat' dir='ltr'><strong>suum</strong></span> <span class='ocrx_word' id='word_1_324' title='bbox 3816 1514 3881 1564; x_wconf 87' lang='lat' dir='ltr'><strong>ad</strong></span> 
     </span>
    </p>
   </div>
   <div class='ocr_carea' id='block_1_45' title="bbox 2404 1577 3880 1648">
    <p class='ocr_par' dir='ltr' id='par_1_45' title="bbox 2404 1577 3880 1648">
     <span class='ocr_line' id='line_1_45' title="bbox 2404 1577 3880 1648; baseline 0.002 -18"><span class='ocrx_word' id='word_1_325' title='bbox 2404 1579 2604 1639; x_wconf 83' lang='lat' dir='ltr'><strong>Jcsum,</strong></span> <span class='ocrx_word' id='word_1_326' title='bbox 2627 1579 2715 1645; x_wconf 82' lang='lat' dir='ltr'><strong>qui</strong></span> <span class='ocrx_word' id='word_1_327' title='bbox 2751 1577 2932 1648; x_wconf 73' lang='lat' dir='ltr'><strong>Petrus</strong></span> <span class='ocrx_word' id='word_1_328' title='bbox 2969 1578 3031 1648; x_wconf 79' lang='lat' dir='ltr'><strong>ab</strong></span> <span class='ocrx_word' id='word_1_329' title='bbox 3075 1579 3182 1648; x_wconf 87' lang='lat' dir='ltr'><strong>ipso</strong></span> <span class='ocrx_word' id='word_1_330' title='bbox 3218 1588 3560 1648; x_wconf 68' lang='lat' dir='ltr'><strong>nuncupatur.</strong></span> <span class='ocrx_word' id='word_1_331' title='bbox 3616 1579 3880 1648; x_wconf 74' lang='lat' dir='ltr'><strong>Philippus</strong></span> 
     </span>
    </p>
   </div>
   <div class='ocr_carea' id='block_1_46' title="bbox 2404 1645 3885 1716">
    <p class='ocr_par' dir='ltr' id='par_1_46' title="bbox 2404 1645 3885 1716">
     <span class='ocr_line' id='line_1_46' title="bbox 2404 1645 3885 1716; baseline 0.002 -18"><span class='ocrx_word' id='word_1_332' title='bbox 2404 1663 2602 1716; x_wconf 78' lang='lat' dir='ltr'><strong>quoque</strong></span> <span class='ocrx_word' id='word_1_333' title='bbox 2630 1645 3404 1716; x_wconf 50' lang='lat' dir='ltr'><strong>cacatusﬁ&#39;atltanaeliindicat.</strong></span> <span class='ocrx_word' id='word_1_334' title='bbox 3455 1645 3556 1716; x_wconf 82' lang='lat' dir='ltr'><strong>Qui</strong></span> <span class='ocrx_word' id='word_1_335' title='bbox 3597 1665 3717 1700; x_wconf 77' lang='lat' dir='ltr'><strong>mox</strong></span> <span class='ocrx_word' id='word_1_336' title='bbox 3754 1645 3885 1701; x_wconf 75' lang='lat' dir='ltr'><strong>inter</strong></span> 
     </span>
    </p>
   </div>
   <div class='ocr_carea' id='block_1_47' title="bbox 2407 1712 3882 1786">
    <p class='ocr_par' dir='ltr' id='par_1_47' title="bbox 2407 1712 3882 1786">
     <span class='ocr_line' id='line_1_47' title="bbox 2407 1712 3882 1786; baseline 0.001 -19"><span class='ocrx_word' id='word_1_337' title='bbox 2407 1712 2588 1767; x_wconf 79' lang='lat' dir='ltr'><strong>ca&#39;tera</strong></span> <span class='ocrx_word' id='word_1_338' title='bbox 2617 1714 2727 1786; x_wconf 10' lang='grc' dir='ltr'><strong>ξυιήὶ</strong></span> <span class='ocrx_word' id='word_1_339' title='bbox 2768 1712 2960 1786; x_wconf 83' lang='lat' dir='ltr'><strong>Filium</strong></span> <span class='ocrx_word' id='word_1_340' title='bbox 3002 1716 3288 1786; x_wconf 79' lang='lat' dir='ltr'><strong>conﬁtetur.</strong></span> <span class='ocrx_word' id='word_1_341' title='bbox 3354 1715 3486 1786; x_wconf 84' lang='lat' dir='ltr'><strong>Hinc</strong></span> <span class='ocrx_word' id='word_1_342' title='bbox 3508 1715 3658 1768; x_wconf 72' lang='lat' dir='ltr'><strong>Iesus</strong></span> <span class='ocrx_word' id='word_1_343' title='bbox 3699 1733 3882 1786; x_wconf 79' lang='lat' dir='ltr'><strong>aquam</strong></span> 
     </span>
    </p>
   </div>
   <div class='ocr_carea' id='block_1_48' title="bbox 2408 1783 3884 1862">
    <p class='ocr_par' dir='ltr' id='par_1_48' title="bbox 2408 1783 3884 1862">
     <span class='ocr_line' id='line_1_48' title="bbox 2408 1783 3884 1862; baseline 0 -26"><span class='ocrx_word' id='word_1_344' title='bbox 2408 1784 2647 1862; x_wconf 77' lang='lat' dir='ltr'><strong>convertit</strong></span> <span class='ocrx_word' id='word_1_345' title='bbox 2697 1785 2752 1835; x_wconf 87' lang='lat' dir='ltr'><strong>in</strong></span> <span class='ocrx_word' id='word_1_346' title='bbox 2803 1783 2971 1834; x_wconf 77' lang='lat' dir='ltr'><strong>riuum</strong></span> <span class='ocrx_word' id='word_1_347' title='bbox 2998 1823 3011 1845; x_wconf 94' lang='lat'><strong>,</strong></span> <span class='ocrx_word' id='word_1_348' title='bbox 3059 1783 3372 1850; x_wconf 80' lang='lat' dir='ltr'><strong>creduntque</strong></span> <span class='ocrx_word' id='word_1_349' title='bbox 3416 1784 3470 1835; x_wconf 90' lang='lat' dir='ltr'><strong>in</strong></span> <span class='ocrx_word' id='word_1_350' title='bbox 3503 1799 3616 1835; x_wconf 80' lang='lat' dir='ltr'><strong>eum</strong></span> <span class='ocrx_word' id='word_1_351' title='bbox 3649 1783 3884 1854; x_wconf 72' lang='lat' dir='ltr'><strong>discipuli</strong></span> 
     </span>
    </p>
   </div>
   <div class='ocr_carea' id='block_1_49' title="bbox 2406 1869 2536 1920">
    <p class='ocr_par' dir='ltr' id='par_1_49' title="bbox 2406 1869 2536 1920">
     <span class='ocr_line' id='line_1_49' title="bbox 2406 1869 2536 1920; baseline 0 -16"><span class='ocrx_word' id='word_1_352' title='bbox 2406 1869 2536 1920; x_wconf 66' lang='lat' dir='ltr'><strong>ejus.</strong></span> 
     </span>
    </p>
   </div>
   <div class='ocr_carea' id='block_1_50' title="bbox 2407 1952 3884 2028">
    <p class='ocr_par' dir='ltr' id='par_1_50' title="bbox 2407 1952 3884 2028">
     <span class='ocr_line' id='line_1_50' title="bbox 2407 1952 3884 2028; baseline 0 -14"><span class='ocrx_word' id='word_1_353' title='bbox 2407 1963 2566 2014; x_wconf 68' lang='lat' dir='ltr'><strong>Vens.</strong></span> <span class='ocrx_word' id='word_1_354' title='bbox 2606 1960 2691 2013; x_wconf 63' lang='grc'><strong>40.</strong></span> <span class='ocrx_word' id='word_1_355' title='bbox 2734 1952 2799 1998; x_wconf 46' lang='lat'><em>4</em></span> <span class='ocrx_word' id='word_1_356' title='bbox 2839 1959 2966 2012; x_wconf 85' lang='lat' dir='ltr'><strong>Erat</strong></span> <span class='ocrx_word' id='word_1_357' title='bbox 2998 1968 3170 2012; x_wconf 85' lang='lat' dir='ltr'><strong>autem</strong></span> <span class='ocrx_word' id='word_1_358' title='bbox 3198 1959 3430 2012; x_wconf 79' lang='lat' dir='ltr'><strong>Andreas</strong></span> <span class='ocrx_word' id='word_1_359' title='bbox 3469 1961 3631 2028; x_wconf 77' lang='lat' dir='ltr'><strong>frater</strong></span> <span class='ocrx_word' id='word_1_360' title='bbox 3661 1959 3884 2022; x_wconf 69' lang='lat' dir='ltr'><strong>Simonis</strong></span> 
     </span>
    </p>
   </div>
   <div class='ocr_carea' id='block_1_51' title="bbox 2338 2047 3887 2115">
    <p class='ocr_par' dir='ltr' id='par_1_51' title="bbox 2338 2047 3887 2115">
     <span class='ocr_line' id='line_1_51' title="bbox 2338 2047 3887 2115; baseline -0.001 -13"><span class='ocrx_word' id='word_1_361' title='bbox 2338 2049 2508 2111; x_wconf 75' lang='lat' dir='ltr'><strong>Petri,</strong></span> <span class='ocrx_word' id='word_1_362' title='bbox 2531 2064 2663 2100; x_wconf 86' lang='lat' dir='ltr'><strong>unus</strong></span> <span class='ocrx_word' id='word_1_363' title='bbox 2683 2063 2745 2099; x_wconf 77' lang='lat' dir='ltr'><strong>cx</strong></span> <span class='ocrx_word' id='word_1_364' title='bbox 2766 2048 2986 2109; x_wconf 84' lang='lat' dir='ltr'><strong>duobus,</strong></span> <span class='ocrx_word' id='word_1_365' title='bbox 3012 2049 3099 2115; x_wconf 85' lang='lat' dir='ltr'><strong>qui</strong></span> <span class='ocrx_word' id='word_1_366' title='bbox 3121 2047 3393 2100; x_wconf 84' lang='lat' dir='ltr'><strong>audierant</strong></span> <span class='ocrx_word' id='word_1_367' title='bbox 3422 2065 3452 2100; x_wconf 90' lang='lat' dir='ltr'><strong>a</strong></span> <span class='ocrx_word' id='word_1_368' title='bbox 3482 2047 3701 2110; x_wconf 81' lang='lat' dir='ltr'><strong>Joanne,</strong></span> <span class='ocrx_word' id='word_1_369' title='bbox 3739 2058 3784 2100; x_wconf 82' lang='lat' dir='ltr'><strong>et</strong></span> <span class='ocrx_word' id='word_1_370' title='bbox 3809 2065 3887 2102; x_wconf 84' lang='lat' dir='ltr'><strong>sc-</strong></span> 
     </span>
    </p>
   </div>
   <div class='ocr_carea' id='block_1_52' title="bbox 2336 2121 3886 2207">
    <p class='ocr_par' dir='ltr' id='par_1_52' title="bbox 2336 2121 3886 2207">
     <span class='ocr_line' id='line_1_52' title="bbox 2336 2121 3886 2207; baseline 0.003 -18"><span class='ocrx_word' id='word_1_371' title='bbox 2336 2121 2437 2190; x_wconf 46' lang='lat' dir='ltr'><strong>cu‘ti</strong></span> <span class='ocrx_word' id='word_1_372' title='bbox 2463 2137 2824 2204; x_wconf 80' lang='lat' dir='ltr'><strong>fueruntcum.</strong></span> <span class='ocrx_word' id='word_1_373' title='bbox 2893 2137 2947 2188; x_wconf 90' lang='lat' dir='ltr'><strong>In</strong></span> <span class='ocrx_word' id='word_1_374' title='bbox 2999 2136 3098 2188; x_wconf 86' lang='lat' dir='ltr'><strong>ﬁde</strong></span> <span class='ocrx_word' id='word_1_375' title='bbox 3148 2151 3250 2188; x_wconf 91' lang='lat' dir='ltr'><strong>non</strong></span> <span class='ocrx_word' id='word_1_376' title='bbox 3285 2147 3366 2190; x_wconf 91' lang='lat' dir='ltr'><strong>est</strong></span> <span class='ocrx_word' id='word_1_377' title='bbox 3399 2138 3558 2191; x_wconf 88' lang='lat' dir='ltr'><strong>ordo:</strong></span> <span class='ocrx_word' id='word_1_378' title='bbox 3591 2138 3886 2207; x_wconf 71' lang='lat' dir='ltr'><strong>ubicunque</strong></span> 
     </span>
    </p>
   </div>
   <div class='ocr_carea' id='block_1_53' title="bbox 2339 2225 3880 2296">
    <p class='ocr_par' dir='ltr' id='par_1_53' title="bbox 2339 2225 3880 2296">
     <span class='ocr_line' id='line_1_53' title="bbox 2339 2225 3880 2296; baseline 0.003 -19"><span class='ocrx_word' id='word_1_379' title='bbox 2339 2225 2506 2279; x_wconf 88' lang='lat' dir='ltr'><strong>ﬁdelis</strong></span> <span class='ocrx_word' id='word_1_380' title='bbox 2520 2234 2600 2278; x_wconf 92' lang='lat' dir='ltr'><strong>cst</strong></span> <span class='ocrx_word' id='word_1_381' title='bbox 2627 2226 2824 2288; x_wconf 91' lang='lat' dir='ltr'><strong>anima,</strong></span> <span class='ocrx_word' id='word_1_382' title='bbox 2873 2225 2942 2278; x_wconf 91' lang='lat' dir='ltr'><strong>ibi</strong></span> <span class='ocrx_word' id='word_1_383' title='bbox 2971 2240 3229 2280; x_wconf 87' lang='lat' dir='ltr'><strong>annorum</strong></span> <span class='ocrx_word' id='word_1_384' title='bbox 3261 2226 3540 2282; x_wconf 87' lang='lat' dir='ltr'><strong>multitudo</strong></span> <span class='ocrx_word' id='word_1_385' title='bbox 3561 2244 3666 2284; x_wconf 91' lang='lat' dir='ltr'><strong>non</strong></span> <span class='ocrx_word' id='word_1_386' title='bbox 3691 2231 3880 2296; x_wconf 68' lang='lat' dir='ltr'><strong>quaet-i-</strong></span> 
     </span>
    </p>
   </div>
   <div class='ocr_carea' id='block_1_54' title="bbox 2337 2313 3883 2382">
    <p class='ocr_par' dir='ltr' id='par_1_54' title="bbox 2337 2313 3883 2382">
     <span class='ocr_line' id='line_1_54' title="bbox 2337 2313 3883 2382; baseline 0.003 -17"><span class='ocrx_word' id='word_1_387' title='bbox 2337 2322 2442 2376; x_wconf 92' lang='lat' dir='ltr'><strong>tur,</strong></span> <span class='ocrx_word' id='word_1_388' title='bbox 2473 2329 2568 2366; x_wconf 89' lang='lat' dir='ltr'><strong>nec</strong></span> <span class='ocrx_word' id='word_1_389' title='bbox 2597 2313 2852 2382; x_wconf 89' lang='lat' dir='ltr'><strong>paucitas.</strong></span> <span class='ocrx_word' id='word_1_390' title='bbox 2894 2314 3130 2366; x_wconf 76' lang='lat' dir='ltr'><strong>Andreas</strong></span> <span class='ocrx_word' id='word_1_391' title='bbox 3157 2315 3328 2368; x_wconf 90' lang='lat' dir='ltr'><strong>minor</strong></span> <span class='ocrx_word' id='word_1_392' title='bbox 3347 2324 3461 2368; x_wconf 87' lang='lat' dir='ltr'><strong>erat</strong></span> <span class='ocrx_word' id='word_1_393' title='bbox 3483 2314 3883 2378; x_wconf 87' lang='lat' dir='ltr'><strong>SimonePetro,</strong></span> 
     </span>
    </p>
   </div>
   <div class='ocr_carea' id='block_1_55' title="bbox 2336 2403 3883 2469">
    <p class='ocr_par' dir='ltr' id='par_1_55' title="bbox 2336 2403 3883 2469">
     <span class='ocr_line' id='line_1_55' title="bbox 2336 2403 3883 2469; baseline 0.001 -13"><span class='ocrx_word' id='word_1_394' title='bbox 2336 2411 2389 2457; x_wconf 87' lang='lat' dir='ltr'><strong>et</strong></span> <span class='ocrx_word' id='word_1_395' title='bbox 2408 2412 2580 2455; x_wconf 86' lang='lat' dir='ltr'><strong>tamen</strong></span> <span class='ocrx_word' id='word_1_396' title='bbox 2600 2417 2702 2454; x_wconf 92' lang='lat' dir='ltr'><strong>non</strong></span> <span class='ocrx_word' id='word_1_397' title='bbox 2729 2403 2982 2469; x_wconf 73' lang='lat' dir='ltr'><strong>quteritur</strong></span> <span class='ocrx_word' id='word_1_398' title='bbox 3009 2404 3180 2455; x_wconf 81' lang='lat' dir='ltr'><strong>:etatis</strong></span> <span class='ocrx_word' id='word_1_399' title='bbox 3210 2405 3357 2466; x_wconf 88' lang='lat' dir='ltr'><strong>ordo,</strong></span> <span class='ocrx_word' id='word_1_400' title='bbox 3391 2409 3482 2459; x_wconf 87' lang='lat' dir='ltr'><strong>sed</strong></span> <span class='ocrx_word' id='word_1_401' title='bbox 3510 2406 3627 2460; x_wconf 85' lang='lat' dir='ltr'><strong>ﬁdei</strong></span> <span class='ocrx_word' id='word_1_402' title='bbox 3659 2424 3672 2459; x_wconf 89' lang='lat'><strong>:</strong></span> <span class='ocrx_word' id='word_1_403' title='bbox 3705 2405 3883 2459; x_wconf 80' lang='lat' dir='ltr'><strong>Jesunt</strong></span> 
     </span>
    </p>
   </div>
   <div class='ocr_carea' id='block_1_56' title="bbox 2337 2480 3886 2558">
    <p class='ocr_par' dir='ltr' id='par_1_56' title="bbox 2337 2480 3886 2558">
     <span class='ocr_line' id='line_1_56' title="bbox 2337 2480 3886 2558; baseline 0.004 -16"><span class='ocrx_word' id='word_1_404' title='bbox 2337 2490 2541 2558; x_wconf 90' lang='lat' dir='ltr'><strong>primus</strong></span> <span class='ocrx_word' id='word_1_405' title='bbox 2571 2490 2787 2544; x_wconf 90' lang='lat' dir='ltr'><strong>invenit.</strong></span> <span class='ocrx_word' id='word_1_406' title='bbox 2844 2491 2969 2544; x_wconf 88' lang='lat' dir='ltr'><strong>Erat</strong></span> <span class='ocrx_word' id='word_1_407' title='bbox 3001 2502 3175 2544; x_wconf 87' lang='lat' dir='ltr'><strong>autent</strong></span> <span class='ocrx_word' id='word_1_408' title='bbox 3195 2480 3432 2547; x_wconf 75' lang='lat' dir='ltr'><strong>Andreas</strong></span> <span class='ocrx_word' id='word_1_409' title='bbox 3458 2495 3622 2548; x_wconf 82' lang='lat' dir='ltr'><strong>frater</strong></span> <span class='ocrx_word' id='word_1_410' title='bbox 3658 2495 3886 2548; x_wconf 85' lang='lat' dir='ltr'><strong>Simonis</strong></span> 
     </span>
    </p>
   </div>
   <div class='ocr_carea' id='block_1_57' title="bbox 2340 2579 3884 2655">
    <p class='ocr_par' dir='ltr' id='par_1_57' title="bbox 2340 2579 3884 2655">
     <span class='ocr_line' id='line_1_57' title="bbox 2340 2579 3884 2655; baseline 0.005 -23"><span class='ocrx_word' id='word_1_411' title='bbox 2340 2579 2498 2641; x_wconf 84' lang='lat' dir='ltr'><strong>Petri,</strong></span> <span class='ocrx_word' id='word_1_412' title='bbox 2530 2596 2663 2634; x_wconf 83' lang='lat' dir='ltr'><strong>unus</strong></span> <span class='ocrx_word' id='word_1_413' title='bbox 2697 2597 2758 2633; x_wconf 75' lang='lat' dir='ltr'><strong>ex</strong></span> <span class='ocrx_word' id='word_1_414' title='bbox 2789 2580 3011 2634; x_wconf 88' lang='lat' dir='ltr'><strong>duobus.</strong></span> <span class='ocrx_word' id='word_1_415' title='bbox 3049 2581 3158 2635; x_wconf 69' lang='lat' dir='ltr'><strong>Nisi</strong></span> <span class='ocrx_word' id='word_1_416' title='bbox 3187 2581 3320 2636; x_wconf 91' lang='lat' dir='ltr'><strong>forte</strong></span> <span class='ocrx_word' id='word_1_417' title='bbox 3346 2592 3399 2636; x_wconf 89' lang='lat' dir='ltr'><strong>et</strong></span> <span class='ocrx_word' id='word_1_418' title='bbox 3429 2585 3539 2639; x_wconf 73' lang='lat' dir='ltr'><strong>hzec</strong></span> <span class='ocrx_word' id='word_1_419' title='bbox 3565 2585 3790 2655; x_wconf 76' lang='lat' dir='ltr'><strong>dignitas</strong></span> <span class='ocrx_word' id='word_1_420' title='bbox 3810 2594 3884 2639; x_wconf 85' lang='lat' dir='ltr'><strong>est</strong></span> 
     </span>
    </p>
   </div>
   <div class='ocr_carea' id='block_1_58' title="bbox 2341 2672 3878 2745">
    <p class='ocr_par' dir='ltr' id='par_1_58' title="bbox 2341 2672 3878 2745">
     <span class='ocr_line' id='line_1_58' title="bbox 2341 2672 3878 2745; baseline 0.003 -21"><span class='ocrx_word' id='word_1_421' title='bbox 2341 2672 2580 2731; x_wconf 60' lang='lat' dir='ltr'><strong>Andreau</strong></span> <span class='ocrx_word' id='word_1_422' title='bbox 2614 2673 2735 2740; x_wconf 87' lang='lat' dir='ltr'><strong>quia</strong></span> <span class='ocrx_word' id='word_1_423' title='bbox 2774 2672 2914 2725; x_wconf 83' lang='lat' dir='ltr'><strong>Petri</strong></span> <span class='ocrx_word' id='word_1_424' title='bbox 2957 2674 3250 2742; x_wconf 83' lang='lat' dir='ltr'><strong>appellatur</strong></span> <span class='ocrx_word' id='word_1_425' title='bbox 3291 2674 3477 2738; x_wconf 90' lang='lat' dir='ltr'><strong>frater,</strong></span> <span class='ocrx_word' id='word_1_426' title='bbox 3527 2690 3684 2745; x_wconf 84' lang='lat' dir='ltr'><strong>super</strong></span> <span class='ocrx_word' id='word_1_427' title='bbox 3731 2691 3878 2744; x_wconf 75' lang='lat' dir='ltr'><strong>quem</strong></span> 
     </span>
    </p>
   </div>
   <div class='ocr_carea' id='block_1_59' title="bbox 2339 2761 3889 2834">
    <p class='ocr_par' dir='ltr' id='par_1_59' title="bbox 2339 2761 3889 2834">
     <span class='ocr_line' id='line_1_59' title="bbox 2339 2761 3889 2834; baseline -0.001 -20"><span class='ocrx_word' id='word_1_428' title='bbox 2339 2771 2453 2814; x_wconf 89' lang='lat' dir='ltr'><strong>erat</strong></span> <span class='ocrx_word' id='word_1_429' title='bbox 2493 2761 2706 2815; x_wconf 90' lang='lat' dir='ltr'><strong>fundata</strong></span> <span class='ocrx_word' id='word_1_430' title='bbox 2739 2761 2888 2832; x_wconf 73' lang='lat' dir='ltr'><strong>[.lls.,</strong></span> <span class='ocrx_word' id='word_1_431' title='bbox 2915 2773 3094 2830; x_wconf 84' lang='lat' dir='ltr'><strong>postea</strong></span> <span class='ocrx_word' id='word_1_432' title='bbox 3118 2762 3416 2834; x_wconf 77' lang='lat' dir='ltr'><strong>fundanda]</strong></span> <span class='ocrx_word' id='word_1_433' title='bbox 3454 2765 3710 2818; x_wconf 84' lang='lat' dir='ltr'><strong>Ecclesia.</strong></span> <span class='ocrx_word' id='word_1_434' title='bbox 3794 2763 3889 2826; x_wconf 69' lang='lat' dir='ltr'><strong>Qui</strong></span> 
     </span>
    </p>
   </div>
   <div class='ocr_carea' id='block_1_60' title="bbox 2341 2850 3757 2919">
    <p class='ocr_par' dir='ltr' id='par_1_60' title="bbox 2341 2850 3757 2919">
     <span class='ocr_line' id='line_1_60' title="bbox 2341 2850 3757 2919; baseline 0.002 -18"><span class='ocrx_word' id='word_1_435' title='bbox 2341 2850 2613 2901; x_wconf 82' lang='lat' dir='ltr'><strong>audierant</strong></span> <span class='ocrx_word' id='word_1_436' title='bbox 2659 2867 2688 2901; x_wconf 91' lang='lat' dir='ltr'><strong>a</strong></span> <span class='ocrx_word' id='word_1_437' title='bbox 2713 2851 2931 2912; x_wconf 80' lang='lat' dir='ltr'><strong>Joanne,</strong></span> <span class='ocrx_word' id='word_1_438' title='bbox 2959 2860 3003 2902; x_wconf 78' lang='lat' dir='ltr'><strong>et</strong></span> <span class='ocrx_word' id='word_1_439' title='bbox 3034 2851 3191 2903; x_wconf 79' lang='lat' dir='ltr'><strong>secuti</strong></span> <span class='ocrx_word' id='word_1_440' title='bbox 3215 2851 3419 2919; x_wconf 77' lang='lat' dir='ltr'><strong>fuerant</strong></span> <span class='ocrx_word' id='word_1_441' title='bbox 3457 2851 3757 2904; x_wconf 86' lang='lat' dir='ltr'><strong>Dominum.</strong></span> 
     </span>
    </p>
   </div>
   <div class='ocr_carea' id='block_1_61' title="bbox 2413 2940 3890 3012">
    <p class='ocr_par' dir='ltr' id='par_1_61' title="bbox 2413 2940 3890 3012">
     <span class='ocr_line' id='line_1_61' title="bbox 2413 2940 3890 3012; baseline 0.002 -19"><span class='ocrx_word' id='word_1_442' title='bbox 2413 2941 2570 2993; x_wconf 68' lang='lat' dir='ltr'><strong>Vens.</strong></span> <span class='ocrx_word' id='word_1_443' title='bbox 2606 2941 2690 2993; x_wconf 71' lang='grc'><strong>41.</strong></span> <span class='ocrx_word' id='word_1_444' title='bbox 2752 2973 2809 2980; x_wconf 89' lang='lat'><strong><em>—</em></strong></span> <span class='ocrx_word' id='word_1_445' title='bbox 2847 2940 3044 2994; x_wconf 74' lang='lat' dir='ltr'><strong>Invenit</strong></span> <span class='ocrx_word' id='word_1_446' title='bbox 3095 2942 3176 2994; x_wconf 85' lang='lat' dir='ltr'><strong>Itic</strong></span> <span class='ocrx_word' id='word_1_447' title='bbox 3221 2945 3443 3012; x_wconf 88' lang='lat' dir='ltr'><strong>primum</strong></span> <span class='ocrx_word' id='word_1_448' title='bbox 3484 2944 3694 3011; x_wconf 76' lang='lat' dir='ltr'><strong>fratrem</strong></span> <span class='ocrx_word' id='word_1_449' title='bbox 3720 2959 3890 2997; x_wconf 72' lang='lat' dir='ltr'><strong>suum.</strong></span> 
     </span>
    </p>
   </div>
   <div class='ocr_carea' id='block_1_62' title="bbox 686 3018 3894 3118">
    <p class='ocr_par' dir='ltr' id='par_1_62' title="bbox 686 3018 3894 3118">
     <span class='ocr_line' id='line_1_62' title="bbox 686 3018 3894 3118; baseline 0.003 -43"><span class='ocrx_word' id='word_1_450' title='bbox 686 3040 789 3075; x_wconf 79' lang='lat' dir='ltr'><strong>eos.</strong></span> <span class='ocrx_word' id='word_1_451' title='bbox 841 3022 1089 3088; x_wconf 87' lang='lat' dir='ltr'><strong>Discipuli</strong></span> <span class='ocrx_word' id='word_1_452' title='bbox 1136 3020 1353 3074; x_wconf 84' lang='lat' dir='ltr'><strong>Joannis</strong></span> <span class='ocrx_word' id='word_1_453' title='bbox 1382 3021 1642 3080; x_wconf 80' lang='lat' dir='ltr'><strong>cominus,</strong></span> <span class='ocrx_word' id='word_1_454' title='bbox 1701 3030 1750 3073; x_wconf 81' lang='lat' dir='ltr'><strong>et</strong></span> <span class='ocrx_word' id='word_1_455' title='bbox 1783 3034 1985 3080; x_wconf 89' lang='lat' dir='ltr'><strong>coram,</strong></span> <span class='ocrx_word' id='word_1_456' title='bbox 2015 3028 2066 3071; x_wconf 89' lang='lat' dir='ltr'><strong>et</strong></span> <span class='ocrx_word' id='word_1_457' title='bbox 2094 3027 2241 3072; x_wconf 83' lang='lat' dir='ltr'><strong>ante-</strong></span> <span class='ocrx_word' id='word_1_458' title='bbox 2267 3056 2313 3118; x_wconf 67' lang='grc' dir='ltr'>ο</span> <span class='ocrx_word' id='word_1_459' title='bbox 2342 3027 2384 3082; x_wconf 91' lang='grc' dir='ltr'><strong>Ο</strong></span> <span class='ocrx_word' id='word_1_460' title='bbox 2410 3045 2531 3081; x_wconf 80' lang='lat' dir='ltr'><strong>vera</strong></span> <span class='ocrx_word' id='word_1_461' title='bbox 2571 3031 2766 3097; x_wconf 81' lang='lat' dir='ltr'><strong>pietas!</strong></span> <span class='ocrx_word' id='word_1_462' title='bbox 2828 3018 3006 3082; x_wconf 81' lang='lat' dir='ltr'><strong>statim</strong></span> <span class='ocrx_word' id='word_1_463' title='bbox 3040 3039 3095 3083; x_wconf 93' lang='lat' dir='ltr'><strong>ut</strong></span> <span class='ocrx_word' id='word_1_464' title='bbox 3134 3031 3332 3084; x_wconf 88' lang='lat' dir='ltr'><strong>invenit</strong></span> <span class='ocrx_word' id='word_1_465' title='bbox 3372 3031 3572 3095; x_wconf 83' lang='lat' dir='ltr'><strong>Jesunt,</strong></span> <span class='ocrx_word' id='word_1_466' title='bbox 3619 3034 3797 3086; x_wconf 84' lang='lat' dir='ltr'><strong>statim</strong></span> <span class='ocrx_word' id='word_1_467' title='bbox 3834 3039 3894 3086; x_wconf 89' lang='lat' dir='ltr'><strong>ut</strong></span> 
     </span>
    </p>
   </div>
   <div class='ocr_carea' id='block_1_63' title="bbox 689 3111 2235 3179">
    <p class='ocr_par' dir='ltr' id='par_1_63' title="bbox 689 3111 2235 3179">
     <span class='ocr_line' id='line_1_63' title="bbox 689 3111 2235 3179; baseline -0.001 -14"><span class='ocrx_word' id='word_1_468' title='bbox 689 3129 843 3167; x_wconf 69' lang='lat' dir='ltr'><strong>cessu</strong></span> <span class='ocrx_word' id='word_1_469' title='bbox 868 3112 1048 3165; x_wconf 81' lang='lat' dir='ltr'><strong>.icsunt</strong></span> <span class='ocrx_word' id='word_1_470' title='bbox 1096 3114 1270 3165; x_wconf 82' lang='lat' dir='ltr'><strong>videre</strong></span> <span class='ocrx_word' id='word_1_471' title='bbox 1309 3128 1409 3163; x_wconf 90' lang='lat' dir='ltr'><strong>non</strong></span> <span class='ocrx_word' id='word_1_472' title='bbox 1440 3119 1704 3179; x_wconf 84' lang='lat' dir='ltr'><strong>poterant,</strong></span> <span class='ocrx_word' id='word_1_473' title='bbox 1754 3113 1844 3163; x_wconf 74' lang='lat' dir='ltr'><strong>sed</strong></span> <span class='ocrx_word' id='word_1_474' title='bbox 1869 3121 2071 3178; x_wconf 83' lang='lat' dir='ltr'><strong>tergum</strong></span> <span class='ocrx_word' id='word_1_475' title='bbox 2095 3111 2235 3164; x_wconf 88' lang='lat' dir='ltr'><strong>illius</strong></span> 
     </span>
    </p>
   </div>
   <div class='ocr_carea' id='block_1_64' title="bbox 693 3199 2240 3270">
    <p class='ocr_par' dir='ltr' id='par_1_64' title="bbox 693 3199 2240 3270">
     <span class='ocr_line' id='line_1_64' title="bbox 693 3199 2240 3270; baseline -0.001 -16"><span class='ocrx_word' id='word_1_476' title='bbox 693 3201 1050 3269; x_wconf 78' lang='lat' dir='ltr'><strong>sequebantur</strong></span> <span class='ocrx_word' id='word_1_477' title='bbox 1083 3211 1136 3252; x_wconf 93' lang='lat' dir='ltr'><strong>ut</strong></span> <span class='ocrx_word' id='word_1_478' title='bbox 1167 3201 1426 3253; x_wconf 77' lang='lat' dir='ltr'><strong>viderent.</strong></span> <span class='ocrx_word' id='word_1_479' title='bbox 1505 3201 1641 3269; x_wconf 66' lang='lat' dir='ltr'><strong>Ergo</strong></span> <span class='ocrx_word' id='word_1_480' title='bbox 1680 3199 1827 3270; x_wconf 77' lang='lat' dir='ltr'><strong>[illi]</strong></span> <span class='ocrx_word' id='word_1_481' title='bbox 1880 3201 2121 3267; x_wconf 89' lang='lat' dir='ltr'><strong>discipuli</strong></span> <span class='ocrx_word' id='word_1_482' title='bbox 2163 3201 2240 3253; x_wconf 85' lang='lat' dir='ltr'><strong>fa-</strong></span> 
     </span>
    </p>
   </div>
   <div class='ocr_carea' id='block_1_65' title="bbox 688 3290 2243 3360">
    <p class='ocr_par' dir='ltr' id='par_1_65' title="bbox 688 3290 2243 3360">
     <span class='ocr_line' id='line_1_65' title="bbox 688 3290 2243 3360; baseline 0.001 -16"><span class='ocrx_word' id='word_1_483' title='bbox 688 3290 1044 3344; x_wconf 86' lang='lat' dir='ltr'><strong>cietuDomiui</strong></span> <span class='ocrx_word' id='word_1_484' title='bbox 1073 3291 1248 3343; x_wconf 82' lang='lat' dir='ltr'><strong>videre</strong></span> <span class='ocrx_word' id='word_1_485' title='bbox 1271 3301 1647 3358; x_wconf 84' lang='lat' dir='ltr'><strong>nunpotcraut.</strong></span> <span class='ocrx_word' id='word_1_486' title='bbox 1679 3291 1947 3355; x_wconf 80' lang='lat' dir='ltr'><strong>Convertit</strong></span> <span class='ocrx_word' id='word_1_487' title='bbox 1971 3301 2092 3344; x_wconf 78' lang='lat' dir='ltr'><strong>seet</strong></span> <span class='ocrx_word' id='word_1_488' title='bbox 2115 3307 2243 3360; x_wconf 85' lang='lat' dir='ltr'><strong>quo-</strong></span> 
     </span>
    </p>
   </div>
   <div class='ocr_carea' id='block_1_66' title="bbox 694 3375 2243 3446">
    <p class='ocr_par' dir='ltr' id='par_1_66' title="bbox 694 3375 2243 3446">
     <span class='ocr_line' id='line_1_66' title="bbox 694 3375 2243 3446; baseline 0.003 -17"><span class='ocrx_word' id='word_1_489' title='bbox 694 3378 976 3430; x_wconf 71' lang='lat' dir='ltr'><strong>dummodo</strong></span> <span class='ocrx_word' id='word_1_490' title='bbox 1004 3378 1067 3430; x_wconf 89' lang='lat' dir='ltr'><strong>de</strong></span> <span class='ocrx_word' id='word_1_491' title='bbox 1096 3394 1188 3430; x_wconf 89' lang='lat' dir='ltr'><strong>sua</strong></span> <span class='ocrx_word' id='word_1_492' title='bbox 1222 3375 1497 3444; x_wconf 83' lang='lat' dir='ltr'><strong>majestate</strong></span> <span class='ocrx_word' id='word_1_493' title='bbox 1512 3380 1806 3440; x_wconf 84' lang='lat' dir='ltr'><strong>descendit,</strong></span> <span class='ocrx_word' id='word_1_494' title='bbox 1835 3389 1888 3432; x_wconf 84' lang='grc' dir='ltr'><strong>ιιι</strong></span> <span class='ocrx_word' id='word_1_495' title='bbox 1923 3390 2137 3446; x_wconf 88' lang='lat' dir='ltr'><strong>possent</strong></span> <span class='ocrx_word' id='word_1_496' title='bbox 2166 3379 2243 3433; x_wconf 86' lang='lat' dir='ltr'><strong>tli-</strong></span> 
     </span>
    </p>
   </div>
   <div class='ocr_carea' id='block_1_67' title="bbox 692 3451 2242 3536">
    <p class='ocr_par' dir='ltr' id='par_1_67' title="bbox 692 3469 2242 3536">
     <span class='ocr_line' id='line_1_67' title="bbox 692 3469 2242 3536; baseline -0.002 -14"><span class='ocrx_word' id='word_1_497' title='bbox 692 3470 876 3536; x_wconf 82' lang='lat' dir='ltr'><strong>scipuli</strong></span> <span class='ocrx_word' id='word_1_498' title='bbox 906 3469 1246 3536; x_wconf 85' lang='lat' dir='ltr'><strong>contetttplari</strong></span> <span class='ocrx_word' id='word_1_499' title='bbox 1278 3470 1463 3522; x_wconf 83' lang='lat' dir='ltr'><strong>faciem</strong></span> <span class='ocrx_word' id='word_1_500' title='bbox 1489 3471 1654 3522; x_wconf 86' lang='lat' dir='ltr'><strong>illius:</strong></span> <span class='ocrx_word' id='word_1_501' title='bbox 1699 3472 1960 3523; x_wconf 86' lang='lat' dir='ltr'><strong>convertit</strong></span> <span class='ocrx_word' id='word_1_502' title='bbox 1995 3483 2052 3521; x_wconf 88' lang='lat' dir='ltr'><strong>se</strong></span> <span class='ocrx_word' id='word_1_503' title='bbox 2084 3477 2141 3520; x_wconf 91' lang='lat' dir='ltr'><strong>ttt</strong></span> <span class='ocrx_word' id='word_1_504' title='bbox 2179 3484 2242 3520; x_wconf 79' lang='lat' dir='ltr'><strong>ex</strong></span> 
     </span>
    </p>
   </div>
   <div class='ocr_carea' id='block_1_68' title="bbox 694 3558 1537 3626">
    <p class='ocr_par' dir='ltr' id='par_1_68' title="bbox 694 3558 1537 3626">
     <span class='ocr_line' id='line_1_68' title="bbox 694 3558 1537 3626; baseline 0 -16"><span class='ocrx_word' id='word_1_505' title='bbox 694 3559 832 3626; x_wconf 60' lang='lat' dir='ltr'><strong>Lege</strong></span> <span class='ocrx_word' id='word_1_506' title='bbox 856 3572 884 3609; x_wconf 69' lang='grc' dir='ltr'>τι</span> <span class='ocrx_word' id='word_1_507' title='bbox 914 3558 1185 3626; x_wconf 80' lang='lat' dir='ltr'><strong>dist-ip‘ttlis</strong></span> <span class='ocrx_word' id='word_1_508' title='bbox 1213 3569 1537 3611; x_wconf 71' lang='lat' dir='ltr'><strong>cerneretur.</strong></span> 
     </span>
    </p>
   </div>
   <div class='ocr_carea' id='block_1_69' title="bbox 768 3646 2246 3720">
    <p class='ocr_par' dir='ltr' id='par_1_69' title="bbox 768 3646 2246 3720">
     <span class='ocr_line' id='line_1_69' title="bbox 768 3646 2246 3720; baseline 0.003 -21"><span class='ocrx_word' id='word_1_509' title='bbox 768 3647 920 3699; x_wconf 70' lang='lat' dir='ltr'><strong>Vrns.</strong></span> <span class='ocrx_word' id='word_1_510' title='bbox 953 3647 1039 3699; x_wconf 74' lang='lat'><strong>.38.</strong></span> <span class='ocrx_word' id='word_1_511' title='bbox 1066 3675 1134 3684; x_wconf 74' lang='grc' dir='ltr'><strong>σ-</strong></span> <span class='ocrx_word' id='word_1_512' title='bbox 1157 3646 1442 3699; x_wconf 79' lang='lat' dir='ltr'><strong>Courersus</strong></span> <span class='ocrx_word' id='word_1_513' title='bbox 1469 3657 1639 3699; x_wconf 82' lang='lat' dir='ltr'><strong>autent</strong></span> <span class='ocrx_word' id='word_1_514' title='bbox 1661 3657 1706 3699; x_wconf 85' lang='lat' dir='ltr'><strong>et</strong></span> <span class='ocrx_word' id='word_1_515' title='bbox 1739 3649 1908 3710; x_wconf 78' lang='lat' dir='ltr'><strong>ridens</strong></span> <span class='ocrx_word' id='word_1_516' title='bbox 1930 3666 2012 3702; x_wconf 85' lang='lat' dir='ltr'><strong>cos</strong></span> <span class='ocrx_word' id='word_1_517' title='bbox 2035 3667 2246 3720; x_wconf 76' lang='lat' dir='ltr'><strong>sequen-</strong></span> 
     </span>
    </p>
   </div>
   <div class='ocr_carea' id='block_1_70' title="bbox 693 3735 2248 3808">
    <p class='ocr_par' dir='ltr' id='par_1_70' title="bbox 693 3735 2248 3808">
     <span class='ocr_line' id='line_1_70' title="bbox 693 3735 2248 3808; baseline 0.005 -20"><span class='ocrx_word' id='word_1_518' title='bbox 693 3751 763 3788; x_wconf 81' lang='lat' dir='ltr'><strong>tes</strong></span> <span class='ocrx_word' id='word_1_519' title='bbox 803 3736 966 3788; x_wconf 63' lang='lat' dir='ltr'><strong>dixit:</strong></span> <span class='ocrx_word' id='word_1_520' title='bbox 1015 3735 1152 3800; x_wconf 86' lang='lat' dir='ltr'><strong>Quid</strong></span> <span class='ocrx_word' id='word_1_521' title='bbox 1181 3738 1451 3805; x_wconf 68' lang='lat' dir='ltr'><strong>qtttt&#39;ritis?</strong></span> <span class='ocrx_word' id='word_1_522' title='bbox 1493 3737 1604 3791; x_wconf 63' lang='lat' dir='ltr'><strong>Non</strong></span> <span class='ocrx_word' id='word_1_523' title='bbox 1633 3740 1782 3805; x_wconf 85' lang='lat' dir='ltr'><strong>quasi</strong></span> <span class='ocrx_word' id='word_1_524' title='bbox 1810 3740 2057 3808; x_wconf 79' lang='lat' dir='ltr'><strong>ignorans</strong></span> <span class='ocrx_word' id='word_1_525' title='bbox 2086 3742 2248 3795; x_wconf 81' lang='lat' dir='ltr'><strong>inter-</strong></span> 
     </span>
    </p>
   </div>
   <div class='ocr_carea' id='block_1_71' title="bbox 700 3827 2248 3901">
    <p class='ocr_par' dir='ltr' id='par_1_71' title="bbox 700 3827 2248 3901">
     <span class='ocr_line' id='line_1_71' title="bbox 700 3827 2248 3901; baseline 0.006 -24"><span class='ocrx_word' id='word_1_526' title='bbox 700 3835 874 3893; x_wconf 75' lang='lat' dir='ltr'><strong>rogat;</strong></span> <span class='ocrx_word' id='word_1_527' title='bbox 914 3827 1004 3879; x_wconf 86' lang='lat' dir='ltr'><strong>sed</strong></span> <span class='ocrx_word' id='word_1_528' title='bbox 1035 3827 1340 3892; x_wconf 79' lang='lat' dir='ltr'><strong>interrogat,</strong></span> <span class='ocrx_word' id='word_1_529' title='bbox 1376 3837 1429 3878; x_wconf 90' lang='lat' dir='ltr'><strong>ut</strong></span> <span class='ocrx_word' id='word_1_530' title='bbox 1464 3830 1760 3886; x_wconf 88' lang='lat' dir='ltr'><strong>mercedem</strong></span> <span class='ocrx_word' id='word_1_531' title='bbox 1786 3829 2011 3882; x_wconf 85' lang='lat' dir='ltr'><strong>habeant</strong></span> <span class='ocrx_word' id='word_1_532' title='bbox 2033 3847 2248 3901; x_wconf 85' lang='lat' dir='ltr'><strong>respon-</strong></span> 
     </span>
    </p>
   </div>
   <div class='ocr_carea' id='block_1_72' title="bbox 613 3912 2247 3990">
    <p class='ocr_par' dir='ltr' id='par_1_72' title="bbox 613 3912 2247 3990">
     <span class='ocr_line' id='line_1_72' title="bbox 613 3912 2247 3990; baseline 0.006 -21"><span class='ocrx_word' id='word_1_533' title='bbox 613 3912 617 3916; x_wconf 50' lang='grc'><em>“</em></span> <span class='ocrx_word' id='word_1_534' title='bbox 698 3924 898 3974; x_wconf 73' lang='lat' dir='ltr'><strong>dentes.</strong></span> <span class='ocrx_word' id='word_1_535' title='bbox 934 3919 1073 3984; x_wconf 80' lang='lat' dir='ltr'><strong>Quid</strong></span> <span class='ocrx_word' id='word_1_536' title='bbox 1093 3919 1369 3988; x_wconf 63' lang='lat' dir='ltr'><strong>(pina-itis?</strong></span> <span class='ocrx_word' id='word_1_537' title='bbox 1437 3919 1542 3973; x_wconf 74' lang='lat' dir='ltr'><strong>Nec</strong></span> <span class='ocrx_word' id='word_1_538' title='bbox 1565 3921 1696 3974; x_wconf 69' lang='lat' dir='ltr'><strong>dixit</strong></span> <span class='ocrx_word' id='word_1_539' title='bbox 1717 3938 1871 3990; x_wconf 83' lang='lat' dir='ltr'><strong>quem</strong></span> <span class='ocrx_word' id='word_1_540' title='bbox 1900 3925 2153 3990; x_wconf 67' lang='lat' dir='ltr'><strong>quarritis,</strong></span> <span class='ocrx_word' id='word_1_541' title='bbox 2184 3941 2247 3978; x_wconf 87' lang='lat' dir='ltr'><strong>ne</strong></span> 
     </span>
    </p>
   </div>
   <div class='ocr_carea' id='block_1_73' title="bbox 699 4006 2247 4076">
    <p class='ocr_par' dir='ltr' id='par_1_73' title="bbox 699 4006 2247 4076">
     <span class='ocr_line' id='line_1_73' title="bbox 699 4006 2247 4076; baseline 0.003 -16"><span class='ocrx_word' id='word_1_542' title='bbox 699 4023 753 4060; x_wconf 72' lang='lat' dir='ltr'><strong>se</strong></span> <span class='ocrx_word' id='word_1_543' title='bbox 781 4009 1046 4060; x_wconf 81' lang='lat' dir='ltr'><strong>videretur</strong></span> <span class='ocrx_word' id='word_1_544' title='bbox 1071 4007 1369 4062; x_wconf 70' lang='lat' dir='ltr'><strong>ostendere.</strong></span> <span class='ocrx_word' id='word_1_545' title='bbox 1427 4006 1563 4071; x_wconf 82' lang='lat' dir='ltr'><strong>Quid</strong></span> <span class='ocrx_word' id='word_1_546' title='bbox 1588 4010 1819 4076; x_wconf 71' lang='lat' dir='ltr'><strong>quieritis</strong></span> <span class='ocrx_word' id='word_1_547' title='bbox 1843 4011 1866 4061; x_wconf 83' lang='lat'><em>?</em></span> <span class='ocrx_word' id='word_1_548' title='bbox 1929 4011 2058 4062; x_wconf 77' lang='lat' dir='ltr'><strong>Rem</strong></span> <span class='ocrx_word' id='word_1_549' title='bbox 2083 4014 2247 4064; x_wconf 87' lang='lat' dir='ltr'><strong>inter-</strong></span> 
     </span>
    </p>
   </div>
   <div class='ocr_carea' id='block_1_74' title="bbox 700 4096 2250 4167">
    <p class='ocr_par' dir='ltr' id='par_1_74' title="bbox 700 4096 2250 4167">
     <span class='ocr_line' id='line_1_74' title="bbox 700 4096 2250 4167; baseline 0.002 -19"><span class='ocrx_word' id='word_1_550' title='bbox 700 4107 865 4165; x_wconf 72' lang='lat' dir='ltr'><strong>rogat.</strong></span> <span class='ocrx_word' id='word_1_551' title='bbox 910 4105 966 4146; x_wconf 81' lang='grc' dir='ltr'><strong>ιιι</strong></span> <span class='ocrx_word' id='word_1_552' title='bbox 1011 4096 1083 4166; x_wconf 84' lang='lat' dir='ltr'><strong>illi</strong></span> <span class='ocrx_word' id='word_1_553' title='bbox 1123 4096 1748 4165; x_wconf 82' lang='lat' dir='ltr'><strong>personantsigniﬁcent.</strong></span> <span class='ocrx_word' id='word_1_554' title='bbox 1809 4098 1946 4159; x_wconf 82' lang='lat' dir='ltr'><strong>Quid</strong></span> <span class='ocrx_word' id='word_1_555' title='bbox 1974 4101 2250 4167; x_wconf 78' lang='lat' dir='ltr'><strong>qurcritis?</strong></span> 
     </span>
    </p>
   </div>
   <div class='ocr_carea' id='block_1_75' title="bbox 701 4184 2249 4256">
    <p class='ocr_par' dir='ltr' id='par_1_75' title="bbox 701 4184 2249 4256">
     <span class='ocr_line' id='line_1_75' title="bbox 701 4184 2249 4256; baseline 0.002 -19"><span class='ocrx_word' id='word_1_556' title='bbox 701 4187 1068 4249; x_wconf 66' lang='lat' dir='ltr'><strong>Quidia‘erunt</strong></span> <span class='ocrx_word' id='word_1_557' title='bbox 1098 4186 1178 4237; x_wconf 78' lang='lat' dir='ltr'><strong>ci:</strong></span> <span class='ocrx_word' id='word_1_558' title='bbox 1214 4184 1394 4237; x_wconf 81' lang='lat' dir='ltr'><strong>Rubl-i.</strong></span> <span class='ocrx_word' id='word_1_559' title='bbox 1447 4186 1560 4254; x_wconf 73' lang='lat' dir='ltr'><strong>Ipsa</strong></span> <span class='ocrx_word' id='word_1_560' title='bbox 1580 4187 1864 4256; x_wconf 80' lang='lat' dir='ltr'><strong>appellatio</strong></span> <span class='ocrx_word' id='word_1_561' title='bbox 1893 4188 2249 4254; x_wconf 85' lang='lat' dir='ltr'><strong>responsionis</strong></span> 
     </span>
    </p>
   </div>
   <div class='ocr_carea' id='block_1_76' title="bbox 701 4273 2248 4345">
    <p class='ocr_par' dir='ltr' id='par_1_76' title="bbox 701 4273 2248 4345">
     <span class='ocr_line' id='line_1_76' title="bbox 701 4273 2248 4345; baseline 0.003 -19"><span class='ocrx_word' id='word_1_562' title='bbox 701 4277 948 4327; x_wconf 77' lang='lat' dir='ltr'><strong>iudicium</strong></span> <span class='ocrx_word' id='word_1_563' title='bbox 975 4277 1054 4328; x_wconf 83' lang='lat' dir='ltr'><strong>est</strong></span> <span class='ocrx_word' id='word_1_564' title='bbox 1081 4274 1221 4328; x_wconf 86' lang='lat' dir='ltr'><strong>fidei.</strong></span> <span class='ocrx_word' id='word_1_565' title='bbox 1270 4273 1488 4340; x_wconf 84' lang='lat' dir='ltr'><strong>Quando</strong></span> <span class='ocrx_word' id='word_1_566' title='bbox 1508 4279 1648 4330; x_wconf 88' lang='lat' dir='ltr'><strong>enim</strong></span> <span class='ocrx_word' id='word_1_567' title='bbox 1674 4278 1856 4331; x_wconf 83' lang='lat' dir='ltr'><strong>dicunt</strong></span> <span class='ocrx_word' id='word_1_568' title='bbox 1879 4278 2068 4341; x_wconf 77' lang='lat' dir='ltr'><strong>Rabhi,</strong></span> <span class='ocrx_word' id='word_1_569' title='bbox 2109 4278 2248 4345; x_wconf 88' lang='lat' dir='ltr'><strong>quod</strong></span> 
     </span>
    </p>
   </div>
   <div class='ocr_carea' id='block_1_77' title="bbox 2345 3118 3897 3187">
    <p class='ocr_par' dir='ltr' id='par_1_77' title="bbox 2345 3118 3897 3187">
     <span class='ocr_line' id='line_1_77' title="bbox 2345 3118 3897 3187; baseline 0.005 -17"><span class='ocrx_word' id='word_1_570' title='bbox 2345 3118 2541 3170; x_wconf 87' lang='lat' dir='ltr'><strong>invenit</strong></span> <span class='ocrx_word' id='word_1_571' title='bbox 2559 3118 2919 3187; x_wconf 80' lang='lat' dir='ltr'><strong>margaritam,</strong></span> <span class='ocrx_word' id='word_1_572' title='bbox 2943 3120 3121 3174; x_wconf 87' lang='lat' dir='ltr'><strong>statim</strong></span> <span class='ocrx_word' id='word_1_573' title='bbox 3146 3128 3201 3171; x_wconf 92' lang='lat' dir='ltr'><strong>ut</strong></span> <span class='ocrx_word' id='word_1_574' title='bbox 3220 3121 3417 3172; x_wconf 86' lang='lat' dir='ltr'><strong>invenit</strong></span> <span class='ocrx_word' id='word_1_575' title='bbox 3439 3121 3764 3186; x_wconf 83' lang='lat' dir='ltr'><strong>thesaurum,</strong></span> <span class='ocrx_word' id='word_1_576' title='bbox 3791 3121 3897 3177; x_wconf 76' lang='lat' dir='ltr'><strong>fra-</strong></span> 
     </span>
    </p>
   </div>
   <div class='ocr_carea' id='block_1_78' title="bbox 2345 3208 3898 3278">
    <p class='ocr_par' dir='ltr' id='par_1_78' title="bbox 2345 3208 3898 3278">
     <span class='ocr_line' id='line_1_78' title="bbox 2345 3208 3898 3278; baseline 0.005 -19"><span class='ocrx_word' id='word_1_577' title='bbox 2345 3209 2410 3260; x_wconf 85' lang='lat' dir='ltr'><strong>tri</strong></span> <span class='ocrx_word' id='word_1_578' title='bbox 2436 3211 2660 3261; x_wconf 88' lang='lat' dir='ltr'><strong>nuntiat.</strong></span> <span class='ocrx_word' id='word_1_579' title='bbox 2695 3208 2930 3262; x_wconf 53' lang='lat' dir='ltr'><strong>I’t&#39;atrent</strong></span> <span class='ocrx_word' id='word_1_580' title='bbox 2964 3227 3112 3261; x_wconf 88' lang='lat' dir='ltr'><strong>suum</strong></span> <span class='ocrx_word' id='word_1_581' title='bbox 3143 3209 3410 3265; x_wconf 86' lang='lat' dir='ltr'><strong>Simonem</strong></span> <span class='ocrx_word' id='word_1_582' title='bbox 3443 3221 3623 3276; x_wconf 86' lang='lat' dir='ltr'><strong>vocat;</strong></span> <span class='ocrx_word' id='word_1_583' title='bbox 3654 3211 3898 3278; x_wconf 77' lang='lat' dir='ltr'><strong>fratrem,</strong></span> 
     </span>
    </p>
   </div>
   <div class='ocr_carea' id='block_1_79' title="bbox 2345 3298 3896 3366">
    <p class='ocr_par' dir='ltr' id='par_1_79' title="bbox 2345 3298 3896 3366">
     <span class='ocr_line' id='line_1_79' title="bbox 2345 3298 3896 3366; baseline 0.003 -19"><span class='ocrx_word' id='word_1_584' title='bbox 2345 3311 2448 3347; x_wconf 90' lang='lat' dir='ltr'><strong>non</strong></span> <span class='ocrx_word' id='word_1_585' title='bbox 2483 3305 2589 3348; x_wconf 87' lang='lat' dir='ltr'><strong>tam</strong></span> <span class='ocrx_word' id='word_1_586' title='bbox 2628 3298 2881 3364; x_wconf 77' lang='lat' dir='ltr'><strong>sanguine</strong></span> <span class='ocrx_word' id='word_1_587' title='bbox 2912 3313 3067 3364; x_wconf 92' lang='lat' dir='ltr'><strong>quam</strong></span> <span class='ocrx_word' id='word_1_588' title='bbox 3101 3299 3312 3366; x_wconf 78' lang='lat' dir='ltr'><strong>spiritu.</strong></span> <span class='ocrx_word' id='word_1_589' title='bbox 3365 3300 3530 3364; x_wconf 90' lang='lat' dir='ltr'><strong>Quem</strong></span> <span class='ocrx_word' id='word_1_590' title='bbox 3556 3299 3772 3353; x_wconf 89' lang='lat' dir='ltr'><strong>fratrem</strong></span> <span class='ocrx_word' id='word_1_591' title='bbox 3800 3299 3896 3353; x_wconf 84' lang='lat' dir='ltr'><strong>ha-</strong></span> 
     </span>
    </p>
   </div>
   <div class='ocr_carea' id='block_1_80' title="bbox 2345 3384 3896 3453">
    <p class='ocr_par' dir='ltr' id='par_1_80' title="bbox 2345 3384 3896 3453">
     <span class='ocr_line' id='line_1_80' title="bbox 2345 3384 3896 3453; baseline 0.004 -17"><span class='ocrx_word' id='word_1_592' title='bbox 2345 3384 2502 3437; x_wconf 73' lang='lat' dir='ltr'><strong>bebat</strong></span> <span class='ocrx_word' id='word_1_593' title='bbox 2533 3385 2895 3453; x_wconf 80' lang='lat' dir='ltr'><strong>germanitate,</strong></span> <span class='ocrx_word' id='word_1_594' title='bbox 2924 3388 3260 3453; x_wconf 84' lang='lat' dir='ltr'><strong>etsauguine,</strong></span> <span class='ocrx_word' id='word_1_595' title='bbox 3291 3388 3454 3442; x_wconf 91' lang='lat' dir='ltr'><strong>voluit</strong></span> <span class='ocrx_word' id='word_1_596' title='bbox 3481 3389 3675 3443; x_wconf 76' lang='lat' dir='ltr'><strong>habere</strong></span> <span class='ocrx_word' id='word_1_597' title='bbox 3710 3398 3763 3443; x_wconf 88' lang='lat' dir='ltr'><strong>et</strong></span> <span class='ocrx_word' id='word_1_598' title='bbox 3795 3389 3896 3442; x_wconf 84' lang='lat' dir='ltr'><strong>fide</strong></span> 
     </span>
    </p>
   </div>
   <div class='ocr_carea' id='block_1_81' title="bbox 2347 3472 3899 3542">
    <p class='ocr_par' dir='ltr' id='par_1_81' title="bbox 2347 3472 3899 3542">
     <span class='ocr_line' id='line_1_81' title="bbox 2347 3472 3899 3542; baseline 0.004 -18"><span class='ocrx_word' id='word_1_599' title='bbox 2347 3488 2673 3542; x_wconf 75' lang='lat' dir='ltr'><strong>germanum.</strong></span> <span class='ocrx_word' id='word_1_600' title='bbox 2721 3472 2785 3524; x_wconf 83' lang='lat' dir='ltr'><strong>Et</strong></span> <span class='ocrx_word' id='word_1_601' title='bbox 2810 3473 2931 3524; x_wconf 85' lang='lat' dir='ltr'><strong>dicit</strong></span> <span class='ocrx_word' id='word_1_602' title='bbox 2963 3473 3040 3524; x_wconf 79' lang='lat' dir='ltr'><strong>ei:</strong></span> <span class='ocrx_word' id='word_1_603' title='bbox 3075 3473 3364 3527; x_wconf 72' lang='lat' dir='ltr'><strong>Invenimus</strong></span> <span class='ocrx_word' id='word_1_604' title='bbox 3398 3473 3662 3528; x_wconf 79' lang='lat' dir='ltr'><strong>Messium.</strong></span> <span class='ocrx_word' id='word_1_605' title='bbox 3733 3473 3899 3530; x_wconf 70' lang='lat' dir='ltr'><strong>Nemo</strong></span> 
     </span>
    </p>
   </div>
   <div class='ocr_carea' id='block_1_82' title="bbox 2349 3561 3892 3630">
    <p class='ocr_par' dir='ltr' id='par_1_82' title="bbox 2349 3561 3892 3630">
     <span class='ocr_line' id='line_1_82' title="bbox 2349 3561 3892 3630; baseline 0.002 -16"><span class='ocrx_word' id='word_1_606' title='bbox 2349 3562 2569 3624; x_wconf 89' lang='lat' dir='ltr'><strong>invenit,</strong></span> <span class='ocrx_word' id='word_1_607' title='bbox 2607 3561 2708 3614; x_wconf 83' lang='lat' dir='ltr'><strong>nisi</strong></span> <span class='ocrx_word' id='word_1_608' title='bbox 2753 3562 2837 3629; x_wconf 87' lang='lat' dir='ltr'><strong>qui</strong></span> <span class='ocrx_word' id='word_1_609' title='bbox 2872 3563 3078 3629; x_wconf 67' lang='lat' dir='ltr'><strong>qua‘rit.</strong></span> <span class='ocrx_word' id='word_1_610' title='bbox 3134 3563 3236 3616; x_wconf 67' lang='lat' dir='ltr'><strong>Iste</strong></span> <span class='ocrx_word' id='word_1_611' title='bbox 3263 3563 3349 3630; x_wconf 93' lang='lat' dir='ltr'><strong>qui</strong></span> <span class='ocrx_word' id='word_1_612' title='bbox 3376 3563 3639 3617; x_wconf 76' lang='lat' dir='ltr'><strong>invenisse</strong></span> <span class='ocrx_word' id='word_1_613' title='bbox 3667 3577 3724 3617; x_wconf 90' lang='lat' dir='ltr'><strong>se</strong></span> <span class='ocrx_word' id='word_1_614' title='bbox 3746 3563 3892 3626; x_wconf 85' lang='lat' dir='ltr'><strong>dicit,</strong></span> 
     </span>
    </p>
   </div>
   <div class='ocr_carea' id='block_1_83' title="bbox 2347 3649 3896 3718">
    <p class='ocr_par' dir='ltr' id='par_1_83' title="bbox 2347 3649 3896 3718">
     <span class='ocr_line' id='line_1_83' title="bbox 2347 3649 3896 3718; baseline 0 -15"><span class='ocrx_word' id='word_1_615' title='bbox 2347 3651 2595 3712; x_wconf 72' lang='lat' dir='ltr'><strong>ostendit,</strong></span> <span class='ocrx_word' id='word_1_616' title='bbox 2650 3649 2772 3717; x_wconf 86' lang='lat' dir='ltr'><strong>quia</strong></span> <span class='ocrx_word' id='word_1_617' title='bbox 2818 3649 2904 3702; x_wconf 88' lang='lat' dir='ltr'><strong>ditt</strong></span> <span class='ocrx_word' id='word_1_618' title='bbox 2960 3650 3218 3716; x_wconf 71' lang='lat' dir='ltr'><strong>qutesivit.</strong></span> <span class='ocrx_word' id='word_1_619' title='bbox 3285 3649 3576 3704; x_wconf 75' lang='lat' dir='ltr'><strong>Invenimus</strong></span> <span class='ocrx_word' id='word_1_620' title='bbox 3631 3650 3896 3718; x_wconf 75' lang='lat' dir='ltr'><strong>Messium,</strong></span> 
     </span>
    </p>
   </div>
   <div class='ocr_carea' id='block_1_84' title="bbox 2348 3738 3900 3808">
    <p class='ocr_par' dir='ltr' id='par_1_84' title="bbox 2348 3738 3900 3808">
     <span class='ocr_line' id='line_1_84' title="bbox 2348 3738 3900 3808; baseline 0.005 -21"><span class='ocrx_word' id='word_1_621' title='bbox 2348 3738 2488 3805; x_wconf 87' lang='lat' dir='ltr'><strong>quod</strong></span> <span class='ocrx_word' id='word_1_622' title='bbox 2529 3746 2609 3790; x_wconf 88' lang='lat' dir='ltr'><strong>est</strong></span> <span class='ocrx_word' id='word_1_623' title='bbox 2648 3738 3048 3805; x_wconf 85' lang='lat' dir='ltr'><strong>interpretatum</strong></span> <span class='ocrx_word' id='word_1_624' title='bbox 3095 3738 3356 3792; x_wconf 81' lang='lat' dir='ltr'><strong>Christus.</strong></span> <span class='ocrx_word' id='word_1_625' title='bbox 3425 3739 3522 3792; x_wconf 90' lang='lat' dir='ltr'><strong>Diu</strong></span> <span class='ocrx_word' id='word_1_626' title='bbox 3562 3739 3900 3808; x_wconf 69' lang='lat' dir='ltr'><strong>quaesivimus</strong></span> 
     </span>
    </p>
   </div>
   <div class='ocr_carea' id='block_1_85' title="bbox 2348 3827 3897 3898">
    <p class='ocr_par' dir='ltr' id='par_1_85' title="bbox 2348 3827 3897 3898">
     <span class='ocr_line' id='line_1_85' title="bbox 2348 3827 3897 3898; baseline 0.001 -16"><span class='ocrx_word' id='word_1_627' title='bbox 2348 3828 2614 3882; x_wconf 85' lang='lat' dir='ltr'><strong>Christum</strong></span> <span class='ocrx_word' id='word_1_628' title='bbox 2643 3829 2693 3881; x_wconf 90' lang='lat' dir='ltr'><strong>in</strong></span> <span class='ocrx_word' id='word_1_629' title='bbox 2711 3827 2968 3896; x_wconf 63' lang='lat' dir='ltr'><strong>.‘loyse,ct</strong></span> <span class='ocrx_word' id='word_1_630' title='bbox 2995 3829 3047 3881; x_wconf 93' lang='lat' dir='ltr'><strong>in</strong></span> <span class='ocrx_word' id='word_1_631' title='bbox 3072 3830 3316 3884; x_wconf 88' lang='lat' dir='ltr'><strong>omnibus</strong></span> <span class='ocrx_word' id='word_1_632' title='bbox 3339 3829 3638 3898; x_wconf 64' lang='lat' dir='ltr'><strong>prOphstis;</strong></span> <span class='ocrx_word' id='word_1_633' title='bbox 3666 3838 3720 3883; x_wconf 90' lang='lat' dir='ltr'><strong>et</strong></span> <span class='ocrx_word' id='word_1_634' title='bbox 3742 3844 3897 3896; x_wconf 89' lang='lat' dir='ltr'><strong>quem</strong></span> 
     </span>
    </p>
   </div>
   <div class='ocr_carea' id='block_1_86' title="bbox 2351 3916 3904 3986">
    <p class='ocr_par' dir='ltr' id='par_1_86' title="bbox 2351 3916 3904 3986">
     <span class='ocr_line' id='line_1_86' title="bbox 2351 3916 3904 3986; baseline 0.002 -16"><span class='ocrx_word' id='word_1_635' title='bbox 2351 3918 2588 3970; x_wconf 85' lang='lat' dir='ltr'><strong>invenire</strong></span> <span class='ocrx_word' id='word_1_636' title='bbox 2622 3916 2981 3986; x_wconf 89' lang='lat' dir='ltr'><strong>cupiebamus,</strong></span> <span class='ocrx_word' id='word_1_637' title='bbox 3024 3919 3132 3986; x_wconf 88' lang='lat' dir='ltr'><strong>ipse</strong></span> <span class='ocrx_word' id='word_1_638' title='bbox 3167 3935 3262 3972; x_wconf 92' lang='lat' dir='ltr'><strong>nos</strong></span> <span class='ocrx_word' id='word_1_639' title='bbox 3292 3920 3509 3982; x_wconf 88' lang='lat' dir='ltr'><strong>invenit,</strong></span> <span class='ocrx_word' id='word_1_640' title='bbox 3534 3928 3584 3970; x_wconf 89' lang='lat' dir='ltr'><strong>et</strong></span> <span class='ocrx_word' id='word_1_641' title='bbox 3607 3918 3904 3973; x_wconf 81' lang='lat' dir='ltr'><strong>iuventiin-</strong></span> 
     </span>
    </p>
   </div>
   <div class='ocr_carea' id='block_1_87' title="bbox 2351 4007 2608 4060">
    <p class='ocr_par' dir='ltr' id='par_1_87' title="bbox 2351 4007 2608 4060">
     <span class='ocr_line' id='line_1_87' title="bbox 2351 4007 2608 4060; baseline -0.008 -2"><span class='ocrx_word' id='word_1_642' title='bbox 2351 4007 2608 4060; x_wconf 80' lang='lat' dir='ltr'><strong>venimus.</strong></span> 
     </span>
    </p>
   </div>
   <div class='ocr_carea' id='block_1_88' title="bbox 2421 4095 3898 4150">
    <p class='ocr_par' dir='ltr' id='par_1_88' title="bbox 2421 4095 3898 4150">
     <span class='ocr_line' id='line_1_88' title="bbox 2421 4095 3898 4150; baseline 0.001 -3"><span class='ocrx_word' id='word_1_643' title='bbox 2421 4096 2578 4147; x_wconf 60' lang='lat' dir='ltr'><strong>Vens.</strong></span> <span class='ocrx_word' id='word_1_644' title='bbox 2619 4095 2700 4146; x_wconf 55' lang='grc' dir='ltr'><strong>ἑὲ.</strong></span> <span class='ocrx_word' id='word_1_645' title='bbox 2736 4125 2802 4133; x_wconf 83' lang='grc'><strong>--</strong></span> <span class='ocrx_word' id='word_1_646' title='bbox 2842 4095 2904 4147; x_wconf 78' lang='lat' dir='ltr'><strong>Et</strong></span> <span class='ocrx_word' id='word_1_647' title='bbox 2930 4097 3142 4148; x_wconf 75' lang='lat' dir='ltr'><strong>adduxit</strong></span> <span class='ocrx_word' id='word_1_648' title='bbox 3171 4113 3283 4149; x_wconf 87' lang='lat' dir='ltr'><strong>eum</strong></span> <span class='ocrx_word' id='word_1_649' title='bbox 3331 4098 3397 4148; x_wconf 88' lang='lat' dir='ltr'><strong>ad</strong></span> <span class='ocrx_word' id='word_1_650' title='bbox 3418 4097 3615 4149; x_wconf 82' lang='lat' dir='ltr'><strong>Jesum.</strong></span> <span class='ocrx_word' id='word_1_651' title='bbox 3671 4095 3785 4150; x_wconf 74' lang='lat' dir='ltr'><strong>Non</strong></span> <span class='ocrx_word' id='word_1_652' title='bbox 3808 4096 3898 4150; x_wconf 84' lang='lat' dir='ltr'><strong>de-</strong></span> 
     </span>
    </p>
   </div>
   <div class='ocr_carea' id='block_1_89' title="bbox 2351 4182 3894 4253">
    <p class='ocr_par' dir='ltr' id='par_1_89' title="bbox 2351 4182 3894 4253">
     <span class='ocr_line' id='line_1_89' title="bbox 2351 4182 3894 4253; baseline 0.001 -17"><span class='ocrx_word' id='word_1_653' title='bbox 2351 4186 2601 4253; x_wconf 69' lang='lat' dir='ltr'><strong>dignatur</strong></span> <span class='ocrx_word' id='word_1_654' title='bbox 2631 4182 2797 4250; x_wconf 89' lang='lat' dir='ltr'><strong>major</strong></span> <span class='ocrx_word' id='word_1_655' title='bbox 2827 4184 3080 4237; x_wconf 88' lang='lat' dir='ltr'><strong>minorem</strong></span> <span class='ocrx_word' id='word_1_656' title='bbox 3120 4184 3287 4250; x_wconf 69' lang='lat' dir='ltr'><strong>sequi,</strong></span> <span class='ocrx_word' id='word_1_657' title='bbox 3335 4184 3456 4252; x_wconf 91' lang='lat' dir='ltr'><strong>quia</strong></span> <span class='ocrx_word' id='word_1_658' title='bbox 3491 4200 3594 4238; x_wconf 91' lang='lat' dir='ltr'><strong>non</strong></span> <span class='ocrx_word' id='word_1_659' title='bbox 3623 4194 3738 4239; x_wconf 87' lang='lat' dir='ltr'><strong>erat</strong></span> <span class='ocrx_word' id='word_1_660' title='bbox 3763 4183 3894 4238; x_wconf 89' lang='lat' dir='ltr'><strong>ordo</strong></span> 
     </span>
    </p>
   </div>
   <div class='ocr_carea' id='block_1_90' title="bbox 2351 4275 3901 4336">
    <p class='ocr_par' dir='ltr' id='par_1_90' title="bbox 2351 4275 3901 4336">
     <span class='ocr_line' id='line_1_90' title="bbox 2351 4275 3901 4336; baseline 0.002 -10"><span class='ocrx_word' id='word_1_661' title='bbox 2351 4277 2543 4336; x_wconf 74' lang='lat' dir='ltr'><strong>:ctatis,</strong></span> <span class='ocrx_word' id='word_1_662' title='bbox 2569 4277 2655 4329; x_wconf 92' lang='lat' dir='ltr'><strong>ubi</strong></span> <span class='ocrx_word' id='word_1_663' title='bbox 2678 4287 2791 4330; x_wconf 88' lang='lat' dir='ltr'><strong>erat</strong></span> <span class='ocrx_word' id='word_1_664' title='bbox 2820 4278 3062 4329; x_wconf 90' lang='lat' dir='ltr'><strong>ntcritum</strong></span> <span class='ocrx_word' id='word_1_665' title='bbox 3101 4277 3241 4329; x_wconf 72' lang='lat' dir='ltr'><strong>ﬁdei.</strong></span> <span class='ocrx_word' id='word_1_666' title='bbox 3289 4275 3517 4330; x_wconf 88' lang='lat' dir='ltr'><strong>Intuitus</strong></span> <span class='ocrx_word' id='word_1_667' title='bbox 3544 4287 3712 4333; x_wconf 85' lang='lat' dir='ltr'><strong>autem</strong></span> <span class='ocrx_word' id='word_1_668' title='bbox 3735 4277 3901 4331; x_wconf 77' lang='lat' dir='ltr'><strong>Jcstts</strong></span> 
     </span>
    </p>
   </div>
   <div class='ocr_carea' id='block_1_91' title="bbox 706 4363 3905 4440">
    <p class='ocr_par' dir='ltr' id='par_1_91' title="bbox 706 4363 3905 4440">
     <span class='ocr_line' id='line_1_91' title="bbox 706 4363 3905 4440; baseline 0.002 -26"><span class='ocrx_word' id='word_1_669' title='bbox 706 4363 1017 4430; x_wconf 78' lang='lat' dir='ltr'><strong>intelligitur</strong></span> <span class='ocrx_word' id='word_1_670' title='bbox 1043 4363 1306 4430; x_wconf 70' lang='lat' dir='ltr'><strong>magister,</strong></span> <span class='ocrx_word' id='word_1_671' title='bbox 1348 4370 1400 4414; x_wconf 90' lang='lat' dir='ltr'><strong>ct</strong></span> <span class='ocrx_word' id='word_1_672' title='bbox 1419 4371 1708 4430; x_wconf 83' lang='lat' dir='ltr'><strong>sequuntur</strong></span> <span class='ocrx_word' id='word_1_673' title='bbox 1729 4379 1846 4417; x_wconf 89' lang='lat' dir='ltr'><strong>eum</strong></span> <span class='ocrx_word' id='word_1_674' title='bbox 1868 4406 1881 4428; x_wconf 96' lang='lat'><strong>,</strong></span> <span class='ocrx_word' id='word_1_675' title='bbox 1934 4367 2112 4434; x_wconf 88' lang='lat' dir='ltr'><strong>utique</strong></span> <span class='ocrx_word' id='word_1_676' title='bbox 2141 4381 2252 4420; x_wconf 87' lang='lat' dir='ltr'><strong>nta-</strong></span> <span class='ocrx_word' id='word_1_677' title='bbox 2277 4380 2329 4440; x_wconf 74' lang='grc' dir='ltr'>ι)</span> <span class='ocrx_word' id='word_1_678' title='bbox 2353 4382 2464 4419; x_wconf 84' lang='lat' dir='ltr'><strong>cum</strong></span> <span class='ocrx_word' id='word_1_679' title='bbox 2497 4366 2659 4417; x_wconf 66' lang='lat' dir='ltr'><strong>dixit:</strong></span> <span class='ocrx_word' id='word_1_680' title='bbox 2696 4365 2769 4417; x_wconf 87' lang='lat' dir='ltr'><strong>Tu</strong></span> <span class='ocrx_word' id='word_1_681' title='bbox 2797 4381 2848 4418; x_wconf 84' lang='lat' dir='ltr'><strong>cs</strong></span> <span class='ocrx_word' id='word_1_682' title='bbox 2871 4364 3045 4418; x_wconf 87' lang='lat' dir='ltr'><strong>Simon</strong></span> <span class='ocrx_word' id='word_1_683' title='bbox 3069 4365 3207 4432; x_wconf 80' lang='lat' dir='ltr'><strong>[ilius</strong></span> <span class='ocrx_word' id='word_1_684' title='bbox 3245 4365 3380 4418; x_wconf 85' lang='lat' dir='ltr'><strong>Jona</strong></span> <span class='ocrx_word' id='word_1_685' title='bbox 3410 4382 3425 4417; x_wconf 92' lang='lat'><em>:</em></span> <span class='ocrx_word' id='word_1_686' title='bbox 3453 4372 3506 4419; x_wconf 82' lang='lat' dir='ltr'><strong>tu</strong></span> <span class='ocrx_word' id='word_1_687' title='bbox 3533 4365 3788 4418; x_wconf 76' lang='lat' dir='ltr'><strong>vocaberis</strong></span> <span class='ocrx_word' id='word_1_688' title='bbox 3811 4364 3905 4420; x_wconf 76' lang='lat' dir='ltr'><strong>Ce-</strong></span> 
     </span>
    </p>
   </div>
   <div class='ocr_carea' id='block_1_92' title="bbox 698 4452 1805 4521">
    <p class='ocr_par' dir='ltr' id='par_1_92' title="bbox 698 4452 1805 4521">
     <span class='ocr_line' id='line_1_92' title="bbox 698 4452 1805 4521; baseline 0.003 -19"><span class='ocrx_word' id='word_1_689' title='bbox 698 4453 923 4521; x_wconf 72' lang='lat' dir='ltr'><strong>gistrnm</strong></span> <span class='ocrx_word' id='word_1_690' title='bbox 947 4459 1240 4519; x_wconf 86' lang='lat' dir='ltr'><strong>sequuntur</strong></span> <span class='ocrx_word' id='word_1_691' title='bbox 1260 4460 1314 4503; x_wconf 88' lang='lat' dir='ltr'><strong>et</strong></span> <span class='ocrx_word' id='word_1_692' title='bbox 1342 4452 1553 4505; x_wconf 84' lang='lat' dir='ltr'><strong>dicunt:</strong></span> <span class='ocrx_word' id='word_1_693' title='bbox 1803 4515 1805 4517; x_wconf 20' lang='grc' dir='ltr'><strong><em>ι</em></strong></span> 
     </span>
    </p>
   </div>
   <div class='ocr_carea' id='block_1_93' title="bbox 771 4529 2251 4596">
    <p class='ocr_par' dir='ltr' id='par_1_93' title="bbox 771 4529 2251 4596">
     <span class='ocr_line' id='line_1_93' title="bbox 771 4529 2251 4596; baseline 0.003 -5"><span class='ocrx_word' id='word_1_694' title='bbox 771 4539 928 4592; x_wconf 63' lang='lat' dir='ltr'><strong>Vens.</strong></span> <span class='ocrx_word' id='word_1_695' title='bbox 962 4540 1049 4593; x_wconf 81' lang='lat'><strong>59.</strong></span> <span class='ocrx_word' id='word_1_696' title='bbox 1081 4569 1149 4577; x_wconf 54' lang='grc' dir='ltr'><strong>α-</strong></span> <span class='ocrx_word' id='word_1_697' title='bbox 1177 4536 1270 4590; x_wconf 76' lang='grc' dir='ltr'><strong>ι’ὺὲ</strong></span> <span class='ocrx_word' id='word_1_698' title='bbox 1293 4539 1532 4592; x_wconf 80' lang='lat' dir='ltr'><strong>habitas?</strong></span> <span class='ocrx_word' id='word_1_699' title='bbox 1568 4539 1720 4591; x_wconf 48' lang='lat' dir='ltr'><strong>Dicit&#39;</strong></span> <span class='ocrx_word' id='word_1_700' title='bbox 1743 4542 1854 4594; x_wconf 85' lang='lat' dir='ltr'><strong>eis:</strong></span> <span class='ocrx_word' id='word_1_701' title='bbox 1901 4540 2076 4595; x_wconf 72' lang='lat' dir='ltr'><strong>Venite</strong></span> <span class='ocrx_word' id='word_1_702' title='bbox 2107 4545 2149 4594; x_wconf 83' lang='lat' dir='ltr'><strong>et</strong></span> <span class='ocrx_word' id='word_1_703' title='bbox 2177 4529 2251 4596; x_wconf 70' lang='lat' dir='ltr'><strong>ri-</strong></span> 
     </span>
    </p>
   </div>
   <div class='ocr_carea' id='block_1_94' title="bbox 698 4619 2252 4704">
    <p class='ocr_par' dir='ltr' id='par_1_94' title="bbox 698 4619 2252 4704">
     <span class='ocr_line' id='line_1_94' title="bbox 698 4619 2252 4704; baseline 0.003 -24"><span class='ocrx_word' id='word_1_704' title='bbox 698 4630 828 4680; x_wconf 74' lang='lat' dir='ltr'><strong>dete.</strong></span> <span class='ocrx_word' id='word_1_705' title='bbox 882 4628 1071 4680; x_wconf 74' lang='lat' dir='ltr'><strong>Volunt</strong></span> <span class='ocrx_word' id='word_1_706' title='bbox 1123 4629 1481 4704; x_wconf 81' lang='lat' dir='ltr'><strong>habitaculum</strong></span> <span class='ocrx_word' id='word_1_707' title='bbox 1530 4644 1682 4682; x_wconf 88' lang='lat' dir='ltr'><strong>nosse</strong></span> <span class='ocrx_word' id='word_1_708' title='bbox 1729 4628 1876 4694; x_wconf 83' lang='lat' dir='ltr'><strong>Jesu,</strong></span> <span class='ocrx_word' id='word_1_709' title='bbox 1923 4619 2102 4683; x_wconf 86' lang='lat' dir='ltr'><strong>volunt</strong></span> <span class='ocrx_word' id='word_1_710' title='bbox 2154 4633 2252 4685; x_wconf 89' lang='lat' dir='ltr'><strong>sibi</strong></span> 
     </span>
    </p>
   </div>
   <div class='ocr_carea' id='block_1_95' title="bbox 699 4717 2254 4792">
    <p class='ocr_par' dir='ltr' id='par_1_95' title="bbox 699 4717 2254 4792">
     <span class='ocr_line' id='line_1_95' title="bbox 699 4717 2254 4792; baseline 0.001 -21"><span class='ocrx_word' id='word_1_711' title='bbox 699 4717 906 4772; x_wconf 86' lang='lat' dir='ltr'><strong>ostendi</strong></span> <span class='ocrx_word' id='word_1_712' title='bbox 932 4717 1136 4783; x_wconf 79' lang='lat' dir='ltr'><strong>qualem</strong></span> <span class='ocrx_word' id='word_1_713' title='bbox 1166 4717 1543 4770; x_wconf 86' lang='lat' dir='ltr'><strong>habitationem</strong></span> <span class='ocrx_word' id='word_1_714' title='bbox 1566 4719 2032 4792; x_wconf 82' lang='lat' dir='ltr'><strong>habeatSalvator,</strong></span> <span class='ocrx_word' id='word_1_715' title='bbox 2058 4731 2114 4774; x_wconf 92' lang='lat' dir='ltr'><strong>ut</strong></span> <span class='ocrx_word' id='word_1_716' title='bbox 2134 4736 2254 4774; x_wconf 90' lang='lat' dir='ltr'><strong>cum</strong></span> 
     </span>
    </p>
   </div>
   <div class='ocr_carea' id='block_1_96' title="bbox 702 4808 2256 4884">
    <p class='ocr_par' dir='ltr' id='par_1_96' title="bbox 702 4808 2256 4884">
     <span class='ocr_line' id='line_1_96' title="bbox 702 4808 2256 4884; baseline 0.001 -20"><span class='ocrx_word' id='word_1_717' title='bbox 702 4810 791 4864; x_wconf 87' lang='lat' dir='ltr'><strong>ille</strong></span> <span class='ocrx_word' id='word_1_718' title='bbox 842 4809 1130 4863; x_wconf 88' lang='lat' dir='ltr'><strong>ostenderit</strong></span> <span class='ocrx_word' id='word_1_719' title='bbox 1163 4809 1229 4861; x_wconf 79' lang='lat' dir='ltr'><strong>&#39;in</strong></span> <span class='ocrx_word' id='word_1_720' title='bbox 1261 4809 1451 4875; x_wconf 82' lang='lat' dir='ltr'><strong>quibus</strong></span> <span class='ocrx_word' id='word_1_721' title='bbox 1489 4808 1733 4884; x_wconf 86' lang='lat' dir='ltr'><strong>Christus</strong></span> <span class='ocrx_word' id='word_1_722' title='bbox 1758 4812 1983 4873; x_wconf 88' lang='lat' dir='ltr'><strong>habitet,</strong></span> <span class='ocrx_word' id='word_1_723' title='bbox 2025 4812 2156 4865; x_wconf 87' lang='lat' dir='ltr'><strong>tales</strong></span> <span class='ocrx_word' id='word_1_724' title='bbox 2201 4827 2256 4865; x_wconf 88' lang='lat' dir='ltr'><strong>se</strong></span> 
     </span>
    </p>
   </div>
   <div class='ocr_carea' id='block_1_97' title="bbox 704 4900 2257 4969">
    <p class='ocr_par' dir='ltr' id='par_1_97' title="bbox 704 4900 2257 4969">
     <span class='ocr_line' id='line_1_97' title="bbox 704 4900 2257 4969; baseline 0 -14"><span class='ocrx_word' id='word_1_725' title='bbox 704 4903 1006 4963; x_wconf 72' lang='lat' dir='ltr'><strong>exhibeant,</strong></span> <span class='ocrx_word' id='word_1_726' title='bbox 1060 4903 1111 4954; x_wconf 90' lang='lat' dir='ltr'><strong>itt</strong></span> <span class='ocrx_word' id='word_1_727' title='bbox 1140 4901 1334 4969; x_wconf 89' lang='lat' dir='ltr'><strong>quibus</strong></span> <span class='ocrx_word' id='word_1_728' title='bbox 1366 4900 1620 4954; x_wconf 87' lang='lat' dir='ltr'><strong>Dominus</strong></span> <span class='ocrx_word' id='word_1_729' title='bbox 1646 4903 1811 4969; x_wconf 89' lang='lat' dir='ltr'><strong>possit</strong></span> <span class='ocrx_word' id='word_1_730' title='bbox 1856 4903 2119 4956; x_wconf 88' lang='lat' dir='ltr'><strong>habitare.</strong></span> <span class='ocrx_word' id='word_1_731' title='bbox 2194 4902 2257 4955; x_wconf 80' lang='lat' dir='ltr'><strong>Et</strong></span> 
     </span>
    </p>
   </div>
   <div class='ocr_carea' id='block_1_98' title="bbox 705 4989 2256 5044">
    <p class='ocr_par' dir='ltr' id='par_1_98' title="bbox 705 4989 2256 5044">
     <span class='ocr_line' id='line_1_98' title="bbox 705 4989 2256 5044; baseline -0.001 0"><span class='ocrx_word' id='word_1_732' title='bbox 705 4991 836 5044; x_wconf 78' lang='lat' dir='ltr'><strong>dixit</strong></span> <span class='ocrx_word' id='word_1_733' title='bbox 867 4991 969 5043; x_wconf 90' lang='lat' dir='ltr'><strong>eis:</strong></span> <span class='ocrx_word' id='word_1_734' title='bbox 1034 4989 1204 5042; x_wconf 68' lang='lat' dir='ltr'><strong>Venite</strong></span> <span class='ocrx_word' id='word_1_735' title='bbox 1226 4999 1272 5042; x_wconf 87' lang='lat' dir='ltr'><strong>et</strong></span> <span class='ocrx_word' id='word_1_736' title='bbox 1298 4990 1477 5042; x_wconf 80' lang='lat' dir='ltr'><strong>ridete.</strong></span> <span class='ocrx_word' id='word_1_737' title='bbox 1536 4990 1708 5042; x_wconf 67' lang='lat' dir='ltr'><strong>Vultis</strong></span> <span class='ocrx_word' id='word_1_738' title='bbox 1748 4989 1927 5042; x_wconf 86' lang='lat' dir='ltr'><strong>videre</strong></span> <span class='ocrx_word' id='word_1_739' title='bbox 1985 4992 2256 5044; x_wconf 89' lang='lat' dir='ltr'><strong>habitacu-</strong></span> 
     </span>
    </p>
   </div>
   <div class='ocr_carea' id='block_1_99' title="bbox 707 5079 2257 5148">
    <p class='ocr_par' dir='ltr' id='par_1_99' title="bbox 707 5079 2257 5148">
     <span class='ocr_line' id='line_1_99' title="bbox 707 5079 2257 5148; baseline 0 -16"><span class='ocrx_word' id='word_1_740' title='bbox 707 5080 814 5132; x_wconf 92' lang='lat' dir='ltr'><strong>lum</strong></span> <span class='ocrx_word' id='word_1_741' title='bbox 863 5080 1076 5131; x_wconf 84' lang='lat' dir='ltr'><strong>tucum?</strong></span> <span class='ocrx_word' id='word_1_742' title='bbox 1137 5079 1392 5133; x_wconf 88' lang='lat' dir='ltr'><strong>Sermone</strong></span> <span class='ocrx_word' id='word_1_743' title='bbox 1443 5079 1696 5148; x_wconf 73' lang='lat' dir='ltr'><strong>explicari</strong></span> <span class='ocrx_word' id='word_1_744' title='bbox 1744 5094 1847 5132; x_wconf 91' lang='lat' dir='ltr'><strong>non</strong></span> <span class='ocrx_word' id='word_1_745' title='bbox 1878 5088 2069 5147; x_wconf 88' lang='lat' dir='ltr'><strong>potest,</strong></span> <span class='ocrx_word' id='word_1_746' title='bbox 2099 5095 2257 5147; x_wconf 87' lang='lat' dir='ltr'><strong>opere</strong></span> 
     </span>
    </p>
   </div>
   <div class='ocr_carea' id='block_1_100' title="bbox 704 5165 2257 5240">
    <p class='ocr_par' dir='ltr' id='par_1_100' title="bbox 704 5165 2257 5240">
     <span class='ocr_line' id='line_1_100' title="bbox 704 5165 2257 5240; baseline 0.001 -22"><span class='ocrx_word' id='word_1_747' title='bbox 704 5169 1112 5220; x_wconf 81' lang='lat' dir='ltr'><strong>demonstratur.</strong></span> <span class='ocrx_word' id='word_1_748' title='bbox 1159 5165 1330 5220; x_wconf 83' lang='lat' dir='ltr'><strong>Venite</strong></span> <span class='ocrx_word' id='word_1_749' title='bbox 1353 5179 1399 5220; x_wconf 83' lang='lat' dir='ltr'><strong>et</strong></span> <span class='ocrx_word' id='word_1_750' title='bbox 1427 5170 1604 5221; x_wconf 79' lang='lat' dir='ltr'><strong>ridete.</strong></span> <span class='ocrx_word' id='word_1_751' title='bbox 1644 5167 1730 5221; x_wconf 86' lang='lat' dir='ltr'><strong>lsti</strong></span> <span class='ocrx_word' id='word_1_752' title='bbox 1753 5167 1918 5240; x_wconf 71' lang='grc'><strong>478</strong></span> <span class='ocrx_word' id='word_1_753' title='bbox 1939 5170 2062 5237; x_wconf 88' lang='lat' dir='ltr'><strong>quia</strong></span> <span class='ocrx_word' id='word_1_754' title='bbox 2090 5169 2154 5222; x_wconf 88' lang='lat' dir='ltr'><strong>de</strong></span> <span class='ocrx_word' id='word_1_755' title='bbox 2181 5177 2257 5221; x_wconf 92' lang='lat' dir='ltr'><strong>te-</strong></span> 
     </span>
    </p>
   </div>
   <div class='ocr_carea' id='block_1_101' title="bbox 705 5256 2254 5327">
    <p class='ocr_par' dir='ltr' id='par_1_101' title="bbox 705 5256 2254 5327">
     <span class='ocr_line' id='line_1_101' title="bbox 705 5256 2254 5327; baseline 0.002 -18"><span class='ocrx_word' id='word_1_756' title='bbox 705 5256 955 5309; x_wconf 87' lang='lat' dir='ltr'><strong>stimonio</strong></span> <span class='ocrx_word' id='word_1_757' title='bbox 991 5256 1123 5325; x_wconf 77' lang='lat' dir='ltr'><strong>legis</strong></span> <span class='ocrx_word' id='word_1_758' title='bbox 1159 5267 1433 5321; x_wconf 87' lang='lat' dir='ltr'><strong>venerant,</strong></span> <span class='ocrx_word' id='word_1_759' title='bbox 1495 5260 1584 5324; x_wconf 91' lang='lat' dir='ltr'><strong>qui</strong></span> <span class='ocrx_word' id='word_1_760' title='bbox 1617 5257 1830 5327; x_wconf 81' lang='lat' dir='ltr'><strong>[Forte,</strong></span> <span class='ocrx_word' id='word_1_761' title='bbox 1870 5260 1978 5324; x_wconf 85' lang='lat' dir='ltr'><strong>isti,</strong></span> <span class='ocrx_word' id='word_1_762' title='bbox 2010 5262 2098 5327; x_wconf 91' lang='lat' dir='ltr'><strong>qui</strong></span> <span class='ocrx_word' id='word_1_763' title='bbox 2126 5275 2154 5312; x_wconf 90' lang='lat' dir='ltr'><strong>a</strong></span> <span class='ocrx_word' id='word_1_764' title='bbox 2178 5270 2254 5312; x_wconf 91' lang='lat' dir='ltr'><strong>te—</strong></span> 
     </span>
    </p>
   </div>
   <div class='ocr_carea' id='block_1_102' title="bbox 706 5344 2260 5420">
    <p class='ocr_par' dir='ltr' id='par_1_102' title="bbox 706 5344 2260 5420">
     <span class='ocr_line' id='line_1_102' title="bbox 706 5344 2260 5420; baseline 0.004 -21"><span class='ocrx_word' id='word_1_765' title='bbox 706 5344 956 5399; x_wconf 87' lang='lat' dir='ltr'><strong>stimonio</strong></span> <span class='ocrx_word' id='word_1_766' title='bbox 982 5383 995 5394; x_wconf 98' lang='lat'><strong>.</strong></span> <span class='ocrx_word' id='word_1_767' title='bbox 1028 5382 1040 5394; x_wconf 95' lang='lat'><strong>.</strong></span> <span class='ocrx_word' id='word_1_768' title='bbox 1069 5384 1082 5395; x_wconf 91' lang='lat'><strong>.</strong></span> <span class='ocrx_word' id='word_1_769' title='bbox 1114 5355 1390 5410; x_wconf 88' lang='lat' dir='ltr'><strong>venerant,</strong></span> <span class='ocrx_word' id='word_1_770' title='bbox 1423 5345 1637 5415; x_wconf 89' lang='lat' dir='ltr'><strong>statim]</strong></span> <span class='ocrx_word' id='word_1_771' title='bbox 1687 5349 1868 5401; x_wconf 89' lang='lat' dir='ltr'><strong>statim</strong></span> <span class='ocrx_word' id='word_1_772' title='bbox 1907 5351 1957 5402; x_wconf 91' lang='lat' dir='ltr'><strong>in</strong></span> <span class='ocrx_word' id='word_1_773' title='bbox 2005 5351 2118 5420; x_wconf 89' lang='lat' dir='ltr'><strong>ipso</strong></span> <span class='ocrx_word' id='word_1_774' title='bbox 2161 5367 2260 5404; x_wconf 85' lang='lat' dir='ltr'><strong>no-</strong></span> 
     </span>
    </p>
   </div>
   <div class='ocr_carea' id='block_1_103' title="bbox 707 5433 2260 5508">
    <p class='ocr_par' dir='ltr' id='par_1_103' title="bbox 707 5433 2260 5508">
     <span class='ocr_line' id='line_1_103' title="bbox 707 5433 2260 5508; baseline 0.005 -22"><span class='ocrx_word' id='word_1_775' title='bbox 707 5437 848 5488; x_wconf 85' lang='lat' dir='ltr'><strong>mine</strong></span> <span class='ocrx_word' id='word_1_776' title='bbox 876 5433 1210 5496; x_wconf 82' lang='lat' dir='ltr'><strong>conﬁtentur,</strong></span> <span class='ocrx_word' id='word_1_777' title='bbox 1260 5447 1314 5489; x_wconf 90' lang='lat' dir='ltr'><strong>et</strong></span> <span class='ocrx_word' id='word_1_778' title='bbox 1337 5438 1552 5491; x_wconf 86' lang='lat' dir='ltr'><strong>dicunt:</strong></span> <span class='ocrx_word' id='word_1_779' title='bbox 1591 5434 1774 5502; x_wconf 83' lang='lat' dir='ltr'><strong>Rabbi,</strong></span> <span class='ocrx_word' id='word_1_780' title='bbox 1827 5440 1963 5506; x_wconf 91' lang='lat' dir='ltr'><strong>quod</strong></span> <span class='ocrx_word' id='word_1_781' title='bbox 2004 5440 2260 5508; x_wconf 86' lang='lat' dir='ltr'><strong>interpre-</strong></span> 
     </span>
    </p>
   </div>
   <div class='ocr_carea' id='block_1_104' title="bbox 710 5519 2255 5592">
    <p class='ocr_par' dir='ltr' id='par_1_104' title="bbox 710 5519 2255 5592">
     <span class='ocr_line' id='line_1_104' title="bbox 710 5519 2255 5592; baseline 0.004 -20"><span class='ocrx_word' id='word_1_782' title='bbox 710 5528 853 5572; x_wconf 89' lang='lat' dir='ltr'><strong>tatur</strong></span> <span class='ocrx_word' id='word_1_783' title='bbox 879 5520 1146 5588; x_wconf 73' lang='lat' dir='ltr'><strong>magister.</strong></span> <span class='ocrx_word' id='word_1_784' title='bbox 1187 5519 1341 5575; x_wconf 74' lang='lat' dir='ltr'><strong>Jesus</strong></span> <span class='ocrx_word' id='word_1_785' title='bbox 1382 5533 1558 5576; x_wconf 88' lang='lat' dir='ltr'><strong>autem</strong></span> <span class='ocrx_word' id='word_1_786' title='bbox 1584 5527 1852 5592; x_wconf 86' lang='lat' dir='ltr'><strong>respondit</strong></span> <span class='ocrx_word' id='word_1_787' title='bbox 1877 5526 1976 5588; x_wconf 85' lang='lat' dir='ltr'><strong>eis,</strong></span> <span class='ocrx_word' id='word_1_788' title='bbox 2011 5535 2064 5579; x_wconf 80' lang='lat' dir='ltr'><strong>et</strong></span> <span class='ocrx_word' id='word_1_789' title='bbox 2088 5527 2219 5579; x_wconf 77' lang='lat' dir='ltr'><strong>dixit</strong></span> <span class='ocrx_word' id='word_1_790' title='bbox 2244 5547 2255 5578; x_wconf 86' lang='lat'><strong>:</strong></span> 
     </span>
    </p>
   </div>
   <div class='ocr_carea' id='block_1_105' title="bbox 785 5632 1417 5700">
    <p class='ocr_par' dir='ltr' id='par_1_105' title="bbox 785 5632 1417 5700">
     <span class='ocr_line' id='line_1_105' title="bbox 785 5632 1417 5700; baseline -0.002 -13"><span class='ocrx_word' id='word_1_791' title='bbox 785 5645 811 5676; x_wconf 76' lang='grc' dir='ltr'><strong>ι</strong></span> <span class='ocrx_word' id='word_1_792' title='bbox 841 5632 955 5688; x_wconf 76' lang='lat' dir='ltr'><strong>lius</strong></span> <span class='ocrx_word' id='word_1_793' title='bbox 982 5649 1147 5700; x_wconf 73' lang='lat' dir='ltr'><strong>usque</strong></span> <span class='ocrx_word' id='word_1_794' title='bbox 1167 5649 1232 5687; x_wconf 78' lang='lat' dir='ltr'><strong>ex</strong></span> <span class='ocrx_word' id='word_1_795' title='bbox 1258 5636 1417 5689; x_wconf 87' lang='lat' dir='ltr'><strong>Beda.</strong></span> 
     </span>
    </p>
   </div>
   <div class='ocr_carea' id='block_1_106' title="bbox 2352 4451 3928 4524">
    <p class='ocr_par' dir='ltr' id='par_1_106' title="bbox 2352 4451 3928 4524">
     <span class='ocr_line' id='line_1_106' title="bbox 2352 4451 3928 4524; baseline 0 -18"><span class='ocrx_word' id='word_1_796' title='bbox 2352 4457 2500 4524; x_wconf 80' lang='lat' dir='ltr'><strong>pltas,</strong></span> <span class='ocrx_word' id='word_1_797' title='bbox 2562 4454 2698 4522; x_wconf 83' lang='lat' dir='ltr'><strong>quod</strong></span> <span class='ocrx_word' id='word_1_798' title='bbox 2744 4455 3104 4521; x_wconf 81' lang='lat' dir='ltr'><strong>interpretatur</strong></span> <span class='ocrx_word' id='word_1_799' title='bbox 3149 4452 3354 4505; x_wconf 80' lang='lat' dir='ltr'><strong>Petrus.</strong></span> <span class='ocrx_word' id='word_1_800' title='bbox 3431 4451 3666 4505; x_wconf 74' lang='lat' dir='ltr'><strong>Necdum</strong></span> <span class='ocrx_word' id='word_1_801' title='bbox 3707 4451 3928 4520; x_wconf 84' lang='lat' dir='ltr'><strong>aliquid</strong></span> 
     </span>
    </p>
   </div>
   <div class='ocr_carea' id='block_1_107' title="bbox 2352 4542 3900 4614">
    <p class='ocr_par' dir='ltr' id='par_1_107' title="bbox 2352 4542 3900 4614">
     <span class='ocr_line' id='line_1_107' title="bbox 2352 4542 3900 4614; baseline -0.003 -16"><span class='ocrx_word' id='word_1_802' title='bbox 2352 4547 2542 4599; x_wconf 81' lang='lat' dir='ltr'><strong>Petrus</strong></span> <span class='ocrx_word' id='word_1_803' title='bbox 2566 4545 2784 4608; x_wconf 84' lang='lat' dir='ltr'><strong>fecerat,</strong></span> <span class='ocrx_word' id='word_1_804' title='bbox 2833 4545 3012 4612; x_wconf 87' lang='lat' dir='ltr'><strong>etjam</strong></span> <span class='ocrx_word' id='word_1_805' title='bbox 3047 4546 3238 4598; x_wconf 88' lang='lat' dir='ltr'><strong>meruit</strong></span> <span class='ocrx_word' id='word_1_806' title='bbox 3271 4557 3459 4595; x_wconf 86' lang='lat' dir='ltr'><strong>nomen</strong></span> <span class='ocrx_word' id='word_1_807' title='bbox 3512 4544 3706 4598; x_wconf 88' lang='lat' dir='ltr'><strong>mutari</strong></span> <span class='ocrx_word' id='word_1_808' title='bbox 3743 4542 3900 4614; x_wconf 76' lang='lat' dir='ltr'><strong>[Hs.,</strong></span> 
     </span>
    </p>
   </div>
   <div class='ocr_carea' id='block_1_108' title="bbox 2355 4633 3900 4704">
    <p class='ocr_par' dir='ltr' id='par_1_108' title="bbox 2355 4633 3900 4704">
     <span class='ocr_line' id='line_1_108' title="bbox 2355 4633 3900 4704; baseline -0.001 -17"><span class='ocrx_word' id='word_1_809' title='bbox 2355 4634 2602 4704; x_wconf 87' lang='lat' dir='ltr'><strong>mutare].</strong></span> <span class='ocrx_word' id='word_1_810' title='bbox 2644 4634 2886 4701; x_wconf 70' lang='lat' dir='ltr'><strong>Nunquid</strong></span> <span class='ocrx_word' id='word_1_811' title='bbox 2920 4634 3036 4701; x_wconf 85' lang='lat' dir='ltr'><strong>plus</strong></span> <span class='ocrx_word' id='word_1_812' title='bbox 3066 4635 3132 4686; x_wconf 87' lang='lat' dir='ltr'><strong>ab</strong></span> <span class='ocrx_word' id='word_1_813' title='bbox 3168 4635 3376 4685; x_wconf 76' lang='lat' dir='ltr'><strong>Andrca</strong></span> <span class='ocrx_word' id='word_1_814' title='bbox 3406 4633 3735 4687; x_wconf 86' lang='lat' dir='ltr'><strong>crediderat?</strong></span> <span class='ocrx_word' id='word_1_815' title='bbox 3767 4633 3900 4698; x_wconf 90' lang='lat' dir='ltr'><strong>Quid</strong></span> 
     </span>
    </p>
   </div>
   <div class='ocr_carea' id='block_1_109' title="bbox 2354 4719 3902 4794">
    <p class='ocr_par' dir='ltr' id='par_1_109' title="bbox 2354 4719 3902 4794">
     <span class='ocr_line' id='line_1_109' title="bbox 2354 4719 3902 4794; baseline 0.002 -21"><span class='ocrx_word' id='word_1_816' title='bbox 2354 4721 2525 4787; x_wconf 86' lang='lat' dir='ltr'><strong>majus</strong></span> <span class='ocrx_word' id='word_1_817' title='bbox 2555 4720 2696 4782; x_wconf 87' lang='lat' dir='ltr'><strong>fecit,</strong></span> <span class='ocrx_word' id='word_1_818' title='bbox 2738 4730 2795 4772; x_wconf 89' lang='lat' dir='ltr'><strong>ut</strong></span> <span class='ocrx_word' id='word_1_819' title='bbox 2823 4737 2851 4771; x_wconf 89' lang='lat' dir='ltr'><strong>a</strong></span> <span class='ocrx_word' id='word_1_820' title='bbox 2879 4720 3041 4772; x_wconf 86' lang='lat' dir='ltr'><strong>fratre</strong></span> <span class='ocrx_word' id='word_1_821' title='bbox 3069 4721 3186 4788; x_wconf 91' lang='lat' dir='ltr'><strong>plus</strong></span> <span class='ocrx_word' id='word_1_822' title='bbox 3213 4721 3506 4790; x_wconf 87' lang='lat' dir='ltr'><strong>acciperet?</strong></span> <span class='ocrx_word' id='word_1_823' title='bbox 3545 4721 3712 4794; x_wconf 85' lang='lat' dir='ltr'><strong>[Quid</strong></span> <span class='ocrx_word' id='word_1_824' title='bbox 3739 4719 3902 4789; x_wconf 81' lang='lat' dir='ltr'><strong>majus</strong></span> 
     </span>
    </p>
   </div>
   <div class='ocr_carea' id='block_1_110' title="bbox 2357 4807 3903 4878">
    <p class='ocr_par' dir='ltr' id='par_1_110' title="bbox 2357 4807 3903 4878">
     <span class='ocr_line' id='line_1_110' title="bbox 2357 4807 3903 4878; baseline 0.002 -17"><span class='ocrx_word' id='word_1_825' title='bbox 2357 4810 2586 4863; x_wconf 80' lang='lat' dir='ltr'><strong>fecerat?</strong></span> <span class='ocrx_word' id='word_1_826' title='bbox 2611 4807 2628 4878; x_wconf 88' lang='lat'>]</span> <span class='ocrx_word' id='word_1_827' title='bbox 2671 4809 2921 4861; x_wconf 78' lang='lat' dir='ltr'><strong>Minorem</strong></span> <span class='ocrx_word' id='word_1_828' title='bbox 2947 4808 3161 4862; x_wconf 84' lang='lat' dir='ltr'><strong>fratrem</strong></span> <span class='ocrx_word' id='word_1_829' title='bbox 3184 4820 3397 4865; x_wconf 84' lang='lat' dir='ltr'><strong>secutus</strong></span> <span class='ocrx_word' id='word_1_830' title='bbox 3421 4821 3524 4874; x_wconf 88' lang='lat' dir='ltr'><strong>est,</strong></span> <span class='ocrx_word' id='word_1_831' title='bbox 3546 4820 3600 4865; x_wconf 88' lang='lat' dir='ltr'><strong>et</strong></span> <span class='ocrx_word' id='word_1_832' title='bbox 3628 4825 3784 4878; x_wconf 86' lang='lat' dir='ltr'><strong>quem</strong></span> <span class='ocrx_word' id='word_1_833' title='bbox 3813 4811 3903 4864; x_wconf 86' lang='lat' dir='ltr'><strong>ha-</strong></span> 
     </span>
    </p>
   </div>
   <div class='ocr_carea' id='block_1_111' title="bbox 2357 4900 3902 4971">
    <p class='ocr_par' dir='ltr' id='par_1_111' title="bbox 2357 4900 3902 4971">
     <span class='ocr_line' id='line_1_111' title="bbox 2357 4900 3902 4971; baseline 0.001 -20"><span class='ocrx_word' id='word_1_834' title='bbox 2357 4900 2511 4953; x_wconf 90' lang='lat' dir='ltr'><strong>bebat</strong></span> <span class='ocrx_word' id='word_1_835' title='bbox 2557 4900 2904 4964; x_wconf 86' lang='lat' dir='ltr'><strong>discipulum,</strong></span> <span class='ocrx_word' id='word_1_836' title='bbox 2948 4916 3049 4952; x_wconf 87' lang='lat' dir='ltr'><strong>non</strong></span> <span class='ocrx_word' id='word_1_837' title='bbox 3083 4902 3395 4971; x_wconf 78' lang='lat' dir='ltr'><strong>dedignatus</strong></span> <span class='ocrx_word' id='word_1_838' title='bbox 3441 4910 3522 4955; x_wconf 80' lang='lat' dir='ltr'><strong>est</strong></span> <span class='ocrx_word' id='word_1_839' title='bbox 3555 4902 3748 4958; x_wconf 88' lang='lat' dir='ltr'><strong>habere</strong></span> <span class='ocrx_word' id='word_1_840' title='bbox 3795 4916 3902 4956; x_wconf 83' lang='lat' dir='ltr'><strong>ma-</strong></span> 
     </span>
    </p>
   </div>
   <div class='ocr_carea' id='block_1_112' title="bbox 2358 4984 3900 5060">
    <p class='ocr_par' dir='ltr' id='par_1_112' title="bbox 2358 4984 3900 5060">
     <span class='ocr_line' id='line_1_112' title="bbox 2358 4984 3900 5060; baseline 0.003 -20"><span class='ocrx_word' id='word_1_841' title='bbox 2358 4992 2601 5058; x_wconf 73' lang='lat' dir='ltr'><strong>gistrum.</strong></span> <span class='ocrx_word' id='word_1_842' title='bbox 2689 4987 2760 5038; x_wconf 78' lang='lat' dir='ltr'><strong>&#39;{u</strong></span> <span class='ocrx_word' id='word_1_843' title='bbox 2817 5005 2866 5041; x_wconf 78' lang='lat' dir='ltr'><strong>es</strong></span> <span class='ocrx_word' id='word_1_844' title='bbox 2927 4990 3105 5042; x_wconf 80' lang='lat' dir='ltr'><strong>Simon</strong></span> <span class='ocrx_word' id='word_1_845' title='bbox 3154 4991 3294 5057; x_wconf 80' lang='lat' dir='ltr'><strong>ﬁlius</strong></span> <span class='ocrx_word' id='word_1_846' title='bbox 3335 4984 3491 5042; x_wconf 72' lang='lat' dir='ltr'><strong>lana.</strong></span> <span class='ocrx_word' id='word_1_847' title='bbox 3548 4989 3679 5043; x_wconf 79' lang='lat' dir='ltr'><strong>Jona</strong></span> <span class='ocrx_word' id='word_1_848' title='bbox 3728 4989 3900 5060; x_wconf 74' lang='lat' dir='ltr'><strong>lingua</strong></span> 
     </span>
    </p>
   </div>
   <div class='ocr_carea' id='block_1_113' title="bbox 2361 5079 3900 5148">
    <p class='ocr_par' dir='ltr' id='par_1_113' title="bbox 2361 5079 3900 5148">
     <span class='ocr_line' id='line_1_113' title="bbox 2361 5079 3900 5148; baseline 0.003 -18"><span class='ocrx_word' id='word_1_849' title='bbox 2361 5090 2538 5132; x_wconf 88' lang='lat' dir='ltr'><strong>nostra</strong></span> <span class='ocrx_word' id='word_1_850' title='bbox 2565 5081 2754 5132; x_wconf 89' lang='lat' dir='ltr'><strong>dicitur</strong></span> <span class='ocrx_word' id='word_1_851' title='bbox 2802 5080 3061 5132; x_wconf 76' lang='lat' dir='ltr'><strong>columba.</strong></span> <span class='ocrx_word' id='word_1_852' title='bbox 3117 5080 3192 5131; x_wconf 88' lang='lat' dir='ltr'><strong>Tu</strong></span> <span class='ocrx_word' id='word_1_853' title='bbox 3218 5095 3277 5133; x_wconf 90' lang='lat' dir='ltr'><strong>es</strong></span> <span class='ocrx_word' id='word_1_854' title='bbox 3307 5095 3434 5148; x_wconf 79' lang='lat' dir='ltr'><strong>ergo</strong></span> <span class='ocrx_word' id='word_1_855' title='bbox 3473 5079 3609 5134; x_wconf 88' lang='lat' dir='ltr'><strong>ﬁlius</strong></span> <span class='ocrx_word' id='word_1_856' title='bbox 3641 5079 3791 5143; x_wconf 75' lang='lat' dir='ltr'><strong>Iona,</strong></span> <span class='ocrx_word' id='word_1_857' title='bbox 3846 5091 3900 5134; x_wconf 85' lang='lat' dir='ltr'><strong>tu</strong></span> 
     </span>
    </p>
   </div>
   <div class='ocr_carea' id='block_1_114' title="bbox 2361 5169 3900 5239">
    <p class='ocr_par' dir='ltr' id='par_1_114' title="bbox 2361 5169 3900 5239">
     <span class='ocr_line' id='line_1_114' title="bbox 2361 5169 3900 5239; baseline -0.001 -16"><span class='ocrx_word' id='word_1_858' title='bbox 2361 5185 2418 5223; x_wconf 88' lang='lat' dir='ltr'><strong>es</strong></span> <span class='ocrx_word' id='word_1_859' title='bbox 2449 5170 2586 5222; x_wconf 87' lang='lat' dir='ltr'><strong>ﬁlius</strong></span> <span class='ocrx_word' id='word_1_860' title='bbox 2640 5169 2869 5238; x_wconf 88' lang='lat' dir='ltr'><strong>Spiritus</strong></span> <span class='ocrx_word' id='word_1_861' title='bbox 2917 5169 3107 5221; x_wconf 89' lang='lat' dir='ltr'><strong>sancti.</strong></span> <span class='ocrx_word' id='word_1_862' title='bbox 3169 5169 3334 5224; x_wconf 89' lang='lat' dir='ltr'><strong>Filius</strong></span> <span class='ocrx_word' id='word_1_863' title='bbox 3381 5186 3508 5239; x_wconf 83' lang='lat' dir='ltr'><strong>ergo</strong></span> <span class='ocrx_word' id='word_1_864' title='bbox 3548 5171 3740 5225; x_wconf 88' lang='lat' dir='ltr'><strong>dicitur</strong></span> <span class='ocrx_word' id='word_1_865' title='bbox 3783 5169 3900 5238; x_wconf 83' lang='lat' dir='ltr'><strong>Spi-</strong></span> 
     </span>
    </p>
   </div>
   <div class='ocr_carea' id='block_1_115' title="bbox 2360 5257 3898 5328">
    <p class='ocr_par' dir='ltr' id='par_1_115' title="bbox 2360 5257 3898 5328">
     <span class='ocr_line' id='line_1_115' title="bbox 2360 5257 3898 5328; baseline 0.001 -17"><span class='ocrx_word' id='word_1_866' title='bbox 2360 5258 2492 5311; x_wconf 88' lang='lat' dir='ltr'><strong>ritus</strong></span> <span class='ocrx_word' id='word_1_867' title='bbox 2522 5260 2711 5321; x_wconf 86' lang='lat' dir='ltr'><strong>sancti,</strong></span> <span class='ocrx_word' id='word_1_868' title='bbox 2740 5260 2862 5326; x_wconf 88' lang='lat' dir='ltr'><strong>quia</strong></span> <span class='ocrx_word' id='word_1_869' title='bbox 2887 5257 3238 5313; x_wconf 79' lang='lat' dir='ltr'><strong>humilitatem</strong></span> <span class='ocrx_word' id='word_1_870' title='bbox 3266 5259 3331 5314; x_wconf 87' lang='lat' dir='ltr'><strong>de</strong></span> <span class='ocrx_word' id='word_1_871' title='bbox 3361 5260 3558 5328; x_wconf 88' lang='lat' dir='ltr'><strong>Spiritu</strong></span> <span class='ocrx_word' id='word_1_872' title='bbox 3591 5266 3776 5313; x_wconf 82' lang='lat' dir='ltr'><strong>sancto</strong></span> <span class='ocrx_word' id='word_1_873' title='bbox 3806 5273 3898 5312; x_wconf 76' lang='lat' dir='ltr'><strong>sc-</strong></span> 
     </span>
    </p>
   </div>
   <div class='ocr_carea' id='block_1_116' title="bbox 2357 5355 2590 5416">
    <p class='ocr_par' dir='ltr' id='par_1_116' title="bbox 2357 5355 2590 5416">
     <span class='ocr_line' id='line_1_116' title="bbox 2357 5355 2590 5416; baseline -0.013 -15"><span class='ocrx_word' id='word_1_874' title='bbox 2357 5355 2590 5416; x_wconf 87' lang='lat' dir='ltr'><strong>ceperat.</strong></span> 
     </span>
    </p>
   </div>
   <div class='ocr_carea' id='block_1_117' title="bbox 2429 5433 3896 5492">
    <p class='ocr_par' dir='ltr' id='par_1_117' title="bbox 2429 5433 3896 5492">
     <span class='ocr_line' id='line_1_117' title="bbox 2429 5433 3896 5492; baseline -0.005 0"><span class='ocrx_word' id='word_1_875' title='bbox 2429 5435 2691 5492; x_wconf 59' lang='lat' dir='ltr'><strong>VEnsJ3.</strong></span> <span class='ocrx_word' id='word_1_876' title='bbox 2717 5466 2784 5476; x_wconf 92' lang='lat'><strong>-—</strong></span> <span class='ocrx_word' id='word_1_877' title='bbox 2813 5435 2876 5489; x_wconf 89' lang='lat' dir='ltr'><strong>In</strong></span> <span class='ocrx_word' id='word_1_878' title='bbox 2899 5438 3180 5490; x_wconf 90' lang='lat' dir='ltr'><strong>crastinum</strong></span> <span class='ocrx_word' id='word_1_879' title='bbox 3202 5437 3356 5491; x_wconf 74' lang='lat' dir='ltr'><strong>coluit</strong></span> <span class='ocrx_word' id='word_1_880' title='bbox 3377 5437 3515 5488; x_wconf 60' lang='lat' dir='ltr'><strong>exire</strong></span> <span class='ocrx_word' id='word_1_881' title='bbox 3541 5436 3592 5489; x_wconf 89' lang='lat' dir='ltr'><strong>in</strong></span> <span class='ocrx_word' id='word_1_882' title='bbox 3607 5433 3896 5490; x_wconf 77' lang='lat' dir='ltr'><strong>Galilccant.</strong></span> 
     </span>
    </p>
   </div>
   <div class='ocr_carea' id='block_1_118' title="bbox 2357 5524 3895 5593">
    <p class='ocr_par' dir='ltr' id='par_1_118' title="bbox 2357 5524 3895 5593">
     <span class='ocr_line' id='line_1_118' title="bbox 2357 5524 3895 5593; baseline 0.001 -15"><span class='ocrx_word' id='word_1_883' title='bbox 2357 5527 2412 5580; x_wconf 83' lang='lat' dir='ltr'><strong>in</strong></span> <span class='ocrx_word' id='word_1_884' title='bbox 2434 5526 2747 5590; x_wconf 85' lang='lat' dir='ltr'><strong>crastinum,</strong></span> <span class='ocrx_word' id='word_1_885' title='bbox 2779 5527 2970 5593; x_wconf 82' lang='lat' dir='ltr'><strong>inquit.</strong></span> <span class='ocrx_word' id='word_1_886' title='bbox 3000 5527 3163 5581; x_wconf 87' lang='lat' dir='ltr'><strong>voluit</strong></span> <span class='ocrx_word' id='word_1_887' title='bbox 3190 5524 3342 5580; x_wconf 67' lang='lat' dir='ltr'><strong>Iesus</strong></span> <span class='ocrx_word' id='word_1_888' title='bbox 3364 5525 3508 5580; x_wconf 73' lang='lat' dir='ltr'><strong>exire</strong></span> <span class='ocrx_word' id='word_1_889' title='bbox 3531 5526 3584 5579; x_wconf 90' lang='lat' dir='ltr'><strong>in</strong></span> <span class='ocrx_word' id='word_1_890' title='bbox 3606 5524 3895 5580; x_wconf 70' lang='lat' dir='ltr'><strong>Galilaeam.</strong></span> 
     </span>
    </p>
   </div>
  </div>
