4230 6192
426 302 513 353 ῗϐι
1217 302 1610 356 ΕΧΕΟΕΊΊΕᾹ.
1655 332 1722 341 ——
1760 302 2104 356 COMMENT.
2148 302 2209 353 IN
2248 301 2430 354 JOAN.
2480 331 2546 338 -—
2585 301 2708 352 LIB.
2750 299 2786 350 1.

3508 297 3610 349 769.

423 423 467 462 tt
492 412 676 462 invenit
704 409 1014 477 Philippum,
1038 421 1082 460 et
1118 412 1240 462 dicit
1276 413 1320 462 ei
1349 411 1599 479 :Sequere
1623 429 1720 464 me.
1757 431 1772 460 ι
1801 425 1821 452 α
1847 412 1960 465 Jam
1991 415 2034 469 Α
2063 410 2396 462 ordinaretur
2426 426 2454 461 ιι
2495 411 2735 470 Domino,
2768 415 3020 477 quantum
3049 410 3316 477 capiendis
3353 413 3420 464 ad
3451 412 3608 464 vitam

423 508 566 566 patet
589 513 653 550 ex
678 499 1056 565 superioribus,
1088 499 1224 553 unde
1265 501 1489 554 voluerit
1535 499 1685 554 Iesus
1725 501 1870 554 exire
1910 501 1962 552 in

423 587 713 652 Galilaeam,
763 587 1005 640 videlicet
1033 603 1060 641 a
1108 587 1306 654 Iudaea,
1353 591 1441 643 ubi
1474 599 1588 642 erat
1616 589 1843 643 Joannes
1872 591 1963 643 ba-

424 675 650 743 ptizans,
701 683 754 726 et
787 676 1143 727 testimonium
1190 677 1260 729 illi
1307 679 1606 746 perhibens,
1647 679 1784 745 quod
1825 686 1965 731 esset

424 777 589 832 agnus
612 762 724 815 Dei.
796 761 938 816 Duos
965 779 1026 815 ex
1055 764 1321 830 discipulis
1353 767 1463 819 suis
1489 759 1558 818 ad
1582 781 1701 818 eum
1736 781 1960 833 sequen-

423 853 544 905 dum
595 855 916 923 provocavit,
966 869 994 906 e
1038 855 1227 921 quibus
1255 870 1387 907 unus
1431 855 1687 916 Andreas,
1718 856 1780 906 ad
1818 855 1962 906 illum

423 943 581 994 etiam
605 941 820 994 fratrem
847 940 1056 994 Petrum
1084 941 1317 994 adduxit.
1377 941 1525 995 Patet
1561 942 1710 1007 juxta
1750 958 1962 996 sensum

424 1029 732 1097 spiritalem,
790 1039 840 1081 et
862 1029 1046 1083 crebra
1069 1031 1396 1099 expositione
1419 1032 1604 1087 vestra:
1645 1031 1963 1086 fraternitati

417 1117 528 1184 jam
560 1120 825 1185 cognitum
883 1129 984 1182 est,
1033 1124 1157 1188 quid
1207 1124 1274 1175 sit
1308 1124 1587 1177 Dominum
1640 1125 1960 1195 scqui[.lfs.,

423 1208 562 1274 quod
592 1207 866 1262 Dominum
905 1212 1220 1282 sequitur?].
1261 1212 1510 1281 Sequitur
1531 1229 1757 1282 namque
1781 1215 1961 1268 Domi-

423 1312 567 1360 nam,
605 1297 693 1363 qui
738 1297 999 1362 imitatur;
1049 1300 1604 1367 sequiturllominum,
1661 1303 1747 1368 qui
1797 1319 1966 1369 quan-

423 1392 534 1438 tum
581 1383 840 1456 fragilitas
891 1387 1118 1440 humana
1167 1389 1386 1456 patitur,
1427 1404 1487 1442 ea
1512 1405 1627 1456 qum
1673 1390 1722 1442 in
1753 1391 1963 1443 homine

421 1483 677 1526 monstrat
713 1473 879 1530 Filius
908 1476 1024 1537 Dei,
1076 1477 1388 1532 humilitatis
1425 1479 1662 1547 exempla
1688 1495 1788 1531 non
1817 1480 1964 1532 dese-

420 1561 521 1623 rit;
576 1563 812 1630 sequitur
841 1565 1140 1627 Dominum,
1197 1568 1286 1634 qui
1312 1569 1485 1621 socius
1519 1568 1819 1634 passionum
1855 1569 1960 1622 exi-

420 1651 627 1712 stendo,
675 1653 740 1705 ad
765 1653 1086 1707 consortlum
1107 1659 1508 1710 resurrectionis
1529 1659 1660 1726 ejus,
1692 1667 1743 1712 et
1783 1675 1964 1714 ascen-

2063 500 2338 553 animabus
2351 509 2490 553 esset
2505 500 2757 561 intentus,
2783 515 2900 551 mox
2922 509 3106 567 sponte
3118 500 3450 568 pradicando
3465 517 3620 556 mon-

2063 589 2289 646 stravit.,

2133 680 2289 732 Vsus.
2303 677 2663 730 45.—Invenit
2681 680 2814 729 enim
2832 675 3144 739 Nat/tanuel,
3159 686 3203 728 et
3219 676 3338 729 dicit
3353 677 3398 729 ei
3414 689 3430 725 :
3445 675 3607 741 Quem

2061 769 2260 834 scripsit
2291 766 2456 818 Moses
2476 767 2528 818 in
2546 766 2670 834 lege,
2694 776 2736 817 et
2758 767 3330 834 prophetw,incenimus
3346 763 3524 818 Iesum
3545 765 3611 832 ﬁ-

2060 851 2186 904 lium
2198 852 2383 920 Ioseph
2401 870 2430 904 a
2447 851 3061 922 Nazareth.[\’ideamus]
3078 860 3330 919 quantum
3347 860 3455 905 rete
3469 850 3609 913 fidei,

2062 957 2218 1009 quam
2239 943 2522 1010 capacibus
2535 942 2736 995 devota:
2763 943 3149 1010 pratdicationis
3172 942 3440 995 miraculis
3461 941 3608 1012 [Ms..

2063 1029 2314 1100 maculis]
2351 1030 2608 1082 intextum
2648 1030 2860 1081 invento
2907 1029 3056 1081 fratri
3089 1029 3402 1092 circumdet,
3455 1043 3612 1096 quem
3652 1015 3656 1018 ’

2065 1119 2130 1171 ad
2156 1127 2407 1170 mternam
2440 1118 2586 1186 cupit
2613 1117 2863 1185 providus
2909 1125 3124 1186 captare
3164 1118 3409 1170 salutem.
3463 1116 3613 1170 Illum

2065 1206 2191 1259 dicit
2216 1208 2505 1270 inventum,
2561 1220 2714 1273 quem
2744 1206 2912 1259 Moses
2937 1215 2988 1258 et
3013 1207 3282 1274 propheta:
3328 1215 3611 1284 venturum

2063 1296 2174 1349 suis
2211 1297 2422 1363 scriptis
2445 1298 2805 1363 signaverunt,
2855 1304 2911 1348 ut
2943 1297 3148 1350 cunctis
3172 1297 3511 1362 sequentibus
3534 1295 3611 1348 in-

2065 1385 2330 1453 telligatur
2369 1385 2508 1451 quod
2550 1385 2661 1452 ipse
2684 1387 2749 1437 sit
2785 1384 2934 1451 cujus
2971 1386 3220 1438 adventui
3270 1387 3621 1454 pra'conando

2064 1475 2309 1526 universa
2345 1483 2580 1526 veterum
2609 1475 2804 1542 scripta
2845 1475 3080 1526 serviunt
3125 1474 3252 1545 [ΑΛ.
3289 1475 3615 1547 servierint].

2064 1560 2242 1614 Iesum
2273 1571 2556 1631 nuncupat,
2588 1561 2727 1630 quod
2765 1577 2954 1616 nomen
2991 1561 3184 1616 Christi
3209 1562 3466 1626 futurum,
3496 1579 3616 1630 pro-

2066 1651 2344 1720 phetarum
2364 1651 2576 1704 oracula
2606 1651 2972 1704 concinebant.
3014 1651 3204 1704 Filium
3226 1649 3418 1720 Ioseph
3441 1651 3620 1720 appel-

418 1739 584 1792 sionis
633 1739 795 1809 479
826 1743 1122 1812 pertingere
1173 1744 1383 1796 sedulus
1419 1756 1652 1813 exoptat.
1711 1748 1812 1801 Sed
1859 1764 1961 1801 non
1997 1741 2036 1797 Β
2066 1738 2158 1801 lat,
2214 1754 2315 1792 non
2356 1750 2413 1791 ut
2446 1740 2586 1792 hunc
2612 1755 2675 1791 ex
2711 1738 3081 1806 conjunctione
3125 1740 3286 1796 maris
3328 1748 3380 1792 et
3405 1738 3614 1793 femina:

419 1830 530 1881 sine
579 1830 710 1882 certi
755 1831 957 1885 ratione
1007 1833 1240 1902 mysterii
1269 1832 1512 1897 refertur,
1563 1835 1702 1902 quod
1724 1837 1963 1890 dicturus

417 1925 500 1969 est
522 1917 763 1987 Philippo
800 1919 944 1984 Iesu,
973 1939 1183 1991 sequere
1201 1941 1299 1977 me.
1365 1923 1534 1977 Voluit
1566 1927 1704 1978 exire
1734 1927 1785 1979 in
1819 1926 1964 1979 Gali-

418 2004 588 2058 lteam.
625 2005 838 2062 Galilaaa
866 2025 1089 2079 namque
1119 2014 1510 2084 transmigratio
1531 2015 1684 2080 facta,
1714 2016 1794 2069 vel
1817 2031 1963 2070 reve-

419 2091 544 2142 latio
567 2093 960 2162 interpretatur.
1015 2097 1069 2150 ln
1091 2113 1154 2152 eo
1182 2101 1374 2168 quippe
1399 2102 1537 2167 quod
1567 2102 1963 2169 transmigratio

421 2177 554 2232 facta
601 2183 821 2247 dicitur,
858 2186 1148 2254 profectum
1203 2188 1431 2243 fidelium
1490 2191 1776 2258 designat:
1821 2192 1962 2259 quod

420 2268 574 2342 [vel]
618 2271 681 2324 de
719 2275 860 2328 vitiis
906 2277 972 2329 ad
1000 2278 1251 2333 virtutum
1301 2281 1664 2335 celsitudinem
1716 2283 1963 2337 transmi-

420 2375 592 2428 grare,
633 2361 715 2415 vel
742 2362 794 2416 in
822 2364 949 2432 ipsis
972 2366 1253 2420 virtutibus
1301 2371 1550 2436 paulatim
1587 2370 1862 2440 proficere,
1900 2387 1963 2425 ac

419 2454 483 2506 de
516 2454 810 2510 minoribus
831 2454 895 2508 ad
924 2455 1120 2524 majora
1156 2459 1388 2528 quotidie
1412 2460 1590 2514 subire
1617 2463 1961 2524 contendunt,

416 2558 694 2610 quousque
715 2543 779 2596 de
809 2544 906 2597 hac
928 2546 1163 2600 convalle
1197 2545 1548 2615 lacrymarum
1573 2547 1638 2599 ad
1664 2562 1836 2599 arcem
1871 2548 1960 2600 lae-

419 2630 546 2682 titim
570 2630 818 2691 cmlestis,
854 2632 1075 2686 Domino
1097 2636 1400 2696 auxiliante,
1432 2635 1762 2704 perveniant;
1808 2638 1857 2687 in
1898 2651 1962 2689 eo

417 2731 613 2785 autem,
652 2724 790 2791 quod
819 2724 1384 2790 revelationemsonat,
1425 2728 1590 2797 ipsam
1613 2729 1733 2780 vitae
1753 2735 1962 2780 :eternce

419 2813 822 2880 beatitudinem,
849 2831 945 2884 pro
971 2830 1074 2884 qua
1104 2817 1157 2869 in
1190 2819 1436 2886 prmsenti
1482 2817 1648 2871 sancti
1699 2817 1959 2880 laborant,

350 2965 354 2968 _
421 2904 672 2957 insinuat.
741 2905 902 2972 Cujus
931 2917 1212 2976 utramque
1262 2909 1749 2977 interpretationem
1797 2909 1961 2962 nomi-

417 2995 502 3049 nis
524 2994 800 3048 Psalmista
839 3012 942 3049 uno
968 2999 1228 3059 versiculo
1269 2980 1686 3065 comprehendit,
1738 2999 1824 3051 ubi
1855 3000 1958 3051 ait:

2065 1835 2246 1879 natum
2285 1837 2570 1890 asseveret,
2623 1843 2780 1895 quem
2823 1829 2888 1881 de
2943 1829 3146 1898 virgine
3175 1830 3501 1882 nasciturum
3558 1829 3613 1884 in

2063 1917 2334 1983 prophetis
2381 1917 2658 1979 didicerat,
2699 1919 2790 1970 sed
2819 1925 2876 1972 ut
2903 1919 2968 1971 de
2997 1919 3158 1973 domo
3187 1936 3248 1974 ac
3278 1918 3474 1974 familia
3506 1920 3612 1974 Da-

2063 2002 2169 2064 vid,
2200 2003 2337 2055 unde
2361 2001 2555 2070 Ioseph
2597 2014 2770 2076 ortum
2820 2014 3062 2068 noverat,
3110 2008 3400 2061 secundum
3429 2009 3604 2062 vatici-

2063 2093 2149 2145 nia
2177 2094 2570 2160 prophetarum,
2601 2106 2720 2144 eum
2748 2096 2954 2146 venisse
2984 2095 3216 2148 doceret.
3261 2095 3441 2163 Neque
3473 2098 3615 2150 enim

2065 2184 2362 2236 mirandum
2389 2183 2719 2251 siPhilippus
2743 2198 2862 2236 eum
2887 2182 3048 2235 lilium
3070 2181 3263 2252 Ioseph
3292 2192 3463 2247 vocet,
3494 2199 3614 2238 cum

2064 2284 2118 2327 et
2146 2275 2257 2343 ipsa
2302 2274 2526 2343 genitrix
2553 2274 2691 2326 illius
2721 2273 3032 2326 intemerata
3061 2287 3268 2341 semper
3308 2273 3470 2343 Virgo
3509 2272 3616 2325 Ma-

2066 2363 2166 2423 ria,
2195 2379 2311 2430 qua:
2333 2364 2501 2415 virum
2522 2378 2623 2415 non
2648 2371 2885 2424 noverat,
2912 2364 3345 2417 consuetudinem
3367 2362 3505 2432 vulgi
3529 2378 3614 2416 se-

2065 2469 2232 2519 quens
2263 2454 2338 2507 sie
2369 2454 2540 2506 locuta
2563 2454 2792 2522 legatur:
2832 2452 2956 2518 Fili,
2985 2455 3107 2522 quid
3134 2455 3298 2520 fecisti
3321 2455 3463 2507 nobis
3502 2455 3574 2507 sic
3599 2455 3622 2506 Ρ

2065 2543 2198 2596 Ecce
2216 2555 2360 2612 pater
2383 2555 2500 2596 tuus
2533 2554 2578 2596 et
2604 2561 2691 2612 ego
2722 2542 2947 2596 dolentes
2988 2544 3338 2612 qurerebamus
3383 2553 3431 2595 te
3471 2543 3620 2612 (Luc.

2065 2649 2127 2693 ιι,
2156 2633 2264 2698 48).
2313 2634 2542 2686 Additet
2565 2636 2789 2700 patriam
2814 2652 2843 2686 a
2869 2633 3150 2694 Nazareth,
3188 2642 3247 2685 ut
3295 2633 3468 2701 ipsum
3497 2649 3617 2686 esse

2066 2720 2298 2786 signaret
2324 2723 2387 2774 de
2433 2735 2536 2787 quo
2557 2721 2758 2785 legerat
2800 2721 2852 2771 in
2899 2717 3475 2788 prophetis,'quoniam
3505 2718 3617 2771 Na-

2048 2827 2248 2864 zarceus
2271 2813 2549 2888 vocabitur.
2598 2811 2710 2864 Non
2732 2825 2859 2878 ergo
2880 2813 3070 2864 mirum
3093 2811 3140 2863 si
3170 2827 3290 2864 mox
3315 2812 3379 2864 ad
3399 2825 3621 2864 consen-

2066 2916 2182 2954 sum
2216 2901 2461 2954 credendi
2484 2915 2545 2953 ac
2569 2899 2814 2952 veniendi
2842 2901 2907 2951 ad
2935 2898 3205 2952 Christum
3230 2898 3461 2966 captavit
3489 2896 3618 2952 Phi-

2067 2992 2242 3059 lippus
2271 2989 2582 3050 Nathanael,
2629 2990 2711 3041 cui
2749 2996 2921 3041 tantas
2975 2988 3205 3055 undique
3232 2989 3472 3041 veritatis
3504 3003 3622 3043 cas-

420 3083 759 3137 Ambulabunt
775 3085 837 3136 de
862 3085 1040 3138 virtute
1066 3055 1402 3150 in‘virtutem;
1418 3087 1665 3140 videbitur
1682 3086 1818 3139 Deus
1833 3087 1968 3139 Deo-
1994 3055 2038 3116 C
2069 3097 2155 3134 ses
2183 3082 2475 3148 pnetendit.
2525 3079 2687 3144 Quem
2729 3079 2932 3147 scripsit
2986 3076 3152 3130 Moses
3194 3077 3247 3130 in
3275 3075 3399 3146 lege,
3425 3087 3470 3131 et
3501 3095 3620 3148 pro-

420 3189 533 3225 rum
566 3172 619 3225 in
667 3170 792 3226 Sion
839 3173 1006 3242 (Psal.
1055 3191 1276 3237 Lxxxut,
1308 3174 1381 3244 8).
1442 3175 1563 3228 Πὣο
1616 3183 1697 3228 est
1741 3191 1968 3244 namque

419 3263 565 3325 visio,
591 3263 655 3318 de
669 3280 769 3332 qua
786 3265 913 3319 dicit
936 3265 1241 3334 Apostolus:
1278 3266 1387 3320 Nos
1408 3279 1576 3320 autem
1594 3267 1808 3319 revelata
1837 3268 1968 3335 facie

415 3356 633 3423 gloriam
682 3355 889 3409 Domini
943 3358 1279 3426 speculantes,
1323 3360 1374 3412 in
1417 3361 1646 3413 eamdem
1694 3361 1967 3428 imaginem

417 3443 869 3510 transformamur,
912 3461 942 3496 a
967 3446 1131 3514 gloria
1162 3449 1214 3499 in
1240 3447 1477 3515 gloriam,
1527 3458 1771 3515 tanquam
1801 3464 1831 3498 α
1857 3446 1964 3497 Do-

420 3533 544 3583 mini
573 3532 756 3599 spiritu
811 3531 950 3603 [Al.,
983 3550 1014 3584 α
1042 3533 1260 3587 Domino
1303 3535 1560 3605 prtesenti]
1609 3535 1692 3604 (Il
1732 3535 1850 3587 Cor.
1882 3550 1963 3595 ιιι,

421 3619 528 3687 18).
586 3619 727 3673 Bene
755 3635 884 3690 ergo
920 3631 1203 3677 vocaturos
1228 3624 1292 3677 ad
1317 3624 1638 3692 sequendum
1659 3637 1715 3676 se
1736 3621 1965 3690 discipu-

421 3708 546 3768 lum,
570 3705 724 3760 Iesus
745 3709 912 3760 voluit
937 3711 1081 3763 exire
1112 3712 1162 3764 in
1183 3711 1469 3774 Galilaeam,
1497 3711 1547 3764 id
1577 3718 1676 3773 est,
1713 3710 1762 3762 in
1794 3718 1966 3762 trans-

419 3793 782 3860 migrationem
810 3791 1023 3859 factam,
1052 3798 1160 3849 sive
1192 3800 1587 3861 revelationcm,
1621 3808 1679 3850 ut
1724 3798 1969 3852 videlicet

421 3882 620 3956 [sicut]
649 3877 764 3954 ipse
796 3893 928 3939 teste
960 3885 1247 3956 Evangelio
1290 3887 1598 3956 proficiebat
1634 3889 1888 3957 sapientia
1913 3897 1966 3940 et

417 3985 589 4039 :ctate,
613 3986 668 4031 et
692 3977 859 4047 gratia
893 3977 1028 4045 apud
1058 3977 1222 4031 Deum
1242 3986 1294 4030 et
1313 3977 1554 4031 homines
1576 3977 1724 4046 (Luc.
1753 3995 1814 4041 ιι,
1838 3979 1924 4046 52)
1949 3995 1963 4041 ;

418 4068 554 4120 sicut
592 4082 781 4136 passus
801 4075 884 4120 est
917 4075 970 4120 et
1015 4067 1322 4128 resurrexit,
1349 4075 1404 4118 et
1427 4066 1500 4120 ita
1529 4066 1747 4120 intravit
1772 4068 1823 4120 in
1851 4067 1963 4134 glo-

419 4157 550 4208 riam
581 4171 757 4209 suam:
800 4155 877 4210 sic
898 4156 1056 4209 etiam
1082 4172 1206 4210 suos
1232 4170 1488 4224 sequaces
1513 4158 1815 4210 ostenderet
1843 4171 1965 4223 pro-

418 4247 574 4300 licere
603 4246 902 4307 virtutibus,
962 4261 1025 4299 ac
1070 4261 1165 4313 per
1199 4246 1475 4313 passiones
1514 4247 1846 4298 transitorias
1898 4246 1964 4298 ad

416 4348 731 4392 mternorum
781 4336 915 4389 dona
952 4335 1260 4405 gaudiorum
1316 4337 1690 4406 transniigrare
1743 4336 1956 4391 debere.

417 4425 664 4491 Sequitur
704 4437 718 4475 :

486 4510 642 4564 Vens.
668 4510 752 4562 M.
789 4541 857 4550 -——
893 4511 1021 4563 Erat
1049 4522 1218 4564 autem
1251 4511 1513 4582 Philippus
1545 4530 1576 4564 a
1603 4513 1860 4572 Betsaitla,
1890 4517 1962 4566 ci-

417 4604 566 4656 vitate
589 4600 805 4654 Andreae
831 4611 876 4654 et
903 4601 1064 4655 Petri.
1122 4602 1235 4656 Non
1253 4612 1334 4656 est
1356 4603 1619 4672 putandus
1640 4605 1959 4673 evangelista

419 4691 634 4746 fortuito
669 4697 720 4742 et
751 4690 950 4757 absque
995 4692 1194 4748 ratione
1224 4693 1443 4763 mystica
1474 4709 1663 4747 nomen
1709 4695 1958 4756 civitatis,

420 4781 482 4835 de
511 4797 612 4849 qua
637 4788 776 4850 esset
810 4778 1099 4848 Philippus,
1123 4774 1175 4838 et
1205 4784 1344 4851 quod
1373 4785 1556 4838 eadem
1586 4783 1810 4838 Andrea:
1831 4798 1962 4850 quo-

420 4885 520 4938 que
562 4879 615 4923 et
641 4869 779 4922 Petri
812 4877 970 4933 esset,
1018 4870 1245 4924 voluisse
1273 4881 1601 4926 monstrare:
1636 4874 1724 4927 sed
1752 4888 1845 4941 per
1871 4887 1961 4926 no-

419 4973 540 5011 men
565 4959 995 5027 civitatistypice,
1011 4959 1180 5027 qualis
1204 4969 1326 5013 tunc
1343 4962 1449 5030 jam
1472 4964 1648 5016 animo
1673 4963 1961 5029 Philippus,

418 5044 588 5112 qualis
628 5045 799 5099 ollicio
838 5055 981 5102 esset
1005 5046 1232 5111 futurus,
1279 5048 1460 5116 quales
1490 5050 1649 5101 etiam
1676 5050 1862 5103 Petrus
1911 5061 1965 5104 et

419 5134 682 5195 Andreas,
705 5137 982 5191 ostendere
1001 5154 1232 5192 curasse.
1303 5138 1541 5193 Betsaida
1562 5140 1755 5208 quippe
1777 5141 1964 5196 domus

420 5231 731 5276 venatorum
759 5222 970 5287 dicitur,
1017 5234 1072 5278 et
1090 5237 1367 5282 venatores
1386 5228 1564 5295 utique
1585 5237 1738 5283 erant
1781 5230 1961 5291 futuri,

423 5311 512 5378 qui
536 5310 820 5363 audiebant
845 5324 875 5362 a
900 5309 1157 5368 Domino:
1203 5315 1375 5370 Venite
1402 5326 1512 5384 post
1552 5333 1648 5380 me,
1697 5328 1743 5371 et
1775 5318 1963 5384 faciam

427 5417 509 5454 vos
528 5401 641 5467 ﬁeri
669 5402 946 5467 piscatores
984 5402 1248 5459 hominum
1270 5407 1505 5476 (Matth,
1549 5424 1618 5470 iv,
1657 5409 1762 5476 19).
1797 5409 1966 5460 Vena-

438 5503 510 5546 'or
533 5499 582 5544 et
608 5490 712 5552 ille.
745 5492 833 5558 qui
869 5500 925 5546 et
949 5503 1229 5561 antequam
1250 5497 1314 5550 ad
1333 5497 1720 5566 pradicationis
1739 5497 1964 5551 ofﬁcium

501 5613 522 5639 ι
567 5601 570 5606 ’
603 5601 719 5663 eda.
745 5601 885 5655 hom.
911 5601 959 5654 ι.

1992 4387 2040 4444 ι)

2066 3172 2248 3239 pheta'.
2283 3173 2562 3224 invenimus
2606 3171 2783 3223 Iesum
2825 3169 2991 3237 ﬁlium
3031 3169 3218 3238 Ioseph
3264 3186 3294 3222 a
3337 3167 3621 3223 Nasaretli.

2069 3260 2247 3328 Neque
2279 3261 2542 3314 immerito
2579 3276 2608 3314 a
2634 3260 2898 3322 Betsaida,
2934 3259 2981 3312 id
3005 3269 3103 3322 est,
3132 3259 3290 3313 domo
3309 3269 3622 3313 venatorum

2067 3351 2318 3404 oriundus
2345 3350 2619 3413 asseritur,
2643 3350 2730 3415 qui
2763 3358 2962 3400 tantam
2987 3348 3095 3402 Deo
3117 3349 3317 3403 dilectae
3331 3350 3621 3403 venationis

2065 3454 2247 3492 curam
2301 3439 2539 3506 pariter,
2589 3445 2644 3489 et
2694 3438 2918 3503 gratiam
2956 3440 3224 3505 accepisse
3275 3447 3617 3492 monstratur.

2069 3528 2196 3580 Nam
2228 3528 2497 3595 sequitur:

2136 3620 2294 3672 Vens.
2327 3618 2412 3671 46.
2454 3649 2522 3657 -
2557 3617 2622 3670 Et
2649 3617 2780 3670 dixit
2812 3619 2859 3670 ei
2907 3615 3239 3670 Natlsanael:
3279 3618 3322 3670 Α
3357 3616 3620 3670 Nasaretls

2065 3718 2224 3777 potest
2269 3706 2463 3776 aliquid
2491 3707 2608 3759 boni
2631 3707 2774 3760 esse?
2810 3705 3090 3768 Nazareth,
3116 3706 3371 3759 munditia
3396 3706 3506 3760 sive
3528 3704 3624 3760 llos

2067 3797 2200 3865 ejus,
2232 3805 2323 3848 aut
2350 3805 2592 3865 separata
2628 3797 3026 3865 interpretatur.
3077 3795 3330 3850 Annuens
3350 3811 3474 3865 ergo
3498 3813 3619 3851 ver-

2067 3889 2150 3943 bis
2175 3889 2584 3957 evangelizantis
2628 3888 2725 3941 sibi
2764 3887 2988 3956 Philippi
3027 3885 3337 3951 Natbanael,
3389 3904 3419 3939 a
3447 3887 3625 3941 Nasa-

2069 3981 2176 4032 retli
2195 4020 2209 4043 ,
2239 3980 2430 4047 inquit,
2451 3991 2611 4048 potest
2632 3979 2830 4049 aliquid
2864 3980 2981 4032 boni
3007 3983 3149 4035 esse?
3175 3979 3252 4033 Ac
3287 3979 3333 4033 si
3378 3988 3622 4050 patenter

2066 4071 2235 4125 dicat:
2282 4070 2460 4124 Potest
2495 4070 2630 4134 fieri,
2675 4079 2788 4124 uta
2835 4071 3048 4124 civitate
3076 4072 3207 4124 tanti
3253 4071 3482 4126 nominis
3525 4069 3621 4122 alis

2066 4167 2194 4232 quid
2223 4181 2442 4218 summa:
2464 4166 2647 4234 gratia:
2671 4164 2824 4217 nobis
2854 4165 3078 4226 oriatur,
3128 4164 3208 4216 vel
3246 4163 3356 4231 ipse
3380 4160 3624 4214 videlicet

2067 4256 2244 4308 mundi
2275 4256 2519 4308 Salvator
2548 4254 2817 4312 Dominus,
2844 4253 2931 4320 qni
2956 4250 3468 4320 singulariteraso
3487 4265 3612 4303 san-

2065 4353 2184 4397 ctus
2211 4350 2312 4405 est,
2344 4342 2614 4402 innocens,
2659 4338 2982 4406 impollutus,
3016 4347 3320 4406 segregatus
3369 4353 3397 4388 a
3427 4352 3616 4404 pecca-

2068 4433 2308 4494 toribus,
2365 4431 2560 4498 quique
2607 4427 2839 4497 loquitur
2888 4428 2939 4481 in
2986 4427 3218 4482 Canticis
3257 4429 3619 4484 canticorum:

2069 4523 2178 4591 Ego
2200 4524 2294 4591 ﬂos
2318 4522 2501 4590 campi,
2542 4531 2587 4575 et
2610 4521 2774 4574 lilium
2797 4519 3104 4572 convallium
3131 4519 3303 4588 (Cant.
3340 4539 3400 4582 ιι,
3443 4522 3514 4589 1).
3557 4523 3624 4576 Et

2067 4613 2131 4677 de
2149 4629 2253 4679 quo
2274 4611 2562 4680 Propheta:
2591 4610 2761 4674 Exiet,
2792 4609 2979 4678 inquit,
3006 4611 3146 4678 virga
3170 4609 3230 4662 de
3263 4614 3435 4663 radice
3454 4612 3618 4672 Iesse,

2065 4714 2118 4757 et
2142 4703 2428 4765 Nazareus,
2453 4702 2505 4755 id
2533 4711 2630 4764 est,
2654 4703 2747 4770 ﬂos
2775 4701 2837 4751 de
2868 4701 3038 4753 radice
3063 4702 3172 4770 ejus
3197 4703 3430 4755 ascendet
3459 4701 3612 4768 (lsai.

2065 4809 2139 4854 si,
2173 4792 2245 4860 1).
2302 4792 2397 4846 Vel
2435 4799 2577 4846 certe
2613 4789 2802 4857 aliquis
2826 4789 3010 4842 doctor
3045 4791 3290 4850 eximius,
3317 4788 3405 4854 qui
3434 4786 3614 4840 ﬂorem

2064 4884 2216 4937 nobis
2253 4883 2503 4936 virtutum
2536 4881 2953 4949 munditiamque
2994 4879 3288 4933 sanctitatis
3326 4875 3616 4943 pra-dicam

2064 4977 2132 5029 sit
2162 4977 2373 5029 missus.
2420 4973 2707 5026 Possumus
2729 4974 2866 5024 hunc
2892 4973 3060 5024 locum
3084 4978 3136 5020 et
3165 4968 3233 5017 ita
3266 4975 3406 5018 recte
3428 4965 3617 5020 intelli—

2066 5081 2208 5134 gere,
2237 5063 2372 5132 quod
2404 5064 2607 5116 dicente
2637 5062 2874 5127 Philippo
2903 5075 2916 5110 :
2947 5059 3104 5121 Quem
3131 5057 3329 5125 scripsit
3365 5055 3529 5111 Moses
3558 5058 3609 5110 in

2065 5156 2170 5222 lege
2215 5165 2259 5206 et
2293 5153 2567 5221 propheta’,
2600 5150 2881 5200 invenimus
2935 5145 3111 5197 Iesum
3156 5144 3322 5212 ﬁlium
3353 5143 3542 5214 Ioseph
3583 5164 3615 5199 α

2072 5244 2352 5303 Nasareth,
2369 5237 2652 5292 Nathanael
2671 5244 2859 5288 caetera
2887 5235 3097 5304 quidem
3121 5236 3253 5289 bene
3277 5233 3611 5295 intellexerit,

2069 5333 2290 5384 miratus
2315 5331 2384 5383 sit
2408 5337 2581 5381 autem
2599 5327 2861 5397 quomodo
2885 5343 2912 5379 a
2946 5326 3204 5380 Nazareth
3232 5324 3497 5381 Christum
3526 5338 3613 5379 ve-

2070 5421 2209 5472 nisse
2228 5419 2439 5481 dixerit,
2470 5433 2626 5485 quem
2677 5419 2740 5471 de
2771 5419 2925 5471 domo
2954 5416 3137 5478 David,
3167 5425 3221 5469 et
3256 5413 3321 5468 de
3347 5413 3614 5468 Bethleem

2070 5509 2298 5571 civitate,
2345 5508 2433 5562 ubi
2471 5515 2587 5561 erat
2618 5504 2799 5568 David,
2842 5513 3119 5556 venturum
3148 5500 3417 5570 prophetae
3457 5516 3614 5558 cane-
