4230 6228
577 272 693 355 τω

1427 294 1484 349 n.
1527 266 1587 349 ι’.
1628 297 1846 350 ,λιιιιλι
1887 298 2013 352 seu
2053 296 2323 351 ALL‘L'INI
2379 294 2655 351 UI’ERCM
2692 287 2867 349 rans
2900 282 2961 348 tl.

3667 284 3771 347 τω

576 414 734 472 bant;
765 410 1007 477 adeoque
1038 407 1346 460 almiraudo
1375 408 1729 475 responderit:
1763 426 1795 460 a
1816 407 2120 461 .Vasaretli.’
2144 419 2187 473 Α
2217 407 2431 473 quimur
2456 404 2636 467 Israel,
2655 406 2805 473 juxta
2834 404 2961 458 illud
2986 405 3251 473 Apostoli:
3286 404 3405 458 Non
3432 410 3566 460 enim
3594 421 3772 459 omnes

576 499 671 554 sed
710 497 961 553 continuo
1006 495 1349 551 reminiscens
1396 502 1652 564 quantum
1696 497 1856 548 etiam
1891 498 2121 550 voeabu-

578 586 689 642 lum
736 586 998 641 Nazareth
1033 585 1301 655 mysteriis
1331 582 1526 636 Christi
1577 593 1945 653 congrueret,
1970 592 2123 638 caute

578 674 867 731 assenserit
893 673 1233 745 prmdicauti;
1276 672 1468 745 Potest,
1501 673 1763 741 inquiens,
1787 674 1983 741 aliquid
2006 675 2123 725 boni

580 758 707 819 csse.
761 765 979 833 Utrique
1015 774 1191 817 autem
1235 763 1413 817 sensui
1448 771 1620 831 potest
1664 764 1947 816 convenire
1982 762 2124 830 quod

583 852 853 920 sequitur:
1070 841 1081 857 ’

652 939 787 993 Dicit
815 941 863 993 ei
896 939 1180 1015 Philippus,
1206 940 1315 993 reni
1343 949 1387 991 et
1405 939 1533 993 ride.
1587 939 1759 1008 Ipsum
1776 955 2004 1009 namque
2031 954 2124 993 ve-

572 1030 700 1084 -nire
723 1037 776 1082 et
803 1028 981 1081 videre
1019 1028 1287 1091 monebat,
1336 1035 1391 1079 ut
1426 1028 1469 1080 si
1498 1027 1625 1096 quid
1653 1029 1702 1080 ei
1731 1028 1889 1081 verbo
1926 1026 2124 1097 (Beda,

578 1118 652 1174 ad
678 1115 869 1187 verba]
910 1117 1247 1185 praedicantis
1267 1117 1494 1185 ambigui
1522 1117 1574 1168 in
1621 1116 1778 1169 eoi-de
1821 1116 2125 1178 resedisset,

580 1213 748 1259 totum
777 1206 876 1259 hoc
899 1204 1030 1259 visio
1070 1214 1124 1256 et
1142 1203 1388 1256 allocutio
1413 1218 1645 1270 praesens
1670 1204 1784 1272 ejus
1810 1217 1967 1269 quem
1988 1218 2127 1270 prae-

584 1295 813 1360 dicabat,
836 1296 1180 1363 abstergerct.
1226 1292 1331 1346 Nec
1381 1292 1576 1346 distulit
1606 1295 1723 1362 pius
1766 1294 2128 1361 auditor-pra:-

586 1385 816 1438 dicatum
862 1383 963 1439 sibi
989 1384 1164 1436 lumen
1206 1381 1441 1436 veritatis
1469 1383 1691 1436 sollicite
1734 1383 2017 1450 qumrendo
2066 1398 2128 1436 ac

585 1476 671 1542 pic
718 1474 971 1542 Pulsando
997 1513 1012 1537 ,
1063 1482 1121 1526 ut
1165 1475 1439 1542 percipere
1501 1481 1819 1534 mereretur,
1863 1472 2125 1525 insistere.

588 1562 736 1618 Unde
766 1579 884 1618 mox
913 1565 1165 1618 Dominus
1191 1566 1385 1617 satiare
1407 1564 1457 1616 in
1497 1562 1650 1615 bonis
1673 1562 1990 1616 desiderium
2016 1564 2130 1632 ejus

584 1654 908 1717 accelerans,
959 1654 1209 1709 salutaria
1235 1654 1349 1723 ejus
1384 1661 1556 1721 empta
1584 1653 1803 1721 provida
1832 1653 2129 1707 laudatione

2218 498 2308 565 qui
2326 512 2388 549 ea:
2417 494 2600 556 Israel,
2626 495 2680 546 hi
2697 506 2816 548 sunt
2848 494 3131 558 Israelitte;
3156 511 3314 563 neque
3338 494 3429 563 qui
3456 510 3625 548 semen
3646 505 3768 549 sunt

2220 583 2461 645 Abralur,
2488 600 2661 637 omnes
2684 583 2826 651 lilii:
2868 583 2956 636 sed
2993 582 3230 637 in-Isaac
3267 582 3530 636 vocabitur
3555 582 3649 636 tibi
3680 599 3770 637 sed

2206 687 2336 724 tmen
2361 669 2530 740 (Rom.
2565 686 2638 731 ix,
2667 670 2741 739 6).
2798 670 2855 724 ld
2877 678 2975 732 est,
3010 685 3112 724 non
3135 670 3223 739 qui
3250 669 3342 722 ﬁlii
3367 670 3563 734 carnis,
3592 670 3649 724 lii
3672 668 3773 725 ﬁlii

2221 759 2342 821 Dei;
2384 759 2474 813 sed
2493 760 2583 827 qui
2607 758 2696 812 lilii
2727 767 2849 813 sunt
2883 760 3327 830 repromissionis,
3354 760 3686 815 atstimantur
3706 760 3763 814 In

2223 845 2442 898 semine.
2496 845 2775 912 Sequitur:
3526 904 3543 914 ,

2293 932 2453 985 Vtilis.
2492 932 2581 994 48,
2612 932 2697 986 49.
2739 962 2809 972 -
2843 932 2981 986 Dicit
3029 933 3077 986 ei
3125 932 3459 987 Nathatum.‘
3505 928 3650 987 Unde
3689 946 3773 987 ut.

2225 1022 2357 1074 nosti
2370 1023 2395 1072 .’
2429 1020 2704 1090 Respondit
2725 1021 2879 1075 Iesus
2892 1030 2939 1074 et
2968 1021 3099 1073 dixit
3116 1021 3195 1074 ei:
3239 1020 3548 1091 Priusquam
3570 1031 3620 1074 te
3642 1019 3771 1074 ΡΙιὶ-

2224 1110 2390 1180 lippus
2411 1125 2627 1175 vocaret,
2657 1127 2773 1164 cum
2802 1128 2935 1231 ques
2972 1111 3065 1165 sub
3083 1112 3208 1179 ﬁcu,
3241 1112 3344 1165 ridi
3371 1122 3439 1165 te.
3492 1110 3769 1182 Respondit

2225 1201 2271 1231 ,ε
2318 1199 2604 1231 Narin-nun!
2634 1209 2679 1231 nl
2724 1200 2795 1231 ..ευ
2875 1197 3032 1231 ηηιιιε
3081 1210 3132 1231 ια
3158 1216 3209 1231 ρο
3238 1198 3405 1231 ΙῗὸΙὶ...
3455 1199 3544 1231 n..'
3623 1210 3674 1231 su
3718 1215 3769 1231 Α.

2223 1201 2271 1253 ei
2309 1199 2604 1253 Natltanael
2631 1209 2679 1253 et
2722 1197 2830 1252 ait}
2870 1197 3050 1261 Rabbi,
3078 1210 3134 1252 tu
3156 1216 3209 1253 es
3234 1198 3405 1254 Filius
3448 1199 3565 1264 Dei,
3620 1210 3675 1252 tu
3716 1215 3771 1253 es

2226 1306 2315 1342 res
2344 1288 2527 1342 Israel.
2576 1290 2708 1355 Quia
2732 1290 2977 1359 cognovit
2998 1290 3289 1343 Nathanael
3326 1289 3521 1344 vidisse
3539 1298 3594 1343 et
3618 1305 3775 1345 nosse

2225 1378 2388 1430 Deum
2415 1376 2539 1447 (Ms.
2573 1387 2621 1430 et
2654 1377 2817 1440 Beda,
2844 1375 3281 1448 Domitiuin]qu:e
3315 1376 3418 1429 alio
3463 1377 3517 1430 in
3541 1377 3655 1430 loco
3678 1391 3771 1447 ge-

2226 1476 2488 1533 rerentur,
2521 1467 2571 1520 id
2601 1477 2703 1531 est,
2754 1468 3017 1536 quomodo
3043 1476 3097 1522 et
3140 1468 3229 1522 ubi
3257 1476 3472 1522 vocatus
3495 1468 3616 1521 sita
3650 1467 3772 1522 Phi-

2225 1559 2387 1627 lippo,
2410 1573 2529 1611 cum
2552 1559 2664 1627 ipse
2680 1558 2752 1612 ibi
2780 1558 3126 1629 corporaliter
3148 1574 3250 1612 non
3281 1567 3442 1621 esset,
3471 1557 3661 1612 divina:
3685 1558 3769 1612 hic

2226 1645 2521 1714 majestatis
2543 1646 2790 1700 intuitum
2817 1645 2975 1718 48],
3005 1647 3369 1710 considerans,
3399 1648 3642 1716 protinus
3654 1662 3772 1701 eum

586 1750 907 1805 remunerat,
956 1750 1015 1794 ut
1050 1742 1189 1796 hunc
1237 1740 1488 1810 paulatim
1517 1741 1583 1794 ad
1625 1741 1812 1793 altiora
1845 1741 2129 1808 qumrenda
2160 1734 2204 1792 Β
2229 1752 2333 1790 non
2355 1736 2526 1791 soluat
2547 1736 2739 1801 Rabbi,
2761 1737 2814 1790 id
2831 1746 2915 1791 est
2934 1736 3266 1807 magistrum,
3286 1736 3378 1790 sed
3397 1746 3449 1789 et
3469 1735 3661 1789 Filium
3683 1736 3774 1789 Dei

583 1828 737 1884 simul
765 1838 818 1884 et
832 1831 1081 1898 capienda
1106 1832 1378 1898 provehat.

655 1917 815 1971 Vens.
845 1918 932 1971 Π.
971 1948 1039 1957 -
1085 1916 1222 1970 Vidit
1269 1934 1487 1988 namque
1507 1935 1623 1971 cum
1653 1920 1926 1975 renientem
1965 1918 2034 1971 ad
2055 1936 2127 1980 se,

516 2046 521 2049 λ
582 2007 779 2061 etdicit
804 2008 866 2063 de
883 2025 973 2061 eo:
1017 2009 1149 2062 Ecce
1169 2025 1280 2063 rere
1305 2008 1565 2073 Israelita,
1594 2012 1646 2063 in
1688 2027 1788 2079 quo
1828 2011 1978 2064 dolus
2029 2028 2129 2063 non

583 2105 681 2151 est.
727 2096 825 2152 L'bi
852 2097 1136 2152 notandum
1176 2099 1315 2175 quod
1338 2099 1556 2153 laudans
1582 2101 1849 2154 hominem
1873 2101 1961 2167 qui
1987 2101 2134 2153 novit

582 2188 745 2244 corda
768 2187 927 2253 Deus,
978 2203 1081 2241 non
1105 2204 1226 2242 etim
1276 2189 1475 2258 absque
1526 2197 1760 2256 peccato,
1806 2190 1899 2243 sed
1933 2191 2133 2258 absque

582 2278 704 2334 dolo
730 2280 996 2333 exstitisse
1020 2280 1318 2334 conﬁrmat.
1378 2280 1490 2333 Non
1508 2288 1587 2333 est
1616 2280 1756 2333 enim
1782 2281 1941 2334 homo
1957 2278 2132 2347 justus

582 2370 637 2423 in
676 2380 816 2425 terra
844 2371 933 2439 qui
972 2368 1130 2423 faciat
1158 2371 1353 2423 bonum
1393 2380 1445 2425 et
1472 2386 1575 2424 noti
1603 2379 1785 2439 peccet
1806 2385 1820 2422 :
1844 2370 1998 2424 multi
2029 2386 2127 2423 au-

579 2468 691 2532 (tem
713 2456 828 2511 sine
853 2457 971 2511 dolo
1016 2458 1314 2521 incessisse,
1363 2458 1538 2523 idest,
1583 2459 1807 2527 simplici
1840 2468 1897 2512 et
1936 2458 2133 2512 mundo

585 2563 744 2604 eorae
788 2550 1085 2603 conversati
1120 2564 1238 2602 esse
1275 2549 1547 2618 leguntur:
1592 2550 1700 2602 imo
1750 2548 1911 2603 etiam
1954 2550 2132 2604 cuncti

585 2639 767 2693 ﬁdeles
786 2640 916 2693 tales
935 2641 1111 2693 vivere
1134 2641 1409 2706 docentur,
1432 2642 1639 2696 dicente
1665 2640 1941 2709 Scriptura
1964 2660 1974 2695 ;
2004 2642 2133 2696 Seu~

583 2728 673 2780 tite
719 2728 782 2779 de
808 2728 1025 2781 Domino
1064 2731 1116 2781 in
1153 2730 1394 2792 bonitate,
1425 2740 1472 2782 et
1505 2731 1560 2781 in
1611 2730 1936 2799 simplicitate
1960 2730 2131 2781 cordis

581 2815 797 2884 qua-rite
818 2816 961 2867 illum
989 2816 1134 2884 (Sap.
1162 2832 1200 2877 I,
1235 2817 1306 2884 I).
1370 2815 1435 2868 Et
1460 2816 1570 2886 ipse
1602 2818 1884 2872 Dominus:
1933 2818 2127 2882 Estote,

582 2905 777 2975 inquit,
810 2904 1079 2973 prudentes
1101 2906 1232 2960 sicut
1256 2916 1529 2976 serpentes,
1556 2917 1603 2960 et
1630 2910 1882 2978 simplices
1896 2911 2023 2964 sicut
2051 2926 2131 2961 co-

582 2994 767 3050 lumba-
790 2995 996 3065 (.lIatth.
1028 3012 1082 3058 ς,
1108 2996 1213 3065 lli).
1254 2997 1396 3050 Talis
1425 3007 1539 3051 erat
1558 3000 1825 3069 exemplar
1862 3000 2127 3069 patientia:

2227 1842 2292 1881 ac
2315 1841 2491 1898 regem
2518 1826 2697 1890 Israel,
2737 1827 2790 1881 id
2816 1836 2900 1882 est
2925 1825 3215 1893 Christum,
3262 1826 3538 1882 confessus
3560 1836 3660 1882 est.
3714 1828 3779 1881 Et

2226 1919 2355 1973 libet
2383 1918 2574 1971 intueri
2597 1932 2755 1985 quam
2783 1917 3017 1985 prudens
3039 1917 3299 1971 laudantis
3328 1918 3465 1970 servi
3510 1916 3773 1971 confessio

2230 2006 2542 2074 respondeat
2580 2004 2802 2058 Domino
2844 2003 3039 2076 [.IIs.et
3076 2004 3238 2067 Beda,
3269 2003 3504 2059 laudanti
3557 2005 3780 2059 Domino

2227 2094 2490 2149 confessio
2502 2094 2815 2163 respondeat
2828 2093 3011 2166 servi].
3047 2094 3137 2148 Ille
3157 2094 3298 2148 hunc
3314 2109 3436 2148 vere
3462 2093 3775 2159 Israelitam,

2227 2184 2280 2238 id
2309 2193 2390 2238 est
2414 2184 2583 2236 virum
2616 2185 2705 2253 qui
2734 2184 2899 2237 Deum
2928 2184 3107 2237 videre
3127 2193 3325 2252 posset,
3349 2197 3414 2237 eo
3438 2183 3579 2254 quod
3603 2184 3779 2237 dolum

2229 2275 2445 2328 minime
2475 2276 2712 2337 haberet,
2739 2275 2999 2340 astruxit;
3047 2275 3148 2329 iste
3180 2289 3317 2343 eum,
3341 2290 3443 2329 non
3467 2275 3778 2345 magistrum

2231 2366 2617 2429 tan'ummodo,
2652 2366 2742 2433 qui
2766 2366 2915 2419 utilia
2935 2366 3263 2436 prteciperet,
3292 2380 3477 2420 verum
3497 2366 3658 2419 etiam
3689 2363 3781 2418 Fi-

2230 2458 2356 2512 Iiuin
2373 2458 2484 2525 Dei,
2502 2460 2591 2528 qui
2615 2459 2850 2514 caelestia
2868 2460 3004 2513 dona
3026 2460 3305 2521 tribueret,
3325 2465 3379 2509 et
3401 2470 3576 2523 regem
3597 2450 3779 2520 Israel,

2230 2552 2283 2605 id
2317 2560 2397 2604 est
2422 2550 2599 2621 populi
2627 2551 2791 2603 Deum
2821 2549 3066 2611 videntis,
3116 2547 3360 2617 religiosa
3390 2545 3668 2600 devotione
3702 2543 3805 2598 fa-'

2231 2648 2399 2692 tetur:
2443 2647 2501 2692 ut
2528 2640 2628 2693 hac
2653 2635 2983 2692 confessione
3011 2652 3164 2691 suum
3178 2648 3386 2705 quoque
3412 2635 3553 2688 hunc
3577 2647 3778 2703 regem,

2230 2740 2284 2785 et
2328 2746 2384 2785 se
2406 2730 2519 2797 ejus
2540 2730 2688 2800 regni
2711 2730 2928 2783 militem
2957 2729 3235 2798 signiﬁcet.
3294 2728 3474 2781 Potest
3498 2728 3660 2779 etiam
3676 2727 3782 2779 Do-

2229 2820 2358 2873 mini
2382 2820 2493 2872 haec
2540 2819 2822 2881 sententia,
2859 2832 2961 2885 qua
2983 2816 3116 2871 dixit
3155 2830 3212 2869 se
3250 2812 3559 2878 Natbanael,
3603 2813 3781 2881 prius-

2230 2921 2387 2975 quam
2416 2914 2696 2961 vocaretur
2716 2922 2745 2960 a
2775 2906 3036 2976 Philippo,
3079 2920 3198 2960 eum
3224 2913 3365 2959 esset
3406 2905 3505 2958 sub
3530 2902 3655 2967 ﬁcu,
3702 2902 3780 2956 vi-

2230 3000 2387 3064 disse,
2439 3013 2597 3069 super
2638 2996 2893 3053 electione
2919 2996 3171 3068 spiritalis
3198 2994 3377 3056 Israel,
3408 2994 3460 3047 id
3492 3002 3574 3048 est
3594 2991 3776 3061 populi

580 3082 701 3148 Job,
724 3084 788 3137 de
813 3099 916 3153 quo
936 3084 1189 3151 scriptum
1210 3092 1319 3138 est:
1368 3084 1496 3137 Erat
1518 3096 1689 3140 autem
1714 3088 1890 3142 t'irille
1913 3089 2126 3159 simplex
2152 3074 2197 3134 (ἶ
2227 3092 2533 3155 Christiani,
2564 3091 2782 3160 mystice
2809 3091 3046 3160 intelligi,
3086 3104 3243 3159 quem
3273 3085 3525 3142 Dominus
3552 3084 3775 3141 necdum

580 3181 631 3227 et
657 3181 821 3225 rectus
851 3172 967 3241 (Job
1019 3188 1054 3235 t,
1092 3172 1160 3240 l).
1211 3173 1356 3226 Talis
1384 3172 1546 3229 Iacob
1568 3176 1892 3243 patriarcha,
1933 3178 1996 3231 de
2025 3194 2129 3247 quo

580 3261 838 3330 scriptum
866 3272 977 3315 est:
1016 3262 1199 3325 Iacob,
1230 3263 1305 3315 rir
1325 3262 1560 3332 simplex,
1599 3265 1860 3330 habitabat
1886 3268 1936 3319 in
1964 3268 2131 3319 taber-

586 3351 787 3406 naculis
824 3352 972 3421 (Gen.
1016 3368 1137 3417 xxv,
1160 3353 1286 3423 27);
1326 3354 1415 3422 qui
1465 3356 1712 3421 quoniam
1750 3357 1980 3424 puritate
2006 3372 2129 3411 cou-

582 3440 818 3494 scientia:
840 3441 1091 3510 simplicis
1118 3444 1296 3497 videre
1317 3442 1482 3497 Deum
1508 3447 1722 3511 meruit,
1746 3446 1909 3501 etiam
1946 3446 2126 3511 Israel,

583 3529 638 3583 id
662 3538 743 3583 est
768 3530 850 3583 vir
867 3532 1049 3585 videns
1075 3531 1260 3594 Deum,
1288 3533 1576 3600 appellatus
1601 3545 1701 3588 est.
1742 3536 1885 3589 Talis
1911 3537 2009 3589 iste
2027 3535 2131 3589 Na-

584 3620 815 3683 thanael,
859 3636 1015 3689 quem
1046 3606 1300 3675 Dominus
1323 3624 1391 3678 ob
1410 3624 1729 3691 parilitatem
1751 3625 1978 3679 innoxize
2001 3641 2127 3679 con-

581 3708 894 3762 versationis
924 3709 1157 3779 ejusdem
1187 3711 1501 3777 patriarcha:
1525 3713 1727 3767 meritis
1758 3714 1912 3768 simul
1934 3722 1989 3768 et
2034 3730 2129 3768 no-

582 3799 723 3852 mine
742 3799 957 3868 dignum
983 3798 1147 3860 ducit,
1174 3799 1323 3862 Ecce,
1350 3802 1610 3868 inquiens,
1653 3820 1763 3855 rere
1787 3802 2048 3867 Israelita,
2075 3806 2129 3857 in

580 3904 680 3957 quo
706 3887 854 3940 dolus
884 3905 981 3941 non
1012 3896 1104 3940 est.
1147 3887 1281 3942 Ecce
1308 3891 1397 3959 qui
1427 3905 1548 3944 vere
1583 3904 1609 3942 a
1640 3892 1936 3958 patriarcha
1964 3892 2128 3945 Deum

585 3977 794 4031 vidente
832 3993 997 4047 genus
1023 3978 1188 4044 ducit,
1215 3980 1321 4045 cui,
1375 3981 1517 4035 sicut
1557 3990 1610 4035 et
1642 3982 1739 4051 ipsi
1792 3982 2126 4051 patriarchze,

583 4066 687 4119 doli
714 4068 990 4136 duplicitas
1026 4069 1165 4122 nulla
1207 4071 1377 4124 inesse
1405 4071 1678 4138 probatur.
1740 4070 1784 4124 Ο
1808 4086 1967 4137 quam
2007 4072 2128 4139 pul-

582 4157 769 4209 chrum
796 4158 1088 4227 auspicium
1117 4159 1356 4212 veniendi
1382 4158 1568 4230 (Beda,
1590 4159 1843 4229 venienti]
1869 4159 1933 4211 ad
1960 4159 2130 4213 Domi-

583 4262 738 4310 num,
769 4257 821 4301 et
850 4248 1024 4303 videre
1052 4248 1196 4303 illum
1231 4252 1491 4320 cupienti!
1535 4252 1668 4305 Ecce
1708 4266 1819 4304 cere
1865 4248 2125 4313 Israelita,

582 4337 637 4388 in
682 4353 781 4404 qtto
824 4337 971 4390 dolus
1006 4355 1106 4391 non
1126 4348 1219 4392 est.
1263 4340 1409 4392 Beati
1452 4342 1642 4394 mundo
1683 4342 1855 4403 corde,
1884 4342 2126 4410 quoniam

584 4425 681 4493 ipsi
705 4424 863 4477 Deum
893 4426 1126 4478 ridebunt
1158 4428 1434 4496 (IIottinv,
1457 4431 1532 4500 8).
1576 4431 1641 4484 Et
1661 4431 1744 4485 hic
1764 4432 1943 4485 videre
1964 4432 2129 4486 Deum

583 4513 907 4577 desiderans,
937 4530 1038 4568 non
1068 4517 1133 4569 ab
1155 4516 1277 4580 alio,
1302 4518 1393 4571 sed
1413 4521 1479 4572 ab
1501 4521 1634 4587 ipso,
1657 4523 2027 4589 quiscrutatur
2045 4539 2131 4578 re-

589 4617 682 4655 nes
721 4612 774 4654 et
795 4605 972 4666 corda,
1015 4606 1122 4660 Deo
1144 4608 1369 4661 mundus
1390 4610 1547 4662 corde
1582 4610 1844 4676 laudatur,
1875 4621 1929 4666 et
1961 4614 2128 4669 Israe-

588 4691 700 4751 lita,
733 4692 782 4745 id
809 4702 907 4755 cst,
950 4708 979 4745 a
1024 4698 1136 4748 viro
1158 4698 1321 4751 Deum
1355 4699 1552 4753 videnti
1603 4710 1904 4771 generatus,
1936 4707 2129 4758 astrui-

589 4791 693 4834 tur.
746 4780 789 4837 0
814 4798 970 4851 quam
995 4801 1213 4854 magnus
1235 4790 1385 4843 nobis
1414 4806 1641 4859 quoque,
1674 4792 1761 4859 qui
1791 4791 1855 4846 de
1882 4795 2127 4863 gentibus

585 4872 653 4926 ad
682 4871 837 4926 ﬁdem
860 4875 1116 4938 venimus,
1140 4876 1190 4928 in
1217 4878 1315 4931 hac
1342 4881 1599 4933 sententia
1622 4882 1786 4935 nostri
1816 4881 2130 4951 Redempto-

588 4960 664 5012 ris
690 4963 907 5030 spiritus
938 4964 1124 5036 [Bcda,
1155 4982 1311 5035 quam
1342 4985 1527 5037 magna
1552 4968 1692 5039 spes]
1716 4973 1952 5037 aperitur
1988 4973 2128 5026 salu-

587 5053 677 5105 tis.
717 5050 770 5106 Si
796 5055 935 5107 enim
962 5071 1084 5110 vere
1110 5058 1342 5111 Israelita
1371 5067 1453 5112 est
1482 5060 1571 5127 qui
1599 5058 1701 5110 doli
1746 5062 1956 5113 nescius
1984 5062 2127 5113 ince-

588 5142 681 5203 dit,
698 5141 808 5210 jam
832 5147 1104 5213 perdidere
1127 5147 1288 5202 Judmi
1322 5164 1509 5203 nomen
1534 5149 1911 5211 Israelitarum,
1940 5164 2126 5216 quam-

583 5234 667 5287 vis
694 5238 976 5290 carnaliter
1004 5235 1159 5307 [nati]
1186 5238 1250 5291 de
1274 5238 1454 5300 Israel,
1484 5249 1741 5308 quotquot
1761 5240 1942 5292 doloso
1966 5241 2123 5293 corde

588 5340 617 5378 a
644 5325 978 5391 simplicitate
999 5329 1310 5395 patriarcha:
1337 5328 1417 5381 sui
1448 5328 1919 5395 degeneraverunt;
1945 5337 1998 5383 et
2026 5328 2120 5383 ad-

588 5417 706 5467 sciti
734 5431 915 5469 sumus
936 5418 1029 5483 ipsi
1058 5419 1108 5469 in
1130 5435 1306 5474 semen
1327 5418 1703 5481 Israelitarum,
1727 5422 1813 5487 qui
1834 5421 2122 5489 quamlibet

587 5503 705 5554 aliis
728 5504 790 5555 de
809 5505 1107 5558 nationibus
1128 5522 1292 5577 genus
1315 5508 1491 5563 carnis
1516 5508 1785 5569 habentes,
1820 5510 1921 5563 ﬁde
1948 5519 2120 5563 tamen

587 5590 821 5642 veritatis
860 5606 904 5645 et
940 5597 1190 5650 man-litin
1214 5601 1449 5666 corporis
1471 5615 1529 5652 ac
1570 5601 1758 5652 mentis
1802 5601 2015 5668 vestigia
2044 5616 2122 5654 so-

2229 3196 2286 3233 se
2313 3180 2600 3243 videntem,
2630 3179 2852 3232 necdum
2873 3194 2967 3248 per
2986 3178 3253 3248 apostolos
3274 3174 3388 3244 ejus
3414 3176 3478 3230 ad
3502 3174 3621 3229 ﬁdei
3654 3190 3779 3243 gra-

2230 3269 2355 3321 tiam
2395 3278 2659 3331 vocatum,
2709 3268 2801 3321 sed
2843 3268 2941 3320 sub
2981 3269 3210 3337 tegmine
3237 3267 3410 3321 adhuc
3436 3265 3639 3334 peccati
3656 3279 3780 3333 pre-

2229 3361 2421 3414 mentis
2445 3359 2703 3424 abditum,
2753 3358 3168 3412 misericorditer
3204 3357 3383 3411 videre
3405 3357 3650 3427 dignatus
3670 3363 3775 3420 est,

2227 3448 2390 3501 I'aulo
2414 3454 2718 3509 attestante,
2745 3447 2836 3515 qui
2864 3446 2965 3500 ait:
3014 3444 3115 3511 Qui
3158 3445 3413 3499 benedixit
3431 3460 3521 3497 nos
3551 3445 3603 3496 in
3635 3444 3777 3496 omni

2229 3522 2575 3589 benedictione
2617 3535 2861 3606 spiritali,
2902 3537 2958 3589 in
2984 3534 3265 3589 caelestibus
3300 3534 3354 3586 in
3384 3532 3611 3595 Christo,
3641 3531 3778 3584 sicut

2228 3627 2374 3697 elegit
2407 3644 2495 3680 nos
2530 3628 2582 3681 in
2605 3629 2713 3696 ipso
2739 3636 2856 3680 ante
2876 3626 3056 3679 mundi
3078 3625 3512 3686 constitutionem,
3558 3633 3615 3674 ut
3643 3638 3777 3675 esse-

2228 3732 2340 3767 mus
2361 3717 2523 3767 sancti
2542 3725 2589 3768 et
2609 3714 2927 3767 immaculati
2955 3714 3009 3765 in
3025 3720 3291 3781 conspectu
3316 3710 3427 3780 ejus
3454 3710 3507 3763 in
3524 3710 3777 3762 charitate

2229 3802 2440 3873 (Epiros.
2480 3819 2519 3866 I,
2561 3803 2636 3871 5).
2687 3802 2753 3855 Et
2795 3802 3008 3871 quidem
3056 3800 3140 3855 ﬁci
3185 3803 3343 3855 arbor
3392 3800 3674 3868 aliquando
3721 3802 3777 3855 in

2230 3891 2516 3959 Scripturis
2544 3890 2868 3945 dulcedinem
2898 3906 3141 3960 superna:
3167 3889 3462 3943 dilectionis
3507 3888 3773 3954 insinuat;

2228 3985 2367 4037 unde
2386 3984 2639 4052 scriptum
2661 3991 2772 4036 est:
2803 3981 2904 4047 Qui
2925 3990 3090 4035 servat
3104 3980 3282 4048 ﬁcum,
3311 3977 3537 4031 comedet
3549 3977 3779 4045 fructum

2227 4073 2371 4141 ejus:
2401 4082 2446 4123 et
2461 4073 2549 4140 qui
2570 4080 2737 4123 custos
2752 4080 2825 4123 est
2847 4070 3054 4123 Domini
3076 4070 3176 4130 sui,
3197 4066 3572 4137 glori/imbitur
3593 4065 3774 4137 (Prov.

2230 4177 2395 4225 xxvii,
2417 4161 2517 4231 I8).
2554 4160 2656 4213 Sed
2675 4161 2797 4228 quia
2811 4159 2966 4228 primi
2988 4167 3234 4227 parentes
3253 4158 3441 4221 nostri,
3469 4167 3617 4213 reatu
3635 4171 3774 4226 prte-

2229 4251 2565 4304 varieationis
2590 4249 2810 4313 confusi,
2837 4249 2901 4303 de
2926 4248 3007 4303 ﬁci
3030 4248 3129 4303 sibi
3153 4246 3289 4303 foliis
3311 4249 3662 4303 succinctoria
3692 4247 3773 4301 te-

2232 4353 2417 4397 cerunt
2461 4342 2610 4414 (Gen.
2641 4342 2742 4413 ni),
2796 4350 2969 4411 potest
2989 4341 3146 4395 arbor
3189 4340 3273 4394 ﬁci
3324 4354 3427 4393 non
3478 4339 3769 4408 incongrue

2233 4435 2367 4488 male
2392 4434 2714 4487 duleoratam
2744 4434 2922 4503 generi
2952 4435 3180 4487 humano
3202 4432 3630 4486 consuetudinem
3652 4446 3778 4502 pec-

2230 4524 2381 4578 candi
2429 4525 2661 4594 signare,
2704 4525 2799 4578 sub
2826 4539 2929 4592 qua
2950 4525 3151 4593 positos
3172 4522 3342 4574 adhuc
3376 4520 3573 4576 electos
3625 4537 3771 4588 suos,

2228 4614 2319 4668 sed
2355 4613 2577 4666 necdum
2621 4612 2893 4666 electionis
2947 4627 3056 4665 sua:
3100 4610 3325 4681 gratiam
3369 4622 3767 4682 cognoscentes,

2228 4704 2378 4772 quasi
2419 4702 2516 4755 sub
2548 4700 2646 4754 ﬁcu
2670 4702 3030 4763 constitutum,
3080 4716 3175 4755 nec
3231 4717 3287 4755 se
3326 4702 3437 4771 jam
3482 4703 3768 4765 videntem.

2229 4792 2480 4845 Dominus
2507 4790 2651 4843 videt
2684 4789 3008 4853 Nathanael;
3052 4791 3185 4843 norit
3210 4791 3347 4843 enim
3373 4790 3645 4853 Dominus,
3682 4792 3772 4859 qui

2227 4890 2344 4934 sunt
2384 4881 2494 4949 ejus
2540 4880 2590 4950 (Ι
2619 4879 2746 4932 Tim.
2777 4895 2835 4943 II,
2866 4880 2973 4947 l9).
3030 4879 3261 4946 Quorum
3292 4879 3570 4934 salvationi
3600 4880 3766 4949 ipsum

2227 4985 2433 5041 quoque
2452 4988 2640 5025 nomen
2665 4971 2950 5026 Nathanael
2979 4973 3248 5041 aptissime
3270 4970 3547 5033 convenit;
3574 4971 3768 5027 Natha-

2228 5062 2591 5129 naelnamque
2616 5061 2808 5114 donum
2846 5061 2935 5113 Dei
2971 5062 3365 5128 interpretatur,
3411 5069 3465 5114 et
3490 5062 3591 5115 nisi
3630 5063 3767 5116 dono

2228 5152 2319 5203 Dei
2360 5153 2583 5220 quisque
2605 5160 2821 5205 vocatus
2854 5149 3033 5213 fuerit,
3056 5165 3322 5217 nunquam
3354 5159 3557 5204 reatum
3583 5153 3766 5221 prima:

2220 5242 2683 5309 transgressionis,
2705 5232 2970 5308 nunquam
2986 5242 3119 5295 male
3140 5240 3454 5296 blandientia
3480 5258 3767 5311 augescen-

2230 5332 2356 5384 tium
2390 5331 2623 5399 quotidie
2645 5340 2978 5400 peccatorum
3022 5334 3324 5388 umbracula
3379 5332 3575 5398 evadit,
3625 5342 3763 5389 nun-4

2227 5438 2382 5490 quam
2424 5422 2702 5475 salvandus
2732 5422 2921 5476 venire
2935 5433 3168 5477 meretur
3193 5422 3255 5475 ad
3284 5421 3571 5476 Christum.
3617 5421 3764 5478 Unde

2228 5511 2674 5579 dieitApostolus:
2718 5510 2898 5567 Gratia
2929 5514 3061 5567 enim
3090 5514 3208 5565 estis
3244 5510 3429 5566 saluati
3472 5528 3561 5581 per
3585 5498 3760 5579 ﬁdem;

2227 5614 2269 5653 et
2294 5604 2385 5655 hoc
2412 5622 2507 5656 non
2536 5622 2596 5657 ex
2621 5606 2756 5659 robis
2782 5605 2878 5659 Dei
2912 5606 3099 5658 donum
3128 5615 3232 5657 est:
3285 5621 3382 5656 non
3407 5620 3467 5655 ex
3509 5599 3761 5671 ορρνῧθαεο
