4230 6190
436 255 541 325 765

1223 249 1619 319 exessum.
1654 291 1724 303 -
1758 248 2105 316 εοιιίιεγτ.
2147 259 2211 312 ιΝ
2248 250 2433 312 ton.
2474 288 2539 297 --
2577 257 2701 312 us.
2739 249 2776 310 ι.

3515 251 3618 306 766

439 393 494 436 ut
543 398 606 436 ne
632 341 746 450 quis
787 378 1032 449 glorietur
1075 377 1286 447 (Ephes.
1336 395 1396 439 ιι.
1449 379 1501 440 8,
1538 377 1613 445 9).
1665 370 1918 444 Sequitur
1950 389 1964 423 :
1995 376 2042 430 Δ
2067 371 2365 439 posuisset,
2403 369 2535 422 vidit
2587 370 2641 422 in
2699 368 2897 422 somnis
2928 366 3140 439 scalam
3187 374 3411 420 stantem
3461 380 3623 434 super

505 470 662 524 vus
685 469 772 522 50.
795 497 864 508 ——
884 465 1154 536 Respondit
1183 466 1334 520 Iesus
1358 475 1405 518 et
1430 466 1559 519 dixit
1577 465 1625 517 ei
1644 480 1663 517 :
1691 463 1826 527 Quia
1871 462 1981 513 dixi

436 557 561 611 tibi:
611 544 728 609 Vidi
760 566 808 609 te
860 554 952 609 sub
1000 553 1360 623 ﬁcu,credis;
1413 551 1583 620 majus
1637 550 1717 603 his
1766 548 1977 602 uidebis.

437 638 604 717 [Quid
641 641 714 699 sit
763 642 954 715 majus]
991 643 1056 696 de
1103 657 1208 710 quo
1250 641 1396 703 dicit,
1448 630 1559 706 ipse
1601 638 1982 704 subsequenter

437 736 628 803 aperit,
670 733 904 788 futuram
939 730 1274 786 credentibus
1312 727 1617 797 spondendo
1654 725 1978 795 apertionem

437 825 585 893 regni
639 824 897 885 caelestis,
946 831 1000 877 et
1037 820 1421 891 praedicandam
1457 817 1654 872 mundo
1701 826 1980 882 utramque

437 913 593 964 unius
618 926 726 965 sua:
747 919 988 964 naturam
1008 923 1266 978 persona,
1294 906 1432 974 quod
1469 906 1654 962 revera
1693 902 1860 956 multo
1882 917 1978 955 ex-

438 999 709 1054 cellentius
733 1007 817 1052 est
854 1012 1127 1056 arcanum.
1172 1011 1329 1063 quam
1375 993 1514 1062 quod
1558 1007 1655 1046 nos
1683 994 1735 1044 in
1772 991 1982 1060 peccati

437 1087 611 1141 adhuc
656 1087 841 1140 umbra
878 1085 1077 1154 positos
1116 1098 1145 1135 a
1192 1097 1250 1136 se
1298 1081 1665 1133 illuminandos
1720 1079 1979 1146 praevidit.

439 1175 606 1244 liajus
625 1183 707 1229 est
727 1175 864 1231 enim
895 1172 1044 1243 ‘quod
1066 1186 1164 1224 nos
1199 1169 1427 1223 salvatos
1447 1167 1617 1236 gratia
1651 1181 1759 1219 sua:
1805 1166 1983 1234 cogni-

437 1263 597 1316 tionis
635 1261 837 1322 imbuit,
867 1259 1006 1328 quod
1025 1258 1143 1312 εωιί
1165 1257 1316 1311 nobis
1352 1255 1541 1326 gaudia
1592 1254 1795 1323 pandit,
1842 1252 1982 1320 quod

436 1349 810 1420 praedicatores
841 1361 949 1399 sua:
996 1346 1116 1398 ﬁdei
1162 1345 1214 1396 in
1261 1343 1455 1396 mundo
1508 1341 1786 1408 dispersit,
1824 1354 1981 1407 quam

437 1439 577 1507 quod
627 1453 724 1491 nos
771 1435 1048 1489 salvandos
1089 1432 1322 1501 potentia
1366 1445 1476 1483 suae
1521 1430 1814 1498 majestatis
1860 1438 1983 1484 ante

435 1527 629 1582 smcula
660 1524 944 1595 prmscivit.
1523 1518 1528 1522 ’

506 1615 668 1669 Vens.
694 1614 781 1667 5|.
811 1645 880 1656 -—-
905 1595 1242 1674 Amen,anten
1254 1613 1367 1664 dico
1382 1610 1535 1674 vobis,
1560 1609 1786 1662 videbitis
1799 1607 1979 1661 caelum

2080 469 2296 522 terram,
2319 467 2374 513 et
2399 471 2652 513 cacumen
2689 450 2828 510 illius
2875 463 3096 524 tangens
3137 454 3365 519 calum;
3411 454 3624 522 angelos

2078 563 2286 617 quoque
2308 543 2399 601 Dei
2424 547 2782 608 ascendentes,
2811 553 2865 599 et
2888 545 3264 598 descendentes
3304 558 3464 613 super
3481 558 3620 605 eam,

2076 645 2132 690 et
2152 635 2426 688 Dominum
2456 634 2692 686 innixum
2719 634 2872 686 scalae
2903 632 3160 685 dicentem
3189 632 3288 685 sibi
3313 649 3325 683 :
3356 630 3469 700 Ego
3505 648 3620 685 sum

2079 720 2216 772 Deus
2245 719 2502 772 Abraham
2526 719 2688 787 patris
2710 719 2802 780 tui,
2830 727 2876 771 et
2914 719 3052 771 Deus
3087 718 3237 772 Isaae
3254 735 3272 771 :
3298 733 3624 788 surgensque

2078 821 2233 860 mane
2269 807 2447 859 debito
2487 821 2607 858 cum
2644 820 2838 873 pavore
2879 806 3058 859 laudes
3101 795 3338 859 Domino,
3367 804 3638 867 referens...

2080 896 2198 949 tulit
2220 896 2390 964 ipsum
2432 894 2679 962 lapidem,
2724 891 2779 947 et
2822 896 2993 948 erexit
3016 895 3070 947 in
3122 896 3351 957 titulum,
3403 894 3626 949 fundens

2079 985 2252 1038 oleum
2279 985 2519 1052 desuper.
2550 983 2716 1051 Hujus
2738 997 2864 1050 ergo
2889 982 2989 1034 loci
3019 982 3268 1035 Dominus
3312 981 3438 1035 facit
3478 981 3626 1034 min-

2082 1075 2305 1136 tionem,
2331 1073 2472 1126 etde
2507 1086 2564 1124 se
2584 1087 2646 1124 ac
2666 1072 2777 1125 suis
2806 1071 3046 1125 ﬁdelibus
3069 1071 3346 1140 ﬁguratum
3377 1070 3630 1149 manifes-_

2080 1163 2282 1214 tissime
2319 1169 2543 1214 testatur
2571 1173 2616 1212 ι.
2655 1180 2673 1212 ι

2145 1248 2270 1302 CAP.
2298 1263 2359 1309 tt,
2388 1248 2546 1301 Vens.
2575 1249 2623 1300 l.
2656 1248 2722 1300 Et
2746 1250 2829 1301 die
2850 1252 2996 1302 tertio
3019 1252 3209 1318 nuptiis:
3237 1251 3387 1318 facta:
3420 1257 3536 1304 sunt
3572 1251 3625 1302 in

2080 1337 2222 1390 Cana
2251 1336 2501 1399 Galilaea',
2528 1346 2575 1388 et
2597 1347 2704 1389 erat
2733 1346 2897 1389 mater
2929 1337 3054 1389 Iesu
3095 1338 3166 1389 ibi
3188 1339 3234 1389 δ.
3269 1356 3287 1387 ι
3322 1337 3428 1392 Nec
3475 1349 3628 1393 vacat

2083 1439 2112 1477 a
2148 1425 2402 1494 mysterio
2445 1425 2600 1491 quod,
2629 1425 2713 1477 die
2763 1424 2942 1487 tertio,
2991 1431 3111 1491 post
3137 1438 3196 1476 ea
3230 1438 3345 1491 qua:
3387 1425 3628 1492 superior

2081 1510 2514 1581 [Ms.,superius]
2555 1525 2727 1564 sermo
2763 1511 3030 1580 Evangelii
3072 1510 3436 1578 descripserat,
3489 1527 3625 1580 nup-

2077 1599 2164 1651 tia:
2191 1597 2342 1651 facta:
2368 1598 2690 1653 referuntur.
2717 1599 2820 1653 Sed
2851 1600 3006 1652 tertio
3041 1607 3273 1668 tempore
3305 1600 3481 1653 saeculi
3518 1599 3623 1653 Do-

435 1697 689 1773 αρεηωίι,
711 1713 756 1754 ει
783 1700 989 1769 angelo,
1009 1701 1091 1752 ἀεί
1114 1699 1435 1752 ascendam,
1456 1708 1500 1751 ει
1522 1696 1874 1750 ducendam,
1893 1713 1978 1748 su-
2008 1677 2054 1736 Β
2083 1684 2281 1736 minum
2296 1687 2376 1738 ad
2401 1688 2686 1753 aptandum
2710 1687 2807 1740 sibi
2823 1686 3115 1740 Ecclesium
3135 1687 3341 1742 venisse
3363 1687 3619 1770 designat.

435 1807 530 1858 pra
549 1789 714 1856 filium
735 1788 972 1847 hominis.
986 1785 1102 1838 Jam
1119 1785 1430 1852 completum
1446 1786 1713 1838 cernimus
1733 1786 1979 1852 promissi

439 1876 596 1944 hujus
608 1875 870 1930 eﬂ'ectum.
891 1875 1139 1928 Videmus
1157 1873 1349 1926 etenim
1372 1872 1562 1926 cmlum
1581 1881 1841 1939 apertum,
1855 1873 1979 1941 quia

437 1972 716 2032 postquam
729 1963 922 2018 cmlum
937 1963 1074 2027 Deus
1085 1962 1244 2015 homo
1265 1961 1576 2030 penetravit,
1590 1961 1749 2013 etiam
1765 1961 1916 2013 nobis
1928 1962 1980 2013 in

438 2051 573 2105 eum’
604 2051 960 2113 credentibus,
993 2064 1232 2118 superna:
1255 2048 1438 2116 patria:
1453 2046 1773 2115 patefactum
1794 2063 1983 2116 cogno-

441 2140 638 2192 scimus
665 2139 960 2206 iugressum
997 2135 1126 2204 [Al.,
1153 2134 1466 2205 introitum].
1495 2136 1744 2188 Videmus
1772 2136 1983 2203 angelos

441 2226 890 2280 Deiascendentes
909 2231 964 2276 et
977 2223 1353 2277 descendentes
1373 2238 1530 2290 supra
1551 2224 1716 2277 ﬁlium
1732 2225 1982 2289 hominis,

438 2317 564 2384 quia
600 2316 971 2384 praedicatores
1006 2323 1215 2368 sanctos
1237 2313 1477 2368 novimus
1502 2316 1880 2369 sublimitatem
1907 2317 1986 2369 di-

438 2406 678 2458 vinitatis
704 2404 900 2458 Christi
937 2403 1090 2456 simul
1132 2412 1184 2456 et
1226 2404 1569 2457 humanitatis
1610 2404 1725 2471 ejus
1772 2407 1982 2459 inﬁrma

437 2496 700 2548 nuntiare.
750 2494 1052 2547 Ascendu'nt
1098 2509 1255 2562 super
1298 2493 1463 2547 ﬁlium
1512 2495 1742 2548 hominis
1789 2496 1980 2564 angeli,

436 2575 559 2637 cum
585 2583 774 2636 docent
797 2583 1192 2650 prmdicatores,
1234 2583 1355 2650 quia
1378 2584 1432 2636 in
1450 2583 1701 2652 principio
1718 2591 1826 2635 erat
1864 2582 1986 2635 Ver-

437 2672 576 2733 bum,
597 2679 644 2722 et
680 2666 898 2720 Verbum
925 2678 1034 2721 erat
1054 2670 1191 2738 apud
1223 2669 1405 2736 Deum,
1443 2679 1491 2723 et
1537 2669 1671 2723 Deus
1712 2663 1823 2723 eral
1855 2668 1983 2723 Ver-

2078 1774 2315 1829 Primum
2351 1775 2544 1843 quippe
2581 1776 2758 1829 seculi
2781 1783 3155 1845 tempusaute
3182 1777 3348 1846 legem
3395 1765 3624 1846 patriar-

2080 1851 2302 1920 charum
2328 1865 2599 1935 exemplis,
2629 1867 2921 1940 secundum
2955 1868 3052 1921 sub
3092 1868 3204 1938 lege
3247 1867 3626 1937 Prophetarum

2078 1954 2312 2024 scriptis,
2357 1953 2570 2007 tertium
2625 1954 2722 2007 sub
2769 1955 2936 2021 gratia
2966 1956 3242 2021 praeconiis
3278 1941 3625 2026 evangelista—

2081 2061 2222 2108 rum,
2261 2046 2410 2112 quasi
2447 2045 2605 2117 tertia
2633 2045 2737 2098 diei
2773 2044 2889 2098 luce
2917 2045 3111 2098 mundo
3160 2043 3386 2109 refulsit,
3417 2046 3468 2099 in
3521 2063 3627 2113 quo

2082 2134 2335 2188 Dominus
2361 2142 2415 2188 et
2453 2133 2694 2188 Salvator
2719 2143 2916 2199 noster,
2940 2150 3038 2204 pro
3073 2135 3429 2204 redemptione
3469 2132 3630 2213 gene-

2082 2226 2158 2278 ris
2176 2226 2390 2279 humani
2415 2227 2468 2278 in
2506 2239 2666 2280 carne
2685 2233 2841 2279 natus
2864 2229 3122 2294 apparuit.
3149 2225 3252 2280 Sed
3273 2235 3326 2281 et
3364 2228 3465 2281 hoc
3488 2229 3626 2296 quod

2084 2313 2136 2367 in
2162 2312 2303 2367 Cana
2326 2307 2572 2377 Galiltem,
2601 2314 2652 2366 id
2679 2315 2834 2367 estin
2873 2315 2985 2367 zelo
3016 2316 3492 2384 transmigrationis
3511 2332 3627 2385 per-

2083 2410 2329 2470 petratae,
2379 2400 2574 2454 eadem
2619 2402 2812 2469 nuptiae
2854 2399 3006 2453 facta:
3052 2402 3421 2468 perhibentur,
3457 2404 3630 2477 typic's

2085 2492 2382 2556 denuntiat,
2402 2507 2493 2546 eos
2512 2491 2740 2544 maxime
2763 2492 2930 2560 gratia
2955 2491 3146 2545 Christi
3176 2492 3359 2558 dignos
3381 2493 3629 2557 existere,

2087 2579 2178 2646 qui
2203 2579 2316 2632 zelo
2345 2577 2568 2632 fervoris
2595 2596 2658 2633 ac
2682 2580 2783 2648 pia:
2824 2580 3116 2633 devotionis
3157 2578 3342 2650 [Beda,
3384 2581 3472 2648 qui
3517 2571 3629 2635 zelo

2086 2666 2291 2722 fervere
2332 2667 2430 2736 piae
2458 2668 2794 2739 devotionis],
2818 2678 2872 2722 et
2903 2670 3137 2723 aemulari
3157 2670 3472 2724 charismata
3517 2685 3629 2725 rna-

438 2759 558 2815 bam
596 2757 754 2827 (Joan
809 2756 952 2825 t,-l).
999 2757 1331 2810 Descendunt
1359 2773 1518 2827 super
1559 2759 1722 2813 ﬁlium
1758 2759 1988 2812 hominis
2080 2757 2216 2826 jora,
2249 2773 2312 2812 ac
2339 2758 2403 2811 de
2431 2757 2574 2811 vitiis
2595 2756 2661 2811 ad
2682 2757 2922 2820 virtutes,
2953 2759 3090 2812 bona
3122 2761 3404 2826 operando,
3435 2748 3500 2814 de
3525 2770 3630 2816 ter-

437 2846 634 2912 angeii,
657 2861 776 2899 cum
807 2845 1096 2914 adjunguut
1124 2845 1278 2898 iidem
1307 2844 1454 2915 μισ..
1482 2848 1535 2901 id
1558 2848 1684 2919 est],
1711 2849 1834 2918 quia
1863 2848 1996 2902 Ver-

437 2933 553 3000 ιη.
581 2955 708 3002 οπο
749 2945 938 3002 [actum
973 2944 1066 2998 est,
1108 2945 1154 2988 et
1189 2935 1432 2989 habitavit
1480 2938 1533 2990 in
1586 2939 1747 2991 nobis.
1801 2939 1981 3007 Neque

423 3030 709 3106 ἱρηωρι-ίω
723 3023 1097 3107 praedicatores
1118 3023 1283 3077 sancti
1312 3023 1483 3092 typice
1503 3024 1673 3094 angeli
1702 3035 1977 3091 vocantur,

415 3136 630 3188 quum,5
673 3122 915 3192 consuete
940 3115 1232 3168 derivatum
1263 3117 1330 3170 ab
1365 3116 1564 3187 angelis
1594 3134 1784 3172 nomen
1825 3135 1984 3173 evan-

418 3204 750 3263 Seltstamm
776 3203 1105 3269 conceditur;
1131 3212 1189 3258 ut
1220 3205 1356 3258 sicut
1382 3206 1434 3260 bi
1466 3208 1656 3272 nuntii,
1686 3208 1760 3262 ita
1806 3217 1860 3264 et
1906 3209 1981 3262 illi

430 3289 660 3360 ωομεν
684 3295 819 3348 idem
868 3310 1084 3348 summm
1135 3297 1517 3364 prmdicalionis
1559 3296 1809 3363 oﬁieium,
1855 3300 1978 3352 boni

440 3377 610 3436 nuntii
634 3382 1086 3451 cognominentur.
1113 3384 1176 3436 Et
1207 3385 1493 3438 notandum
1545 3386 1683 3452 quod
1729 3387 1981 3442 Dominus

437 3473 668 3539 seipsum
699 3470 863 3523 ﬁlium
900 3471 1126 3523 hominis
1154 3484 1453 3538 nuncupat:
1497 3473 1784 3527 Nathanael
1828 3491 1977 3529 eum-

438 3559 559 3611 dem
597 3558 784 3611 Filium
825 3559 916 3612 Dei
940 3559 1208 3626 praedicat.
1239 3559 1334 3612 Cui
1365 3560 1534 3613 simile
1554 3563 1792 3629 estquod
1843 3565 1978 3631 apud

438 3647 570 3699 alios
601 3637 947 3712 evangelistas
973 3649 1081 3714 ipse
1118 3649 1400 3716 discipulos
1443 3651 1767 3720 interrogat:
1815 3651 1978 3715 Quem

437 3735 612 3787 dicunt
633 3735 862 3787 homines
884 3751 994 3787 esse
1023 3735 1188 3801 [ilium
1217 3737 1434 3791 hominis
1457 3740 1482 3791 7
1505 3741 1566 3792 At
1590 3739 1666 3792 illi
1700 3740 1935 3794 dixerunt
1959 3759 1976 3795 :

437 3823 538 3876 Alii
566 3823 817 3876 Joannem
863 3823 1166 3892 Baptistam,
1208 3823 1301 3875 alii
1344 3823 1660 3889 Eliam,etc.
1696 3829 1831 3880 Dicit
1873 3829 1975 3882 illis

435 3913 588 3967 Iesus
609 3931 627 3966 :
680 3913 780 3967 Vos
803 3922 970 3966 autem
1001 3929 1148 3983 quem
1179 3930 1256 3966 me
1300 3930 1406 3967 esse
1431 3915 1599 3967 dicitis
1621 3917 1646 3968 2
1689 3906 1980 3987 Respondit

438 4003 622 4058 Simon
651 4003 810 4074 482
834 4003 1057 4058 Petrus:
1101 4002 1142 4056 Τ
1144 4020 1176 4055 u
1205 4021 1257 4057 es
1286 4003 1520 4058 Christus
1556 4004 1724 4059 Filius
1751 4006 1846 4061 Dei
1881 4010 1977 4063 rivi

435 4093 646 4164 (Matth.
670 4109 780 4155 avt,
819 4094 1042 4164 15-16).
1073 4095 1138 4147 Et
1177 4093 1386 4163 quidem
1421 4092 1579 4161 justas
1625 4095 1974 4163 dispensatio-

298 4168 301 4172 ’
381 4193 389 4199 ·
435 4183 519 4236 nis
554 4183 912 4237 moderamine
939 4190 1114 4236 actum
1140 4190 1222 4236 est
1246 4191 1304 4234 ut
1326 4197 1447 4235 cum
1478 4189 1700 4250 utraque
1739 4183 1974 4249 ejusdem

2089 2847 2231 2902 renis
2257 2847 2321 2900 ad
2346 2854 2543 2901 :eterna
2590 2855 2782 2900 norunt
2809 2847 3068 2915 sperando
3104 2857 3158 2901 et
3193 2848 3417 2903 amando
3459 2858 3632 2905 trans-

2093 2934 2336 3004 migrare.
2368 2923 2734 2988 Discutnbente
2759 2942 2934 2988 autem
2958 2935 3022 2987 ad
3059 2936 3268 3005 nuptias
3291 2935 3513 2994 Domino
3552 2939 3616 2990 vi-

2084 3037 2208 3074 num
2248 3021 2460 3087 defecit,
2508 3031 2598 3086 ut,
2625 3023 2749 3075 vino
2792 3023 3006 3076 meliore
3055 3038 3150 3092 per
3195 3024 3363 3091 ipsum
3400 3024 3625 3077 mirabili

2081 3111 2266 3165 ordine
2287 3111 2448 3174 facto,
2472 3110 2898 3164 manifestaretur
2926 3107 3322 3180 gloria'latentis
3345 3112 3394 3165 in
3415 3111 3626 3167 homin‘o

2080 3202 2208 3266 Dei,
2239 3209 2291 3255 et
2323 3201 2649 3280 credentium
2686 3188 2744 3262 in
2791 3216 2911 3255 eum
2949 3201 3077 3256 ﬁdes
3123 3211 3275 3257 aucta
3325 3199 3622 3272 proﬁceret.

2080 3295 2227 3361 Quod
2256 3296 2297 3347 si
2323 3295 2628 3361 mysterium
2675 3291 2914 3347 novimus
2958 3283 3083 3364 [1th.
3125 3305 3172 3348 et
3219 3295 3389 3369 Beda,
3437 3298 3627 3365 qumrj—

2077 3380 2240 3452 mus],
2266 3388 2548 3450 apparente
2576 3381 2628 3432 in
2660 3381 3086 3443 carne‘Domino,
3123 3371 3332 3436 meraca
3374 3384 3461 3438 illa
3486 3378 3626 3460 lega—

2077 3473 2143 3526 lis
2169 3487 2356 3526 sensus
2378 3470 2610 3525 suavitas
2643 3468 2906 3538 paulatim»
2948 3479 3201 3540 crepent,
3250 3473 3319 3525 ob
3357 3475 3618 3533 carnalem

2075 3559 2462 3614 Pharisznorum
2492 3559 2996 3627 interpretationem,
3021 3572 3050 3609 a
3071 3556 3246 3625 prisca
3274 3571 3368 3611 sua
3421 3561 3618 3615 virtute

2078 3649 2321 3704 deﬁcere.
2353 3647 2451 3714 Qui
2480 3659 2599 3700 mox
2623 3661 2707 3712 ea,
2733 3660 2848 3714 quae
2867 3646 3096 3699 carnalia
3119 3647 3446 3711 videbantur,
3470 3665 3620 3702 man—

2079 3739 2199 3794 data
2225 3738 2290 3792 ad
2342 3735 2630 3805 spln'talem
2680 3735 2939 3789 convertit
2987 3734 3300 3800 doctrinam,
3350 3747 3620 3791 cunctam-

2077 3844 2180 3899 que
2208 3828 2396 3880 litterze
2441 3825 2626 3895 legalis
2667 3825 2997 3894 superﬁciem
3053 3825 3349 3895 evangelica
3391 3827 3622 3882 cmlestis

2076 3917 2257 3987 gratiae
2299 3916 2494 3986 virtute
2539 3915 2782 3978 mutavit,
2819 3915 2957 3984 quod
2983 3923 3065 3968 est
3106 3917 3284 3971 vinum
3330 3915 3518 3971 fecisse
3554 3918 3618 3972 de

2076 4020 2229 4073 aqua.
2263 4003 2365 4058 Sed
2385 4004 2556 4071 primo
2580 4003 2850 4057 videamus
2890 4004 3014 4073 quid
3037 4005 3106 4058 sit
3139 4001 3297 4074 quod,
3347 4006 3621 4064 deﬁciente

2075 4094 2199 4146 vino
2225 4133 2239 4156 ,
2288 4093 2414 4146 dicit
2439 4092 2621 4161 [Beda,
2668 4105 2807 4144 cum.
2840 4129 2854 4143 .
2890 4130 2903 4143 .
2933 4092 3150 4165 diceret]
3182 4103 3354 4149 mater
3387 4094 3509 4150 Jesu
3552 4099 3617 4150 ad

2075 4194 2195 4234 eum
2216 4197 2229 4230 τ

436 4271 740 4325 mediatoris
777 4271 868 4324 Dei
907 4280 960 4324 et
997 4270 1202 4324 Domini
1229 4270 1393 4323 nostri
1419 4270 1502 4324 vel
1525 4271 1591 4323 ab
1615 4270 1727 4337 ipso
1749 4271 1970 4326 Domino
1998 4309 2047 4366 υ
2085 4353 2113 4366 Δ
2143 4269 2300 4323 Vens.
2341 4269 2392 4331 3,
2432 4267 2485 4319 4.
2537 4297 2606 4306 -
2659 4265 2846 4320 Vinum
2891 4285 2991 4321 non
3044 4269 3247 4322 habent.
3298 4269 3577 4340 Respondit
3599 4292 3610 4326 ς

435 4360 519 4414 vel
546 4361 612 4414 ab
636 4361 850 4414 homine
877 4375 1010 4428 puro
1034 4366 1175 4413 esset
1225 4358 1679 4413 commemoranda
1727 4357 1970 4416 substan-

437 4449 531 4513 tia,
560 4448 698 4500 Deus
732 4448 887 4499 homo
913 4447 1245 4517 fragilitatem
1275 4454 1553 4516 assumpta:
1577 4462 1606 4500 a
1635 4461 1693 4500 se
1729 4447 1970 4502 humani-

437 4538 563 4592 tatis
598 4549 758 4604 purus
786 4536 941 4588 homo
968 4537 1215 4592 virtutem
1254 4544 1462 4590 aeternae
1500 4536 1551 4590 in
1573 4550 1637 4591 eo
1680 4535 1971 4591 divinitatis

438 4632 697 4678 astrueret
721 4641 733 4673 :
767 4623 874 4688 ipse
895 4638 1043 4675 suam
1073 4607 1441 4716 humilitatem,
1469 4625 1559 4679 ille
1577 4625 1692 4694 ejus
1718 4624 1971 4680 fateretur

339 4709 350 4716 ’
439 4713 784 4765 altitudinem.
817 4710 1107 4762 Notandum
1128 4709 1316 4779 quippe
1331 4709 1490 4765 etiam
1520 4715 1658 4781 quod
1695 4713 1966 4776 Dominus,

439 4802 528 4868 qui
557 4781 774 4853 beatum
799 4799 1083 4852 Nathanael
1115 4814 1236 4852 vere
1255 4799 1559 4854 -lsraelitam
1601 4812 1896 4870 nuncupat,
1925 4805 1975 4858 in

441 4889 540 4941 hoc
561 4903 768 4955 quoque
793 4889 952 4941 verbo
982 4903 1085 4955 quo
1109 4888 1210 4940 ait:
1250 4886 1484 4940 Videbitis
1512 4889 1691 4942 calum
1724 4901 1973 4959 apertum,

439 4983 484 5027 et
505 4975 710 5042 angelos
734 4976 826 5026 Dei
846 4976 1171 5030 ascendentes
1189 4985 1235 5030 et
1271 4977 1620 5032 descendentes
1641 4995 1790 5048 super
1810 4981 1976 5048 ﬁlium

439 5063 658 5116 hominis
676 5061 849 5130 (Joan.
865 5080 904 5123 ι.
921 5067 1032 5131 55),
1055 5066 1306 5140 visionem
1319 5065 1480 5119 Iacob
1496 5067 1806 5135 patriarcha:
1821 5068 1884 5134 (ϐ
1890 5087 1970 5123 en.

437 5151 650 5217 nvm),
685 5150 774 5218 qui
823 5165 916 5218 per
962 5152 1372 5206 benedictionem
1416 5164 1633 5207 vocatus
1657 5163 1738 5207 est
1785 5156 1962 5220 Israel,

439 5239 505 5292 ad
539 5239 846 5293 memoriam
893 5239 1108 5291 reducit.
1152 5241 1200 5292 ls
1244 5257 1465 5309 namque
1494 5258 1634 5303 cum,
1687 5243 1866 5296 volens
1896 5246 1962 5298 'in

441 5330 664 5399 quodam
698 5328 813 5381 loco
861 5327 1204 5396 requiescere,
1247 5328 1466 5394 lapidem
1512 5331 1669 5397 capiti
1705 5345 1800 5383 suo
1838 5347 1963 5401 sup-

510 5471 531 5496 ιι
560 5455 835 5524 lincusque
866 5472 928 5511 ex
955 5456 1166 5511 homilia
1191 5454 1341 5510 Beda:
1377 5460 1552 5514 citata.

2075 4353 2211 4424 Quid
2242 4359 2367 4411 mihi
2394 4367 2442 4411 et
2491 4357 2582 4411 tibi
2604 4367 2703 4423 est,
2755 4357 2987 4412 mulier?
3023 4358 3268 4413 Nondum
3315 4362 3447 4414 venit
3488 4362 3614 4416 hora

2072 4465 2200 4501 mea.
2235 4446 2416 4517 Neque
2457 4448 2596 4502 enim
2644 4456 2866 4501 matrem
2914 4463 3061 4502 suam
3107 4450 3466 4516 inhonoraret,
3527 4455 3614 4522 qui

2072 4551 2169 4589 nos
2182 4533 2332 4602 jubet
2352 4538 2613 4590 honorare
2641 4545 2844 4605 patrem
2861 4545 2913 4590 et
2936 4546 3158 4592 matrem
3186 4556 3200 4604 ;
3231 4549 3319 4594 aut
3347 4556 3461 4596 eam
3512 4544 3611 4598 sibi

2071 4640 2186 4678 esse
2213 4635 2435 4679 matrem
2464 4635 2695 4696 negaret,
2723 4641 2788 4678 ex
2818 4627 2966 4694 cujus
3001 4641 3160 4682 carne
3205 4632 3407 4700 virgine
3456 4631 3605 4704 [Ms.,

2072 4715 2380 4786 virgineam]
2410 4731 2619 4770 carnem
2653 4716 2917 4783 suscipere
2937 4732 3037 4769 non
3065 4719 3327 4789 despexit,
3360 4724 3606 4792 Apostolo

2073 4805 2232 4858 etiam
2272 4815 2512 4870 testante,
2543 4807 2630 4875 qui
2655 4807 2763 4859 ait:
2805 4806 2905 4870 Qui
2957 4808 3124 4875 factus
3149 4821 3220 4864 est
3241 4814 3286 4865 ei
3317 4830 3380 4865 ex
3416 4816 3590 4871 semini
3621 4820 3625 4825 '

2072 4896 2236 4950 David
2263 4898 2538 4950 secundum
2563 4913 2766 4950 carnem
2791 4896 2958 4964 (Rom.
2992 4916 3026 4962 ι,
3061 4903 3135 4970 ὅ).
3166 4903 3432 4967 Quomodo
3459 4898 3598 4958 enim

2071 5001 2136 5040 ex
2163 4988 2361 5041 semine
2384 4988 2545 5040 David
2579 4988 2864 5041 secundum
2890 5006 3119 5052 carnem,
3170 4994 3210 5044 si
3251 5008 3349 5044 non
3386 5007 3449 5045 ex
3477 5008 3596 5047 cor-

2069 5091 2196 5145 pore
2222 5076 2396 5128 Mariae
2421 5075 2702 5128 secundum
2730 5090 2961 5140 carnem,
2991 5095 3102 5146 qua:
3128 5094 3188 5131 ex
3212 5079 3369 5132 David
3400 5077 3597 5137 semine

2068 5165 2374 5219 descendit?
2397 5165 2485 5217 sed
2507 5164 2558 5216 in
2585 5177 2648 5217 co
2675 5147 2831 5232 quod,
2863 5169 3167 5220 miraculum
3197 5167 3456 5233 facturus,
3484 5169 3593 5225 ait:

2070 5251 2205 5315 Quid
2230 5252 2352 5303 mihi
2373 5261 2419 5303 et
2448 5251 2537 5302 tibi
2560 5262 2650 5315 est,
2677 5254 2861 5307 mulier
2880 5257 2905 5307 .’
2931 5255 3187 5324 signiﬁcat
3213 5270 3268 5309 se
3289 5256 3594 5322 divinitatis,

2069 5355 2169 5408 qua
2198 5339 2504 5393 miraculum
2525 5349 2640 5394 erat
2663 5343 2994 5410 patrandum,
3017 5358 3116 5396 non
3140 5345 3447 5415 principium
3466 5355 3595 5401 tem-

510 5527 536 5564 ι
558 5526 629 5578 Er
661 5525 867 5578 homilia
891 5525 1042 5580 Beda'.
1069 5527 1121 5578 in
1147 5525 1411 5578 Dominica
1438 5535 1662 5586 secunda
1699 5542 1814 5600 post
1839 5534 2197 5603 Epiphaniam.
