4230 6206
589 303 690 358 767
761 344 765 347 -

1435 301 1493 353 Β.
1535 300 1593 354 F.
1635 301 1854 354 ALlilNl
1895 302 2021 356 SEU
2055 300 2325 355 ALCUINI
2363 300 2642 356 OPEltUM
2682 301 2857 355 PARS
2883 300 2946 355 ll.

3689 303 3790 356 768

587 410 839 482 poraliter
864 410 1136 477 accepisse
1163 408 1226 463 de
1256 418 1447 480 matre,
1475 407 1568 461 sed
1612 409 1965 463 aeternitatem
2011 423 2149 461 sem—
2176 411 2228 470 Α
2252 407 2407 461 nistri
2433 408 2720 475 prophetae,
2745 409 2901 461 modo
2922 408 2985 462 de
3025 408 3181 461 Patre
3204 415 3406 461 tantum
3433 382 3715 475 loquuntur
3736 418 3794 463 et

570 514 683 569 per
716 496 965 551 habuisse
986 496 1050 549 de
1074 494 1247 550 Patre.
1281 496 1418 561 Quid
1444 496 1591 559 mihi,
1619 496 1810 563 inquit,
1842 506 1891 548 et
1939 496 2030 548 tibi
2049 504 2144 558 est,

591 588 821 640 mulier?
861 584 1107 639 Nondum
1138 587 1268 639 venit
1319 586 1446 637 hora
1498 601 1629 638 mea.
1682 583 1815 650 Quid
1866 584 2143 643 divinitati,

589 690 749 744 quam
776 689 840 729 ex
870 673 1028 727 Patre
1051 688 1259 741 semper
1281 672 1461 735 habui,
1486 686 1607 726 cum
1629 681 1717 725 tua
1740 686 1919 731 carne,
1951 685 2016 723 ex
2042 684 2147 738 qua

587 780 810 820 carnem
843 765 1071 833 suscepi,
1100 779 1379 818 commune
1402 764 1524 819 est?
1548 764 1792 818 Nondum
1834 763 1978 817 venit
2017 763 2148 815 hora

589 862 649 908 ut
685 850 1023 921 fragilitatem
1050 861 1271 921 sumptae
1304 868 1366 905 ex
1400 861 1451 907 te
1484 853 1825 906 humanitatis
1870 852 2145 905 moriendo

589 945 969 997 demonstrem.
995 940 1151 994 Prius
1170 949 1253 996 est
1281 950 1337 993 ut
1356 942 1643 1010 potentiam
1681 950 1896 994 reterns:
1938 940 2150 993 deitatis

590 1032 815 1087 virtutes
834 1030 1103 1100 operando
1131 1031 1467 1100 patefaciam.
1495 1031 1684 1084 Veniet
1710 1040 1885 1083 autem
1934 1031 2066 1083 hora
2093 1039 2151 1083 ut

587 1117 731 1187 quod
762 1117 859 1171 sibi
883 1126 937 1170 et
963 1118 1117 1171 matri
1149 1133 1430 1172 commune
1457 1125 1614 1179 esset,
1664 1118 2002 1179 ostenderet,
2030 1132 2151 1171 cum

588 1220 705 1259 eam
737 1205 1029 1259 moriturus
1052 1208 1107 1261 in
1158 1222 1316 1260 cruce
1346 1205 1600 1275 discipulo
1648 1206 1837 1274 virgini
1893 1192 2177 1273 virgine-nt

591 1293 968 1347 commendare
989 1294 1214 1347 curavit.
1246 1293 1435 1347 Carnis
1459 1307 1685 1361 namque
1707 1292 1917 1345 infirma
1939 1307 2153 1361 perpes-

592 1395 704 1443 sus,
738 1388 984 1444 matrem,
1021 1380 1086 1435 de
1109 1396 1211 1449 qua
1240 1381 1351 1434 htec
1374 1389 1698 1449 susceperat,
1742 1380 1826 1449 pie
1860 1381 2151 1449 cognitam,

589 1469 784 1530 eidem,
815 1484 973 1537 quem
997 1470 1222 1522 maxime
1251 1469 1531 1538 diligebat,
1578 1469 1833 1540 discipulo
1885 1485 2151 1523 commen-

593 1556 778 1612 davit:
808 1572 990 1627 quam,
1016 1558 1191 1612 divina
1215 1557 1473 1621 facturus,
1518 1559 1669 1626 quasi
1714 1558 2039 1627 incognitam
2094 1574 2152 1613 se

593 1663 752 1702 nosse
785 1646 1102 1711 dissimulat,
1128 1648 1253 1716 quia
1280 1648 1417 1702 hanc
1443 1647 1604 1719 583
1642 1648 1833 1703 divina:
1859 1649 2151 1703 nativitatis

2246 492 2286 547 F
2292 495 2399 558 ilio,
2431 503 2488 547 ut
2511 503 2593 548 est
2611 494 2768 548 illud:
2801 493 2987 548 Omnia
3032 496 3085 547 in
3125 497 3375 563 sapientia
3411 497 3576 565 fecisti
3621 496 3787 566 (Psut.

2246 596 2362 646 cm,
2391 581 2503 652 24),
2530 583 2698 636 virtus
2715 582 2855 635 enim
2879 582 2971 635 Dei
2997 591 3050 636 et
3087 583 3342 651 sapientia
3385 583 3627 639 Christus
3673 596 3790 641 est:

2247 674 2405 726 modo
2433 672 2592 725 etiam
2622 671 2850 740 Spiritus
2875 673 3042 726 sancti
3067 672 3268 727 faciunt
3290 673 3629 748 mentionem,
3646 674 3794 742 juxta

2248 760 2376 814 illud
2405 761 2638 831 ejusdem
2663 759 3090 830 Psalmographi:
3124 759 3287 817 Verbo
3316 762 3525 816 Domini
3549 762 3661 818 caeli
3701 762 3796 831 ﬁr-

2250 853 2616 913 matistmt,et
2660 851 2844 917 spiritu
2888 853 2993 903 oris
3048 852 3160 919 ejus
3206 852 3369 905 omnis
3411 853 3571 905 uirtus
3621 866 3794 906 eorum

2251 940 2420 1010 (Psal.
2450 957 2619 1004 χχχιι,
2646 940 2719 1009 6).
2749 942 2998 1005 Verbum,
3046 942 3315 1006 Dominus,
3339 951 3392 996 et
3425 942 3677 1012 Spiritus,
3712 928 3796 996 to-

2238 1037 2441 1097 tusque
2470 1045 2607 1082 unus
2632 1028 2771 1082 Deus
2792 1037 2873 1083 est
2898 1029 3268 1099 intelligendus
3295 1033 3346 1085 in
3371 1032 3633 1087 Trinitate
3667 1030 3795 1102 [κο.

2251 1128 2299 1169 et
2355 1104 2537 1179 Beda,
2568 1118 3167 1187 Verbuthominum,
3218 1126 3271 1173 et
3316 1117 3573 1187 Spiritum
3614 1126 3800 1175 totam.

2252 1221 2370 1274 quae
2391 1222 2525 1260 unus
2552 1205 2689 1259 Deus
2715 1214 2815 1271 est,
2839 1170 3080 1275 lintellige
3106 1170 3460 1280 Trinitate'm].
3482 1207 3595 1281 Sed
3635 1222 3803 1277 quan-

2254 1304 2365 1348 tum
2397 1296 2532 1349 inter
2556 1309 2749 1361 aquam
2772 1304 2826 1347 et
2853 1295 3052 1359 vinum,
3095 1304 3295 1356 tantum
3332 1296 3492 1349 distat
3516 1296 3654 1348 inter
3677 1308 3800 1348 sen-

2254 1370 2370 1437 sum
2398 1384 2544 1437 illum
2570 1399 2674 1451 quo
2698 1384 2985 1452 Scriptura:
3018 1392 3141 1439 ante
3181 1385 3465 1439 adventum
3515 1383 3807 1444 Salvatoris

2254 1470 2701 1539 intelligebantur,
2730 1479 2786 1525 et
2810 1486 2930 1526 eum
2951 1486 3108 1539 quem
3135 1472 3351 1526 veniens
3393 1472 3506 1541 ipse
3553 1469 3809 1526 revelavit

2254 1560 2504 1629 apostolis
2540 1574 2830 1630 eorumque
2877 1560 3150 1631 discipulis
3186 1570 3442 1631 perpetuo
3483 1560 3807 1630 sequendum

2255 1651 2484 1720 reliquit.
2517 1651 2583 1704 Et
2614 1650 2827 1720 quidem
2855 1650 3026 1720 potuit
3072 1650 3327 1704 Dominus
3347 1665 3543 1705 vacuas
3591 1649 3812 1719 implere

594 1737 886 1792 auctricem
916 1752 1020 1791 non
1069 1752 1187 1792 esse
1244 1739 1534 1809 cognoscit.
1572 1758 1589 1790 ι
1634 1736 1801 1804 llujus
1848 1752 1974 1792 vero
2023 1736 2154 1808 [Al.,
2190 1745 2231 1802 ιι
2260 1741 2478 1809 hydrias
2511 1740 2667 1803 vino,
2694 1740 2785 1808 qui
2828 1740 2880 1793 in
2931 1740 3151 1794 exordio
3208 1739 3487 1795 mundanae
3527 1739 3814 1794 creationis

592 1824 744 1899 ergo]
769 1825 911 1880 hora:
932 1826 1175 1881 dominus
1205 1827 1259 1880 in
1300 1840 1459 1880 cruce
1490 1825 1726 1893 pendens
1752 1834 2152 1890 commemorat,

594 1930 719 1972 cum
742 1917 877 1971 dixit
911 1915 1059 1989 [λιι.
1089 1931 1510 1973 commemorans
1543 1914 1698 1987 dixit]
1725 1915 1919 1970 matri:
1967 1915 2154 1981 Mater,

595 2020 710 2059 ecce
733 2004 876 2073 ﬁlius
906 2016 1067 2070 tuus;
1105 2006 1255 2076 quasi
1290 2005 1548 2059 dixisset:
1597 2019 1721 2060 ecce
1766 2004 1867 2059 hoc
1913 2004 2054 2073 quod
2092 2019 2156 2057 ex

599 2102 653 2148 te
672 2094 871 2164 sumpsi
902 2096 1058 2152 modo
1083 2094 1400 2158 ostenditur,
1425 2093 1699 2148 moriendo
1742 2093 1954 2163 quidem
1979 2108 1993 2157 ;
2041 2107 2159 2160 qua:

597 2196 772 2239 tamen
804 2174 993 2239 natura
1020 2184 1356 2255 postmodum
1386 2183 1723 2238 clariﬁcanda
1751 2192 1868 2237 erat
1890 2184 1944 2236 in
1973 2197 2154 2236 resur-

600 2276 853 2330 rectionis
886 2275 1072 2345 gloria.

669 2361 829 2415 Vsus.
856 2361 909 2416 5.
936 2391 1007 2402 —
1029 2362 1168 2418 Dixit
1194 2372 1356 2415 mater
1396 2361 1508 2430 ejus
1555 2359 1801 2413 ministris
1828 2373 1845 2409 :
1893 2359 2161 2430 quodcun—

595 2465 695 2519 que
718 2449 907 2503 dixerit
935 2450 1088 2512 vobis,
1127 2450 1301 2518 facite.
1344 2448 1563 2503 Sciebat
1589 2448 1801 2517 quidem
1831 2455 2001 2500 mater
2043 2446 2161 2514 ejus

602 2539 985 2595 humanitatem
1040 2540 1132 2594 lilii
1179 2540 1293 2603 sui,
1350 2537 1475 2592 licet
1529 2536 1901 2606 quoquomodo
1951 2536 2162 2589 videtur

597 2626 749 2701 [ιιι.
778 2630 881 2685 hoc
913 2631 1069 2685 modo
1094 2628 1382 2701 videretur]
1415 2636 1662 2698 negatum
1709 2627 1852 2696 quod
1885 2627 2157 2697 poscebat,

600 2728 771 2775 mater
799 2729 974 2775 tamen
1005 2720 1207 2775 sciebat
1236 2719 1485 2790 pietatem
1516 2718 1630 2781 lilii,
1678 2717 1819 2786 quod
1854 2731 1962 2771 non
2021 2727 2163 2771 esset

600 2818 890 2880 negaturus
946 2808 1097 2882 [Hs.,
1149 2824 1346 2879 negare
1400 2806 1590 2881 noluit]
1637 2807 1780 2877 quod
1841 2806 2159 2875 petebatur:

603 2899 725 2955 ideo
747 2898 1061 2952 ﬁducialiter
1082 2896 1352 2952 mandavit
1390 2896 1650 2952 ministris
1686 2904 1744 2951 ut
1770 2893 2020 2952 mandata
2060 2894 2161 2948 im-

606 2989 811 3058 plerent
841 2988 931 3042 filii
954 2987 1212 3057 jubentis.

2259 1838 2448 1885 cuncta
2470 1830 2669 1884 creavit
2690 1844 2755 1884 ex
2777 1828 2945 1883 nihilo
2967 1845 2983 1893 ;
3009 1829 3101 1883 sed
3122 1828 3311 1882 maluit
3342 1820 3408 1883 de
3462 1843 3598 1898 aqua
3636 1828 3817 1885 facere

2262 1919 2462 1981 vinum,
2508 1933 2613 1987 quo
2644 1918 2817 1988 typice
2878 1916 3113 1982 doceret,
3154 1932 3258 1971 non
3295 1931 3354 1971 se
3395 1917 3461 1971 ad
3508 1916 3814 1971 solvendam

2260 2007 2788 2076 improbandamque,
2815 2006 2906 2059 sed
2935 2006 3001 2060 ad
3050 2006 3373 2075 implendam
3427 2004 3601 2072 potius
3645 2003 3817 2071 legem

2262 2098 2651 2166 prophetasque
2678 2096 2905 2159 venisse,
2937 2109 3107 2163 neque
3162 2094 3265 2147 alia
3325 2108 3484 2163 super
3532 2091 3718 2163 (Beda,
3761 2107 3820 2146 se

2262 2187 2377 2259 per]
2427 2187 2784 2257 evangelicam
2842 2186 3064 2255 gratiam
3113 2183 3291 2239 facere
3333 2194 3388 2238 et
3429 2181 3622 2239 docere
3657 2196 3817 2250 quam

2262 2291 2380 2345 quae
2406 2275 2589 2345 legalis
2613 2284 2667 2329 et
2711 2274 3018 2344 prophetica
3057 2273 3333 2343 Scriptura
3383 2288 3503 2328 eum
3554 2273 3819 2328 facturum

2261 2366 2647 2434 doctorumque
2671 2366 2920 2433 signaret.
2972 2364 3257 2417 Videamus
3283 2378 3412 2432 ergo
3464 2378 3557 2417 sex
3605 2360 3823 2430 hydrias

2266 2454 2671 2525 Scripturarunt
2693 2467 2831 2522 aqua
2852 2452 3070 2506 salutari
3115 2452 3363 2521 repletas,
3386 2450 3659 2525 videamus
3677 2463 3824 2502 eam-

2265 2548 2382 2601 dem
2409 2560 2601 2616 aquam
2629 2544 2681 2598 in
2708 2543 3079 2603 suavissimum
3118 2543 3225 2595 vini
3250 2542 3467 2596 odorem
3505 2549 3825 2611 gustumquo

2263 2650 2594 2692 conversam.
2624 2634 2680 2689 In
2707 2634 2874 2703 prima
2896 2641 3051 2689 :etate
3076 2632 3250 2687 saeculi
3271 2670 3286 2696 ,
3329 2630 3462 2686 Abel
3482 2631 3682 2700 justum
3714 2630 3823 2683 fra-

2266 2736 2347 2781 ter
2368 2726 2605 2780 invidens
2627 2724 2821 2778 occidit
2847 2721 2998 2788 (Gen.
3037 2722 3131 2791 tv),
3170 2729 3224 2775 et
3244 2722 3312 2776 ob
3351 2722 3454 2775 hoc
3476 2721 3586 2788 ipse
3630 2733 3824 2787 ρει-νεα

2270 2824 2357 2867 tua
2378 2813 2617 2883 martyrii
2654 2813 2821 2880 gloria
2844 2812 3058 2877 beatus,
3104 2812 3264 2866 etiam
3320 2812 3374 2865 in
3424 2808 3747 2879 evangelieis
3774 2818 3827 2863 et

2269 2903 2569 2971 apostolicis
2614 2902 2806 2957 litteris
2844 2900 3071 2969 justitia:
3109 2902 3314 2957 laudem
3362 2900 3567 2969 accepit
3608 2897 3825 2970 (Matth.

2271 3007 2424 3054 xxm,
2454 2991 2578 3045 Luc.
2614 2989 2710 3061 si).
2750 2990 3041 3045 Fratricida
3089 3005 3217 3043 vero
3254 2988 3447 3056 impius
3474 2994 3686 3041 aeterna:
3714 3000 3828 3041 ma-

682 3077 839 3131 Vtzns.
869 3075 921 3130 6.
951 3106 1019 3115 -—
1048 3074 1213 3130 Erunt
1239 3086 1407 3130 autem
1452 3075 1670 3146 lapidea
1704 3074 1903 3143 hydria
1946 3076 2165 3145 ια’-ρο-
2192 3067 2237 3130 C
2269 3080 2565 3134 ledictionis
2583 3092 2769 3146 paruas
2791 3076 2905 3131 luit.
2963 3077 3273 3144 Quicunque
3325 3076 3408 3129 his
3450 3074 3665 3139 auditis,
3713 3088 3828 3130 me-

604 3168 737 3229 sita',
766 3166 1047 3218 secundum
1075 3165 1486 3233 puriﬁcationem
1533 3164 1861 3229 Judazorum,
1912 3166 2165 3233 capientes

603 3254 825 3324 singqu
852 3265 1085 3310 metretas
1110 3256 1255 3309 binus
1281 3255 1355 3308 rel
1378 3267 1569 3308 ternas.
1626 3272 1643 3305 ι
1674 3253 1885 3325 Hydriae
1912 3263 2170 3311 vocantur

614 3358 738 3396 vasa
777 3357 1032 3410 aquarum
1073 3344 1307 3412 receptui
1357 3350 1559 3409 parata,
1616 3341 1799 3397 Graece
1845 3343 1986 3397 enim
2033 3359 2169 3411 aqua

610 3432 748 3506 ὕδωρ
776 3432 987 3486 dicitur.
1034 3432 1184 3501 Aqua
1227 3442 1403 3486 autem
1457 3431 1747 3500 Scriptura:
1789 3448 1955 3489 saera:
1999 3434 2172 3488 scien-

613 3523 741 3575 tiam
763 3521 1021 3593 designat,
1052 3538 1169 3591 qua:
1196 3538 1319 3577 suos
1354 3522 1626 3577 auditores
1661 3532 1716 3577 et
1754 3538 1785 3577 a
1830 3532 2172 3592 peccatorum

613 3610 772 3665 sorde
796 3610 1007 3663 abluere
1034 3618 1088 3663 et
1131 3610 1321 3663 divina:
1348 3611 1666 3680 cognitionis
1705 3612 1839 3667 solet
1882 3612 2030 3671 fonte
2074 3630 2170 3685 po-

618 3709 748 3753 tare.
778 3698 915 3754 Vasa
939 3714 1032 3754 sex
1060 3698 1252 3768 quibus
1272 3714 1408 3769 aqua
1448 3701 1841 3768 continebatur,
1864 3706 2022 3759 corda
2049 3714 2174 3760 sunt

619 3788 808 3843 devota
855 3797 1194 3853 sanctorum,
1223 3804 1449 3857 quorum
1497 3790 1753 3859 perfectio
1781 3794 1906 3848 vitae
1946 3802 2001 3848 et
2054 3794 2175 3849 fidei

621 3879 689 3932 ad
712 3877 1008 3946 exemplum
1052 3887 1195 3931 recte
1247 3879 1496 3933 credendi
1545 3895 1607 3935 ac
1640 3881 1851 3936 vivendi
1905 3884 2176 3952 proposita

621 3972 705 4020 est
738 3966 917 4036 generi
946 3967 1176 4021 humano
1216 3981 1429 4045 persex
1478 3969 1653 4024 seculi
1700 3970 1925 4026 labentis
1969 3984 2174 4039 aetates,

622 4055 674 4108 id
726 4064 840 4122 est,
881 4071 1048 4126 usque
1093 4057 1162 4111 ad
1210 4066 1415 4127 tempus
1459 4058 1747 4116 Dominica:
1788 4063 2181 4129 praedicationis

623 4144 809 4215 [Βατία.
846 4145 1151 4228 passionis].
1181 4146 1247 4201 Et
1283 4148 1418 4202 bene
1458 4147 1661 4217 lapidea
1714 4161 1839 4205 sunt
1873 4166 2020 4216 vasa,
2057 4155 2178 4222 quia

625 4236 781 4291 fortia
803 4244 926 4291 sunt
949 4239 1237 4306 pnncordia
1254 4239 1541 4309 justorum,
1572 4236 1635 4295 ut
1664 4250 1787 4310 pote
1810 4243 1950 4297 illius
1980 4243 2082 4298 fide
2128 4252 2181 4299 et

623 4328 900 4383 dilectione
922 4328 1109 4396 lapidis
1138 4329 1361 4384 solidata
1401 4347 1557 4399 quem
1607 4333 1737 4387 vidit
1772 4334 1955 4388 Daniel
1992 4337 2176 4403 praeci-

624 4431 741 4469 sum
767 4416 831 4470 de
853 4424 1031 4470 monte
1057 4417 1171 4471 sine
1216 4418 1479 4483 manibus,
1508 4419 1809 4489 factumque
1848 4424 1902 4475 in
1943 4435 2177 4478 montem
2204 4394 2255 4451 D

627 4524 896 4578 magnum,
917 4516 970 4564 et
1016 4508 1260 4578 implesse
1306 4525 1517 4565 omnem
1564 4521 1761 4567 terram
1792 4512 1951 4583 (Dan.
1982 4530 2039 4579 ιι,
2065 4515 2174 4585 3i).

626 4598 691 4653 Et
720 4599 782 4652 de
802 4615 907 4668 quo
926 4600 1052 4655 dicit
1081 4602 1395 4657 Zacharias:
1423 4600 1489 4656 In
1515 4603 1685 4672 lapide
1708 4622 1807 4657 uno
1830 4614 2019 4676 septem
2044 4606 2179 4659 oculi

624 4700 742 4742 sunt
770 4689 948 4758 (Zaclt.
986 4708 1066 4755 ιιι.
1114 4691 1189 4759 9),
1248 4693 1298 4747 id
1341 4699 1442 4755 est,
1497 4692 1548 4744 in
1601 4691 1813 4748 Christo
1858 4695 2180 4749 universitas

626 4778 860 4832 scientia:
888 4780 1138 4847 spiritalis
1177 4781 1437 4835 inhabitat
1466 4798 1480 4846 ;
1509 4780 1659 4848 cujus
1681 4791 1734 4836 et
1786 4786 2055 4852 apostolus
2080 4786 2178 4841 Pe-

631 4876 742 4920 trus
772 4869 1009 4921 meminit
1031 4869 1102 4922 ita
1123 4870 1340 4925 dicens:
1392 4871 1473 4924 Ad
1518 4888 1663 4941 quem
1705 4875 1997 4928 accedentes
2047 4876 2181 4944 lapi-

632 4962 743 5009 dem
780 4959 964 5023 vivum,
998 4967 1046 5012 et
1074 4959 1174 5029 ipsi
1210 4971 1453 5031 tanquam
1491 4961 1688 5031 lapides
1726 4964 1821 5016 vivi
1865 4967 2182 5035 supermdiﬁ-

632 5052 819 5102 cumini
845 5050 896 5121 (1
927 5051 1069 5104 Petr.
1097 5068 1155 5115 ιι,
1188 5053 1265 5122 4).
1319 5053 1461 5108 Bene
1514 5055 1801 5109 secundum
1852 5057 2179 5122 purificatio-

635 5153 757 5192 nem
802 5138 1101 5195 Jutlaeorum
1150 5140 1313 5213 [Beda
1347 5144 1469 5197 add.
1520 5143 1748 5215 tantum]
1792 5146 1978 5213 posita:
2032 5155 2186 5200 erant

635 5227 859 5297 hydria,
886 5231 1008 5296 quia
1060 5230 1359 5286 Judzeorum
1392 5240 1591 5287 tantum
1632 5234 1824 5304 populo
1847 5233 1928 5287 lex
1950 5248 2045 5301 per
2072 5234 2184 5289 Mo-

634 5332 729 5371 sen
768 5317 889 5373 data
917 5327 1031 5381 est;
1058 5336 1179 5373 nam
1218 5323 1383 5391 gratia
1430 5330 1483 5375 et
1521 5324 1719 5377 veritas
1764 5322 2033 5392 Evangelii
2081 5338 2186 5377 non

638 5411 813 5462 minus
846 5410 1088 5477 gentibus
1116 5425 1273 5478 quam
1311 5411 1505 5468 Iudaeis
1545 5428 1639 5481 per
1695 5412 1875 5468 Jesum
1916 5412 2186 5469 Christum

640 5496 776 5545 facta
804 5503 903 5549 est.
936 5495 1224 5565 Cupientes,
1266 5501 1453 5569 inquit,
1483 5500 1701 5571 singula
1750 5512 1990 5556 metretas
2043 5502 2186 5557 binas

643 5580 713 5633 vel
741 5587 928 5639 ternas.
961 5584 1097 5653 Quia
1131 5585 1417 5658 Scriptura
1461 5600 1653 5646 sanctae
1703 5599 1946 5646 auctores
1993 5602 2047 5647 et
2091 5594 2183 5649 mi-

2268 3179 2478 3227 tuentes
2501 3169 2689 3241 [Beda,
2730 3166 2995 3239 metuunt]
3026 3182 3147 3222 cum
3192 3166 3371 3237 impiis
3410 3165 3683 3229 damnari,
3735 3178 3830 3219 cu-

2266 3267 2472 3335 pientes
2511 3262 2753 3317 benedici
2782 3278 2903 3317 cum
2935 3261 3055 3331 piis,
3080 3274 3289 3318 omnem
3319 3258 3563 3312 odiorum
3602 3264 3657 3310 et
3682 3255 3825 3310 invi-

2270 3354 2368 3408 dia:
2390 3351 2625 3406 fomitem
2652 3348 2927 3417 abjiciunt,
2972 3349 3082 3401 Deo
3118 3347 3334 3416 placere
3370 3360 3466 3415 per
3505 3341 3829 3398 sacrificium

2263 3441 2514 3509 iustitia);
2547 3439 2818 3501 modestia:
2852 3446 2906 3493 et
2948 3437 3284 3502 innocentia}.
3331 3437 3631 3505 virtuteque
3674 3432 3828 3505 [ιιι.

2272 3530 2607 3593 modestiam,
2662 3516 3053 3592 innocentiam,
3109 3523 3383 3596 virtutem]
3425 3521 3694 3592 patientia
3737 3535 3832 3575 ωε

2274 3630 2413 3687 rant,
2439 3636 2534 3675 vas
2578 3618 2817 3689 profecto
2859 3632 3010 3685 aqua:
3055 3617 3111 3668 in
3159 3614 3434 3683 Scriptura
3493 3612 3829 3671 invenerunt.

2273 3712 2413 3767 unde
2445 3711 2728 3765 salubriter
2766 3707 2934 3761 abluti
2974 3706 3251 3775 potatique
3296 3703 3579 3773 gaudeant.
3634 3698 3739 3755 Sed
3786 3699 3830 3753 si

2275 3798 2631 3854 intellexerint
2680 3796 2735 3850 in
2782 3794 2911 3849 Cain
2965 3794 3282 3848 homicidam
3351 3791 3653 3847 Iudaeorum
3712 3800 3832 3842 esse

2274 3890 2553 3959 perfidiam
2582 3906 2595 3953 ;
2627 3887 2950 3942 occisionem
2980 3885 3111 3940 Abel
3136 3885 3435 3955 passionem
3458 3894 3576 3935 esse
3614 3877 3828 3932 Domini

2278 3978 2594 4042 Salvatoris;
2622 3986 2844 4042 terram,
2866 3990 2984 4044 qua:
3008 3974 3213 4044 aperuit
3233 3987 3293 4026 os
3323 3984 3475 4025 suum
3511 3976 3565 4023 et
3600 3967 3834 4037 suscepit

2280 4068 2439 4140 [ejus]
2490 4069 2797 4138 sanguinem
2847 4068 2913 4121 de
2952 4081 3111 4120 manu
3160 4062 3313 4128 Cain,
3359 4061 3652 4115 Ecclesiam
3689 4074 3830 4120 esse,

2279 4174 2395 4229 qua:
2428 4156 2655 4212 elfusum
2706 4171 2735 4208 a
2758 4154 2959 4209 Judmis
2985 4152 3180 4215 Christi
3208 4151 3517 4220 sanguinem
3556 4150 3608 4202 in
3637 4156 3834 4217 myste-

2280 4250 2418 4303 rium
2444 4262 2553 4301 suaa
2574 4242 2954 4310 redemptionis
2986 4240 3217 4309 accepit;
3256 4238 3506 4292 nimirum
3560 4248 3749 4303 aquam
3777 4234 3831 4288 in

2280 4342 2460 4391 vinum
2510 4342 2769 4388 mutatam
2799 4332 3069 4401 reperiunt
3095 4330 3277 4401 [Beda,
3324 4324 3678 4398 repererunt],
3708 4325 3834 4394 quia

2282 4440 2446 4481 sacra:
2466 4424 2607 4477 dicta
2634 4422 2763 4489 legis
2784 4422 3045 4477 sacratius
3067 4418 3384 4486 intelligunt.
3409 4415 3652 4470 Secunda
3675 4424 3832 4470 astate

2280 4514 2457 4569 smculi
2497 4513 2801 4577 inchoante,
2833 4511 3037 4565 deletus
3082 4516 3165 4562 est
3190 4507 3343 4575 aquis
3370 4506 3549 4560 diluvii
3587 4506 3829 4570 mundus,

2282 4605 2350 4657 ob
2400 4611 2737 4672 peccatorum
2788 4597 3239 4667 magnitudinem;
3271 4596 3362 4650 sed
3400 4596 3542 4651 solus
3584 4594 3695 4652 Noe
3738 4608 3831 4663 per

2276 4694 2537 4761 justitiam
2567 4707 2688 4746 cum
2718 4691 2876 4745 domo
2897 4704 2987 4743 sua
3013 4688 3265 4741 liberatus
3296 4689 3349 4741 in
3379 4702 3499 4742 arca
3527 4685 3677 4756 (Gen.
3710 4682 3829 4752 vn).

2282 4780 2449 4849 Hujus
2476 4781 2642 4849 plaga:
2664 4778 2828 4850 m
2854 4779 3030 4833 audita
3060 4778 3368 4831 vastatione
3398 4773 3662 4837 horribili,
3702 4780 3831 4842 pauo

2282 4888 2567 4941 eorumque
2594 4872 2906 4926 liberatione
2947 4870 3193 4935 mirabili,
3224 4868 3464 4938 quisquis
3507 4864 3831 4920 emendatius

2284 4967 2457 5018 vivere
2484 4964 2727 5033 ca-perit,
2758 4962 2970 5016 liberari
3010 4963 3317 5017 desiderans
3345 4975 3465 5014 cum
3513 4957 3715 5026 electis,
3767 4960 3832 5013 ti—

2286 5070 2434 5108 mens
2468 5051 2813 5106 exterminari
2841 5068 2960 5106 cum
3003 5052 3260 5121 reprobis,
3310 5050 3552 5119 bydriam
3597 5047 3832 5119 proiceto

2285 5158 2455 5210 aquae,
2491 5155 2599 5209 qua
2629 5142 2911 5195 mundetur
2932 5141 3012 5194 vel
3040 5140 3328 5203 reﬁciatur,
3355 5142 3579 5209 accepit.
3608 5139 3680 5192 At
3706 5138 3829 5192 dum

2285 5231 2441 5285 altius
2472 5245 2657 5299 sapere
2695 5230 2880 5302 [Bedu,
2905 5230 3061 5285 altius
3081 5230 3365 5303 respicere]
3411 5228 3650 5299 cmperit,
3680 5236 3736 5284 et
3777 5229 3831 5284 in

2286 5335 2409 5374 arca
2439 5320 2751 5383 Ecclesiam,
2779 5319 2834 5374 in
2871 5318 2981 5373 Noe
3016 5318 3283 5375 Christum
3303 5359 3319 5383 ,
3355 5319 3409 5372 in
3446 5332 3581 5385 aqua
3602 5317 3840 5373 diluente

2287 5421 2593 5481 peccatores
2622 5426 2810 5479 aquam
2860 5411 3106 5479 baptismi
3156 5426 3273 5480 quae
3320 5417 3534 5479 peccata
3574 5410 3747 5471 diluit.
3776 5407 3829 5463 in

2286 5502 2590 5557 hominibus
2628 5509 2682 5554 et
2716 5499 2769 5552 in
2812 5500 3131 5556 animalibus
3172 5513 3291 5569 quae
3348 5514 3471 5553 arca
3507 5496 3828 5555 continebat,

2286 5590 2625 5646 multifariam
2655 5590 3040 5657 baptizatorum
3088 5587 3457 5654 differentiam,
3486 5588 3537 5644 in
3567 5583 3827 5645 columba.
