4230 6188
466 338 567 396 769
598 350 608 363 ‘

1250 334 1647 389 l-IXEGETICA.
1689 364 1754 373 —
1791 331 2138 387 COMMENT.
2182 334 2243 385 ΙΝ
2284 332 2468 387 JOAN.
2511 335 2728 407 -ήυῐὶ
2768 335 2805 387 1.

3540 338 3641 390 770

462 465 579 519 qua:
600 457 720 519 post
752 446 1001 501 diluvium
1034 459 1237 498 ramum
1273 444 1423 498 oliva:
1467 444 1641 497 intulit
1696 444 1748 495 in
1802 456 1997 506 arcam,
2027 446 2077 503 Α
2102 443 2202 495 hoc
2228 445 2463 509 quotidie
2498 446 2633 507 ﬁeri,
2660 446 2791 498 alios
2817 446 3064 499 nimirum
3093 462 3119 498 a
3142 447 3351 501 diabolo
3376 450 3439 502 de
3464 448 3643 502 Eccle-

462 540 761 593 unctionem
794 535 1020 603 Spiritus
1039 535 1227 596 sancti,
1256 550 1360 602 quo
1385 534 1633 603 baptizati
1674 532 1997 593 imbuuntur,

466 625 799 689 intellexerit,
828 624 1006 676 vinum
1048 621 1281 690 profecto
1324 623 1388 675 de
1436 636 1570 689 aqua
1623 620 1818 674 factum
1873 618 2003 671 libat

467 713 651 783 [Beda,
696 712 890 767 factum
932 709 1213 780 miratur];
1262 710 1382 778 quia
1428 710 1479 761 in
1534 710 1727 762 veteris
1779 708 2000 761 historia

467 799 588 855 facti
617 798 762 869 IUL,
790 799 1021 852 historia:
1044 795 1216 869 factis]
1246 813 1392 851 suam
1438 797 1778 857 ablutionem,
1807 796 2000 848 sancti-

467 885 784 949 ﬁcationem,
808 884 1233 953 justiﬁeationem
1259 885 1559 953 prophetari
1598 882 1999 950 contemplatur.

466 976 642 1029 Tertia
656 968 1013 1039 sarculiaetatc,
1030 977 1167 1030 Deus
1179 985 1383 1029 tentans
1394 973 1741 1028 obedientiam
1756 972 2001 1034 Abrahae,

468 1063 631 1117 ﬁlium
656 1065 887 1127 unicum,
921 1079 1075 1132 quem
1112 1065 1385 1131 diligebat,
1434 1065 1485 1115 in
1516 1061 1876 1123 holocaustum
1902 1060 2004 1113 sibi

466 1150 655 1207 offerre
682 1152 929 1219 pmcepit
956 1151 1105 1221 (Gen.
1130 1151 1282 1217 xxn).
1309 1150 1420 1203 Non
1445 1150 1616 1204 differt
1639 1149 1900 1202 Abraham
1928 1146 2004 1199 fa-

468 1252 587 1291 cere
610 1252 727 1305 qua:
744 1237 980 1306 jubetur,
1005 1238 1095 1290 sed
1116 1252 1213 1306 pro
1233 1237 1338 1289 filio
1364 1236 1667 1289 immolatur
1695 1235 1862 1297 aries;
1892 1233 2005 1299 ipse

468 1332 661 1385 tamen,
686 1337 782 1390 pro
811 1324 1118 1377 obedientim
1143 1324 1335 1375 virtute
1364 1323 1579 1383 eximia,
1631 1330 1895 1389 perpetua:
1921 1320 2005 1371 be-

466 1410 776 1464 nedietionis
800 1410 1103 1464 luereditate
1124 1411 1364 1463 donatur.
1396 1410 1530 1463 Ecce
1576 1408 1737 1462 habes
1765 1409 2003 1476 hydriam

466 1498 697 1552 tertiam.
748 1498 980 1552 Audiens
1028 1500 1165 1551 enim
1208 1508 1402 1566 quanta
1470 1498 1638 1550 virtus
1694 1496 2005 1549 obedientize

466 1585 706 1657 [quanta]
734 1588 974 1641 mercede
1000 1594 1362 1640 remuneretur
1379 1626 1392 1650 ,
1417 1594 1467 1639 et
1500 1587 1609 1654 ipse
1652 1585 2005 1639 obedientiam

465 1677 668 1730 discere
692 1684 851 1743 atque
886 1674 1084 1747 habere
1124 1675 1357 1744 satagis:
1407 1676 1546 1742 quod
1596 1675 1637 1727 si
1677 1675 1729 1726 in
1768 1674 2006 1726 immola-

2101 532 2177 583 sia
2208 535 2473 600 peccando
2506 544 2709 603 raptos,
2736 533 2865 589 alios
2886 537 3056 604 gratia
3090 536 3316 605 Spiritus
3342 538 3508 592 sancti
3549 552 3644 608 per

2100 617 2278 672 Iesum
2300 621 2653 690 resipiscendo
2673 637 2733 675 ac
2748 624 3050 689 ptenitendo
3073 625 3435 679 reconciliatos
3456 626 3643 697 [Beda,
3744 666 3747 669 .

2102 706 2247 761 aliis.
2272 745 2285 761 .
2305 746 2316 758 .
2334 710 2499 776 raptis
2522 748 2535 761 .
2558 749 2568 761 .
2591 749 2603 762 .
2623 710 3013 782 reconciliatis],
3052 713 3229 766 vinum
3258 715 3322 767 de
3368 730 3506 785 aqua
3538 716 3645 770 fac-

2104 801 2211 845 tum
2239 794 2415 855 habet,
2437 796 2555 862 quia
2578 796 2642 848 ad
2669 810 2724 849 se
2752 798 3018 864 pertinere
3043 813 3159 867 quze
3185 802 3378 867 scripta
3423 811 3547 856 sunt
3568 805 3649 856 in-

2103 881 2358 950 telligens,
2413 899 2599 953 magno
2642 899 2760 937 mox
2813 889 3231 953 compunctionis
3269 893 3418 959 quasi
3472 902 3663 946 mustei

2104 967 2448 1032 incalescens,
2486 973 2737 1040 quidquid
2757 974 2855 1025 sibi
2884 977 3081 1041 peccati
3117 980 3432 1044 captivantis
3473 982 3650 1034 inesse

2103 1059 2508 1126 deprehenderit
2531 1059 2655 1130 [Αι.,
2688 1061 3049 1134 intellexerit],
3080 1080 3173 1132 per
3201 1066 3395 1120 Christi
3420 1072 3647 1136 gratiam

2104 1146 2314 1200 liberari
2356 1148 2606 1216 deposcit.
2639 1148 2799 1203 Sexta
2837 1152 3115 1208 inchoante
3138 1155 3309 1209 saeculi
3348 1167 3523 1221 aetate,
3548 1159 3648 1211 Do-

2105 1235 2278 1288 minus
2303 1236 2351 1288 in
2375 1252 2535 1290 carne
2557 1253 2834 1305 apparens,
2861 1249 3044 1293 octava
3067 1242 3150 1296 die
3173 1245 3475 1304 nativitatis.
3495 1246 3649 1315 juxta

2104 1322 2269 1391 legem
2298 1326 2642 1379 circumcisus
2673 1336 2772 1380 est.
2801 1327 3087 1381 Triccsima
3111 1339 3165 1382 et
3186 1334 3336 1384 tertia
3374 1341 3491 1401 post
3537 1334 3651 1387 hac

2105 1411 2169 1460 ad
2194 1411 2441 1478 templum
2469 1411 2694 1475 delatus,
2728 1422 2783 1466 et
2819 1413 3003 1484 legalia
3044 1431 3140 1483 pro
3163 1432 3226 1470 eo
3257 1428 3378 1471 sunt
3430 1434 3649 1473 munera

2104 1497 2298 1551 oblata.
2343 1498 2465 1552 ιιωο
2489 1500 2754 1555 intuentes
2778 1503 2844 1556 ad
2898 1503 3147 1570 litteram,
3176 1517 3356 1574 aperte
3399 1510 3652 1565 discimus
3682 1528 3685 1529 ν

2106 1594 2303 1652 quanta
2351 1588 2502 1642 nobis
2553 1589 2819 1659 diligentia
2872 1602 2994 1646 sunt
3037 1596 3351 1664 evangelica:
3381 1598 3499 1651 ﬁdei
3529 1602 3653 1655 sub-

2106 1677 2277 1729 eunda
2316 1681 2588 1747 mysteria,
2621 1684 2829 1750 quando
2875 1686 2987 1754 ipse
3023 1688 3439 1743 benedictionem
3468 1692 3652 1770 gratim

466 1764 607 1816 tione
634 1763 724 1815 ﬁlii
764 1763 903 1816 unici
936 1763 1112 1816 dilecti
1154 1763 1447 1831 passionem
1495 1762 1608 1829 ejus
1654 1760 1902 1829 intelligis
1943 1761 2009 1815 de
2037 1771 2083 1830 Β
2109 1762 2356 1829 afferens,
2395 1769 2483 1835 qui
2513 1769 2681 1837 legem
2710 1770 2898 1825 littera:
2917 1773 3079 1837 dedit,
3103 1785 3341 1829 veterum
3367 1760 3538 1846 primo
3554 1760 3655 1832 etei

464 1866 570 1918 quo
596 1850 723 1904 dicit
749 1850 905 1903 Pater
928 1867 941 1901 :
972 1848 1070 1901 Hic
1092 1860 1163 1902 est
1185 1848 1233 1901 F
1236 1850 1353 1902 ilius
1380 1867 1518 1903 meus
1555 1849 1785 1912 dilectus,
1815 1852 1866 1901 in
1906 1866 2005 1918 quo

465 1936 593 1989 mihi
616 1936 897 2004 complacut'
920 1934 1129 2005 (Matth.
1164 1951 1292 1999 xvn,
1320 1936 1393 2004 5),
1436 1937 1487 2014 in
1510 1952 1612 2004 qua
1652 1939 1795 2004 quia,
1821 1936 2007 1990 divini-

464 2033 574 2078 tate
598 2023 903 2092 impassibili
926 2033 1281 2092 permanente,
1307 2026 1415 2079 sola
1454 2026 1753 2078 humanitas
1782 2036 2007 2078 mortem

465 2129 617 2184 passa
639 2121 722 2169 est
741 2116 796 2167 et
820 2114 1070 2179 dolorem,
1097 2116 1244 2181 quasi
1275 2114 1410 2168 filius
1447 2113 1683 2177 offertur,
1732 2114 1822 2168 sed
1868 2115 2008 2168 aries

466 2213 746 2261 mactatur.
771 2206 829 2261 Si
864 2205 1113 2275 intelligis
1146 2206 1562 2261 benedictionem
1595 2221 1710 2274 qua:
1746 2206 2004 2275 promissa

466 2304 549 2349 est
567 2297 819 2360 Abrahze,
854 2297 906 2349 in
933 2304 1003 2359 te,
1056 2295 1145 2362 qui
1186 2296 1250 2350 de
1298 2296 1539 2366 gentibus
1582 2296 1775 2359 credis,
1817 2311 2008 2350 munus

466 2399 583 2438 esse
607 2385 944 2452 completum,
982 2384 1229 2436 nimirum
1255 2384 1318 2437 de
1340 2399 1474 2453 aqua
1519 2385 1695 2437 vinum
1719 2383 1843 2438 fecit
1890 2385 2006 2449 tibi,

468 2477 591 2544 quia
615 2474 901 2545 spiritalem
954 2489 1187 2538 sensum,
1230 2473 1379 2539 cujus
1414 2487 1545 2526 nova
1586 2472 1869 2542 fragrantia
1916 2472 2009 2527 de-

468 2556 659 2622 briaris
687 2566 835 2641 μὴ,
886 2564 1352 2629 ebriaris;'Bedu,
1400 2563 1722 2634 inebriaris],
1779 2564 2001 2631 aperuit.

467 2655 677 2721 Quartae
716 2655 886 2709 aetatis
917 2654 1101 2717 initiis,
1145 2654 1309 2708 David
1351 2668 1447 2722 pro
1486 2652 1641 2707 Saule
1673 2668 1889 2720 regnum
1935 2652 2009 2706 ls-

467 2738 713 2804 roeliticze
740 2742 909 2810 gentis
930 2742 1166 2803 sortitur,
1194 2740 1407 2793 humilis
1448 2740 1697 2793 innocens
1745 2751 1798 2793 et
1840 2741 2006 2804 mitis,

468 2829 650 2883 exsul:
675 2842 834 2899 porro
862 2827 971 2891 ille,
996 2828 1144 2896 cujus
1173 2826 1363 2894 injusta
1389 2826 1475 2879 diu
1502 2826 1866 2893 persecutione
1891 2841 2007 2877 eru-

469 2919 724 2980 ciabatur,
746 2918 980 2986 abjectns
998 2925 1077 2969 est
1103 2914 1287 2985 [Beda,
1328 2914 1473 2967 exsul
1503 2929 1598 2982 pro
1643 2914 1728 2966 illo
1756 2914 1903 2980 cujus
1932 2916 2009 2967 in-

470 3005 606 3072 iusta
655 3005 743 3059 diu
792 3005 1153 3073 persecutione
1199 3001 1576 3072 cruciabatur].
1638 3002 1773 3055 Ecce
1820 3003 2004 3070 hydria

2110 1854 2464 1907 remoniarum
2489 1857 2594 1909 ritu
2622 1862 2945 1924 consecrari,
2974 1863 3062 1931 qui
3094 1862 3277 1934 [Beda,
3309 1864 3435 1936 quo]
3464 1878 3654 1922 cuncta
3732 1882 3741 1887 ‘

2108 1940 2355 1995 divinitus
2374 1956 2669 2010 consecrat,
2698 1955 2751 2000 et
2800 1951 2875 2003 sic
2900 1965 3034 2003 nova
3087 1954 3270 2021 gratia:
3320 1966 3653 2015 sacramenta

2106 2029 2373 2097 suscipere
2396 2032 2619 2087 simulet
2638 2036 2847 2090 tradere
2866 2039 3089 2093 curavit.
3112 2040 3246 2094 Ecce
3272 2042 3455 2111 hydria
3483 2052 3655 2111 sexta,

2107 2116 2172 2168 ad
2201 2117 2458 2172 abluenda
2482 2124 2683 2188 peccati
2707 2123 2867 2194 585
2888 2129 3149 2198 contagia,
3179 2131 3243 2183 ad
3280 2133 3508 2198 potanda
3530 2135 3651 2188 vita:

2106 2205 2314 2270 gaudia,
2344 2209 2675 2263 mundiorem
2700 2213 2908 2267 ert-teris
2953 2213 3179 2269 efferens
3200 2218 3414 2271 undam.
3455 2221 3652 2275 Verum

2107 2293 2149 2344 si
2179 2294 2229 2345 iu
2255 2303 2439 2349 octava
2479 2296 2662 2367 [Beda,
2700 2300 2898 2371 octavi]
2944 2303 3043 2355 diei
3086 2305 3483 2362 circumcisione
3526 2309 3653 2380 bap-

2109 2382 2284 2446 tisma,
2306 2386 2443 2452 quod
2479 2386 2529 2439 in
2560 2388 2868 2456 mysterium
2918 2388 3203 2445 Dominiczn
3248 2398 3653 2451 resurrectionis

2106 2484 2135 2522 a
2168 2480 2501 2537 peccatorum
2527 2490 2622 2535 nos
2656 2485 2821 2529 morte
2845 2478 3085 2543 redemit,
3133 2480 3415 2551 intelligis;
3466 2484 3518 2537 in
3570 2485 3651 2539 in—

2106 2557 2351 2613 ductione
2378 2561 2427 2613 in
2456 2562 2703 2630 templum
2734 2571 2786 2616 et
2811 2565 3093 2628 oblatione,
3119 2570 3436 2625 oblationem
3468 2572 3652 2627 bostim

2106 2644 2433 2711 puriﬁcantis
2450 2647 2726 2715 figuratum
2740 2655 3034 2719 cognoscis,
3054 2654 3233 2710 ﬁdeles
3247 2674 3482 2729 quosque
3499 2660 3649 2731 μη..

2108 2732 2158 2784 in
2184 2734 2557 2790 inductioncin
2601 2739 2847 2809 templum
2874 2752 2927 2795 et
2972 2742 3467 2805 oblatione'hostia
3510 2754 3653 2820 puri-

2108 2819 2313 2875 ficantis
2368 2822 2649 2892 ﬁguratum
2696 2832 2989 2897 cognoscis,
3045 2832 3223 2887 ﬁdeles
3276 2819 3535 2908 quosque]
3589 2840 3658 2893 de

2106 2908 2416 2977 baptisterio
2444 2913 2509 2966 ad
2553 2914 2719 2970 altare
2771 2928 3010 2974 sanctum
3058 2922 3375 2991 ingredi,ac
3395 2928 3654 2983 Dominici

2108 3002 2345 3068 corporis
2370 3010 2424 3056 et
2448 3006 2719 3074 sanguinis
2747 3009 2959 3063 victima
3005 3013 3255 3080 singulari
3288 3016 3478 3071 debere
3527 3034 3654 3072 con-

470 3108 658 3165 quarta
687 3095 829 3151 fonte
858 3094 1069 3148 salutari
1101 3092 1316 3161 repleta.
1369 3091 1614 3160 Quisquis
1632 3095 1743 3145 hcce
1788 3094 2007 3147 audiens
2031 3080 2079 3142 C
2109 3090 2327 3152 secrari,
2362 3091 2484 3144 vino
2512 3093 2723 3160 quidem
2750 3096 2813 3148 de
2868 3113 3003 3166 aqua
3048 3099 3186 3154 facto
3208 3111 3259 3155 et
3280 3105 3490 3171 quidem
3545 3125 3657 3162 mc—

470 3187 750 3242 humilitati
774 3194 930 3253 atque
973 3183 1281 3237 innocentia:
1334 3182 1561 3244 studere,
1604 3190 1657 3234 et
1706 3183 2005 3251 superbiam

469 3277 688 3345 cmperit
710 3282 867 3343 atque
889 3273 1133 3326 invidiam
1158 3287 1251 3325 suo
1275 3272 1339 3325 de
1362 3272 1519 3325 corde
1548 3272 1797 3339 repellere
1814 3312 1828 3335 ,
1856 3273 2006 3341 quasi

470 3368 712 3421 haustum
736 3377 883 3431 aqua:
906 3361 1297 3427 limpidissima),
1330 3375 1432 3427 quo
1459 3359 1741 3423 reﬁciatnr,
1784 3360 2002 3414 invenit.

469 3454 537 3508 At
558 3456 601 3507 si
624 3455 676 3507 in
698 3452 854 3507 Saule
876 3449 1085 3503 Iudaeos
1107 3456 1499 3516 persequentes,
1542 3448 1592 3500 in
1634 3448 1829 3515 Davide
1858 3447 1931 3503 Ch
1942 3450 2009 3501 ri-

472 3552 612 3596 stum
633 3550 687 3595 et
704 3540 988 3594 Ecclesiam
1012 3537 1306 3605 signiﬁcare
1346 3538 1667 3605 cognoverit,
1698 3536 2008 3604 illorumque

471 3631 689 3702 perﬁdia
736 3627 919 3700 [Beda,
947 3628 1014 3681 ob
1042 3624 1353 3696 perﬁdiam],
1382 3635 1436 3679 et
1478 3626 1688 3679 carnale
1729 3626 1883 3680 simul
1914 3628 2007 3678 im-

472 3720 675 3790 perium
701 3728 753 3771 et
777 3716 1011 3786 spiritale
1037 3715 1381 3777 destructum,
1410 3713 1601 3769 Christi
1624 3725 1799 3768 autem
1837 3722 1889 3769 et
1911 3716 2009 3768 Ee-

472 3808 645 3862 clesia:
669 3796 886 3876 regnum
907 3818 1113 3873 semper
1134 3818 1250 3858 esse
1278 3819 1599 3866 mansurum,
1630 3805 1872 3871 poculum
1905 3806 2008 3856 uti-

472 3911 573 3963 que
598 3894 706 3947 vini
734 3891 882 3962 [Hs.,
903 3907 1006 3944 non
1032 3880 1201 3945 solum
1226 3892 1405 3958 utique
1426 3890 1625 3961 vinum]
1650 3891 1713 3944 dc
1734 3908 1867 3960 aqua
1902 3892 2009 3946 fac-

476 3994 583 4035 tum
609 3982 819 4044 sentiet,
843 3980 964 4048 quia
988 3994 1043 4032 se
1068 3994 1319 4045 suamque
1360 3980 1522 4033 vitam
1551 3988 1605 4033 et
1638 3997 1873 4050 regnum,
1917 3984 2009 4035 sed

471 4082 527 4130 et
547 4074 715 4141 ipsum
742 4085 914 4139 regem
938 4070 1006 4123 ibi
1032 4070 1281 4138 scriptum
1306 4070 1479 4139 legere
1522 4072 1685 4133 novit,
1736 4072 1825 4125 ubi
1861 4074 2010 4139 prius

472 4162 624 4231 quasi
641 4161 704 4214 de
724 4158 841 4214 aliis
859 4167 1088 4213 veterem
1109 4158 1309 4226 legebat
1329 4158 1620 4213 historiam.
1644 4158 1834 4224 Quinta
1854 4167 2009 4213 aetate

472 4252 667 4313 seculi,
689 4249 913 4319 populus
941 4264 1182 4316 peccans.
1237 4249 1532 4317 captivante
1573 4246 1737 4319 [Beda
1755 4289 1767 4311 ,
1791 4251 2009 4318 captivi-

475 4339 601 4409 tate]
628 4338 1133 4401 Nabuchodonosor,
1158 4335 1493 4404 Babyloniam
1517 4338 1874 4407 transmigrat.
1903 4338 2004 4391 Sed

2110 3178 2385 3233 racissimo
2427 3181 2655 3237 donatus
2673 3198 2749 3237 es.
2779 3184 2945 3239 Porro
2976 3188 3019 3241 si
3052 3190 3469 3247 circumeisionis
3514 3196 3653 3251 diem

2109 3268 2173 3320 ad
2194 3270 2490 3337 generalem
2510 3273 2721 3326 humani
2738 3278 2945 3343 generis
2967 3264 3426 3347 resurrectionem,
3446 3286 3655 3352 quando

2109 3358 2347 3412 mortalis
2378 3373 2609 3430 propago
2654 3365 2903 3429 cessabit,
2935 3368 3228 3421 mortalitas
3272 3386 3398 3425 vero
3440 3382 3547 3427 tota
3603 3379 3653 3428 in

2110 3448 2559 3503 immortalitatem
2588 3454 2901 3517 mutabitur,
2926 3454 3327 3523 interpretaris;
3353 3468 3407 3512 et
3432 3464 3658 3515 circum-

2108 3534 2245 3586 cisos
2271 3535 2445 3589 induci
2497 3538 2549 3589 iu
2607 3540 2855 3607 templum
2908 3557 3027 3596 cum
3077 3544 3261 3599 bestiis
3310 3548 3655 3616 intellexeris,

2108 3622 2317 3686 quando
2342 3633 2459 3691 post
2482 3630 2944 3694 resurrectionem,
2969 3632 3252 3687 universali
3275 3637 3482 3704 expleto
3514 3624 3656 3708 judi-

2108 3708 2209 3768 cio.
2233 3713 2399 3763 sancti
2418 3711 2529 3778 jam
2557 3715 2978 3783 incorruptibiles
3010 3720 3156 3783 facti,
3199 3723 3265 3776 ad
3298 3728 3657 3797 contemplan-

2107 3797 2227 3849 dam
2256 3810 2509 3867 perpetuo
2533 3805 2761 3870 speciem
2792 3807 2979 3861 divinae
3004 3811 3298 3878 majestatis
3347 3829 3466 3868 cum
3494 3818 3659 3873 bono—

2110 3902 2226 3938 rum
2266 3903 2482 3956 operum
2531 3895 2841 3949 muneribus
2886 3898 3198 3965 intrabunt;
3258 3911 3383 3957 tunc
3422 3906 3662 3973 profecto

2108 3976 2285 4029 vinum
2336 3978 2401 4030 de
2437 3996 2572 4050 aqua
2608 3981 2721 4036 ﬁeri
2760 3986 2985 4051 videbis,
3020 3986 3171 4055 cujus
3212 3992 3473 4047 conditori
3517 4006 3663 4048 recte

2107 4069 2438 4133 protesteris.
2468 4078 2523 4123 et
2568 4072 2749 4126 dicas:
2799 4074 2868 4126 Et
2917 4077 3157 4143 poculum
3201 4089 3347 4133 tuum
3402 4083 3663 4138 inebrian

2104 4168 2257 4220 quam
2285 4154 2592 4222 praclarum
2616 4170 2687 4213 est
2715 4160 2883 4229 (Psal.
2915 4179 3048 4231 un,
3089 4165 3140 4235 5)
3168 4169 3179 4220 ε
3225 4168 3364 4240 Ergo
3406 4170 3663 4229 Dominus

2105 4242 2283 4297 vinum
2312 4244 2363 4296 in
2389 4260 2521 4313 aqua
2552 4246 2676 4317 [Al.,
2716 4250 2768 4301 in
2796 4252 2987 4319 gaudio
3014 4268 3027 4316 ;
3063 4252 3161 4307 Ha.
3187 4267 3232 4307 et
3263 4257 3426 4323 Beda,
3455 4260 3509 4313 in
3529 4277 3661 4330 gau-
3702 4266 3706 4270 ’

2104 4329 2213 4399 dia]
2246 4335 2569 4419 nuptiarum,
2594 4350 2696 4387 non
2722 4336 2786 4389 de
2813 4337 2978 4391 nihilo
3004 4338 3177 4394 facere
3205 4344 3396 4409 voluit,
3422 4350 3512 4400 sed
3537 4329 3661 4419 ihy-

473 4400 601 4495 ροθί
616 4424 939 4493 septuaginta
972 4400 1137 4475 annos
1165 4400 1425 4489 paenitens
1450 4432 1502 4478 et
1521 4400 1792 4480 correctus
1826 4428 1891 4478 ad
1912 4442 2005 4495 pa-
2038 4400 2085 4456 Ῑ)
2109 4416 2253 4469 drias
2288 4431 2379 4469 sex
2410 4418 2617 4486 impleri
2653 4434 2789 4487 aqua
2820 4424 3151 4492 prmcipiens,
3178 4428 3317 4485 hanc
3347 4400 3663 4491 mirabiliter

477 4517 628 4567 triam
653 4528 745 4581 per
762 4511 938 4565 Iesum
961 4510 1285 4565 sacerdotem
1314 4526 1560 4579 magnum
1586 4514 1870 4577 reducitur,
1918 4516 2006 4569 ubi

474 4603 688 4654 domum
718 4601 829 4663 Dei,
852 4615 966 4667 quae
995 4601 1204 4653 incensa
1232 4606 1335 4662 est,
1357 4606 1410 4652 et
1435 4600 1704 4653 civitatem
1745 4610 2002 4664 sanctam,

476 4706 591 4758 qua:
615 4692 875 4747 destructa
900 4704 1001 4755 est,
1026 4693 1325 4748 rezediﬁcat.
1371 4691 1493 4747 Παῖς
1536 4692 1714 4760 legens
1753 4694 1862 4748 sive
1913 4712 2007 4748 au-

477 4783 626 4835 diens
646 4782 864 4850 quisque
904 4785 1153 4850 peccandi
1202 4793 1398 4837 metum
1435 4785 1669 4853 corripit,
1728 4785 1793 4837 ad
1836 4786 2005 4853 ι)ωηί-

479 4871 619 4923 tendi
646 4871 928 4923 remedium
968 4870 1216 4939 confugit,
1263 4887 1398 4940 aqua
1442 4874 1641 4943 hydrim
1676 4872 2007 4940 purificantis

478 4958 687 5011 ablutus
707 4965 807 5013 est.
830 4958 883 5011 Si
920 4973 1045 5011 vero
1078 4958 1367 5027 intelligere
1404 4959 1645 5013 didicerit
1683 4961 2006 5015 Hierusalem

477 5056 533 5101 et
560 5046 811 5115 templum
839 5048 929 5101 Dei
962 5047 1246 5101 Ecclesiam
1270 5046 1482 5109 Christi,
1522 5048 1840 5117 Babylonem
1883 5068 2010 5106 con-

478 5136 735 5189 fusionem
780 5144 1143 5203 peccatorum,
1192 5136 1669 5191 Nabuchodonosor
1718 5138 2003 5202 diabolum,

478 5222 654 5277 Iesum
710 5221 1032 5274 sacerdotem
1082 5238 1363 5293 magnum,
1410 5240 1592 5278 verum
1647 5233 2008 5294 aeternumque

478 5309 772 5379 pontiﬁcem
799 5322 915 5381 esse
944 5306 1121 5362 Jesum
1163 5309 1452 5376 Christum,
1473 5313 1799 5380 septuaginta
1840 5327 2010 5367 annos

480 5392 733 5450 bonorum
778 5395 1150 5464 plenitudinem
1191 5408 1437 5464 Operam,
1479 5415 1593 5469 quze
1632 5413 1729 5466 per
1778 5397 2009 5466 Spiritus

479 5489 645 5541 sancti
672 5486 806 5540 dona
832 5488 1148 5557 largiuntur,
1180 5486 1421 5540 videlicet
1444 5496 1658 5556 propter
1703 5486 2007 5557 decalogum

481 5584 529 5625 et
551 5574 904 5640 scptiformem
934 5568 1169 5643 ejusdem
1208 5574 1422 5639 spiritus
1450 5579 1693 5643 gratiam,
1720 5576 2010 5643 videritquo

2094 4507 2367 4559 convertit
2393 4506 2442 4559 in
2469 4504 2667 4569 vinum,
2707 4509 2829 4576 quia
2854 4525 2946 4564 sex
2995 4516 3177 4569 mundi
3225 4527 3409 4574 aetates
3455 4526 3662 4591 sapien-

2107 4594 2193 4646 tire
2242 4594 2487 4649 salutaris
2539 4595 2783 4664 largitate
2832 4598 3066 4663 donavit,
3127 4619 3287 4672 quam
3332 4616 3504 4661 tamen
3549 4611 3661 4680 ipse
3708 4630 3711 4637 ’

2104 4686 2340 4747 veniens,
2370 4687 2692 4741 sublimioris
2722 4704 2910 4743 sensus
2927 4690 3122 4744 virtute
3165 4692 3483 4751 fecundavit.
3509 4698 3671 4757 Nam-

2104 4787 2206 4841 que
2246 4773 2429 4842 [Beda,
2484 4774 2615 4827 Nam
2636 4774 2764 4846 quo]
2812 4776 3053 4829 carnalu
3115 4784 3402 4839 carnaliter
3456 4796 3661 4845 tantum

2106 4861 2397 4927 sepiebant,
2430 4861 2542 4929 ipse
2567 4861 2891 4929 spiritalibus
2924 4864 3239 4931 spiritaliter
3261 4873 3532 4931 sentienda
3579 4894 3663 4933 re-

2106 4952 2320 5005 seravit.
2349 4950 2519 5004 Vultis
2546 4951 2682 5004 scire
2705 4953 2933 5020 qualiter
2963 4955 3028 5008 de
3053 4970 3193 5025 aqua
3222 4958 3402 5015 vinum
3441 4964 3665 5020 fecerit?

2104 5042 2359 5110 Apparuit
2382 5050 2501 5109 post
2540 5045 2982 5100 resurrectionem
3008 5062 3161 5102 suam
3191 5052 3392 5107 duobus
3431 5055 3663 5125 discipu-

2105 5132 2169 5185 lis
2194 5130 2584 5186 ambulantibus
2607 5133 2658 5185 in
2685 5133 3013 5202 via,ibatque
3038 5150 3164 5189 curm
3190 5138 3313 5199 illis.
3333 5149 3385 5193 et
3403 5142 3664 5213 incipiens

2107 5237 2136 5274 a
2168 5222 2344 5289 Moyse
2366 5230 2419 5275 et
2438 5224 2684 5277 omnibus
2710 5225 3003 5291 prophetis,
3047 5225 3503 5296 interpretabatur
3559 5236 3663 5289 illis

2108 5314 2159 5366 in
2186 5314 2429 5367 omnibus
2452 5314 2759 5382 Scripturis,
2780 5329 2897 5382 mia:
2920 5315 2985 5368 de
3011 5316 3129 5383 ipso
3150 5327 3301 5373 erant
3324 5320 3471 5391 (Lac.
3492 5325 3675 5385 πω..

2111 5400 2280 5453 Vultis
2310 5402 2496 5456 iterum
2521 5402 2701 5455 audire
2724 5404 2985 5469 quomodo
3012 5408 3199 5461 eodem
3247 5410 3354 5462 sint
3384 5412 3506 5463 vino
3550 5412 3659 5464 ine—

2110 5492 2267 5544 briati
2292 5492 2314 5543 ?
2340 5491 2677 5568 Postmodum
2706 5506 3107 5562 cognoscentes,
3136 5501 3257 5567 quis
3285 5508 3424 5552 esset
3463 5504 3552 5568 qui
3581 5504 3661 5556 eis

2114 5583 2329 5633 verbum
2350 5582 2468 5633 vita?
2481 5565 2814 5647 propinabat,
2840 5584 3083 5639 dicebant
3103 5565 3170 5637 ad
3193 5587 3439 5638 invicem:
3478 5565 3659 5643 Nomia
