4286 6198
597 373 696 439 ττι

1425 379 1484 436 u.
1522 380 1584 436 ιε’.
1624 375 1842 436 mum
1880 380 2007 435 seu
2046 373 2314 436 ALCL'Dil
2345 381 2622 439 openuu
2645 368 2829 440 rans
2859 373 2923 438 η.

601 514 691 552 eor
717 488 944 551 nostrum
969 496 1151 548 ardens
1178 506 1288 548 erat
1307 495 1361 548 in
1398 495 1563 556 nobis.
1601 510 1717 548 curn
1755 494 2042 564 loqueretur
2087 494 2140 546 in
2169 494 2210 546 Α
2241 491 2452 557 delicat,
2502 493 2884 547 continentium
2904 532 2920 556 ,
2964 499 3019 545 et
3064 467 3357 548 doctorum.
3399 477 3613 548 Primus
3655 496 3791 550 ordo

601 588 700 647 ria,
718 594 766 640 et
783 585 998 655 aperiret
1024 584 1165 637 nobis
1195 566 1481 652 scripturas
1503 582 1528 635 .’

2246 583 2688 636 discumbentium
2727 584 2794 638 ad
2831 582 3041 651 nuptias
3081 583 3257 651 sponsi
3297 583 3547 647 uelestis,
3589 584 3643 638 id
3684 596 3784 647 est.

666 671 828 729 Vens.
877 673 930 725 7.
959 701 1028 712 —-
1064 669 1201 723 Dicit
1245 686 1363 739 ergo
1411 671 1660 724 ministris
1702 671 1854 725 Iesus
1885 687 1904 724 :
1934 670 2148 741 [inplete
2245 673 2297 725 in
2343 671 2576 726 Ecclesia
2621 673 2722 726 fide
2760 680 2814 728 et
2858 673 3168 742 operatione
3206 673 3564 742 gaudentium,
3593 678 3790 744 gradus

598 761 810 831 hydria
837 778 992 834 qua.
1025 761 1092 814 Et
1115 759 1446 832 impleuerunt
1476 777 1563 814 eas
1589 778 1748 831 usque
1773 761 1841 814 ad
1864 778 2141 816 sumntum.

597 850 735 916 Quid
774 866 872 921 per
907 851 1178 905 ministros
1223 851 1313 919 qui
1359 849 1476 905 haec
1518 851 1697 905 facere
1726 849 1997 917 iubentur,
2040 853 2142 905 nisi

595 930 798 996 Christi
824 940 1097 1010 signantur
1123 940 1387 1008 discipuli,
1415 941 1506 1006 qui
1546 939 1894 1009 impleverunt
1926 939 2142 1009 hydrias

597 1030 772 1099 aqua!l
791 1029 904 1084 Non
935 1029 1146 1099 quidem
1174 1029 1273 1097 ipsi
1301 1029 1598 1098 praeteritas
1632 1028 1811 1082 mundi
1849 1035 2034 1082 :etates
2062 1027 2140 1084 le-

597 1119 800 1185 galibus
822 1133 886 1172 ac
905 1117 1228 1186 propheticis
1252 1116 1464 1184 scriptis
1497 1115 1794 1183 implendo,
1822 1115 1914 1170 sed
1941 1114 2139 1169 intelli-

597 1207 769 1276 gendo
815 1205 915 1275 ipsi
962 1205 1250 1274 prudenter
1269 1211 1323 1257 et
1365 1204 1650 1272 aperiendo
1699 1203 1923 1258 ﬁdeliter
1964 1218 1980 1257 :
2015 1205 2136 1271 quia

597 1295 891 1365 Seriptnra,
917 1311 1034 1364 quas
1069 1310 1099 1349 a
1137 1295 1407 1366 prophetis
1441 1295 1738 1349 ministrata
1765 1300 1867 1359 est,
1896 1301 1950 1348 et
1993 1294 2136 1348 salu-

594 1372 708 1445 bris
731 1391 873 1438 esset
899 1385 965 1440 ad
990 1384 1238 1438 haustum
1277 1382 1547 1451 Sapientiae
1581 1371 1813 1437 cteleStis
1837 1390 1892 1436 et
1917 1383 1981 1436 ad
2007 1396 2136 1452 ope-

595 1487 712 1526 rum
737 1470 1132 1543 castigationem
1159 1472 1319 1526 utilis.
1348 1471 1698 1541 lmplevemnt
1730 1479 1908 1526 autem
1933 1487 2026 1526 eas
2049 1487 2137 1526 us-

573 1561 700 1631 que
738 1563 804 1616 ad
845 1542 1136 1627 summum;
1175 1563 1296 1632 quia
1338 1571 1485 1618 recte
1524 1562 1901 1616 intellexerunt
1934 1559 2134 1615 nullum

597 1649 759 1705 fuisse
785 1658 991 1722 tempus
1027 1651 1204 1706 steculi
1247 1667 1277 1704 a
1323 1650 1522 1705 sanctis
1551 1651 1780 1704 alienum
1809 1649 2133 1714 doctoribus,

595 1741 696 1808 qui
721 1741 834 1796 sive
859 1741 1054 1803 verbis,
1095 1742 1208 1796 sive
1243 1741 1517 1810 exemplis,
1551 1741 1662 1794 sive
1701 1741 1861 1793 etiam
1900 1739 2132 1808 scriptis.

483 1875 494 1886 ,
595 1827 734 1882 viam
763 1828 884 1885 vitae
915 1827 1224 1882 mortalibus
1249 1827 1554 1896 pandereut.

664 1917 824 1972 Vens.
853 1919 905 1972 8.
930 1922 999 1962 ὲ-
1029 1917 1097 1970 Et
1134 1918 1257 1970 dicit
1301 1919 1376 1972 eis
1419 1917 1571 1971 Iesus
1597 1935 1615 1971 :
1640 1916 1860 1971 Haurite
1903 1933 2056 1979 nunc,
2090 1926 2138 1970 et

595 2004 725 2074 ferte
757 2004 1127 2058 architriclino.
1151 2003 1217 2057 Et
1240 2004 1485 2058 tulerunt.
1512 2004 1915 2060 Architriclinus
1949 2005 2138 2073 aliquis

591 2095 926 2165 legisperitus
959 2093 1099 2148 illius
1143 2094 1394 2162 temporis
1426 2102 1528 2158 est,
1564 2092 1785 2148 fortasse
1823 2093 2139 2148 Nicodemus

591 2185 675 2240 vel
713 2182 986 2247 G‘amaliel,
1017 2184 1097 2238 vel
1126 2183 1412 2256 discipulus
1445 2191 1569 2236 tunc
1601 2186 1718 2252 ejus
1746 2181 1958 2244 Saulus,
2001 2197 2138 2234 nunc

594 2279 771 2325 autem
797 2270 1050 2340 magister
1077 2270 1238 2324 totius
1264 2269 1511 2323 Ecclesize
1536 2269 1730 2322 Paulus
1758 2268 2042 2338 apostolus.
2071 2268 2137 2321 Et

590 2363 714 2416 dum
745 2361 939 2416 talibus
963 2362 1186 2416 verbum
1218 2360 1476 2430 evangelii
1514 2361 1768 2425 creditur,
1799 2361 1940 2430 quod
1969 2362 2021 2414 in
2048 2360 2138 2414 lit-

589 2457 702 2504 tera
725 2450 874 2519 legis,
900 2458 954 2503 et
993 2449 1263 2518 propheta:
1303 2447 1456 2518 μη,
1497 2447 1816 2516 prophetiae;
1864 2446 1959 2508 aL,
2005 2462 2136 2514 pro»

587 2534 790 2606 pbetia]
817 2535 1013 2591 latebat
1035 2534 1316 2598 occultum,
1345 2535 1529 2587 vinum
1552 2534 1736 2602 utique
1778 2532 2136 2588 architriclino

591 2628 658 2679 de
699 2640 836 2694 aqua
882 2625 1078 2680 factum
1125 2625 1435 2695 propinatur
1455 2636 1504 2677 ι.
1535 2642 1554 2674 ι
1593 2622 1658 2677 Et
1693 2624 1828 2677 bene
1879 2623 1933 2677 in
1979 2622 2136 2677 domo

588 2713 779 2768 barum
823 2714 1146 2782 nuptiarum,
1193 2725 1310 2778 quae
1351 2709 1548 2766 Christi
1587 2717 1643 2763 et
1667 2709 1918 2763 Ecclesiae
1957 2723 2136 2762 sacra-

591 2809 772 2855 menta
810 2799 1114 2869 ﬁgurarent,
1166 2799 1472 2863 triclinium,
1527 2798 1580 2852 id
1623 2806 1725 2860 est,
1771 2806 1881 2850 tres
1923 2797 2157 2851 ordines-

589 2887 1057 2948 discumbentium,
1103 2887 1376 2941 altitudine
1411 2886 1667 2941 distantes
1693 2883 1825 2957 [Αι.,
1853 2883 2135 2958 distento:]

594 2979 1190 3041 inesse-describuntur;
1216 2978 1337 3046 quia
1363 2976 1614 3056 nimirum
1641 2983 1752 3028 tres
1775 2981 1900 3029 sunt
1924 2975 2136 3028 ordines

589 3065 1067 3135 fidelium,"quibus
1091 3065 1324 3120 Ecclesia
1353 3071 1561 3119 constat
1586 3077 1602 3116 :
1630 3062 2031 3147 coniugatorum
2057 3060 2136 3112 \i-

657 3211 684 3238 ι
722 3179 1003 3267 [lucusque
1027 3199 1186 3252 Beda.

661 3267 690 3304 ι»
726 3265 866 3320 Beda
896 3265 1104 3320 iterum.

2243 768 2327 814 est
2361 747 3032 832 conjugatommtidelium.
3066 760 3340 816 Secundus
3379 763 3785 818 continentium.

2245 848 2532 918 Supremos
2590 850 3012 919 praedicatorum.
3063 867 3082 899 ‹
3131 850 3159 889 ι’
3208 849 3356 905 Unde
3413 850 3788 906 convenienter

2239 929 2567 1007 perhibetur,-
2607 941 2747 1006 qnod
2790 939 3180 992 arcbitriclinus
3202 947 3387 992 vocato
3416 954 3610 1007 sponso
3635 939 3787 993 dixe-

2241 1028 2312 1082 rit
2340 1049 2355 1080 ε
2379 1026 2561 1098 (Vens.
2591 1027 2677 1096 lli)
2728 1025 2904 1080 Omnis
2944 1028 3094 1081 homo
3125 1029 3344 1097 primum
3388 1027 3572 1082 bonum
3610 1029 3785 1082 uiuunt

2235 1118 2396 1188 ponit.
2421 1127 2468 1171 et
2494 1134 2610 1171 cunt
2647 1117 2885 1171 inebriati
2904 1119 3119 1186 fuerint,
3145 1127 3265 1171 tunc
3297 1118 3372 1181 id,
3392 1118 3533 1187 quod
3557 1118 3784 1172 deterius

2236 1215 2331 1260 est.
2377 1205 2455 1260 Tu
2491 1215 2662 1259 autem
2698 1207 2912 1260 servasti
2951 1206 3136 1276 bonum
3177 1205 3348 1259 rinum
3389 1222 3548 1275 usque
3589 1206 3778 1261 adhue.

2236 1294 2369 1361 Quia
2414 1284 2686 1349 doctorum
2725 1303 2806 1349 est
2847 1311 3162 1365 cognoscere
3199 1295 3499 1349 distantiam
3527 1294 3683 1366 Legis
3725 1308 3781 1352 et

2235 1383 2522 1453 Evangelii,
2547 1385 2785 1438 veritatis
2825 1391 2880 1438 et
2912 1385 3132 1448 umbrae,
3157 1385 3469 1451 cunctisque
3509 1383 3779 1440 veteribus

2235 1473 2508 1536 institutis,
2555 1473 2760 1527 cunctis
2806 1474 2951 1542 regni
3000 1471 3195 1527 terreni
3241 1470 3538 1540 promissis,
3584 1487 3774 1533 novant

2235 1561 2548 1631 evangelica:
2573 1559 2691 1615 fidei
2717 1545 2959 1628 gratiam,
2986 1568 3041 1613 et
3054 1545 3307 1628 perpetua
3339 1556 3572 1614 celestis
3591 1562 3788 1630 patria:

2235 1648 2368 1703 dona
2394 1646 2646 1717 pmferm
2671 1646 2855 1719 [Beda,
2881 1647 3160 1718 proferre].

2303 1739 2464 1794 Vens.
2500 1739 2680 1792 ll.'—
2707 1738 2818 1793 Hoc
2857 1739 2972 1807 fecit
2999 1739 3203 1793 initium
3241 1739 3504 1808 signorum
3531 1738 3684 1793 Iesus
3720 1740 3776 1794 in

2167 1797 2213 1854 Β
2237 1825 2380 1880 Cana
2409 1825 2661 1892 Galilmr,
2701 1837 2748 1881 et
2775 1797 3114 1896 manifestam:
3151 1797 3367 1897 gloriam
3409 1844 3576 1882 suam.
3607 1829 3774 1883 Mani-

2237 1913 2447 1970 festavit
2469 1916 2571 1969 hoc
2589 1915 2754 1984 signo,
2781 1916 2900 1982 quia
2929 1916 3039 1983 ipse
3063 1923 3204 1969 esset
3226 1929 3319 1968 rex
3340 1915 3544 1984 gloriae,
3574 1925 3630 1970 et
3657 1917 3781 1970 ideo

2235 2020 2459 2074 sponsus
2481 2003 2746 2067 Ecclesiae,
2773 2005 2863 2073 qui
2889 2013 2946 2058 ut
2969 2006 3128 2059 homo
3163 2006 3458 2060 communis
3484 2007 3688 2059 veniret
3711 2007 3778 2061 ad

2233 2093 2462 2162 nuptias,
2488 2093 2581 2146 sed
2622 2093 2770 2159 quasi
2800 2091 2950 2163 μὴ,
2973 2092 3118 2164 quia]
3147 2093 3266 2148 coeli
3309 2101 3364 2147 et
3398 2103 3556 2148 terra:
3599 2093 3780 2150 Domi.

2233 2198 2352 2245 nas,
2381 2182 2654 2243 elementa,
2682 2191 2840 2251 prout
2865 2183 3140 2247 voluisset,
3168 2191 3521 2238 converteret.
3546 2184 3776 2238 Pulchra

2233 2277 2411 2322 autem
2440 2284 2617 2323 renum
2652 2271 3036 2324 convenientia.
3073 2270 3236 2341 486
3257 2269 3374 2337 Qui
3417 2272 3569 2326 initio
3595 2272 3777 2340 signo-

2233 2373 2350 2410 rum
2372 2373 2488 2426 qua:
2517 2358 2751 2412 mortalis
2779 2359 2950 2413 adhuc
2971 2359 3282 2415 mortalibus
3305 2368 3420 2414 erat
3445 2369 3775 2426 ostensurus,

2233 2461 2422 2514 aquam
2449 2449 2710 2502 convertit
2735 2448 2786 2502 in
2817 2443 3024 2509 vinum;
3056 2450 3169 2517 ipse
3192 2449 3344 2504 initio
3367 2451 3659 2520 signorum,
3684 2452 3776 2520 qui

2233 2536 2417 2608 [Beda,
2443 2535 2582 2606 quae]
2623 2537 2939 2592 immortalis
2965 2539 3075 2608 jam
3103 2546 3197 2607 per
3225 2540 3666 2594 resurrectionem
3693 2539 3775 2597 cf-

2231 2627 2420 2690 fectus,
2447 2629 2761 2683 immortalis
2781 2629 2901 2683 vita:
2925 2629 3096 2682 studia
3122 2630 3232 2683 sola
3250 2631 3581 2684 sectantibus
3600 2638 3783 2685 esten-

2231 2718 2400 2782 deret,
2428 2718 2691 2772 carnalem
2719 2719 2885 2786 prius,
2917 2717 2981 2773 'et
3019 2721 3168 2788 quasi
3213 2720 3491 2790 insipidam
3538 2730 3772 2777 mentem

2231 2822 2434 2869 eorum,
2456 2821 2645 2877 sapore
2670 2809 2904 2862 scientia!
2933 2809 3164 2864 caelestis
3187 2809 3376 2863 imbuit
3402 2827 3415 2862 :
3441 2821 3462 2848 ε
3501 2830 3518 2861 ι
3542 2817 3662 2878 post
3686 2824 3776 2864 ve.»

2231 2910 2304 2950 τω
2342 2894 2472 2967 [ΑΙ.⁹
2519 2892 2670 2967 vero]
2715 2897 3120 2952 resurrectionis
3163 2897 3405 2966 gloriam,
3451 2898 3635 2966 majori
3683 2911 3775 2952 eos

2232 2984 2483 3053 spiritalis
2509 2986 2692 3054 gratiae
2717 2999 2933 3038 munere
2961 2985 3334 3053 completurus.

2190 3235 2193 3239 -
2240 3190 2244 3194 ’
2303 3225 2326 3255 ε
2365 3215 2646 3284 llucusque
2669 3229 2736 3269 ex

1715 3451 2012 3585 Lmen
2085 3502 2631 3582 SECUNDUS.

1995 3639 2358 3656 ἡ

1015 3669 1024 3677 ’
1085 3689 1091 3694 ·
1175 3685 1396 3740 CAPUT
1432 3685 1519 3738 tv.

583 3776 1030 3850 ApprOpinqnante
1061 3774 1260 3828 Pascha
1299 3772 1623 3850 Iuda-orum,
1664 3768 1802 3838 ejicit
1841 3766 2126 3829 uendentes,

1061 3854 1108 3899 et
1131 3853 1349 3896 ementes
1373 3841 1435 3894 de
1459 3839 1662 3908 templo.

651 3951 904 4020 Sequitur
933 3951 1160 4016 namque
1185 3946 1348 4022 hujus
1367 3944 1570 4015 praefati
1597 3943 1730 4012 signi
1758 3941 1999 3998 mirabile
2038 3954 2122 3990 sa-

585 4039 933 4099 cramentum,
960 4023 1219 4102 quomodo
1249 4034 1359 4100 ipse
1395 4031 1549 4085 Iesus
1576 4046 1695 4084 cum
1730 4038 1898 4084 matre
1926 4037 1980 4081 et
2015 4027 2124 4080 fra-

585 4128 758 4180 tribus
801 4126 1120 4180 ascendisset
1149 4107 1584 4192 llierosolymam,
1629 4129 1684 4175 et
1725 4121 1796 4175 ibi
1840 4119 2124 4173 invenisset

586 4215 870 4268 vendentes
891 4222 950 4280 et
969 4219 1203 4266 ementes
1228 4212 1278 4262 in
1306 4209 1519 4278 templo,
1541 4221 1736 4277 eosque
1755 4207 1983 4276 qualiter
2004 4206 2123 4258 inde

583 4303 821 4372 eiecerit,
849 4303 1052 4357 dicente
1072 4281 1386 4368 evangelista
1415 4317 1427 4351 :

2231 3639 2402 3728 aut
2428 3691 2490 3728 ex
2523 3675 2625 3729 alia
2658 3690 2822 3729 uxore.
2860 3673 3098 3742 genuisse
3127 3687 3240 3737 eos,
3269 3687 3402 3740 quos
3432 3671 3624 3728 fratres
3660 3673 3769 3728 Do-

2231 3765 2356 3818 mini
2409 3765 2680 3834 Scriptura
2726 3764 2968 3833 appellat.
3013 3761 3114 3814 Alii
3173 3760 3373 3828 majore
3413 3762 3632 3828 perlldia
3671 3763 3772 3817 bos

2229 3871 2348 3908 eum
2374 3871 2441 3909 ex
2474 3856 2584 3923 ipsa
2613 3854 2795 3916 Maria,
2827 3859 2940 3920 post
2963 3858 3138 3903 natum
3169 3851 3464 3914 Dominum,
3488 3866 3772 3920 generasse

2229 3952 2501 4010 putarunt.
2538 3941 2640 3995 Sed
2680 3956 2796 4005 nos,
2829 3939 3017 3992 fratres
3040 3938 3358 4001 charissimi,
3383 3933 3582 4008 absque
3613 3939 3771 3994 ullius

2231 4032 2476 4105 scrupulo
2500 4031 2820 4098 qmestionis,
2845 4029 2980 4082 scire
3016 4035 3072 4082 et
3111 4026 3350 4082 confiteri
3385 4034 3618 4095 oportet,
3664 4043 3768 4082 non

2230 4129 2431 4176 tantum
2461 4122 2671 4175 beatam
2695 4119 2802 4184 .Dei
2841 4116 3168 4186 genitricem,
3209 4117 3300 4170 sed
3328 4124 3382 4170 et
3405 4117 3771 4171 beatissimum

2232 4214 2488 4267 castitatis
2511 4213 2624 4281 ejus
2643 4219 2827 4266 testem
2853 4217 3008 4276 atque
3021 4209 3291 4262 custodem
3303 4207 3520 4275 Ioseph,
3545 4208 3611 4262 ab
3622 4207 3767 4261 omni

2231 4316 2447 4372 prorsus
2491 4302 2696 4380 actione
2736 4299 2994 4368 coniugali
3038 4299 3293 4351 mansisse
3336 4311 3544 4364 semper
3570 4286 3764 4350 immu-

655 4365 816 4448 Vens.
841 4392 925 4455 l2,
955 4392 1037 4446 l3.
1059 4421 1128 4431 —
1149 4365 1419 4442 Descendit
1439 4387 1592 4441 Iesus
1612 4386 1997 4456 Capharnaum,
2025 4384 2132 4453 ipse
2164 4365 2208 4422 θ
2234 4365 2384 4452 nem;
2415 4371 2707 4450 necnatos,
2739 4365 3102 4454 sedicognatos
3123 4399 3326 4447 eorum,
3354 4398 3499 4437 more
3527 4383 3763 4453 Scriptu.

582 4493 630 4535 et
670 4491 832 4536 mater
854 4481 987 4549 ejus,
1007 4489 1054 4532 et
1084 4479 1268 4548 fratres
1291 4480 1421 4546 ejus.
1445 4487 1491 4530 et
1512 4477 1751 4546 discipuli
1791 4475 1922 4545 ejus,
1958 4475 2125 4545 ibique

583 4567 879 4627 sumserunt
906 4587 1007 4623 non
1041 4564 1216 4622 multis
1253 4566 1461 4629 diebus,
1500 4577 1546 4618 et
1583 4582 1738 4634 prope
1775 4576 1884 4619 erat
1927 4565 2123 4620 Pascha

580 4659 901 4719 Indrrorunt,
953 4667 1000 4710 et
1043 4655 1267 4709 ascendit
1307 4654 1459 4707 Iesus
1509 4651 1932 4722 Hierosolymam.
1982 4654 2123 4705 Bene

586 4757 760 4799 autem
786 4747 1107 4816 evangelista
1139 4745 1235 4807 ait,
1257 4741 1591 4798 descendisse
1609 4739 1786 4794 Iesum
1815 4741 1868 4793 in
1891 4739 2123 4807 Caphar-

585 4847 761 4885 uaum.
788 4831 1156 4900 Capharnaum
1181 4846 1307 4886 vero
1329 4830 1450 4884 villa
1486 4827 1837 4896 pulcherrima
1864 4827 2124 4893 interpre-

588 4929 747 4982 tatur,
771 4919 1073 4987 significans
1090 4921 1232 4974 hunc
1251 4919 1526 4980 mundum,
1547 4930 1651 4983 quo
1671 4915 1920 4969 Dominus
1944 4922 2124 4968 noster

581 5008 736 5063 .lesus
757 5006 1000 5065 Christus
1018 5020 1116 5074 pro
1152 5007 1318 5062 salute
1357 5004 1572 5060 humani
1607 5005 1814 5072 generis
1843 5020 1873 5057 a
1901 5010 2119 5072 paterna

581 5095 706 5150 sede
732 5107 999 5162 nunquam
1036 5094 1288 5148 recedens
1312 5091 1645 5148 descendisse
1665 5089 1876 5143 dicitur.
1909 5107 1929 5140 ι
1961 5101 1986 5130 ι
2015 5087 2122 5143 Sed

582 5183 716 5239 solet
742 5197 955 5240 movere
977 5180 1250 5252 qtmsdam,
1278 5183 1417 5251 quod
1445 5182 1499 5236 in
1527 5179 1744 5234 exordio
1766 5178 2006 5236 lectionis
2027 5178 2121 5232 bn-

577 5269 668 5338 jus
691 5269 1006 5339 evangelica
1035 5269 1232 5323 dictum
1257 5275 1340 5322 est
1357 5269 1479 5337 quia
1512 5266 1863 5322 descendente
1890 5262 2121 5332 Caphar-

583 5374 742 5413 uaum
781 5359 1025 5422 Domino,
1049 5372 1154 5412 non
1187 5355 1355 5410 solmn
1380 5365 1553 5413 mater
1573 5364 1629 5411 et
1665 5353 1926 5423 discipuli,
1952 5353 2044 5408 sed
2067 5362 2120 5405 rt

585 5444 777 5500 fratres
803 5444 918 5512 eius
959 5446 1124 5501 secuti
1169 5452 1293 5499 sunt
1319 5459 1459 5499 eum.
1483 5445 1593 5500 Nec
1631 5442 1848 5498 defuere
1888 5441 2118 5495 haeretici

585 5535 674 5598 ‘lll
697 5533 888 5603 Ioseph
931 5535 1100 5589 virum
1137 5536 1306 5590 beata:
1330 5547 1534 5600 semper
1575 5533 1795 5602 virginis
1819 5530 1996 5584 Maria!
2026 5545 2117 5597 pu-

637 5650 683 5681 "I
717 5642 789 5696 Es
818 5641 1008 5697 ῐῐοιηἸ.
1033 5643 1066 5696 6
1092 5643 1218 5698 Ven.
1251 5643 1420 5696 Belus.

2225 4498 2298 4535 rae
2325 4483 2541 4544 usitato,
2579 4479 2786 4538 fratres,
2813 4490 3087 4532 sororesve
3123 4474 3410 4530 Salvatoris
3439 4475 3634 4528 vocari.
3663 4475 3754 4529 De

2223 4571 2382 4639 nique
2401 4569 2662 4622 Abraham
2695 4568 2796 4620 hoc
2819 4565 2973 4619 modo
2992 4560 3221 4632 loquitur
3241 4564 3305 4617 ad
3328 4563 3462 4616 Lot:
3490 4562 3571 4616 Ne
3587 4579 3763 4633 quaso

2219 4657 2284 4709 sit
2298 4656 2530 4725 jurgium
2560 4656 2695 4706 inter
2719 4669 2798 4706 me
2817 4662 2863 4704 et
2885 4662 2950 4712 te,
2975 4659 3022 4703 et
3047 4659 3278 4718 pastores
3301 4664 3436 4701 ineas
3461 4657 3508 4700 et
3536 4658 3764 4717 pastores

2220 4754 2354 4802 tuos,
2386 4743 2580 4810 fratres
2603 4741 2737 4793 enim
2775 4753 2948 4792 suntus
2975 4734 3128 4803 (Gen.
3157 4750 3276 4799 ιιιι,
3303 4733 3377 4805 8).
3401 4734 3468 4788 Et
3491 4733 3668 4788 Laban
3693 4734 3760 4790 ad

2220 4827 2382 4880 Iacob
2409 4847 2422 4882 :
2455 4827 2594 4881 Num
2624 4827 2744 4895 quia
2767 4826 2928 4893 frater
2957 4840 3099 4877 meus
3125 4839 3197 4886 es,
3224 4825 3383 4893 gratis
3419 4817 3606 4876 seruies
3634 4821 3762 4875 inihi

2222 4919 2372 4984 (Gen.
2423 4932 2568 4978 unt,
2611 4915 2728 4981 15)?
2763 4914 2825 4968 Et
2852 4913 3060 4983 quidem
3099 4920 3307 4967 constat
3330 4911 3452 4978 quia
3479 4907 3578 4963 Lot
3617 4907 3765 4962 ﬁlius

2220 5006 2363 5060 Aran
2412 5005 2590 5059 fratris
2628 5003 2856 5058 Abrahae
2890 5001 3008 5064 fuit,
3053 5010 3106 5054 et
3146 4997 3310 5054 Iacob
3338 4998 3475 5050 filius
3501 4996 3759 5066 Rebecca

2225 5095 2424 5152 sororis
2447 5093 2645 5150 Laban.
2672 5092 2777 5146 Sed
2802 5099 3019 5161 propter
3033 5086 3395 5157 cognationem
3425 5091 3549 5137 sunt
3567 5081 3781 5138 fratres

2220 5184 2524 5253 nuncupati.
2548 5182 2658 5236 Hac
2677 5196 2804 5250 ergo
2831 5178 3031 5248 regula,
3059 5177 3113 5230 in
3145 5172 3430 5242 Scripturis
3449 5167 3677 5235 sanctis,
3699 5179 3760 5224 ut

2219 5257 2351 5337 dixi,
2381 5271 2822 5342 frequentissima,
2863 5270 3022 5323 etiam
3065 5273 3318 5336 cognatos
3351 5263 3533 5320 Maria
3555 5261 3639 5318 rel
3660 5259 3756 5319 Io-

2218 5336 2380 5431 seph,
2433 5336 2626 5414 fratres
2675 5358 2882 5412 Domini
2932 5355 3219 5426 appellatos
3258 5360 3466 5423 oportet
3513 5349 3753 5417 intelligi.
3781 5389 3818 5396 ..
3933 5336 3948 5343 “

2218 5449 2367 5514 Quod
2414 5455 2589 5501 autem
2630 5445 3012 5515 propinquante
3048 5441 3273 5502 Pascha.
3315 5437 3471 5494 Iesus
3518 5436 3755 5491 ascendit

2221 5535 2651 5603 Hierosolymam.
2682 5533 2833 5586 nobis
2856 5531 3093 5602 profecto
3115 5525 3529 5592 datesemplum
3555 5532 3754 5592 quanta

3690 377 3862 442 τη.
