4230 6214
682 332 783 388 775

1478 325 1537 382 Β.
1578 326 1638 380 Ρ.
1678 325 1897 380 Αωικι
1935 321 2060 379 δευ
2102 320 2371 378 ALCUNI
2409 319 2686 379 OPERUM
2717 318 2891 374 PARS
2933 318 2995 372 ll.

2185 320 2371 378 .CUNI
2409 319 2686 379 OPERUM
2717 318 2891 374 PARS
2933 318 2995 372 ll.
3789 313 3855 369 77

679 444 808 518 μὴ.
841 452 889 496 et
918 442 1077 505 Beda,
1105 437 1394 509 crementa]
1419 448 1543 493 sunt
1569 438 1831 518 actionum
1861 436 2137 509 malarum,
2163 434 2228 487 de
2256 434 2303 491 Α
2332 434 2375 486 si
2404 432 2672 486 iracundia
2702 430 2989 493 turbidum,
3020 429 3061 483 si
3091 429 3192 482 alio
3220 430 3461 499 culquam
3492 430 3613 484 vitio
3631 430 3895 485 substra-

678 516 874 601 quibus
914 529 1135 582 materia
1178 526 1459 582 damnandi
1503 516 1756 593 reprobus
1796 523 2035 577 districto
2071 521 2234 589 judici

678 618 857 676 datur.
886 619 1019 674 Hinc
1045 618 1242 672 etenim
1271 617 1400 671 dicit
1421 608 1587 670 lsaias
1611 633 1622 667 :
1668 613 1754 667 Va:
1797 614 1883 682 qui
1912 613 2111 665 trahitis
2137 612 2236 664 ini-

681 712 924 785 quitatem
944 711 997 763 in
1026 709 1272 778 funiculis
1308 708 1549 760 vanitatis
1590 704 1791 776 (Isaite,
1822 719 1874 766 v,
1917 702 2035 774 l8)!
2077 703 2143 756 Et
2184 702 2235 755 in

683 800 984 855 Proverbiis
1006 797 1252 851 Salomon
1284 813 1297 849 :
1322 795 1649 865 Iniquitates,
1680 792 1870 861 inquit,
1900 807 2007 844 sua:
2032 791 2238 859 capiunt

683 887 916 958 impium,
942 895 989 939 et
1031 886 1237 954 funibus
1264 892 1587 954 peccatorum
1623 899 1833 935 suorum
1874 882 2241 949 constringitur

688 980 867 1052 (Prov.
897 994 949 1040 γ,
975 977 1085 1048 22).
1117 976 1216 1043 Qui
1238 976 1379 1030 enim
1403 984 1619 1044 peccata
1646 975 1896 1043 peccatis,
1928 988 2024 1040 pro
2050 973 2240 1041 quibus

685 1071 860 1124 acrius
887 1068 1185 1130 damnetur,
1224 1065 1541 1128 accumulat,
1580 1065 1732 1133 quasi
1766 1062 2026 1116 funiculus
2050 1061 2240 1129 quibus

684 1158 875 1226 ligetur
907 1170 970 1208 ac
1010 1154 1322 1222 ﬁagelletur,
1362 1152 1613 1221 paulatim
1666 1150 1906 1219 augendo
1944 1149 2237 1217 prolongat.

685 1242 1169 1298 Nummulariorum
1212 1255 1423 1309 quoque
1451 1254 1583 1307 quos
1625 1237 1902 1306 expulerat
1933 1234 2117 1305 [Beda,
2150 1250 2242 1287 ex-

686 1329 902 1401 pulsat],
932 1329 1117 1384 effudit
1148 1344 1221 1383 ms
1248 1337 1303 1382 et
1334 1343 1545 1380 mensas
1573 1325 1846 1387 subvertit,
1880 1323 2003 1392 quia
2028 1324 2242 1376 damna-

684 1419 755 1471 tis
792 1418 847 1471 in
898 1417 1002 1470 ﬁne
1050 1416 1310 1485 reproliis,
1356 1416 1513 1468 etiam
1546 1414 1779 1482 ipsarum
1829 1425 1961 1479 quas
2013 1410 2243 1463 dilexere

686 1516 867 1559 mrum
893 1504 1042 1557 tollet
1068 1503 1312 1572 ﬁguram,
1351 1502 1502 1569 juxta
1539 1502 1638 1554 hoc
1662 1500 1803 1568 quod
1842 1498 2096 1567 scriptum
2121 1504 2202 1549 est
2226 1512 2240 1549 :

689 1593 760 1649 Et
796 1596 1020 1650 mundus
1064 1595 1300 1649 transibit
1330 1604 1378 1648 et
1419 1593 1827 1662 concupiscentia
1867 1591 1977 1659 ejus
2005 1590 2055 1661 (ι
2084 1590 2240 1643 Joan.

692 1700 753 1751 ιι,
785 1686 894 1757 n).

761 1748 923 1829 Vatis.
955 1774 1039 1828 16.
1063 1804 1133 1814 -—
1155 1773 1221 1827 Et
1241 1775 1312 1826 eis
1332 1775 1419 1843 qui
1444 1772 1702 1826 columbas
1731 1771 2032 1831 vendebant,
2065 1769 2193 1821 dixit
2225 1784 2240 1821 :
2278 1748 2319 1805 Β

691 1864 902 1933 Auferte
946 1865 1046 1916 ista
1086 1863 1224 1925 hinc,
1266 1862 1419 1915 nolite
1463 1861 1633 1929 facere
1673 1860 1883 1912 domum
1919 1858 2093 1910 Patris
2127 1858 2245 1918 mei,

688 1952 899 2005 domum
944 1950 1319 2019 negotiationis.
1364 1948 1732 2002 Venditioncm
1778 1945 2144 2000 columbarum
2184 1944 2250 1996 de

694 2041 890 2110 templo
916 2038 1113 2093 auferri
1152 2038 1411 2108 praecipit,
1454 2038 1577 2107 quia
1608 2036 1775 2105 gratia
1815 2033 2045 2102 Spiritus
2082 2034 2251 2102 gratis

690 2126 881 2197 accipi,
921 2127 1088 2198 gratis
1130 2126 1285 2179 debet
1319 2124 1437 2178 dari
1466 2137 1490 2164 ι
1518 2123 1725 2195 (Matth.
1766 2121 1843 2193 x).
1878 2122 2025 2177 Unde
2067 2121 2250 2175 Simon

694 2216 783 2272 ille
811 2231 1013 2286 magus,
1040 2214 1165 2283 quia
1193 2215 1329 2269 hanc
1366 2227 1544 2267 emere
1585 2212 1807 2280 pecunia
1834 2210 2020 2273 voluit,
2052 2217 2114 2263 ut
2135 2224 2249 2262 ma-

690 2304 804 2374 iore
836 2304 1007 2373 pretio
1033 2304 1305 2364 venderet,
1337 2301 1577 2353 audivit:
1604 2299 1832 2350 Pecunia
1860 2308 1949 2350 tua
1990 2307 2153 2350 tecum
2188 2298 2251 2349 sit

690 2396 745 2447 in
772 2393 1075 2463 perditione,
1108 2408 1209 2442 non
1240 2399 1310 2441 est
1334 2389 1423 2440 tibi
1450 2404 1589 2456 pars,
1622 2402 1780 2455 neque
1805 2400 1916 2438 sors
1943 2386 1995 2437 in
2024 2400 2254 2438 sermone

698 2485 793 2534 hoc
822 2480 966 2551 (Λα,
987 2487 1110 2541 vin,
1138 2479 1226 2541 20,
1258 2477 1369 2547 2|).
1410 2476 1708 2530 Notandum
1750 2483 1927 2528 autem
1977 2476 2103 2543 quia
2147 2490 2254 2529 non

694 2570 791 2623 soli
818 2569 1123 2623 venditores
1158 2577 1281 2622 sunt
1307 2566 1671 2622 columbarum
1708 2574 1763 2620 et
1804 2565 2019 2619 domum
2056 2564 2149 2618 Dei
2177 2564 2255 2617 fa-

694 2660 842 2712 iiunt
867 2658 1079 2712 domum
1120 2656 1512 2725 negotiationis,
1543 2655 1634 2722 qui
1678 2668 1862 2707 sacros
1898 2653 2111 2707 ordines
2153 2653 2258 2704 lar-

692 2747 899 2814 gientes
922 2742 1110 2815 [Beda,
1138 2742 1460 2813 largiendo],
1495 2743 1724 2811 pretium
1751 2742 2007 2811 pecunise,
2034 2741 2116 2796 vel
2147 2740 2258 2795 lau-

697 2834 795 2894 dis,
832 2833 919 2886 vel
958 2833 1120 2886 etiam
1156 2832 1373 2886 honoris
1405 2833 1716 2901 inquirunt:
1746 2847 1928 2887 verum
1968 2832 2020 2887 hi
2050 2848 2258 2902 quoque

697 2920 790 2988 qui
811 2919 1031 2988 gradum
1058 2919 1141 2973 vel
1164 2922 1386 2988 gratiam
1412 2922 1464 2973 in
1493 2920 1730 2974 Ecclesia
1756 2920 2067 2987 spiritalem,
2099 2936 2257 2987 quam

701 3009 925 3063 Domino
955 3006 1209 3077 largiente
1234 3023 1537 3077 percepere,
1565 3024 1667 3062 non
1694 3009 1918 3077 simplici
1949 3010 2252 3066 intentione,

700 3101 797 3155 sed
829 3098 1109 3167 cuiuslibet
1136 3100 1380 3153 humana:
1408 3112 1568 3152 causa
1598 3097 1962 3151 retributionis
1986 3107 2254 3161 exercent,

698 3197 887 3243 contra
916 3189 1043 3241 illud
1070 3188 1290 3255 apostoli
1312 3187 1456 3241 Petri
1485 3205 1497 3240 :
1526 3186 1625 3251 Qui
1649 3186 1877 3255 loquitur
1896 3189 2043 3256 quasi
2069 3203 2260 3240 sermo—

706 3293 793 3330 nes
826 3276 939 3338 Dei,
966 3278 1052 3345 qut
1081 3278 1333 3328 ministrat
1372 3286 1613 3344 tanquam
1654 3292 1717 3329 ea:
1758 3279 1959 3339 uirtute,
1988 3293 2140 3345 quam
2169 3277 2260 3327 ad-

704 3366 965 3417 ministrat
996 3366 1151 3426 Deus,
1185 3374 1238 3416 ut
1270 3366 1323 3417 in
1363 3366 1595 3417 omnibus
1629 3366 1997 3431 honoriﬁcetur
2018 3366 2154 3419 Deus
2175 3383 2264 3435 per

704 3454 883 3505 Jesum
928 3452 1188 3505 Christum
1223 3452 1303 3521 (ΙΙ
1337 3453 1477 3505 Patr.
1522 3468 1592 3516 iv,
1638 3452 1744 3522 ll).
1790 3454 2096 3521 Quicunque
2138 3470 2264 3523 ergo

706 3541 842 3594 tales
867 3548 1007 3603 sunt,
1034 3542 1077 3593 si
1106 3542 1273 3594 nolint
1296 3542 1537 3595 veniente
1560 3542 1782 3594 Domino
1811 3543 1875 3595 de
1910 3542 2144 3595 Ecclesia
2174 3558 2266 3593 au—

710 3630 863 3695 ferri,
892 3629 1138 3684 auferant
1166 3632 1264 3684 ista
1304 3630 1369 3683 de
1410 3633 1520 3683 suis
1564 3631 1786 3694 actibus,
1830 3646 1895 3683 ne
1933 3630 2129 3684 faciant
2176 3633 2268 3685 do-

709 3736 854 3774 nium
887 3720 977 3773 Dei
1006 3720 1221 3772 domum
1263 3719 1655 3787 negotiationis.
1698 3717 1805 3773 Nec
1841 3721 2267 3788 prietcreundum

710 3811 837 3878 quia
880 3808 1105 3862 sollicite
1150 3808 1302 3862 nobis
1344 3807 1619 3879 Scriptura
1658 3818 1938 3877 utramque
1960 3804 2269 3864 ‘Salvatoris

713 3899 879 3953 nostri
912 3906 1180 3961 naturam,
1226 3905 1281 3951 et
1324 3900 1608 3953 humanam
1653 3898 1896 3951 videlicet
1936 3898 2273 3951 commendat

713 3999 769 4042 et
812 3990 1063 4043 divinam.
1109 3990 1182 4044 Ut
1218 3992 1357 4044 enim
1387 4006 1543 4044 verus
1581 3990 1673 4043 Dei
1720 3987 1885 4063 Filius
1925 3986 2267 4055 intelligatur,

716 4079 989 4132 audiamus
1015 4079 1153 4146 quod
1182 4080 1292 4147 ipse
1330 4080 1457 4132 dicit
1482 4098 1494 4130 :
1541 4077 1713 4132 Nolite
1736 4079 1904 4147 facere
1929 4077 2137 4129 domum
2168 4074 2273 4129 Pa—

716 4170 812 4221 tris
856 4170 987 4231 ntei,
1032 4168 1239 4220 domum
1287 4170 1663 4237 negotiationis.
1708 4170 1901 4238 Aperte
1950 4184 2178 4237 namque
2218 4184 2275 4222 se

720 4252 908 4307 Filium
938 4256 1027 4309 Dei
1056 4255 1231 4308 Patris
1263 4258 1513 4319 ostendit,
1540 4258 1629 4324 qui
1670 4258 1918 4326 templum
1946 4257 2036 4311 Dei
2062 4258 2274 4310 domum

2336 532 2464 585 tum,
2496 522 2821 583 studeamus,
2853 521 2906 573 in
2931 531 3183 588 quantum
3207 518 3429 574 facultas
3448 521 3701 590 suppetit,
3736 522 3897 575 casti-

2335 596 2481 682 gare,
2512 611 2708 680 polluta
2755 625 2816 662 ac
2852 623 3096 678 perversa
3144 609 3430 679 corrigere,
3475 619 3528 662 et
3563 611 3607 663 si
3643 609 3785 677 quid
3835 610 3901 662 de

2338 702 2530 755 talibus
2554 698 2835 753 emendare
2863 697 3197 765 nequivimus
3216 695 3400 767 [Beda,
3435 694 3768 772 nequimus],
3792 711 3899 749 non

2337 790 2451 843 sine
2496 787 2757 841 acerrimo
2802 786 2994 839 mentis
3021 786 3285 841 sustinere
3311 786 3509 839 dolore.
3552 785 3618 837 Et
3657 786 3903 838 maxime

2338 878 2390 931 in
2421 878 2533 946 ipsa
2563 877 2717 930 domo
2745 875 3019 938 orationis,
3044 874 3134 928 ubi
3162 889 3351 943 corpus
3381 875 3585 927 Domini
3610 889 3901 928 consecra-

2338 976 2442 1029 tur,
2486 967 2575 1019 ubi
2618 964 2936 1034 Angelorum
2975 965 3253 1030 praesentia
3304 979 3511 1031 semper
3558 965 3752 1016 adesse
3797 979 3904 1016 non

2338 1058 2625 1111 dubitatur.
2660 1071 2726 1109 nc
2772 1054 2896 1122 quid
2940 1054 3173 1122 ineptum
3205 1054 3313 1114 ﬁat,
3342 1068 3408 1107 ne
3450 1054 3599 1121 quid,
3623 1052 3773 1121 quod
3805 1068 3903 1105 no-

2340 1156 2504 1199 strain
2531 1145 2887 1198 fraternamvc
2917 1146 3209 1197 orationem
3243 1144 3515 1213 impediat,
3542 1145 3665 1198 totis
3693 1143 3907 1198 viribus

2338 1250 2556 1305 agamus
2583 1235 2630 1286 δ.
2659 1233 2911 1301 Sequitur
2940 1251 2981 1284 :.

2410 1327 2568 1379 Vens.
2604 1325 2687 1386 l8,
2717 1324 2801 1377 19.
2824 1353 2893 1361 -
2916 1321 3303 1391 Responderunt
3325 1338 3443 1391 ergo
3464 1320 3659 1385 Judwi,
3681 1332 3734 1374 et
3759 1322 3909 1373 dixe—

2342 1426 2459 1467 runt
2480 1416 2526 1466 ei
2552 1427 2570 1463 .'
2597 1412 2748 1477 Quod
2776 1414 2975 1480 signum
3015 1401 3237 1464 ostendis
3262 1412 3425 1473 nobis,
3452 1411 3575 1479 quia
3600 1412 3713 1463 haec
3735 1410 3911 1478 lacis?

2344 1503 2617 1572 Respondit
2647 1500 2820 1565 Iesus,
2849 1510 2893 1554 et
2919 1502 3049 1554 dixit
3077 1502 3147 1554 eis
3173 1516 3189 1551 .'
3212 1500 3404 1555 Solvite
3437 1502 3679 1571 templum
3707 1502 3833 1562 hoc,
3864 1510 3910 1553 et

2344 1590 2395 1641 in
2418 1590 2577 1641 tribus
2602 1588 2777 1639 diebus
2799 1588 3028 1640 excitabo
3051 1587 3199 1640 illud.
3225 1589 3296 1641 De
3318 1603 3421 1656 quo
3457 1588 3652 1656 templo
3674 1587 3909 1646 diceret.

2345 1676 2664 1744 evangelista
2694 1685 2813 1743 post
2843 1677 3074 1744 aperuit;
3106 1676 3351 1730 videlicet
3390 1676 3455 1730 de
3482 1675 3677 1745 templo
3719 1690 3916 1745 corpo-

2346 1768 2420 1820 ris
2447 1766 2549 1829 sui,
2579 1764 2719 1832 quod
2749 1766 2813 1817 ab
2843 1764 2946 1817 iliis
2977 1765 3221 1832 passione
3251 1764 3501 1829 solutum,
3529 1764 3642 1832 ipse
3662 1772 3793 1833 post
3821 1763 3913 1815 tri-

2346 1856 2505 1909 duum
2537 1852 2789 1906 excitavit
2814 1852 2878 1906 de
2914 1863 3102 1905 morte.
3142 1852 3274 1918 Quia
3300 1868 3427 1923 ergo
3460 1853 3667 1921 signum
3698 1866 3913 1920 quare-

2346 1946 2475 1999 bant
2512 1959 2542 1997 a
2587 1944 2837 2006 Durnino,
2882 1958 3045 2011 quare
3090 1944 3243 1996 solita
3291 1944 3609 1997 commercia
3641 1942 3914 2011 projicere

2348 2037 2603 2089 debuerat
2638 2033 2761 2105 [Με.
2802 2045 2849 2087 et
2890 2034 3052 2099 Beda,
3092 2032 3356 2103 debuerit]
3383 2049 3413 2087 e
3442 2033 3657 2103 templo,
3688 2047 3916 2101 respon-

2349 2126 2455 2189 dit;
2482 2126 2598 2179 idco
2626 2140 2683 2177 se
2719 2124 3014 2178 rectissime
3044 2124 3232 2190 impios
3267 2122 3430 2191 5.89
3456 2122 3825 2174 exterminare
3851 2121 3911 2173 dc

2350 2214 2568 2282 templo,
2602 2213 2723 2281 quia
2758 2214 2927 2282 ipsum
2960 2212 3209 2280 templum
3240 2210 3615 2279 signiﬁcaverit
3654 2209 3911 2278 templum

2350 2301 2590 2367 corporis
2613 2301 2713 2363 sui,
2748 2301 2799 2353 in
2829 2316 2933 2368 quo
2960 2300 3101 2352 nulla
3131 2315 3348 2368 prorsus
3374 2306 3511 2353 esset
3538 2298 3772 2368 alicujus
3802 2312 3910 2351 ma-

2353 2389 2469 2443 cula
2496 2390 2718 2458 peccati.
2750 2389 2931 2459 Neque
2968 2390 3232 2443 immerito
3265 2390 3496 2459 typicum
3531 2390 3859 2459 purgaverit
3883 2402 3911 2439 a

2355 2476 2642 2529 sceleribus
2666 2477 2939 2545 templum,
2971 2476 3060 2543 qui
3086 2491 3269 2529 verum
3310 2476 3401 2528 Dei
3431 2477 3683 2545 templum
3726 2478 3797 2531 ab
3825 2476 3912 2529 ho-

2357 2568 2589 2619 minibus
2628 2575 2798 2623 morte
2832 2567 3078 2629 solutum,
3117 2567 3306 2621 divina:
3348 2567 3584 2635 potentia
3614 2566 3910 2636 majestatis

2357 2655 2591 2707 excitare
2618 2663 2794 2721 posset
2822 2670 2851 2707 a
2881 2654 3124 2707 mortuis.
3678 2698 3684 2704 .

2428 2742 2586 2795 Vens.
2610 2742 2697 2796 ‘20.
2721 2774 2790 2782 —-
2817 2742 3063 2796 Dixerunt
3089 2759 3207 2811 ergo
3232 2742 3406 2797 Juda’i
3431 2760 3447 2797 :
3471 2742 3841 2813 Quadraginta
3870 2749 3915 2793 et

2358 2847 2447 2883 sea:
2485 2834 2633 2884 annis
2676 2833 2985 2899 (rdificatum
3035 2842 3109 2884 est
3139 2831 3381 2900 templum
3433 2834 3550 2896 hoc,
3589 2842 3635 2884 et
3664 2844 3721 2883 tu
3750 2834 3913 2884 tribus

2361 2921 2538 2973 diebus
2590 2922 2831 2973 exci‘abis
2873 2922 3045 2973 illud?
3072 2920 3344 2985 Quomodo
3388 2923 3785 2990 intellexerunt,
3846 2925 3913 2977 ita

2363 3011 2763 3076 responderunt.
2795 3009 2895 3063 Sed
2921 3026 2986 3063 ne
3013 3028 3110 3064 nos
3137 3027 3345 3081 quoque
3368 3014 3660 3080 spiritalem
3702 3014 3915 3067 Domini

2360 3112 2654 3150 sermonem
2682 3099 2964 3151 carnaliter
2988 3102 3325 3164 sentiremus,
3366 3102 3684 3171 evangelista
3734 3106 3917 3157 subse-

2358 3196 2600 3253 quentur,
2627 3187 2688 3239 de
2715 3202 2819 3253 quo
2859 3188 3054 3254 templo
3087 3188 3413 3256 loqueretur,
3459 3194 3723 3259 exposuit.
3765 3193 3914 3259 Quod

2361 3286 2535 3329 autem
2573 3278 2721 3329 aiunt
2748 3278 3000 3345 templum
3030 3279 3379 3349 quadraginta
3410 3288 3463 3333 et
3493 3296 3584 3334 sex
3607 3284 3766 3336 annis
3792 3282 3917 3337 sedi-

2362 3365 2593 3427 ﬁcatum,
2648 3382 2749 3418 non
2779 3367 3024 3433 primam,
3076 3369 3167 3421 sed
3206 3370 3488 3423 secundam
3527 3371 3667 3424 illius
3690 3371 3918 3425 :efiﬁca-

2364 3455 2559 3507 tionem
2589 3453 2903 3521 signiﬁcant.
2935 3455 3141 3508 Primus
3180 3458 3319 3510 enim
3371 3456 3620 3512 Salomon
3664 3459 3913 3529 templum

2364 3543 2415 3595 in
2447 3544 2675 3595 maxima
2717 3543 2862 3611 regni
2890 3544 2969 3595 sui
2999 3559 3127 3610 pace
3152 3547 3523 3600 decentissimo
3554 3547 3741 3617 [Beda,
3771 3547 3913 3601 citis-

2365 3631 2519 3702 simo]
2564 3639 2761 3699 septem
2788 3648 3043 3685 annorum
3073 3632 3221 3703 [tl!s.,
3272 3651 3335 3686 xx
3380 3645 3581 3703 septem
3630 3631 3911 3706 annorum]

2366 3736 2523 3789 opere
2572 3723 2810 3789 perfecit,
2860 3724 2999 3791 quod
3052 3712 3752 3786 destructuma.Chaldaeis,
3802 3733 3915 3794 post

2368 3797 2697 3879 septuaginta
2726 3826 2891 3863 annos
2920 3812 2983 3863 ad
3022 3812 3308 3879 jussionem
3358 3813 3482 3881 Cyri
3526 3813 3699 3867 Persa:
3746 3815 3917 3868 laxata

2370 3903 2697 3968 captivitate,
2724 3884 3040 3955 remdiﬁcari
3071 3912 3300 3969 coeptum
3350 3911 3449 3955 est.
3480 3902 3583 3955 Sed
3608 3904 3701 3956 ﬁlii
3750 3912 3919 3957 trans-

2372 3990 2701 4057 migrationis
2730 4006 2893 4058 opus,
2941 3992 3079 4059 quod
3130 3992 3225 4043 sub
3277 3991 3602 4059 principibus
3631 3988 3916 4046 Zorobalicl

2372 4092 2425 4135 et
2452 4082 2574 4137 Iesu
2602 4084 2888 4147 faciebant,
2928 4092 3143 4152 propter
3192 4085 3641 4153 impugnationem
3689 4072 3915 4153 gentium

2373 4172 2689 4233 vicinarum,
2728 4181 2849 4225 ante
2889 4174 3237 4241 quadraginta
3263 4183 3316 4226 et
3345 4190 3434 4226 sex
3489 4190 3657 4227 annos
3705 4175 3921 4242 implere

2375 4246 2745 4329 nequiverunt.
2793 4260 2894 4325 Qui
2933 4263 3093 4314 etiam
3148 4278 3399 4317 numerus
3448 4278 3705 4316 annorum
3754 4260 3921 4331 perfe-

717 4348 799 4401 sui
827 4348 998 4401 Patris
1030 4349 1384 4417 cognominat.
1417 4348 1481 4400 Et
1521 4356 1579 4399 ut
1610 4362 1818 4399 rursum
1850 4361 2007 4399 Verus
2045 4347 2273 4399 hominis
2302 4382 2354 4440 υ
2377 4346 2535 4406 ctioni
2562 4351 2821 4404 Dominici
2847 4351 3085 4417 corporis
3110 4351 3379 4417 aptissime
3400 4350 3663 4419 congruit.
3688 4342 3922 4403 Tradunt

720 4437 859 4492 illius
903 4440 1177 4499 sentiatur,
1215 4438 1513 4491 recolamus
1548 4437 1689 4503 quod
1718 4437 1769 4488 in
1798 4436 1956 4502 hujus
2000 4438 2171 4504 capite
2200 4436 2275 4489 le-

719 4526 914 4579 ctionis
954 4526 1280 4581 descendens
1319 4525 1372 4578 in
1416 4519 1808 4592 Capharn’aum,
1849 4530 2070 4575 matrem
2115 4526 2279 4578 ί)οωί-

725 4621 829 4665 tem
868 4613 1033 4685 [Beda
1081 4620 1183 4667 om.
1213 4610 1487 4683 comitem]
1544 4612 1789 4665 habuisse
1828 4612 2151 4679 perhibetur.
2182 4612 2278 4669 Se—

726 4702 909 4768 quitur
933 4717 947 4755 :

796 4788 955 4842 Vens.
980 4788 1065 4843 17.
1088 4820 1157 4830 -—-
1172 4791 1440 4845 Recordati
1467 4808 1583 4844 vero
1606 4798 1724 4844 sunt
1744 4789 1982 4859 discipuli
2006 4791 2137 4859 ejus,
2159 4793 2279 4861 quia

728 4879 973 4946 scriptum
1001 4884 1113 4931 est:
1143 4874 1298 4931 Zelus
1318 4880 1498 4932 domus
1536 4887 1639 4932 tua:
1673 4876 1891 4931 comedit
1915 4894 2011 4930 me.
2042 4879 2165 4933 Zelo
2190 4880 2282 4933 do-

731 4983 849 5023 mus
875 4968 1053 5024 Patris
1092 4968 1337 5022 Salvator
1375 4970 1531 5037 eiecit
1558 4972 1749 5040 impios
1777 4972 1840 5025 de
1881 4972 2090 5040 templo.
2137 4973 2282 5027 Zele-

733 5073 850 5112 mus
872 5067 925 5112 et
950 5074 1064 5122 nos,
1105 5057 1297 5111 fratres
1321 5059 1637 5124 charissimi,
1655 5062 1876 5115 domum
1908 5060 2017 5123 Dei,
2040 5068 2091 5114 et
2119 5077 2284 5129 quan-

734 5156 843 5201 tum
872 5161 1175 5218 possumus,
1204 5162 1269 5202 ne
1297 5148 1422 5215 quid
1462 5147 1512 5199 in
1553 5164 1615 5202 ea
1640 5162 1861 5219 pravum
1892 5156 2125 5217 geratur,
2160 5151 2285 5203 insi-

734 5243 957 5289 stamus.
1006 5236 1062 5289 Si
1092 5237 1379 5289 viderimus:
1426 5222 1641 5289 fratrem
1671 5240 1762 5306 qui
1812 5237 1877 5291 ad
1929 5236 2141 5289 domum
2192 5238 2283 5290 Dei

737 5323 978 5387 pertinet,
1008 5324 1255 5392 superbia
1285 5314 1563 5387 tumidum,
1595 5325 1638 5377 si
1676 5326 2089 5379 detractionibus
2109 5340 2287 5378 assue-

742 5418 869 5473 tum,
902 5412 947 5465 si
976 5414 1217 5467 ebrietati
1265 5414 1603 5475 servientem,
1642 5416 1685 5467 si
1723 5414 1930 5473 luxurie
1956 5425 2263 5468 enervatum

807 5552 842 5583 ι
1053 5562 1067 5596 :
1101 5544 1236 5616 Quia
1263 5547 1479 5614 gratiam
1516 5544 1757 5613 Spiritus,
1784 5547 1869 5615 qui
1891 5550 2047 5613 gratis
2076 5550 2285 5616 accepit,

743 5610 900 5675 gratis
926 5610 1068 5662 debet
1091 5614 1234 5665 dare.

2375 4444 2567 4495 etenim
2588 4441 2906 4495 naturalium
2946 4441 3231 4509 scriptores
3254 4456 3453 4502 rerum,
3486 4441 3707 4495 formam
3740 4450 3922 4508 θοι-ρο⁴

2376 4530 2450 4583 ris
2484 4530 2697 4582 humani
2731 4537 2809 4582 tot
2843 4529 3044 4583 dierum
3071 4529 3239 4597 spatio
3260 4528 3440 4596 perﬁci
3473 4546 3485 4579 :
3518 4528 3641 4596 quia
3683 4526 3923 4581 videlicet

2376 4620 2562 4687 primis
2588 4634 2678 4672 sex
2701 4635 2730 4670 a
2759 4618 3102 4687 conceptione
3134 4618 3339 4681 diebus,
3385 4617 3537 4670 Iactis
3563 4616 3757 4670 habeat
3780 4612 3922 4670 simi-

2377 4707 2671 4769 litudinem,
2700 4708 3037 4773 sequentibus
3058 4722 3243 4760 novem
3271 4714 3608 4759 convertatur
3634 4706 3686 4760 in
3714 4702 3921 4774 sangui-

2379 4810 2519 4858 nem,
2559 4795 2749 4847 deinde
2777 4796 3048 4848 duodecim
3091 4796 3360 4859 solidetur,
3413 4796 3630 4864 reliquis
3660 4796 3839 4847 decem
3874 4797 3923 4842 rt

2378 4891 2500 4936 octo
2523 4880 2779 4935 formetur
2801 4898 2965 4951 usque
2994 4885 3057 4937 ad
3083 4883 3316 4952 perfecta
3345 4884 3663 4936 lineamenta
3689 4882 3921 4939 omnium

2380 4974 2767 5037 membrorum;
2796 4981 2849 5027 et
2876 4972 2998 5026 hinc
3017 4973 3125 5039 jam
3153 4973 3355 5039 reliquo
3375 4980 3629 5037 tempore,
3659 4984 3821 5037 usque
3860 4965 3921 5019 ad

2382 5070 2589 5129 tempus
2612 5071 2813 5129 partus,
2840 5062 3197 5131 magnitudine
3224 5068 3494 5128 augeatur.
3531 5058 3630 5112 Sex
3655 5068 3846 5122 autem,
3872 5063 3921 5111 et

2383 5172 2591 5222 novem,
2616 5166 2671 5211 et
2697 5159 2993 5221 duodecim,
3021 5168 3074 5211 et
3100 5160 3304 5217 decem,
3332 5165 3386 5209 et
3412 5166 3550 5221 octo,
3580 5158 3920 5227 quadraginta

2384 5248 2614 5315 quinque
2660 5248 2885 5314 faciunt;
2939 5249 3131 5316 quibus
3173 5248 3215 5299 si
3260 5262 3420 5299 unum
3472 5247 3847 5314 adjecerimus,
3874 5243 3919 5298 id

2386 5342 2483 5391 est.
2520 5334 2690 5401 ipsum
2722 5337 2880 5398 diem,
2914 5352 3018 5403 quo
3048 5335 3330 5388 discretum
3359 5350 3453 5403 per
3481 5336 3716 5389 membra
3739 5347 3919 5403 corpus

2387 5434 2711 5479 crementum
2744 5440 2953 5480 sumere
2980 5425 3180 5492 incipit,
3219 5431 3294 5479 tot
3314 5426 3571 5478 nimirum
3594 5424 3705 5479 dies
3722 5423 3774 5477 in
3801 5422 3915 5477 πάξ-

2459 5550 2484 5588 δ
2521 5552 2800 5622 ﬂuensque
2838 5552 3117 5608 Anselmus
3140 5553 3409 5607 Lucensis.
