4230 6196
372 293 470 345 777

1161 286 1561 343 EXEGETICA.
1602 316 1665 328 --
1706 287 2049 342 COMMENT.
2094 288 2158 341 IN
2197 287 2382 343 JOAN.
2423 319 2487 329 -——
2524 289 2645 341 LIB.
2687 288 2743 340 ll.

3451 290 3549 342 778

370 400 612 455 ﬁcatione
659 398 893 465 corporis
940 397 1165 458 Domini,
1214 407 1342 464 quot
1389 398 1440 449 in
1477 397 1673 452 fabrica
1727 399 1901 465 templi
1936 403 1976 459 Α
2007 401 2243 466 corporis
2267 408 2320 450 et
2342 401 2609 463 sanguinis
2654 397 2869 450 Christi.
2919 398 2989 447 lix
3021 398 3102 449 his
3131 406 3306 450 autem
3357 400 3553 457 multis.

370 504 539 542 annos
588 487 899 540 invenimus.
949 485 1013 537 Et
1058 486 1181 551 quia
1227 485 1476 553 templum
1510 486 1633 538 ilhul
1664 486 1903 538 mannl‘a-

371 586 535 636 ctum,
570 582 958 627 sacrosanctam
986 571 1187 622 Domini
1211 586 1444 634 carnem,
1474 587 1630 637 quam
1657 586 1718 623 ex
1756 572 1909 638 virgi—

372 680 437 717 ne
459 663 700 729 sumpsit,
728 672 784 714 u-t
814 676 877 713 ex
909 661 1007 713 hoc
1036 660 1148 711 loco
1174 661 1441 717 discimus,
1479 662 1758 726 ﬁgurabat,
1790 665 1909 727 quia

370 766 519 818 mque
563 764 754 816 corpus
780 746 913 814 ejus,
959 747 1095 814 quod
1135 756 1216 799 est
1258 747 1509 807 Ecclesia,
1538 750 1677 813 quml
1726 748 1907 816 Meda,

372 839 519 910 quia]
562 836 971 904 uniuscujusque
1034 834 1261 887 ﬁdelium
1310 851 1525 902 corpus,
1577 838 1913 903 animamque

374 930 701 1001 designabat,
745 937 802 981 ut
848 927 900 979 in
942 925 1202 993 plerisque
1227 926 1619 992 Scripturarum
1670 926 1799 978 locis
1842 927 1915 977 in—

375 1021 614 1073 venimus
641 1027 685 1068 κ.
716 1035 733 1066 ι
768 1015 932 1067 Adam
960 1028 1085 1067 vero
1106 1014 1304 1080 primus
1326 1023 1437 1081 post
1464 1025 1736 1083 peccatum
1764 1015 1911 1067 audi-

376 1109 489 1161 vit:
528 1106 686 1158 Terra
711 1120 784 1165 es,
811 1113 857 1155 ct
886 1103 1147 1155 interram
1186 1101 1281 1153 ibis
1319 1101 1468 1167 (Cen.
1503 1103 1603 1167 In).
1643 1102 1915 1155 Secundus

378 1212 503 1247 vero
535 1194 701 1246 Adam
733 1192 796 1245 de
832 1206 888 1244 se
934 1192 1048 1258 ipso
1068 1190 1178 1241 ait:
1208 1188 1395 1241 Solritc
1440 1190 1680 1256 templum
1710 1190 1824 1249 hoc,
1869 1200 1916 1241 et

376 1288 428 1337 in
452 1285 613 1337 tribus
639 1284 814 1335 diebus
835 1281 1061 1333 excitabo
1090 1279 1235 1331 illud.
1267 1278 1491 1347 Sparsus
1514 1295 1636 1329 vero
1668 1278 1765 1330 fuit
1811 1280 1918 1346 pri-
1959 1274 1964 1283 ’

379 1389 496 1428 mus
524 1374 690 1426 Adam
720 1386 814 1439 per
848 1370 1147 1422 universum
1176 1366 1445 1429 mundum,
1473 1369 1562 1434 qui
1592 1369 1640 1418 in
1688 1367 1917 1419 secundo

376 1464 627 1517 collectus
651 1470 759 1524 est;
794 1459 932 1528 quod
963 1459 1219 1527 signiﬁcat
1248 1475 1435 1511 nomen
1464 1459 1649 1519 Adam,
1677 1460 1765 1525 qui
1791 1474 1918 1525 qua-

379 1562 500 1604 tuor
528 1550 718 1603 litteris
756 1547 1027 1610 scribitur,
1077 1548 1266 1599 idest:
1305 1547 1492 1614 Alpha,
1524 1547 1690 1608 Delta,
1726 1547 1917 1598 iterum

378 1640 563 1708 Alpha,
594 1648 647 1691 et
674 1637 757 1706 My
795 1653 808 1689 :
839 1653 957 1705 qua
982 1646 1207 1704 quatuor
1240 1636 1446 1696 litterze,
1479 1645 1707 1703 quatuor
1745 1645 1921 1701 partes

2008 486 2096 553 qui
2125 485 2410 553 credebant
2445 487 2493 536 in
2519 485 2718 547 .Iesum,
2748 500 2883 537 unus
2912 495 3027 536 erat
3076 486 3390 538 Sicodemus
3421 488 3552 547 iste;

2008 504 2096 553 qut
2125 504 2331 537 cretum:

2008 583 2058 624 et
2083 573 2198 625 ideo
2229 504 2351 624 norb

2352 590 2380 625 c
2405 574 2565 629 venit,
2600 588 2699 625 non
2730 574 2834 633 die,
2869 574 2991 640 quia
3038 575 3257 626 necdum
3296 576 3555 627 illtunina-

2012 672 2096 711 tus
2127 661 2267 712 venit
2293 661 2526 713 ewleslis
2552 662 2731 728 gratia:
2760 660 2892 713 lucc.

2626 769 2847 823 CAI’L'T
2887 772 2946 820 γ.

2016 875 2294 945 ,Υἱςοάριηο
2324 878 2455 927 inter
2477 877 2634 927 multa
2663 878 2805 934 dicit.
2832 879 2929 928 nisi
2971 888 3199 928 renutant
3246 880 3298 929 in
3353 895 3559 945 regnum

2084 942 2176 1013 Dei
2205 944 2398 995 intrare
2427 961 2524 995 non
2550 961 2694 1011 posse
2718 961 2734 996 :
2764 955 2815 996 ut
2862 946 2995 1013 quod
3043 962 3141 996 non
3172 942 3433 1011 judicare,
3474 949 3559 996 sed

2082 1010 2279 1061 sulcare
2310 1014 2492 1080 reneri!
2523 1014 2788 1064 mundum.
2822 1010 2887 1064 Et
2913 1010 3232 1079 manifestnri
3250 1014 3372 1064 dicit
3389 1030 3561 1080 opera.

2083 1095 2198 1145 qua?
2232 1080 2284 1129 in
2306 1079 2410 1130 Ι)ιύ
2446 1090 2561 1131 sunt
2592 1090 2728 1131 actu.

2084 1186 2261 1238 (ἶλιιιττ
2294 1203 2372 1238 Ill.
2435 1188 2588 1238 Vens.
2624 1192 2674 1247 l,
2700 1188 2751 1239 9..
2775 1217 2845 1227 —
2869 1187 2993 1240 Erat
3020 1191 3170 1241 homo
3200 1207 3262 1242 ex
3288 1191 3565 1243 Pharism’e

2022 1275 2331 1327 Nicodamus
2362 1278 2582 1337 nomine,
2623 1278 2851 1344 princeps
2874 1278 3199 1340 Juda‘ornm,
3231 1280 3311 1331 llic
3340 1282 3470 1332 renit
3500 1285 3566 1332 ad

2016 1363 2192 1414 Jcsum
2223 1373 2382 1414 nocte.
2418 1382 2434 1411 ι
2484 1365 2508 1402 ι»
2534 1364 2782 1433 Princeps
2801 1367 2999 1419 scilicet
3022 1365 3321 1420 Judmorum
3348 1371 3567 1421 venitad

2023 1448 2197 1502 Iesum
2225 1462 2395 1510 nocte,
2422 1453 2639 1518 cupiens
2663 1464 2866 1505 Secreta
2892 1454 3005 1520 ejus
3028 1455 3342 1508 allocutione
3360 1458 3567 1524 plenius

2019 1538 2221 1588 discere
2250 1540 2496 1605 mysteria
2529 1540 2671 1601 lih-i,
2695 1541 2845 1607 cujus
2865 1551 3045 1608 aperta
3068 1544 3368 1594 ostensione
3395 1546 3569 1610 signo-

2023 1639 2138 1675 rum
2162 1624 2492 1691 aliquatenus
2515 1625 2625 1692 jam
2650 1628 2943 1680 rudimenta
2965 1639 3295 1697 perceperat.
3316 1631 3413 1695 Qui
3442 1646 3570 1698 quo—

377 1727 523 1779 orbis
551 1726 844 1793 designant,
883 1724 935 1776 in
980 1737 1110 1791 quas
1157 1737 1369 1790 sparsus
1394 1732 1474 1775 est
1514 1722 1682 1775 Adam
1720 1726 1769 1775 in
1800 1723 1921 1775 ﬁliis
1951 1719 1995 1776 Β
2027 1713 2165 1763 niam
2195 1712 2479 1778 prudenter
2509 1727 2570 1763 ea
2614 1728 2730 1779 qua:
2754 1716 2821 1766 ah
2852 1716 2939 1766 illo
2972 1717 3084 1770 ﬁeri
3113 1718 3339 1781 videbat,
3384 1719 3571 1771 intelli-

378 1815 507 1867 suis.
536 1813 656 1865 Ideo
696 1813 747 1864 in
779 1811 1049 1878 principiis
1091 1812 1356 1863 nominum
1384 1811 1607 1878 partium
1636 1810 1813 1862 mmuh’
1842 1812 1922 1863 ha:

379 1912 605 1972 quatuor
628 1901 819 1955 litterae
844 1901 1118 1970 leguntur;
1155 1915 1275 1953 nam
1315 1898 1515 1973 ἄρκτος,
1561 1902 1700 1967 quod
1728 1909 1809 1952 est
1830 1900 1924 1951 Se-

381 1989 631 2058 ptentrio,
663 1987 729 2040 ab
753 1987 919 2054 Alpha
971 1985 1178 2053 incipit;
1208 1993 1262 2038 ct
1305 1984 1467 2047 δύσις,
1500 1987 1638 2053 quod
1660 1994 1743 2036 est
1774 1984 1925 2037 Occi—

380 2078 535 2139 dens,
562 2092 591 2127 a
615 2075 763 2128 De'ta
785 2075 997 2142 incipit;
1022 2082 1075 2127 et
1101 2076 1331 2135 ἀνατολὴ,
1359 2075 1495 2141 quod
1524 2083 1603 2127 (‘sl
1623 2075 1829 2133 Oriens,
1859 2076 1924 2127 ab

382 2163 550 2231 Alpha
578 2163 792 2229 incipit;
823 2162 1150 2234 μεσημϐρίας,
1193 2162 1331 2228 quod
1362 2170 1444 2215 est
1479 2162 1741 2224 Meridies,
1777 2179 1806 2214 a
1844 2163 1924 2230 My

384 2253 567 2321 incipit
594 2292 606 2304 .
646 2266 763 2317 qua:
787 2259 909 2303 sunt
932 2259 1158 2318 quatuor
1188 2259 1365 2317 partes
1390 2252 1557 2311 orbis,
1597 2252 1663 2303 al)
1693 2254 1773 2305 his
1797 2269 1926 2320 qua-

382 2351 505 2394 tuor
545 2341 734 2394 litteris
776 2340 1099 2406 incipientes.
1132 2339 1260 2404 Quae
1304 2339 1491 2393 litterm
1532 2343 1576 2393 si
1606 2342 1656 2393 iu
1680 2351 1927 2409 computo

381 2430 567 2483 (ἒπεςο
599 2428 1018 2491 considerentur,
1049 2429 1392 2498 quadraginta
1427 2446 1517 2483 sex
1546 2430 1759 2484 faciunt.
1798 2432 1927 2484 Nam

381 2519 548 2587 Alpha
584 2533 765 2581 unum,
794 2517 941 2571 Delta
973 2527 1224 2586 quatuor,
1253 2528 1307 2572 et
1334 2521 1523 2573 iterum
1548 2520 1713 2588 Alpha
1744 2538 1926 2583 mmm,

383 2605 466 2675 Ily
507 2606 877 2674 quadraginta,
902 2620 1018 2673 qua:
1054 2606 1208 2658 simul
1256 2606 1411 2659 ducta
1456 2605 1656 2660 faciunt
1694 2612 1927 2675 ll!l:ltll"l-

381 2695 525 2765 ginta
554 2710 665 2748 sex.
690 2694 787 2759 Qui
813 2708 1061 2748 numerus
1087 2695 1303 2763 mystice
1321 2694 1564 2763 designat
1582 2698 1928 2764 quadraginta

381 2798 476 2838 sex
512 2783 649 2846 dies,
692 2783 883 2851 quibus
917 2783 1164 2850 templum
1187 2784 1425 2850 corporis
1460 2784 1655 2837 Christi
1697 2787 1746 2837 in
1780 2796 1931 2839 utero

386 2874 625 2944 virginali
647 2872 959 2926 auliﬁcatum
978 2880 1074 2930 est.
1104 2872 1240 2925 sicut
1259 2874 1500 2940 superius
1523 2874 1767 2927 diximus.
1794 2875 1931 2926 Caro

387 2970 563 3014 autem
604 2959 823 3021 Christi,
850 2974 966 3027 qua:
996 2960 1060 3013 de
1090 2960 1256 3013 Adam
1297 2970 1503 3029 sumpta
1531 2971 1633 3022 est,
1659 2964 1929 3015 destructa

2022 1814 2145 1866 gere
2194 1801 2417 1861 curavit,
2471 1801 2732 1853 subtiliter
2786 1818 2847 1855 ea
2878 1808 2994 1870 qdze
3034 1806 3101 1856 ab
3140 1806 3227 1857 illo
3280 1810 3569 1874 qiucrehat.

2025 1890 2341 1957 investigare
2372 1893 2681 1958 promeruit.
2722 1892 2906 1955 Rnbbi,
2939 1896 3124 1962 inquit,
3156 1898 3343 1946 scimus
3370 1897 3491 1964 quin
3540 1916 3571 1948 ιι

2024 1976 2130 2029 Deo
2172 1980 2346 2030 renisti
2378 1981 2647 2046 magister;
2698 1999 2843 2033 nemo
2888 1985 3020 2034 enim
3062 1994 3219 2051 potest
3268 1986 3375 2037 lucc
3425 1988 3569 2053 signa

2025 2065 2191 2129 facere
2216 2083 2330 2134 qum
2375 2078 2427 2118 tu
2468 2067 2616 2134 facis,
2646 2071 2742 2120 nisi
2767 2071 3085 2136 fttcrt't,l)cus
3114 2090 3227 2126 cum
3255 2091 3332 2126 eo.
3379 2076 3418 2126 Α
3469 2076 3575 2127 lico

2025 2153 2185 2219 igitur
2231 2152 2410 2206 Jesum
2441 2156 2505 2207 ad
2549 2157 2910 2224 magisterium
2953 2160 3167 2211 cmleste
3198 2162 3392 2214 mundo
3421 2163 3571 2214 adhi—

2026 2242 2251 2294 bendum
2288 2246 2494 2296 venisse
2527 2244 2803 2297 confessus
2828 2255 2930 2309 est,
2956 2247 3116 2299 Deum
3142 2263 3261 2299 cum
3292 2249 3378 2301 illo
3420 2248 3577 2301 fuisse

2028 2330 2298 2381 miraculis
2346 2333 2690 2396 prodentibus
2741 2333 2870 2401 [.ll.,
2923 2335 3253 2404 prudentius]
3303 2336 3575 2396 intellexit,

2027 2416 2249 2470 necdum
2272 2424 2446 2468 tamen
2470 2420 2639 2485 ipsum
2682 2420 2842 2473 Deum
2870 2437 2986 2473 esse
3012 2424 3276 2490 cognovit.
3324 2425 3426 2477 Sed
3456 2427 3578 2491 quia

2025 2519 2181 2570 quem
2206 2496 2523 2573 magistrum
2556 2517 2775 2560 noverat
2793 2492 3030 2563 veritatis
3052 2512 3287 2565 studiose
3313 2514 3581 2567 docendus

2029 2595 2177 2654 atiit,
2204 2595 2392 2645 merito
2425 2595 2488 2646 ad
2515 2597 2867 2663 cognitionem
2899 2598 3083 2666 litata,
3116 2602 3459 2672 agnitionem]
3504 2603 3580 2655 di—

2031 2683 2262 2735 vinitatis
2294 2685 2408 2751 ejus
2438 2684 2669 2751 perfecte
2707 2687 2893 2739 doctus
2920 2689 3110 2750 subiit;
3154 2693 3345 2743 merito
3388 2694 3580 2745 utrius-

2029 2786 2132 2838 que
2152 2772 2440 2823 nativitatis
2486 2774 2621 2841 ejus,
2652 2775 2840 2827 divina:
2869 2776 3074 2828 scilicet
3099 2787 3153 2829 et
3185 2780 3459 2840 humanae,
3491 2783 3581 2833 sed

2030 2868 2083 2910 et
2118 2858 2377 2924 passionis
2414 2858 2572 2927 [ejusl
2614 2870 2771 2928 atque
2812 2864 3137 2916 ascensionis
3182 2865 3347 2933 ipsius
3389 2883 3581 2921 arcana

2033 2946 2300 3012 percepit;
2334 2961 2430 2998 nec
2453 2962 2556 2999 non
2582 2949 2743 3001 etiam
2771 2951 2982 3003 modum
3014 2954 3260 3008 secunda
3285 2957 3585 3023 generatio-

386 3058 470 3101 est
500 3062 529 3099 a
557 3045 769 3107 ludatis,
796 3056 850 3098 et
876 3062 904 3098 a
936 3047 1107 3114 seipse
1144 3048 1334 3100 iterum
1363 3049 1620 3101 :ediﬁcata
1642 3053 1928 3104 secundum
1956 3041 1964 3082 ⁴

2033 3036 2134 3098 nis,
2186 3035 2474 3101 ingressum
2503 3038 2647 3104 regni
2682 3038 2932 3100 caelestis,
2963 3041 3171 3108 aliaque
3196 3044 3446 3111 perplura
3484 3047 3570 3099 do-

388 3134 695 3204 Scripturas
732 3135 1131 3203 prophetarum;
1164 3143 1216 3190 et
1246 3134 1363 3189 ideo
1391 3136 1515 3190 dicit
1563 3137 1888 3205 evangelista
1912 3142 1928 3190 ἐ

390 3223 502 3277 Hoc
525 3224 659 3277 enim
687 3223 881 3275 dicebat
906 3222 969 3276 de
991 3223 1175 3290 templo
1203 3224 1428 3292 corporis
1455 3225 1555 3276 sui.

458 3332 615 3385 Vens.
645 3331 734 3393 2|,
760 3329 848 3382 22.
870 3360 941 3369 —
962 3328 1088 3381 Cum
1123 3338 1240 3397 ergo
1268 3332 1622 3403 resurrexisset
1646 3350 1676 3384 α
1696 3335 1931 3395 mortuis,

388 3420 643 3471 recordati
667 3428 784 3470 sunt
812 3417 1051 3485 discipuli
1080 3418 1191 3484 ejus
1221 3418 1342 3485 quia
1366 3419 1459 3469 hoc
1482 3420 1699 3480 dicebat,
1740 3430 1785 3471 et
1826 3436 1933 3470 rre-

389 3505 630 3556 diderunt
663 3501 959 3570 Scriptum.
989 3502 1042 3553 Id
1066 3512 1167 3563 est,
1195 3504 1587 3569 prophetarum,
1619 3506 1705 3572 qui
1742 3506 1929 3572 ιιι-ευ(ῑί-

394 3600 581 3643 xerunt
608 3589 875 3643 Christum
903 3588 1054 3640 tertia
1084 3589 1169 3642 die
1204 3603 1498 3657 resurgere.
1538 3590 1602 3640 Et
1628 3606 1927 3647 sermonem.

390 3695 535 3747 quem
562 3679 689 3730 dixit
711 3677 885 3735 Jcsus‘,
926 3676 977 3754 id
1002 3683 1101 3737 est,
1140 3676 1279 3743 quod
1317 3677 1427 3727 ait:
1458 3674 1644 3729 Solrite
1692 3676 1931 3742 templum

391 3767 505 3824 hoc,
534 3775 579 3817 et
610 3767 663 3816 in
708 3763 867 3815 tribus
907 3763 1082 3815 diebus
1111 3764 1338 3816 excitabo
1382 3763 1511 3815 illud
1535 3781 1551 3815 :
1582 3764 1680 3816 hoc
1704 3772 1801 3823 est,
1832 3773 1935 3816 ter—

394 3852 463 3902 tia
488 3850 571 3903 die
617 3850 959 3912 resuscitabo,
992 3851 1131 3916 quod
1173 3866 1264 3903 vos
1291 3852 1504 3905 solvetis
1536 3852 1587 3904 in
1635 3867 1808 3904 cruce.
1842 3851 1936 3906 Se-

393 3940 573 4009 quitur
595 3957 606 3990 :
1018 3980 1021 3983 .

464 4028 621 4081 Vsus.
649 4026 740 4089 9-5,
764 4024 851 4079 24.
877 4056 946 4065 -
978 4024 1107 4079 Cum
1135 4036 1304 4077 autem
1333 4035 1459 4078 esset
1495 4026 1648 4079 Jcsus
1693 4026 1935 4078 Hieroso-

390 4116 539 4186 lymis
567 4117 621 4169 in
639 4114 841 4169 Pascha
868 4116 922 4181 in
942 4116 1025 4167 die
1044 4114 1189 4181 festo,
1214 4114 1360 4167 multi
1376 4115 1695 4167 crediderunt
1717 4115 1768 4165 in
1796 4130 1932 4176 cum,

390 4203 495 4269 ipse
520 4211 691 4254 autem
716 4201 869 4254 Iesus
912 4218 1013 4255 non
1040 4201 1272 4255 credebat
1312 4204 1633 4271 semetipsum
1680 4204 1772 4266 eis,
1813 4202 1934 4271 quia

390 4291 495 4358 ipse
533 4288 720 4341 sciebat
747 4288 871 4357 quid
908 4301 1033 4342 esset
1060 4292 1112 4342 in
1141 4291 1360 4343 homine.
1396 4291 1507 4345 Non
1535 4294 1673 4345 enim
1704 4294 1780 4346 sic
1822 4307 1935 4345 cre-

392 4379 582 4431 debant
616 4378 666 4430 in
693 4392 815 4431 eum
834 4384 891 4429 ut
912 4376 1053 4445 digni
1091 4387 1271 4430 essent
1296 4378 1564 4433 Christum
1604 4381 1843 4434 habitare
1882 4382 1932 4433 in

391 4465 491 4523 eis,
536 4479 760 4530 quorum
809 4463 935 4517 ﬁdes
964 4463 1353 4517 catechumenis
1396 4456 1691 4534 comparari
1739 4476 1931 4535 potest,

393 4548 481 4613 qui
523 4549 741 4602 credunt
770 4550 823 4602 in
868 4549 1159 4613 Christum,
1206 4551 1296 4603 sed
1331 4550 1574 4606 Christus
1620 4568 1725 4605 non
1768 4556 1937 4607 credit

395 4633 624 4699 seipsum
664 4648 764 4698 eis,
792 4638 932 4703 quia,
959 4640 1057 4691 nisi
1081 4640 1194 4707 quis
1223 4649 1429 4691 renatus
1460 4639 1611 4705 fuerit
1640 4657 1703 4693 ea:
1723 4657 1856 4708 aqua
1886 4653 1934 4694 ct

397 4719 589 4789 Spiritu
603 4719 971 4789 mtancto.
987 4742 1086 4778 non
1104 4736 1264 4793 potest
1285 4728 1496 4781 introire
1518 4729 1569 4779 in
1591 4744 1798 4796 regnum
1820 4728 1930 4781 Dei.

396 4806 601 4861 Nemini
637 4821 841 4861 verose
878 4811 1044 4862 credit
1069 4810 1331 4876 Christus,
1369 4817 1467 4869 nisi
1511 4818 1600 4883 qui
1629 4816 1816 4885 dignus
1853 4824 1935 4867 est

396 4895 615 4947 introire
654 4895 705 4949 in
735 4907 951 4963 regnum
979 4895 1100 4959 Dei;
1149 4898 1321 4952 nullus
1368 4915 1493 4953 vero
1537 4903 1724 4969 dignus
1750 4910 1833 4953 est
1858 4902 1935 4953 in-

398 4980 559 5031 troire
603 4981 655 5033 in
684 4995 901 5048 regnum
926 4980 1039 5043 Dei,
1066 4982 1165 5033 nisi
1200 4984 1288 5049 qui
1316 4994 1532 5038 renatus
1572 4996 1655 5039 est
1694 5003 1756 5039 ex
1800 5002 1934 5053 aqua

394 5073 450 5118 et
483 5064 681 5132 Spiritu
722 5076 922 5120 sancto.
975 5067 1100 5121 Inde
1132 5077 1186 5120 et
1211 5070 1566 5125 ecclesiastica
1617 5076 1937 5129 mansuetudo

393 5155 787 5208 catechumenis
825 5158 1060 5223 corporis
1098 5166 1150 5209 et
1179 5159 1444 5224 sanguinis
1471 5160 1667 5215 Christi
1704 5180 1938 5217 commu—

396 5242 603 5292 nionem
635 5254 736 5291 non
764 5241 943 5301 tradit,
969 5243 1092 5309 quia
1124 5259 1227 5295 non
1255 5255 1377 5297 sunt
1409 5249 1586 5299 renati
1614 5264 1675 5302 ex
1720 5266 1855 5320 aqua
1886 5263 1938 5305 et

395 5326 591 5392 Spiritu
632 5336 834 5389 sancto,
866 5326 1055 5393 quibus
1100 5337 1303 5382 tantum
1341 5334 1572 5386 creditur
1600 5338 1935 5406 participatio

462 5472 482 5494 η
516 5458 792 5529 [lucusque
832 5476 894 5514 ex
925 5461 1137 5515 homilia
1160 5463 1311 5519 Beda:
1335 5468 1512 5521 citata.

698 5613 962 5673 Parnm"
1009 5617 1073 5674 C.

2031 3124 2215 3177 ctrina:
2262 3122 2575 3192 evangelica:
2622 3137 2972 3189 sacramenta,
3024 3126 3246 3182 Domino
3297 3132 3581 3193 revelante.

2033 3216 2241 3269 didicit.

2106 3305 2261 3359 Vens.
2292 3306 2343 3357 ὖ.
2362 3334 2431 3343 -
2450 3304 2723 3372 Respondit
2740 3307 2873 3357 cnim
2897 3306 3067 3367 Jesus,
3090 3318 3137 3359 et
3166 3309 3296 3359 dixit
3319 3313 3366 3361 ei
3390 3313 3583 3363 :Amrn

2031 3410 2181 3447 amen
2207 3396 2323 3446 dico
2348 3393 2485 3446 vobis
2509 3410 2525 3445 :
2558 3388 2678 3445 Nisi
2701 3395 2816 3461 quis
2838 3405 3046 3447 renatus
3073 3396 3227 3462 fuerit
3254 3398 3449 3461 denuo,
3485 3417 3590 3453 non

2030 3492 2189 3550 potest
2218 3483 2385 3534 ridere
2418 3497 2625 3557 regnum
2655 3481 2769 3533 Dei.
2798 3480 2927 3547 Quae
2949 3485 3207 3536 sententia
3258 3494 3407 3538 tanto
3429 3502 3585 3557 aper-

2035 3572 2139 3624 tius
2159 3572 2366 3625 cuuctis
2396 3568 2634 3625 ﬁdelibus
2661 3571 2823 3635 lucet,
2853 3581 3052 3640 quanto
3086 3582 3294 3625 constat
3320 3575 3443 3641 quia
3473 3556 3588 3629 sine

2035 3660 2191 3727 hujus
2235 3660 2351 3712 luce
2395 3659 2574 3713 ﬁdeles
2613 3674 2729 3713 csse
2778 3655 3066 3728 nequeunt.
3097 3659 3225 3725 Quis
3247 3664 3442 3715 etenim
3472 3665 3589 3717 sine

2035 3745 2246 3799 lavacro
2302 3746 2759 3813 regenerationis,
2826 3748 3190 3801 remissionem
3244 3758 3585 3815 peccaturum

2033 3834 2306 3901 consequi,
2326 3841 2379 3884 et
2409 3847 2628 3900 regnum
2652 3833 2787 3886 valet
2813 3833 3013 3886 intrare
3037 3834 3329 3887 cmlorum?
3361 3835 3463 3889 Sed
3492 3836 3584 3889 Ni~

2033 3922 2305 3983 cedemus,
2346 3922 2438 3989 qui
2485 3929 2634 3974 nocte
2673 3922 2816 3975 venit
2843 3923 2906 3974 ad
2948 3920 3148 3985 Jesum,
3185 3925 3404 3976 necdum
3456 3926 3589 3981 lucis
3624 3966 3629 3971 ι

2034 4011 2284 4078 mysteria
2310 4024 2500 4077 capere
2530 4019 2772 4073 noverat;
2800 4026 2919 4064 nam
2965 4022 3018 4064 et
3041 4026 3166 4073 nox,
3208 4013 3258 4064 in
3292 4029 3393 4080 qua
3422 4018 3586 4075 venit,

2036 4098 2203 4163 ipsam
2232 4098 2346 4165 ejus
2392 4111 2496 4164 qua
2538 4099 2878 4165 premebatur
2921 4099 3270 4166 ignorantiam
3319 4100 3586 4167 designat;

2036 4185 2260 4237 necdum
2286 4186 2427 4237 enim
2452 4200 2638 4238 eorum
2685 4200 2908 4238 numero
2937 4189 3170 4240 sociatus
3216 4198 3354 4250 erat,
3396 4191 3591 4257 quibus

2036 4272 2412 4341 aitApostolus
2438 4290 2450 4324 :
2478 4270 2675 4325 Fuistis
2692 4272 2971 4339 aliquando
2993 4276 3233 4337 tenebra',
3265 4292 3400 4327 nunc
3417 4287 3590 4328 autem

2037 4361 2127 4414 lux
2154 4362 2207 4412 in
2228 4360 2447 4414 Domino
2478 4360 2686 4429 (Ephes.
2716 4361 2873 4429 v,8);
2906 4362 2997 4414 sed
3029 4363 3166 4414 inter
3194 4378 3287 4416 eos
3314 4366 3487 4431 potius
3508 4381 3591 4418 νυ-

2039 4452 2306 4513 manebat,
2335 4453 2527 4519 quibus
2561 4452 2792 4517 loquitur
2834 4452 3033 4505 Isaias:
3065 4450 3250 4519 Surge,
3295 4454 3590 4505 illuminare

2036 4538 2346 4600 Jerusalem,
2374 4541 2496 4606 quia
2533 4540 2664 4592 venit
2711 4540 2884 4592 lumen
2917 4550 3083 4600 tuum,
3112 4549 3159 4591 et
3188 4539 3352 4606 gloria
3384 4540 3588 4592 Domini

2036 4642 2188 4693 super
2210 4636 2259 4677 te
2282 4635 2395 4677 arta
2421 4635 2492 4677 est
2521 4626 2672 4693 (Isai.
2708 4643 2794 4688 ιι,
2819 4628 2889 4695 1).
2948 4627 3236 4693 Respondit
3262 4640 3389 4694 ergo
3415 4627 3591 4680 Domi-

2040 4731 2127 4778 no.
2158 4723 2207 4768 et
2231 4715 2303 4767 ait
2332 4733 2342 4766 :

2108 4824 2264 4877 Vens.
2296 4823 2346 4874 ι.
2366 4852 2435 4861 -
2457 4823 2724 4887 Quomodo
2752 4835 2911 4891 potest
2944 4827 3095 4877 homo
3122 4825 3263 4877 nasci
3293 4840 3406 4875 cum
3437 4840 3589 4875 senui:

2038 4912 2141 4961 sit?
2162 4910 2412 4977 Nunquid
2439 4919 2601 4977 potest
2627 4912 2679 4963 in
2708 4922 2926 4963 ventrem
2950 4913 3128 4963 matris
3156 4928 3263 4963 sua
3288 4912 3469 4961 iterato
3508 4913 3589 4962 in-

2038 4998 2193 5049 troire
2220 5009 2267 5048 et
2307 4998 2485 5048 nasci?
2512 4998 2642 5061 Quia
2672 5000 2913 5051 secundae
2946 4999 3233 5049 nativitatis
3281 4998 3451 5049 adhuc
3498 5014 3585 5048 ne-

2038 5086 2180 5137 scius
2206 5083 2601 5152 perseverabat,
2628 5084 2693 5135 de
2722 5083 2889 5135 salute
2918 5092 3091 5135 autem
3134 5099 3229 5135 sua
3270 5084 3379 5148 jam
3404 5084 3532 5135 sollit
3556 5087 3587 5134 i-

2041 5179 2125 5224 tus
2146 5172 2444 5232 exstiterat,
2475 5169 2773 5222 necessario
2818 5171 2881 5220 de
2907 5184 3007 5221 una
3040 5186 3197 5236 quam
3246 5180 3460 5221 noverat
3491 5187 3583 5219 nu-

2040 5259 2265 5320 tivitate,
2294 5274 2359 5309 an
2382 5265 2558 5323 posset
2577 5256 2777 5316 iterari,
2808 5257 2889 5308 vel
2909 5273 3013 5324 quo
3046 5260 3229 5308 ordine
3258 5258 3585 5322 regeneratio

2034 5353 2215 5408 posset
2243 5344 2469 5411 impleri,
2492 5345 2781 5411 quaerebat,
2812 5359 2876 5396 ne
2898 5344 3049 5408 hujus
3070 5357 3261 5408 expers
3302 5357 3580 5393 remanru-

2035 5532 2073 5587 Ο
2103 5465 2130 5502 δ
2158 5464 2237 5543 Ex
2284 5466 2433 5521 Beda:
2476 5468 2690 5520 homilia
2743 5468 2792 5519 in
2820 5450 2966 5518 ’τρεῑο
3016 5463 3335 5516 inventionis
3375 5465 3579 5519 Sam-te

2080 5548 2238 5585 rncrs.

2080 5548 2238 5585 I‘IICIS.

3192 5626 3268 5682 ‘23
