4266 6216
594 287 697 337 779

1354 308 1357 311 ·
1447 287 1504 340 3.
1546 286 1606 341 F.
1647 285 1865 341 ALBINI
1906 288 2035 343 SEU
2073 288 2340 343 ALCUINI
2390 282 2666 347 OPERUM
2706 291 2879 347 PARS
2916 291 2975 346 ll.

3694 292 3803 346 ’180

594 399 681 457 do,
710 396 829 447 vitae
850 392 1080 449 cmlestis
1108 374 1368 464 particeps
1406 411 1523 450 esse
1544 397 1805 464 nequiret.
1843 396 2137 451 Notandum
2167 402 2207 456 Α
2241 414 2359 453 cum
2388 410 2437 455 te
2459 412 2717 470 praasente
2732 402 2964 469 loquitur
2983 401 3027 455 is
3053 401 3141 468 qui
3174 401 3373 470 Spiritu
3402 412 3587 456 sancto
3627 404 3803 471 reple-

594 495 770 537 autem
800 485 919 551 quia
947 485 1088 553 quod
1115 485 1181 538 de
1204 485 1404 538 carnali
1424 485 1577 545 dixit,
1606 487 1706 538 hoc
1746 486 1908 539 etiam
1951 485 2017 539 de
2040 486 2147 555 spi-

594 574 732 627 ritali
787 584 871 629 est
924 575 1324 644 regeneratione
1379 575 1757 639 sentiendum;
1810 589 2144 644 nequaquam

596 663 841 718 videlicet
865 679 1005 726 eam,
1034 672 1315 733 postquam
1339 663 1503 717 semel
1541 662 1750 731 expleta
1780 661 1962 726 fuerit,
1991 676 2147 730 posse

594 753 761 822 repeti
791 770 805 803 :
836 753 949 806 sive
980 752 1121 806 enim
1146 752 1447 816 haereticus,
1475 752 1586 805 sive
1614 751 2009 814 schismaticus,
2036 752 2147 804 sive

594 845 923 895 t'acinorosus
945 841 1169 908 quisque
1190 840 1243 894 in
1275 839 1611 894 confessione
1650 848 1847 893 sant-tte
1871 834 2148 893 Trinitatis

594 930 847 998 baptizet,
877 943 981 981 non
1004 928 1143 982 valet
1171 928 1259 981 ille
1280 929 1371 996 qui
1398 929 1470 981 ita
1487 928 1785 996 baptizatus
1808 936 1892 981 est
1908 966 1923 991 ,
1945 943 1975 980 a
1996 929 2148 981 bonis

594 1015 874 1068 catholicis
924 1014 1278 1082 rebaptizari,
1335 1028 1401 1065 ne
1446 1011 1706 1067 confessio
1751 1013 1834 1065 vel
1881 1014 2148 1067 invocatio

594 1107 727 1159 tanti
765 1105 991 1158 nominis
1011 1104 1253 1157 videatur
1277 1101 1557 1155 annullari.
1589 1102 1654 1154 Et
1681 1102 1806 1170 quia
1831 1100 2148 1155 Nicodemus

594 1195 657 1248 ad
682 1195 904 1262 primam
928 1192 1133 1245 Domini
1158 1191 1554 1260 responsionem
1584 1190 1860 1253 sollicitus,
1885 1191 2148 1258 quomodo

594 1286 663 1337 sit
690 1282 1023 1353 intelligenda
1052 1280 1329 1349 diligenter
1358 1278 1601 1347 inquirit,
1632 1288 1871 1332 meretur
1892 1277 2000 1346 jam
2031 1278 2146 1346 pla-

597 1371 715 1423 nius
750 1368 960 1430 instrui,
1005 1376 1060 1420 et
1079 1368 1201 1435 quia
1229 1366 1459 1420 secunda
1487 1366 1736 1419 nativitas
1766 1381 1869 1420 non
1923 1366 2150 1420 carnalis

594 1468 675 1511 est
700 1498 715 1521 ,
761 1457 854 1511 sed
898 1455 1168 1526 spiritalis,
1215 1453 1430 1520 audire;
1486 1454 1758 1523 respondit
1798 1468 2024 1522 namque
2075 1454 2147 1507 illi

595 1547 750 1601 lesus
778 1565 791 1598 ε
1207 1600 1217 1618 ι
1895 1598 1898 1601 .

662 1636 819 1708 ἀοι
848 1636 1009 1689 Vsus.
1037 1633 1090 1687 5.
1112 1631 1357 1685 -Αιηεπ
1404 1645 1551 1683 amen
1580 1630 1695 1683 dico
1746 1629 1860 1693 tibi,
1907 1630 2006 1682 nisi
2030 1630 2147 1698 quis

2242 496 2329 539 tus
2356 499 2469 551 est;
2509 490 2598 542 sed
2616 506 2716 542 non
2742 490 2861 553 scis,
2884 489 3021 541 unde
3047 489 3234 550 veniat.
3262 500 3308 541 et
3336 507 3435 559 quo
3462 491 3635 554 radat,
3672 492 3802 560 quia

2242 574 2449 626 etiamsi
2475 582 2522 626 ιι·
2544 585 2800 641 praesente
2820 575 3119 643 quempiam
3142 573 3372 643 Spiritus
3394 577 3458 628 ad
3479 577 3665 629 horam
3702 578 3798 630 im-

2242 660 2485 728 pleverit,
2500 676 2600 714 non
2620 671 2791 729 potest
2812 663 2974 715 videri
3000 662 3105 731 [.tll.
3118 699 3134 724 ,
3150 679 3250 715 non
3266 673 3419 730 potes
3436 664 3657 735 videre},
3672 681 3802 734 quo-

2245 751 2400 801 modo
2417 764 2535 802 eum
2559 750 2853 811 i..traverit,
2881 749 2962 802 vd
2989 752 3251 818 quomodo
3279 753 3494 805 redierit
3518 772 3529 805 :
3562 738 3685 822 quia
3709 770 3798 807 na-

2243 841 2361 885 tura
2381 842 2462 887 est
2481 834 2776 887 invisibilis.
2801 833 2886 887 Sic
2904 846 2976 887 est
3002 836 3166 890 optaris
3192 839 3281 907 qui
3322 849 3476 891 natus
3496 850 3571 893 est
3597 857 3662 893 ex
3682 839 3803 908 Spi-

2245 922 2381 972 ritu:
2409 930 2465 975 et
2490 922 2601 990 ipse
2628 920 2768 975 enim
2807 923 3138 977 invisibiliter
3183 934 3369 993 agente
3395 925 3592 994 Spiritu
3616 929 3804 999 incipit

2245 1020 2362 1061 esse
2381 1007 2521 1075 quod
2543 1023 2645 1061 non
2674 1017 2809 1071 erat,
2841 1010 2912 1061 ita
2935 1018 2993 1061 ut
3008 1009 3247 1065 inﬁdeles
3270 1014 3528 1077 nesciant,
3550 1017 3691 1068 unde
3710 1032 3803 1068 ve-

2246 1094 2357 1145 niat
2378 1102 2432 1145 ct
2453 1109 2557 1161 quo
2577 1095 2757 1158 vadat,
2780 1096 2829 1148 id
2848 1104 2949 1158 est,
2972 1098 3095 1163 quia
3126 1114 3154 1149 a
3178 1104 3347 1168 gratia
3382 1103 3803 1170 regenerationis

2244 1185 2389 1237 venit
2418 1185 2468 1236 in
2492 1185 2825 1253 adoptionem
2858 1186 3082 1239 ﬁliorum
3127 1188 3245 1248 Dei;
3286 1199 3339 1242 et
3360 1192 3503 1243 vadit
3529 1192 3579 1243 in
3617 1208 3803 1260 perce~

2246 1272 2476 1339 ptionem
2508 1274 2651 1342 regni
2682 1274 2932 1327 caelestis.
2974 1273 3253 1340 Quaerente
3297 1287 3472 1331 autem
3510 1280 3684 1333 adhuc
3706 1280 3799 1333 Ni-

2247 1360 2468 1413 codento
2485 1362 2746 1429 quomodo
2770 1363 2973 1430 possint
3001 1354 3113 1415 htnc
3146 1363 3257 1416 ﬁeri
3281 1365 3461 1434 (Vsus.
3487 1366 3565 1436 9),
3585 1368 3803 1436 subjun—

2247 1450 2322 1518 git
2350 1449 2623 1513 Dominus,
2660 1450 2845 1503 dicens
2871 1467 2885 1502 ε

2318 1535 2475 1590 Vsus.
2510 1537 2592 1590 10.
2617 1566 2687 1578 -—
2718 1537 2793 1590 Tu
2825 1555 2877 1591 es
2900 1539 3141 1608 magister
3167 1542 3220 1592 iu
3246 1539 3433 1605 Israel,
3452 1553 3499 1596 et
3522 1545 3634 1596 lure
3652 1545 3802 1612 ἔσκο-
3842 1552 3848 1557 '

2250 1626 2375 1678 ras?
2396 1625 2509 1678 Non
2541 1629 2689 1695 quasi
2719 1628 2970 1682 insultare
3012 1628 3191 1681 volens
3218 1631 3266 1682 ei
3304 1632 3394 1698 qui
3422 1634 3675 1700 magister
3704 1648 3800 1684 vo-

597 1739 802 1782 renatus
832 1725 986 1792 fuerit
1014 1740 1077 1778 ea:
1096 1739 1230 1793 aqua
1253 1732 1300 1774 et
1328 1719 1547 1791 Spiritu,
1587 1738 1688 1774 non
1732 1731 1891 1790 potest
1936 1721 2147 1773 introire
2180 1720 2219 1774 li
2248 1722 2416 1776 cetur,
2469 1728 2588 1767 cum
2617 1716 2685 1768 sit
2726 1716 2941 1784 ignarus
2983 1727 3437 1773 sacramentorum
3465 1722 3798 1787 caelestium;

596 1818 649 1867 in
677 1830 885 1883 regnum
912 1812 1026 1866 Dei.
1056 1810 1218 1881 Cujus
1246 1809 1540 1863 nativitatis
1584 1808 1797 1861 modum
1826 1808 2150 1876 subsequen-

599 1916 679 1955 ter
727 1916 1017 1970 exponens,
1044 1910 1368 1967 prorsusque
1393 1912 1424 1948 a
1449 1894 1649 1950 carnali
1678 1894 2006 1964 distinguens
2031 1895 2107 1947 ait
2134 1912 2145 1946 :

597 1990 777 2055 (Vens.
808 1987 861 2055 6)
888 1985 1038 2051 Quod
1068 1996 1246 2039 natum
1273 1994 1345 2037 est
1368 2000 1435 2037 ea:
1455 2000 1635 2045 carne,
1666 1999 1787 2036 caro
1812 1993 1921 2048 est;
1942 1992 1989 2037 et
2013 1984 2150 2053 quod

599 2087 775 2131 mlunt
830 2086 903 2129 est
934 2093 997 2130 ea:
1032 2076 1256 2147 spiritu,
1305 2076 1517 2145 spiritus
1562 2084 1656 2129 est.
1683 2074 1882 2127 Natura
1930 2074 2149 2143 spiritus

598 2166 898 2230 invisibilis,
926 2166 1107 2221 carnis
1142 2174 1225 2219 est
1254 2165 1504 2230 visibilis;
1557 2172 1715 2233 atqtte
1770 2163 1891 2217 ideo
1925 2161 2152 2216 carnalis

598 2253 871 2323 generatio
917 2253 1196 2307 visibiliter
1223 2252 1627 2305 administratur
1654 2240 1947 2303 visibilibus
1974 2249 2150 2303 incre-

596 2346 807 2399 mentis.
835 2342 933 2408 Qui
964 2343 1016 2395 in
1039 2356 1203 2395 carne
1229 2340 1485 2403 nascitur,
1525 2354 1621 2409 per
1641 2348 1857 2393 tetatum
1883 2345 2150 2392 momenta

598 2431 834 2499 proﬁcit;
874 2429 1126 2499 spiritalis
1160 2428 1636 2500 autem'generatio
1658 2436 1770 2481 tota
1820 2425 2152 2481 invisibiliter

598 2522 790 2591 agitur.
821 2520 951 2574 Nam
980 2521 1185 2575 videtur
1210 2520 1420 2589 quidem
1445 2519 1743 2588 baptizatus
1760 2510 1957 2589 ⁸[Βεδιῂ
1978 2516 2151 2586 bapti-

598 2612 894 2683 zandus]:in
922 2609 1119 2665 fontem
1140 2610 1480 2672 descendere,
1498 2609 1708 2663 videtur
1733 2608 1885 2677 aquis
1904 2606 2149 2676 intingui,

601 2702 807 2755 videtur
840 2702 904 2755 de
946 2700 1100 2768 aquis
1147 2699 1463 2764 ascendere;
1496 2698 1586 2767 qui
1608 2706 1786 2752 autem
1813 2698 1864 2751 in
1895 2698 1984 2753 illo
2007 2696 2153 2751 lava-

598 2804 750 2843 crum
798 2787 1212 2859 regenerationis
1253 2787 1441 2857 egerit,
1487 2787 1704 2841 minime
1740 2793 1915 2858 potest
1959 2785 2146 2840 videri.

600 2878 723 2932 Sola
758 2886 933 2931 autem
984 2874 1171 2947 [Beda,
1198 2874 1306 2929 sola
1344 2872 1468 2944 hoc]
1500 2873 1732 2929 ﬁdelium
1766 2874 1943 2943 pietas
1981 2874 2148 2937 novit,

599 2970 993 3038 quiapeccator
1017 2967 1068 3019 in
1116 2963 1312 3018 fontem
1358 2963 1660 3026 descendit,
1692 2964 1785 3017 sed
1834 2963 2147 3030 puriﬁeatus

2249 1800 2339 1856 sed
2384 1803 2449 1853 ad
2477 1802 2787 1857 humilitatis
2827 1804 2971 1857 illum
2998 1806 3134 1858 viam
3178 1820 3491 1874 provocans,
3540 1810 3655 1862 sine
3696 1826 3803 1878 qua

2240 1891 2403 1959 janua
2434 1892 2667 1958 caelestis
2687 1908 2789 1946 non
2816 1903 2991 1962 potest
3017 1894 3267 1949 inveniri.

2317 1980 2476 2033 Vsus.
2520 1979 2601 2032 ιε.
2623 2010 2690 2020 —-
2712 1981 2770 2033 Si
2791 1991 2991 2034 terrena
3033 1982 3144 2034 dixi
3174 1984 3340 2045 vobis,
3370 1994 3417 2036 et
3445 2002 3545 2037 non
3571 1987 3802 2049 creditis,

2248 2068 2520 2137 quomodo,
2554 2069 2599 2119 si
2626 2068 2803 2119 dixero
2850 2069 2988 2121 robis
3015 2069 3266 2132 caelestia;
3288 2070 3542 2123 credetis?
3565 2072 3803 2125 Terrena

2250 2156 2353 2209 illis
2376 2156 2529 2219 dixit,
2545 2164 2602 2208 ut
2630 2156 2683 2208 in
2702 2156 2974 2223 superiore
3004 2156 3225 2224 Lectione
3253 2158 3571 2220 invenimus,
3592 2176 3717 2212 eum
3738 2161 3805 2213 de

2249 2243 2493 2311 passione
2522 2243 2665 2296 etde
2701 2244 3088 2297 resurrectione
3131 2245 3213 2297 sui
3257 2248 3523 2314 corporis,
3567 2248 3708 2315 quod
3738 2249 3803 2303 de

2251 2340 2392 2386 terra
2431 2339 2810 2399 assumpserat,
2852 2330 3160 2400 loqueretur
3198 2331 3414 2385 dicens:
3444 2332 3638 2387 Solvite
3678 2344 3790 2387 tens-

2248 2418 2392 2489 plunt
2416 2419 2532 2481 ltoc,
2561 2429 2606 2471 et
2640 2421 2693 2471 in
2721 2419 2884 2471 tribus
2913 2412 3089 2473 diebus
3120 2421 3351 2474 excitabo
3380 2422 3513 2473 illud
3536 2422 3714 2493 (Joan.
3740 2441 3804 2486 tt,

2252 2506 2361 2575 l9).
2397 2506 2509 2559 Non
2560 2514 2735 2560 tamen
2761 2508 3046 2560 credebant
3074 2509 3237 2561 verbo
3263 2509 3399 2577 quod
3428 2511 3578 2575 dixit,
3605 2513 3697 2564 sed
3737 2527 3800 2564 ne

2252 2594 2354 2647 hoc
2394 2594 2607 2661 quidem
2664 2594 2954 2664 intelligere
2994 2595 3239 2661 valebant
3293 2597 3481 2667 [Beda,
3509 2600 3800 2670 volebant],

2251 2685 2373 2754 quia
2406 2685 2602 2744 nonde
2628 2685 2751 2748 alio,
2775 2701 2932 2753 quam
2966 2686 3033 2739 de
3069 2687 3261 2756 templo
3289 2689 3526 2756 corporis
3547 2691 3627 2743 sui
3654 2690 3788 2744 dice-

2252 2782 2351 2826 ret.
2368 2772 2466 2838 Qui
2485 2788 2611 2842 ergo
2633 2782 2842 2828 terrena
2863 2774 3139 2827 audientes
3159 2790 3261 2828 non
3284 2776 3584 2843 capiebant,
3604 2786 3805 2844 quanto

2252 2863 2425 2917 minus
2454 2863 2520 2916 ad
2556 2862 2811 2926 coelestia,
2852 2863 2904 2915 id
2930 2870 3031 2925 est,
3059 2864 3247 2915 divina:
3274 2864 3629 2930 generationis
3652 2863 3805 2933 μὴ,

2253 2952 2690 3023 regenerationis]
2721 2954 2975 3020 capienda
3028 2954 3276 3022 mysteria
3302 2951 3600 3006 sulliciunt?
3645 2952 3805 3005 Addit

599 3032 855 3112 ascen—dit».
885 3053 1048 3107 Filius
1073 3050 1524 3121 przevaricationis
1560 3050 1852 3115 descendit,
1885 3050 1978 3104 sed
2006 3050 2144 3105 ﬁlius
2168 3032 2217 3103 .C
2249 3050 2425 3095 autem
2443 3041 2696 3095 Dominus
2721 3042 2913 3105 adhuc.
2943 3052 2993 3095 el
3011 3044 3075 3097 de
3101 3042 3405 3097 CtBleSlibllS
3426 3042 3806 3103 sacramentis.

600 3143 1041 3216 reconciliationis
1064 3142 1333 3204 ascendit;
1363 3140 1499 3193 ﬁlius
1519 3141 1707 3195 mortis
1733 3140 2023 3204 descendit,
2050 3143 2145 3197 sed

602 3235 741 3288 ﬁlius
762 3229 1165 3286 resurrectionis
1203 3227 1474 3292 ascendit;
1529 3227 1669 3281 ﬁlius
1718 3228 1812 3281 ira:
1854 3228 2145 3295 descendit,

602 3326 693 3380 sed
741 3321 880 3376 ﬁlius
920 3315 1301 3375 ntisericorditc
1342 3314 1607 3379 ascendit;
1650 3313 1788 3368 ﬁlius
1829 3316 2018 3370 diaboli
2061 3318 2151 3373 de-

602 3410 829 3472 scendit,
854 3407 956 3462 sed
998 3405 1135 3459 ﬁlius
1176 3402 1268 3458 Dei
1313 3401 1568 3458 ascendit.
1609 3402 1731 3457 Sola
1760 3405 1871 3457 haec
1912 3404 2148 3459 Ecclesia

605 3508 797 3561 mater,
832 3510 949 3565 qua:
994 3499 1233 3565 generat,
1275 3493 1440 3546 novit.
1482 3491 1764 3555 Caeterum,
1808 3493 1977 3548 oculis
2026 3494 2153 3548 insi-

602 3588 855 3656 pientium
881 3583 1094 3636 Videtur
1146 3580 1266 3633 talis
1309 3580 1455 3633 exire
1497 3579 1562 3632 de
1604 3571 1749 3633 fonte
1773 3581 1944 3649 qualis
1984 3582 2150 3635 intra-

605 3680 699 3741 vit,
755 3682 1029 3739 totumque
1076 3670 1233 3723 ludus
1274 3682 1393 3723 esse
1437 3668 1577 3736 quod
1636 3669 1827 3738 agitur.
1906 3670 2054 3726 Unde
2098 3672 2151 3743 in

607 3766 710 3819 ﬁne
760 3763 999 3815 videntes
1047 3758 1267 3828 gloriam
1324 3768 1626 3812 sanctorum
1671 3760 1849 3814 dicent
1887 3768 2155 3829 gementes

610 3858 660 3909 in
707 3852 986 3906 tormentis
1034 3848 1153 3901 :Ili
1204 3857 1343 3912 sunt,
1384 3864 1513 3918 quos
1555 3847 1835 3917 aliquando
1883 3849 2155 3902 habuimus

2248 3136 2301 3181 et
2336 3129 2399 3181 de
2448 3130 2674 3183 terrenis
2703 3131 2966 3182 instruere
3012 3146 3156 3193 eum,
3193 3145 3351 3199 quem
3377 3130 3507 3183 vidit
3534 3129 3803 3197 sapienter

2248 3231 2311 3269 ac
2361 3216 2633 3284 diligenter
2680 3218 2761 3271 his
2799 3233 2917 3285 quas
2971 3218 3153 3279 audit,
3205 3217 3502 3271 intendere.
3553 3216 3804 3269 Caelestis

2250 3320 2475 3374 namque
2517 3315 2601 3359 est
2646 3308 2884 3359 ascensio
2912 3306 3026 3372 ejus
3072 3308 3136 3358 ad
3177 3307 3333 3358 vitam
3382 3305 3803 3371 sempiternam;

2251 3403 2461 3447 terrena
2499 3408 2624 3447 vero
2651 3395 2899 3447 esaltatio
2927 3394 3041 3461 ejus
3070 3396 3133 3447 ad
3170 3402 3395 3448 mortem
3440 3394 3803 3462 temporalem.

2249 3483 2387 3537 Dicit
2410 3498 2536 3552 ergo
2563 3484 2625 3537 de
2656 3482 2957 3537 cmlestibus
2985 3501 2997 3535 :

2322 3580 2478 3633 Vens.
2512 3578 2758 3632 lli—Et
2786 3596 2933 3631 nemo
2977 3580 3203 3633 ascendit
3246 3581 3299 3632 in
3328 3579 3537 3641 caelum,
3577 3579 3677 3629 nisi
3718 3580 3809 3642 qui

2251 3670 2508 3722 descendit
2556 3670 2618 3723 de
2665 3669 2811 3731 calo,
2842 3668 3012 3723 Filius
3054 3670 3299 3730 hominis,
3343 3671 3529 3738 quiest
3565 3670 3617 3720 in
3657 3668 3801 3719 (tt-'0.

2253 3758 2532 3828 Subiungit
2559 3775 2685 3811 vero
2708 3759 2774 3811 de
2796 3759 3059 3811 terrenis:
3094 3758 3273 3828 (Vsus.
3311 3758 3394 3825 l4)
3426 3758 3487 3810 Et
3509 3762 3637 3810 sicut
3666 3758 3803 3826 Moy-

2252 3860 2329 3896 ses
2351 3843 2592 3897 exultavit
2612 3856 2892 3913 serpentem
2922 3846 2973 3897 in
2995 3846 3212 3910 deserto,
3244 3849 3315 3899 ita
3349 3848 3570 3900 exaltari
3610 3858 3804 3915 oportet

608 3946 661 3993 in
720 3940 944 3992 derisum
990 3948 1037 3991 et
1100 3938 1153 3989 in
1208 3935 1594 3988 similitudinem
1642 3935 1977 4003 improperii,
2031 3952 2158 4004 φαο-
2255 3929 2451 3983 Filium
2477 3933 2713 3985 hominis.
2756 3932 2942 3986 Merito
2967 3943 3141 3987 autem
3171 3936 3424 4003 qumritnr
3446 3936 3708 4003 quomodo
3728 3934 3802 3985 di-

608 4026 759 4079 modo
804 4023 1082 4092 computati
1121 4032 1239 4074 sunt
1284 4022 1418 4074 inter
1456 4020 1594 4089 ﬁlios
1636 4020 1733 4074 Dei
1776 4019 1943 4090 (Sap.
1980 4037 2035 4085 v,
2071 4021 2158 4091 3)?
2254 4030 2405 4074 catur
2426 4021 2588 4074 Filius
2618 4023 2865 4085 hominis,
2895 4022 2976 4075 vel
3003 4024 3337 4076 descendisse
3362 4024 3425 4077 de
3448 4023 3611 4085 caelo.
3638 4024 3805 4091 veleo

609 4111 889 4179 Apostolus
914 4108 1163 4171 Joannes,
1210 4108 1517 4171 charissimi,
1547 4108 1737 4176 inquit,
1766 4123 1901 4161 nunc
1941 4107 2038 4175 ﬁlii
2065 4107 2159 4160 Dei
2256 4114 2517 4177 tempore
2542 4124 2645 4176 quo
2689 4111 2801 4162 haec
2847 4111 2897 4162 in
2950 4118 3089 4163 terra
3136 4110 3469 4178 loquebatur,
3499 4109 3656 4180 492
3688 4112 3800 4178 jam

612 4215 806 4255 sumus,
832 4206 877 4249 et
905 4195 1129 4249 nondum
1164 4197 1399 4265 apparuit
1424 4194 1550 4265 quid
1573 4195 1765 4248 erimus
1806 4194 1858 4265 (Ι
1882 4194 2038 4247 Joan.
2077 4210 2158 4259 tu,

610 4292 685 4360 Ω).
705 4290 851 4353 Qtod
877 4303 1001 4357 ergo
1022 4296 1199 4340 natum
1227 4294 1310 4339 est
1334 4302 1397 4339 ex
1426 4286 1635 4355 spiritu,
1666 4286 1883 4354 spiritus
1908 4296 2020 4351 est;
2038 4286 2158 4354 quia

612 4383 700 4449 qui
730 4396 793 4434 ex
840 4394 977 4449 aqua
1018 4386 1073 4431 et
1111 4377 1309 4445 Spiritu
1348 4383 1712 4444 regeneratur,
1742 4374 2075 4428 invisibiliter
2104 4375 2155 4427 in

614 4483 808 4524 novum
829 4473 1062 4518 mutatur
1090 4464 1380 4524 hominem,
1407 4470 1462 4514 et
1487 4462 1551 4513 de
1570 4460 1768 4514 carnali
1801 4460 2029 4514 efﬁcitur
2054 4463 2161 4529 spi-

614 4557 799 4611 ritalis.
823 4554 921 4620 Qui
950 4553 1066 4607 ideo
1091 4560 1234 4606 recte
1257 4564 1358 4603 non
1388 4549 1559 4603 solum
1582 4549 1859 4615 spiritalis,
1886 4550 1977 4603 sed
1998 4559 2157 4602 etiam

616 4644 833 4710 spiritus
857 4650 1103 4704 vocatur;
1133 4640 1255 4709 quia
1291 4638 1429 4693 sicut
1451 4637 1745 4693 substantia
1774 4638 1991 4705 spiritus
2029 4637 2163 4691 invi-

617 4730 783 4781 sibilis
808 4735 889 4780 est
915 4728 1107 4779 nostris
1154 4726 1470 4794 aspectibus,
1502 4724 1573 4777 ita
1617 4723 1663 4777 is
1700 4724 1789 4792 qui
1815 4739 1908 4792 per
1934 4725 2159 4794 gratiam

620 4817 710 4870 Dei
741 4821 1041 4874 renovatur,
1077 4812 1409 4866 invisibiliter
1436 4812 1494 4863 ﬁt
1518 4811 1772 4880 spiritalis
1799 4819 1855 4864 et
1878 4810 1971 4869 Dei
1998 4810 2159 4874 lillus,

619 4921 739 4958 cum
770 4902 1044 4956 visibiliter
1072 4897 1314 4953 omnibus
1341 4914 1464 4952 caro
1488 4907 1545 4952 et
1568 4899 1706 4955 ﬁlius
1733 4900 1960 4953 hominis
1998 4913 2165 4969 appa-

624 5002 754 5047 reat.
786 4989 1036 5056 Sequitur
1061 5003 1073 5038 :

691 5079 847 5133 Vens.
882 5075 935 5136 7,
964 5076 1013 5128 8.
1041 5103 1107 5113 -
1133 5072 1252 5129 Non
1278 5074 1479 5124 mireris
1520 5072 1638 5141 quia
1666 5072 1776 5125 dixi
1816 5073 1927 5134 tibi,
1970 5082 2164 5143 oportet

622 5185 706 5222 vos
736 5164 877 5220 moi
899 5163 1087 5217 denuo.
1129 5161 1375 5228 Spiritus,
1412 5162 1496 5212 ubi
1526 5161 1650 5223 vult,
1680 5162 1861 5228 spirat,
1906 5170 1952 5211 et
1992 5177 2160 5212 vocem

623 5259 731 5327 ejus
776 5254 946 5315 audis,
973 5250 1059 5304 sed
1090 5267 1187 5302 non
1234 5251 1352 5311 scis,
1390 5252 1522 5301 unde
1549 5251 1735 5313 ueniat,
1761 5256 1809 5301 et
1839 5264 1938 5316 quo
1990 5250 2157 5301 vadat.

628 5348 709 5397 Sic
736 5356 805 5399 est
849 5346 1015 5397 amnis
1058 5344 1147 5409 qui
1173 5352 1321 5395 natus
1352 5353 1423 5395 est
1452 5358 1513 5396 ea:
1536 5341 1748 5410 Spiritu.
1799 5340 2049 5407 Spiritus,
2076 5341 2164 5393 ubi

627 5434 755 5494 vult,
800 5433 983 5501 spirat,
1011 5431 1131 5497 quia
1160 5430 1270 5497 ipse
1316 5427 1473 5480 habet
1499 5429 1549 5479 in
1573 5436 1850 5496 potestate,
1895 5426 2042 5493 cuius
2073 5442 2167 5478 cor

628 5521 793 5589 gratia
824 5536 931 5573 suae
960 5519 1273 5575 visitationis
1298 5517 1538 5568 illustret.
1577 5516 1639 5568 Et
1666 5534 1830 5569 rorem
1854 5518 1966 5585 ejus
1992 5517 2161 5578 audis,

2258 4196 2419 4251 fuisse
2450 4199 2500 4251 iu
2522 4198 2689 4251 caelo?
2712 4197 2841 4251 Nota
2872 4206 2957 4251 est
3004 4214 3231 4267 namque
3254 4198 3511 4251 confessio
3548 4199 3666 4252 ﬁdei
3708 4215 3802 4253 ca-

2260 4287 2489 4350 tholicaz,
2514 4288 2637 4355 quia
2663 4287 2990 4341 descendens
3027 4289 3092 4339 t‘e
3120 4288 3253 4341 cmlo
3274 4288 3436 4342 Filius
3468 4289 3582 4351 Dei,
3613 4290 3804 4345 Filium

2262 4376 2488 4429 hominis
2529 4378 2582 4429 in
2612 4387 2763 4430 utero
2809 4378 3051 4447 virginali
3095 4381 3345 4447 suscepit,
3392 4396 3617 4447 eumque
3662 4395 3806 4432 eom-

2260 4462 2395 4529 pleta
2419 4464 2806 4533 dispensatione
2829 4460 3090 4533 passionis
3116 4481 3225 4519 sitae
3242 4468 3575 4519 resuscitavit
3600 4482 3627 4518 a
3660 4483 3805 4519 mor-

2264 4549 2385 4612 tuis,
2414 4558 2468 4604 et
2491 4555 2843 4623 assumpsitin
2876 4555 3088 4608 malum.
3137 4554 3250 4606 Non
3288 4569 3415 4622 ergo
3443 4569 3568 4608 caro
3609 4555 3806 4609 Christi

2261 4641 2535 4696 descendit
2571 4643 2637 4696 de
2661 4645 2822 4706 emlo,
2868 4658 3038 4711 neque
3066 4650 3189 4697 ante
3230 4651 3432 4712 tempus
3480 4646 3809 4701 ascensionis

2260 4722 2450 4783 eratin
2470 4731 2622 4783 calo.
2656 4731 2719 4783 Et
2740 4748 2842 4798 qua
2865 4734 3069 4786 ratione
3086 4732 3281 4786 dicitur
3308 4751 3319 4785 :
3361 4732 3477 4785 Nisi
3493 4736 3579 4803 qui
3604 4734 3809 4784 descen-

2262 4818 2334 4869 dit
2361 4819 2424 4869 de
2449 4818 2593 4881 caelo,
2620 4817 2789 4872 Filius
2814 4822 3055 4884 hominis,
3081 4824 3168 4891 qui
3196 4832 3267 4875 est
3298 4824 3350 4874 in
3379 4822 3522 4882 coelo,
3551 4823 3651 4875 nisi
3682 4822 3804 4889 quia
3850 4876 3853 4887 γ

2262 4902 2453 4957 Christi
2483 4921 2702 4973 persona
2732 4924 2833 4960 una
2862 4918 2942 4961 est
2962 4948 2975 4972 ,
3015 4912 3066 4962 in
3096 4910 3298 4964 duabus
3320 4910 3552 4962 existens
3573 4910 3809 4961 naturis?

2264 5000 2419 5059 atque
2444 4994 2558 5049 ilco
2595 4994 2758 5047 Filius
2806 4997 3033 5048 hominis
3082 5007 3224 5050 recte
3258 4998 3471 5059 dicitur,
3496 5006 3547 5049 et
3585 4998 3803 5049 descen-

2266 5079 2405 5131 disse
2430 5080 2492 5133 de
2513 5081 2667 5141 cmlo.
2692 5090 2743 5134 et
2769 5091 2887 5135 ante
2908 5085 3205 5150 passionem
3236 5083 3395 5136 fuisse
3418 5084 3467 5137 in
3490 5084 3651 5147 cmlo;
3682 5088 3805 5151 quia

2267 5164 2402 5232 quod
2430 5166 2480 5220 ln
2510 5182 2604 5220 sua
2638 5176 2822 5221 natura
2868 5170 3063 5221 habere
3103 5184 3206 5221 non
3236 5170 3423 5237 potuit,
3450 5170 3550 5223 hoc
3592 5172 3642 5221 in
3674 5168 3807 5221 Filio

2273 5252 2383 5315 Dei,
2442 5270 2471 5305 a
2514 5270 2619 5322 quo
2672 5264 2972 5321 assumptus
3018 5264 3118 5317 est,
3167 5256 3365 5309 habuit.
3399 5256 3548 5309 Sicut
3593 5262 3808 5321 propter

2269 5342 2507 5396 eamdem
2554 5344 2709 5397 unius
2746 5342 2942 5395 Christi
2989 5358 3288 5409 personam,
3330 5358 3448 5411 quae
3492 5356 3557 5395 es
3604 5341 3807 5395 duabus

2269 5430 2448 5481 existit
2486 5430 2708 5490 naturis,
2740 5428 3022 5496 Apostolus
3052 5429 3162 5483 ait:
3204 5427 3302 5491 Vos
3349 5426 3570 5496 Spiritus
3601 5441 3806 5483 sanctus

2270 5517 2435 5584 posuit
2462 5518 2719 5584 episcopos
2750 5532 2917 5583 regere
2946 5515 3226 5570 Ecclesium
3255 5515 3371 5579 Dei,
3404 5532 3557 5585 quam
3587 5518 3803 5586 acquisi-
