4266 6198
370 402 462 461 78!

460 515 707 589 sanguine
758 528 850 567 suo
880 508 1015 581 (Act.
1057 500 1147 571 xx,
1176 504 1287 573 28).
1363 500 1543 568 Neque
1578 495 1719 549 enim
1765 491 1904 542 Deus
1935 487 1974 541 Α

368 608 423 667 in
450 623 543 665 sua
557 578 899 661 vsubstantia,
923 598 1017 651 sed
1057 596 1110 648 in
1156 590 1372 647 homine
1399 592 1671 650 assumpto
1698 578 1910 646 sangui-

369 708 531 759 nem,
574 688 663 755 ani
709 702 806 759 pro
861 681 1097 739 Ecclesia
1150 679 1457 732 funderetur
1504 669 1707 741 [Beda,
1756 678 1915 733 quem

374 756 659 852 funderet},
688 756 887 834 habuit.
920 775 1052 828 llinc
1080 771 1221 825 enim
1243 765 1526 852 Psalmista
1540 760 1669 812 dicit
1691 774 1703 808 ε
1731 756 1917 807 Ascen-

1160 382 1565 448 EXEGETICA.
1604 412 1671 422 —
1709 368 2060 433 COMMENT.
2096 365 2164 422 IN
2196 362 2382 421 JOAN.
2422 393 2490 403 -
2528 316 2650 415 ιιιι.
2686 358 2747 413 ιι.

2006 481 2185 549 plagas
2229 488 2283 530 et
2325 486 2523 529 mortes
2568 473 2935 541 plurimorum,
2985 478 3101 517 cum
3155 460 3442 514 clamarent
3485 459 3548 509 ad

2015 546 2248 635 Mei-seu,
2296 574 2349 616 et
2391 563 2475 615 ille
2504 570 2682 615 oraret
2709 572 2805 626 pro
2841 557 2939 616 eis,
2964 553 3120 618 jussit
3144 563 3263 603 eum
3306 546 3557 599 Dominus

2014 654 2190 708 facere
2234 661 2535 719 serpentem
2575 664 2800 709 mneum,
2831 655 2885 697 et
2913 660 3106 713 ponere
3135 656 3229 710 pro
3258 642 3424 707 signo.
3458 639 3559 701 Qui

2014 757 2305 810 percussus,
2346 739 2535 807 inquit,
2564 737 2816 803 aspexerit
2844 751 2978 796 eum,
3008 734 3149 785 rit-et.
3181 716 3243 783 Et
3271 731 3341 782 ita
3366 728 3561 781 factum

3444 337 3551 405 7.89.

377 820 1467 935 gn'};:i7;i;;v(p;j.avus).
1493 844 1764 912 Quomodo
1780 842 1917 895 enim
2017 837 2100 882 est
2129 825 2315 897 (Nam.
2364 826 2496 891 xxi).
2522 824 2677 892 Plaga
2718 822 2841 892 [Μδ.
2886 832 2932 873 et
2980 822 3142 882 Beda,
3168 820 3361 889 l‘lagml
3410 820 3567 885 igitur

382 965 519 1016 Deus
544 957 644 1011 nisi
688 956 741 1006 in
774 950 985 1005 homine
1014 943 1342 1003 ascenderet,
1366 938 1455 1007 qui
1495 937 1548 989 in
1585 948 1693 987 suae
1735 938 1921 982 natura

384 1044 675 1116 maiestatis
700 1052 907 1107 semper
934 1035 1126 1101 ubique
1147 1041 1379 1101 przesens
1408 1022 1591 1077 adest?
1614 1020 1719 1073 Sed
1745 1027 1799 1071 et
1826 1018 1925 1069 hoc

388 1136 723 1207 quaerendum
751 1141 831 1184 est
870 1124 1131 1196 quomodo
1158 1121 1352 1174 dictum
1383 1116 1471 1173 sit,
1499 1124 1545 1167 et
1576 1128 1720 1165 nemo
1753 1124 1927 1161 ascen-

384 1228 461 1279 dit
488 1226 543 1278 in
573 1222 773 1281 mlum,
803 1218 901 1270 nisi
925 1216 1010 1283 qui
1037 1208 1293 1265 descendit

382 1311 541 1365 electi
576 1324 635 1363 se
678 1305 938 1359 veraciter
966 1298 1230 1353 conﬁdant
1269 1304 1586 1346 ascensuros
1627 1289 1679 1340 in
1717 1284 1928 1345 emlum,

386 1396 729 1468 promittente
774 1391 873 1445 sibi
918 1387 1161 1447 Domino,
1191 1383 1336 1451 quia,
1362 1379 1447 1431 ubi
1472 1392 1565 1444 ego
1591 1390 1724 1433 sunt,
1754 1370 1860 1423 illic
1886 1378 1932 1420 et

390 1485 622 1537 minister
642 1496 780 1533 meus
808 1475 950 1529 erit?
988 1471 1149 1539 Cujus
1181 1480 1355 1522 tamen
1404 1465 1597 1517 nodum
1630 1457 1935 1528 qu:estionis

394 1568 727 1640 apertissima
753 1565 888 1617 ratio
916 1561 1092 1621 solvit,
1139 1557 1261 1626 quia
1290 1551 1533 1606 videlicet
1562 1549 1817 1601 mediator
1846 1544 1939 1597 Dei

394 1638 448 1714 et
472 1657 764 1716 hominum,
794 1654 951 1706 homo
996 1647 1235 1701 Christus
1282 1640 1458 1701 Jesus,
1488 1638 1775 1690 electorum
1822 1648 1938 1685 om-

397 1752 543 1804 nium
562 1754 721 1815 caput
744 1750 842 1797 est.
897 1742 1129 1804 itemque
1164 1746 1348 1787 omnes
1374 1729 1554 1790 electi,
1581 1724 1817 1791 ejusdem
1853 1736 1943 1773 ca-
1972 1782 1988 1815 ί

635 1794 784 1889 inbra
811 1820 955 1889 sunf,
984 1794 1190 1878 dicente
1210 1817 1458 1889 Apostolo
1481 1830 1496 1867 :
1523 1814 1587 1866 Et
1608 1815 1773 1881 ipsum
1800 1810 1938 1862 dedit
1972 1794 2014 1852 Β
2040 1802 2194 1855 simul
2220 1811 2273 1853 et
2310 1816 2499 1867 corpus
2524 1801 2590 1853 ad
2620 1800 2889 1853 interitum
2920 1803 3152 1865 trahunt,
3180 1804 3547 1872 exprimuntur
3570 1822 3584 1867 ;

396 1841 523 1909 pitis
548 1851 632 1891 me

399 1903 552 1995 caput
602 1937 755 1990 super
783 1918 954 1970 omnia
1005 1911 1249 1965 Ecclesia:
1278 1907 1399 1978 [δίε.
1441 1912 1495 1957 et
1537 1903 1700 1964 Beda,
1746 1914 1945 1953 omnem

406 1987 715 2079 Ecclesium]
764 2004 974 2074 (Ephes.
1012 2016 1059 2063 ι,
1088 1997 1200 2063 22).
1246 1996 1313 2048 Et
1354 2006 1566 2046 rursum
1607 2008 1619 2041 :
1666 1987 1760 2041 Vos
1814 1987 1951 2039 enim

404 2100 527 2151 estis
551 2073 734 2163 corpus
760 2073 948 2145 Christi
972 2097 1017 2140 et
1042 2083 1263 2138 membra
1284 2082 1346 2134 de
1368 2078 1591 2133 membro
1617 2076 1664 2146 (1
1708 2073 1825 2128 Cor.
1852 2089 1948 2134 xit,

409 2183 499 2254 27)
539 2160 703 2236 Nemo
726 2193 853 2247 ergo
872 2173 1108 2229 ascendit
1128 2173 1178 2224 in
1199 2168 1413 2229 eazlum,
1440 2166 1541 2219 nisi
1568 2164 1655 2232 qui
1685 2160 1954 2217 descendit

412 2251 644 2329 de'cmlo
704 2267 869 2321 Filius
892 2263 1142 2322 hominis,
1172 2260 1260 2326 qui
1302 2265 1385 2310 est
1420 2256 1471 2308 in
1498 2253 1663 2315 cmlo;
1689 2251 1828 2319 quod
1874 2262 1955 2303 ess

414 2369 598 2431 aperte
622 2358 797 2413 dicere
830 2372 843 2405 :
869 2352 1033 2405 Nemo
1058 2347 1296 2402 ascendit
1328 2345 1379 2421 in
1409 2344 1625 2405 emlum,
1656 2342 1755 2395 nisi
1803 2339 1954 2393 Chri-

416 2430 531 2507 stus
557 2452 608 2503 in
631 2458 856 2515 corpore
881 2457 1000 2503 suo,
1030 2438 1168 2506 quod
1195 2444 1276 2489 est
1301 2432 1560 2493 Ecclesia,
1591 2431 1681 2499 qui
1706 2431 1755 2483 in
1784 2430 1958 2496 seipse

418 2540 631 2609 quidem
668 2536 895 2604 primum
935 2524 1275 2583 cernentibus
1297 2521 1568 2590 apostolis,
1594 2518 1958 2572 eminentiori-

416 2630 516 2683 bus
558 2626 805 2679 nimirum
854 2614 1103 2671 membris
1129 2612 1259 2674 suis,
1297 2608 1553 2671 ascendit,
1598 2614 1651 2659 et
1674 2605 1862 2659 exinde
1907 2605 1960 2657 in

420 2715 675 2771 membris
700 2711 810 2766 suis
836 2704 1068 2776 quotidie
1094 2700 1384 2755 ascendens
1415 2712 1473 2750 se
1509 2695 1705 2764 colligit
1746 2694 1800 2747 in
1851 2708 1961 2747 co:-

420 2804 548 2857 lum.
600 2800 733 2853 lline
758 2804 839 2849 est
865 2793 1003 2846 enim
1032 2788 1172 2857 quod
1218 2786 1389 2854 ipsum
1432 2796 1626 2851 corpus
1663 2781 1798 2848 ejus,
1824 2782 1964 2833 intra

424 2894 645 2947 adversa
683 2883 958 2956 praisentis
995 2876 1170 2933 s:eculi
1210 2874 1594 2944 deprehensum
1632 2870 1887 2939 gloriatur
1913 2876 1968 2923 et

426 2981 555 3035 dicit
581 2996 594 3031 :
638 2974 787 3029 Nune
834 2979 1003 3023 autem
1044 2963 1286 3019 exultavit
1314 2969 1464 3029 caput
1493 2976 1661 3012 meum
1684 2974 1837 3027 super
1863 2958 1964 3009 ini-

2020 918 2345 986 serpentiutn
2376 916 2681 983 ignitorum,
2726 926 2924 965 venena
2955 919 3097 973 sunt,
3124 920 3178 963 et
3201 910 3464 963 incentiva
3494 924 3570 960 γι·-

2025 1008 2239 1067 tiorum,
2282 993 2399 1072 quai
2429 1005 2660 1055 animam
2704 1018 2862 1069 quam
2901 1010 3121 1068 tangtmt
3142 1000 3377 1068 spiritali
3404 1008 3571 1051 morte

2024 1095 2308 1163 perimunt.
2340 1093 2404 1147 Et
2431 1092 2564 1145 bene
2593 1106 2927 1143 murmurans
2965 1099 3147 1143 contra
3176 1090 3451 1142 Dominum
3483 1105 3575 1156 po-

1321 1206 1383 1258 άε
1411 1203 1557 1265 mlo,
1595 1215 1714 1254 cum
1746 1208 1931 1250 omnes
2029 1182 2182 1250 pulus
2208 1183 2529 1249 serpentium
2552 1179 2814 1231 morsibus
2842 1179 3195 1241 sternebatur,
3220 1188 3277 1229 ut
3300 1194 3364 1231 ex
3392 1180 3578 1231 ordine

2030 1270 2220 1339 ﬂagelli
2266 1269 2545 1321 exterioris
2590 1276 2897 1335 agnosceret
2943 1275 3194 1332 quantam
3231 1267 3372 1321 intus
3398 1268 3576 1335 perni-

2034 1357 2167 1409 ciem
2199 1355 2577 1407 murmurando
2620 1363 2908 1420 pateretur.
2942 1354 3202 1406 Exaltatio
3244 1364 3417 1407 autem
3470 1370 3578 1408 ser-

2036 1445 2209 1513 pentis
2228 1444 2382 1505 :enei,
2407 1458 2562 1509 quem
2588 1444 2709 1494 dum
2731 1444 2967 1510 percussi
2994 1444 3311 1509 aspicerent,
3329 1445 3583 1497 sanaban-

2040 1542 2146 1596 tur,
2175 1534 2350 1600 passio
2375 1542 2458 1585 est
2488 1531 2650 1584 nostri
2682 1532 3047 1599 Redemptoris
3070 1534 3119 1585 in
3144 1550 3324 1595 cruce,
3356 1537 3405 1587 in
3434 1535 3583 1602 cujus

2040 1622 2206 1674 solum
2236 1620 2504 1691 ﬁdea93
2536 1635 2750 1689 regnum
2775 1621 2959 1673 mortis
2987 1630 3039 1674 et
3060 1624 3258 1688 peccati
3285 1634 3581 1691 superatur.

2044 1712 2207 1765 Recte
2244 1713 2438 1764 etenim
2467 1726 2561 1778 per
2607 1720 2881 1779 serpentes
2929 1722 3163 1779 peccata,
3192 1728 3308 1780 qua:
3354 1715 3585 1767 animam

2045 1907 2149 1946 non
2196 1891 2364 1944 solum
2413 1890 2535 1958 quia
2573 1889 2743 1958 igniti,
2784 1890 2906 1957 quia
2943 1891 3207 1952 virulenti,
3255 1893 3377 1960 quia
3409 1894 3473 1946 ad
3503 1910 3592 1961 pc-

2046 1982 2343 2034 rimendum
2387 1989 2509 2032 sunt
2548 1979 2741 2041 astuti,
2790 1994 2973 2032 verum
3014 1981 3172 2033 etiam
3200 1982 3321 2049 quia
3348 1996 3443 2049 per
3486 1997 3595 2035 ser-

2048 2079 2257 2138 pentem
2274 2070 2430 2137 primi
2448 2077 2699 2137 parentes
2715 2068 2882 2121 nostri
2906 2069 2973 2121 ad
2988 2070 3310 2137 peccandum
3333 2071 3593 2139 persuasi,

2049 2177 2113 2215 ac
2136 2161 2202 2213 de
2232 2156 2621 2214 immortalibus
2656 2164 2781 2211 sunt
2817 2158 3086 2225 peccando
3113 2158 3364 2212 mortales
3401 2159 3596 2213 effecti.

2051 2250 2214 2303 Recte
2234 2262 2330 2317 per
2350 2256 2651 2313 serpentem
2672 2259 2876 2298 aeneum
2899 2245 3151 2299 Dominus
3170 2247 3485 2312 ostenditur,
3508 2250 3598 2316 qui

2051 2339 2197 2392 venit
2241 2338 2295 2390 in
2342 2335 2740 2389 similitudinem
2787 2332 2971 2403 [Beda,
3019 2332 3379 2405 similitudine]
3427 2338 3601 2389 carnis

2055 2435 2258 2498 peccati
2291 2444 2303 2479 :
2344 2426 2465 2494 quia
2511 2425 2650 2478 sicut
2676 2438 2855 2477 aeneus
2883 2438 3099 2491 serpens
3124 2423 3346 2493 elligiem
3391 2426 3603 2493 quidem

2060 2522 2237 2591 ignitis
2286 2517 2620 2586 serpentibus
2665 2515 2915 2578 similem,
2945 2517 3037 2569 sed
3067 2516 3268 2570 nullum
3296 2533 3511 2586 prorsus
3554 2519 3606 2573 in

2058 2612 2171 2681 suis
2197 2608 2449 2663 membris
2478 2606 2663 2660 habuit
2690 2606 2933 2659 arderem
2972 2606 3160 2658 veneni
3190 2608 3457 2671 nocentis;
3483 2608 3609 2677 quin

2062 2701 2241 2770 potius
2288 2710 2570 2767 percussos
2597 2710 2627 2748 a
2654 2694 3013 2763 serpentibus,
3044 2710 3138 2749 sua
3183 2696 3502 2752 exaltatione
3526 2714 3608 2753 sa-

2063 2791 2225 2844 nabat
2253 2805 2265 2840 :
2292 2787 2370 2841 sic
2396 2786 2668 2849 nimirum,
2696 2786 2773 2838 sic
2800 2785 3119 2854 Redemptor
3144 2788 3357 2841 humani
3386 2770 3613 2861 generis,

2062 2895 2169 2934 non
2194 2891 2409 2932 carnem
2437 2874 2661 2943 peccati,
2690 2873 2781 2927 sed
2812 2874 3214 2929 similitudinem
3242 2876 3411 2929 induit
3438 2878 3614 2931 carnis

2066 2964 2293 3035 peccati,
2318 2964 2382 3020 in.
2411 2977 2513 3031 qua
2545 2970 2769 3015 mortem
2814 2962 2989 3017 erucis
3022 2964 3292 3031 patiendo,
3340 2966 3615 3021 credentes

428 3070 584 3122 πιίεοε
604 3057 937 3156 πιεοξυῖτίξι·
968 3071 1113 3156 ξξνῖρ
1135 3052 1210 3156 β)-
1233 3050 1310 3103 Ac
1333 3050 1377 3103 εί
1400 3046 1837 3156 Ρξίεῐξξθξιάίωῑε
1867 3046 1966 3110 QUi
1992 3092 2042 3156 ο
2070 3054 2122 3106 in
2153 3065 2213 3105 se
2252 3052 2320 3105 ab
2343 3050 2485 3104 omni
2513 3057 2732 3119 peccato
2763 3057 2817 3102 et
2851 3049 2919 3103 ab
2956 3042 3067 3117 ipsa
3092 3050 3253 3104 etiam
3286 3063 3454 3107 morte
3491 3054 3613 3109 libe-

427 3158 657 3211 occisum
686 3167 715 3204 a
744 3148 937 3203 inducis
976 3144 1267 3203 Christum,
1307 3146 1465 3206 caput
1506 3136 1751 3191 videlicet
1792 3151 1969 3191 meum

429 3240 705 3317 suscitavit
744 3254 773 3290 a
808 3233 1048 3294 mortuis,
1073 3246 1135 3283 ae
1164 3228 1430 3281 frustratis
1452 3224 1695 3279 omnibus
1737 3224 1976 3277 inimico-

432 3314 547 3389 rum
571 3330 791 3390 insidiis,
814 3323 1103 3379 sublevavit
1133 3321 1184 3373 in
1204 3318 1418 3379 cmlum,
1463 3328 1618 3383 spero
1666 3312 1852 3383 [quod]
1892 3327 1978 3366 me

433 3429 591 3481 etiam
638 3422 703 3475 de
749 3416 1094 3488 prxsentibus
1137 3408 1389 3479 periculis
1422 3421 1636 3467 eruens,
1669 3419 1787 3459 meo
1814 3404 1977 3471 capiti

431 3518 617 3587 jungat
634 3514 687 3565 in
708 3522 869 3577 regno
898 3518 1011 3557 suo.
1038 3502 1169 3565 Quia
1198 3512 1324 3566 ergo
1353 3510 1506 3549 nemo
1532 3492 1767 3547 ascendit
1800 3491 1851 3545 in
1874 3501 1981 3544 cm-

438 3578 569 3663 lurn,
597 3600 697 3653 nisi
723 3596 811 3663 qui
840 3590 1111 3645 descendit
1142 3587 1213 3655 Vde
1258 3584 1412 3647 casio,
1439 3580 1678 3649 quisquis
1709 3581 1761 3632 in
1791 3578 1980 3631 caelum

440 3662 727 3744 ascendere
742 3662 1032 3737 desiderat,
1052 3675 1099 3726 ei
1125 3673 1214 3741 qui
1242 3672 1304 3724 de
1330 3669 1465 3723 caelo
1484 3668 1755 3721 descendit
1778 3674 1831 3719 et
1855 3662 1981 3735 [est]

442 3779 495 3831 in
516 3774 669 3833 ctelo,
691 3784 747 3823 se
766 3780 891 3821 vera
913 3762 1031 3816 ﬁdei
1050 3768 1103 3813 et
1130 3756 1421 3813 dilectionis
1451 3755 1656 3807 unitate
1672 3751 1981 3820 conjungat;

446 3875 623 3935 aperte
646 3852 940 3927 intelligens
963 3854 1086 3923 quia
1108 3849 1248 3904 nullo
1269 3847 1371 3901 alio
1391 3846 1596 3907 ordine,
1623 3843 1720 3897 nisi
1744 3858 1838 3911 per
1865 3857 1987 3895 eum

447 3960 538 4027 qui
585 3952 855 4009 descendit
903 3950 969 4001 de
1009 3945 1164 4007 cmlo,
1191 3950 1366 4011 potest
1386 3941 1669 3994 ascendere
1698 3940 1749 3993 in
1773 3939 1985 3993 cadum.

450 4024 599 4102 Unde
615 4042 746 4095 alias
774 4050 881 4105 ipse
908 4034 1069 4088 dicit:
1099 4027 1261 4083 Nemo
1289 4030 1417 4081 venit
1446 4029 1513 4079 ad
1541 4024 1749 4079 Patrem
1781 4028 1879 4079 nisi
1902 4045 1993 4096 per

450 4152 548 4188 me.
578 4130 699 4184 llam
725 4126 844 4180 ideo
871 4120 1155 4175 Nicodemo
1181 4123 1233 4169 et
1259 4112 1410 4184 [Ms.,
1430 4112 1533 4182 vel]
1561 4113 1769 4165 cunctis
1806 4111 1994 4166 dicun-

452 4234 538 4276 tur
558 4210 970 4273 catecbumenis,
998 4214 1057 4259 ut
1081 4204 1285 4257 discant
1304 4200 1420 4269 ejus
1441 4198 1692 4253 membris
1719 4211 1995 4252 renascen.

454 4313 521 4364 do
560 4301 906 4373 incorporari,
943 4312 1039 4367 per
1071 4289 1228 4363 quem
1272 4290 1473 4360 possint
1512 4289 1795 4343 ascendere
1825 4290 1877 4342 in
1907 4305 1991 4342 re-

456 4413 613 4468 gnum
634 4395 745 4447 Dei.
770 4392 835 4443 Et
859 4387 979 4455 quia
1009 4382 1249 4437 ascensio
1274 4378 1355 4432 vel
1391 4380 1657 4448 ingressus
1686 4377 1834 4445 regni
1878 4375 1991 4428 ﬁeri

457 4464 561 4542 non
602 4490 772 4553 potest
837 4479 1034 4543 absque
1082 4472 1184 4525 ﬁde
1230 4478 1284 4522 et
1326 4468 1673 4521 sacramentis
1713 4464 1996 4518 Dominicte

457 4570 739 4643 passionis,
786 4572 929 4618 recte
975 4559 1198 4613 infertur
1239 4573 1252 4607 :

460 4639 528 4712 in
574 4665 845 4723 serpentem
865 4654 919 4705 in
957 4650 1176 4707 deserto,
1202 4644 1273 4696 ita
1316 4640 1535 4695 exaltari
1563 4650 1753 4708 oportet
1800 4639 1996 4693 Filium

463 4743 700 4798 hominis.

532 4833 689 4886 Vsus.
718 4823 971 4880 i5.—Ut
1019 4842 1180 4880 omnis
1225 4823 1310 4893 qui
1356 4820 1513 4873 credit
1562 4836 1615 4872 in
1662 4834 1847 4887 ipsum,
1899 4833 1998 4869 non

463 4929 651 4991 pereat,
700 4914 784 4968 sed
826 4910 1006 4963 habeat
1052 4912 1204 4962 vitam
1246 4918 1506 4960 (sternam.
1555 4905 1683 4958 Mira
1711 4904 1999 4973 magisterii

465 5009 697 5065 cmlestis
740 5011 851 5057 arte
898 4997 1150 5051 Dominus
1202 4997 1510 5064 magistrum
1569 4992 1698 5059 legis
1761 4993 1999 5045 Mosaiea:

468 5098 531 5150 ad
572 5093 858 5163 spiritalem
886 5088 1013 5155 legis
1057 5082 1291 5149 ejusdem
1315 5097 1525 5134 sensum
1558 5081 1775 5142 inducit,
1827 5094 2002 5132 recor-

467 5190 598 5241 dans
646 5182 875 5237 historia:
910 5176 1125 5237 veteris,
1163 5180 1215 5225 et
1239 5172 1375 5223 hanc
1404 5172 1453 5223 in
1486 5171 1706 5239 ﬁguram
1748 5188 1854 5225 sua:
1881 5186 2001 5239 pas-

468 5276 629 5331 sionis
664 5279 820 5340 atque
844 5270 1084 5321 humanae
1111 5259 1411 5316 salvationis
1450 5256 1641 5312 factam
1680 5261 1995 5315 edisserens.

470 5363 659 5450 Nalrrat
708 5351 1073 5450 quippe-liber
1098 5350 1467 5407 Numerorum,
1505 5347 1625 5412 quia
1659 5357 1916 5414 pertaesus
1950 5351 2000 5403 in

469 5433 648 5503 eremo
673 5444 893 5517 populus
910 5438 1071 5494 lsrael
1097 5437 1304 5495 itineris
1327 5435 1465 5503 longi
1494 5450 1557 5487 ac
1592 5433 1808 5498 laboris,
1855 5452 1999 5490 mur-

472 5540 699 5592 muravit
721 5546 907 5590 natura
935 5530 1211 5587 Dominum
1235 5532 1288 5576 et
1310 5525 1550 5593 Moysen;
1582 5526 1804 5593 ideoque
1824 5526 2001 5581 Domi-

474 5644 570 5677 nus
593 5626 865 5679 immiserit
891 5629 946 5678 ln
974 5621 1117 5676 illum
1159 5615 1347 5684 ίδηίῐοδ
1370 5623 1663 5691 ωτρρηιεεν
1692 5616 1754 5667 ad
1776 5630 1999 5682 quorum

1302 4553 1367 4606 Et
1411 4555 1542 4606 sicut
1572 4552 1772 4621 Moyses
1800 4553 2017 4607 exalta-,

2072 3148 2236 3193 raret.
2269 3136 2412 3192 Sicut
2438 3152 2557 3205 ergo
2578 3135 2781 3204 Moyses
2807 3136 3048 3190 exultavit
3072 3148 3352 3200 serpentem
3381 3142 3433 3192 in
3452 3141 3629 3194 deser-

2073 3239 2147 3291 to,
2173 3229 2244 3280 ita
2271 3224 2484 3296 [inquit]
2508 3223 2745 3283 exaltari
2769 3235 2965 3293 oportet
2998 3222 3193 3278 Filium
3220 3226 3460 3281 hominis.
3487 3228 3620 3294 Quia

2074 3318 2213 3371 sicut
2238 3316 2315 3369 illi
2343 3315 2432 3384 qui
2459 3314 2747 3367 exaltatum
2786 3329 2883 3381 pro
2915 3314 3065 3382 signo
3091 3325 3388 3384 serpentem
3420 3332 3621 3371 aureum

2078 3404 2759 3477 aspiciebant,sanabantur
2784 3406 2850 3457 ad
2878 3414 3085 3473 tempus
3108 3420 3135 3457 a
3160 3408 3431 3475 temporali
3459 3418 3622 3463 morte

2078 3506 2131 3549 et
2160 3494 2310 3563 plaga
2339 3506 2497 3559 quam
2536 3491 2857 3559 serpentium
2904 3507 3111 3545 morsus
3139 3493 3409 3557 intulerat,
3460 3496 3529 3548 ita
3576 3505 3633 3549 et

2080 3585 2169 3653 qui
2198 3584 2507 3653 mysterium
2550 3582 2834 3636 Dominica:
2860 3584 3119 3651 passionis
3144 3583 3423 3646 credendo,
3465 3586 3623 3641 cdnﬁ-

2085 3674 2259 3736 tendo,
2307 3671 2586 3726 sinceriter
2632 3671 2887 3724 imitando
2937 3672 3237 3739 aspiciunt,
3283 3673 3550 3726 salvantur
3579 3675 3628 3730 in

2084 3770 2393 3832 perpetuum
2422 3760 2489 3813 ab
2510 3758 2654 3813 omni
2681 3767 2871 3821 morte,
2900 3773 3058 3825 quam
3090 3760 3357 3825 peccando
3384 3760 3435 3813 in
3460 3762 3630 3832 anima

2086 3851 2285 3919 pariter
2313 3858 2369 3902 et
2410 3860 2570 3901 carne
2615 3819 3013 3901 contraxerant.
3058 3819 3207 3899 [inde
3249 3856 3392 3903 recte
3421 3819 3640 3918 suljnn:

2089 3943 2265 4011 gitur:
2294 3937 2358 3992 Ut
2387 3938 2550 3991 omnis
2574 3937 2661 4007 qui
2699 3936 2858 3989 credit
2910 3936 2961 3987 in
2992 3936 3158 4003 ipsum
3204 3920 3384 4006 [Beda,
3419 3940 3472 3991 in
3502 3941 3625 4009 ipso.

2091 4046 2191 4081 non
2214 4036 2408 4097 pereat,
2437 4025 2525 4078 sed
2546 4022 2726 4076 habeat
2756 4025 2909 4075 vitam
2930 4033 3193 4077 a'ternam.
3224 4022 3384 4091 Cujus
3425 4027 3633 4092 quidem

2093 4117 2237 4169 verbi
2263 4123 2407 4183 patet
2435 4128 2652 4175 sensus;
2680 4110 2802 4179 quia
2831 4112 2920 4177 qui
2943 4111 3109 4164 credit
3135 4112 3185 4165 in
3213 4110 3502 4176 Christum,
3533 4131 3637 4167 non

2093 4204 2261 4258 salum
2308 4200 2658 4271 perditionem
2704 4196 2879 4252 evadit
2928 4212 3237 4265 prunarum,
3266 4199 3355 4253 sed
3386 4209 3439 4252 et
3478 4201 3639 4254 vitam

2093 4292 2315 4362 percipit
2358 4299 2631 4344 :eternatn.
2689 4288 2755 4340 Et
2796 4287 2896 4340 hoc
2941 4288 3077 4340 inter
3116 4287 3337 4355 ﬁguram
3386 4290 3545 4343 distat
3585 4301 3635 4344 et

2021 4405 2071 4463 ο
2096 4383 2393 4442 veritatem,
2426 4378 2547 4447 quia
2574 4392 2668 4447 per
2692 4376 2832 4429 illam
2862 4376 2966 4429 vita
2992 4376 3283 4444 protelatur
3309 4375 3493 4449 [Beda,
3517 4394 3636 4448 pro-

2100 4467 2381 4540 telabatur]
2433 4465 2755 4536 temporalis,
2794 4479 2889 4533 per
2936 4466 3074 4519 hanc
3117 4467 3222 4519 vita
3264 4464 3490 4520 donatur
3527 4469 3640 4523 sine

2100 4560 2203 4637 ﬁne
2245 4571 2511 4611 mansura.
2547 4553 2650 4607 Sed
2699 4554 2989 4607 curandum
3028 4554 3249 4608 solerter
3292 4563 3391 4619 est,
3419 4565 3475 4608 ut
3500 4558 3634 4625 qno'l

2100 4647 2396 4701 intellectus
2435 4646 2568 4697 bene
2599 4644 2779 4704 sentit,
2817 4644 3056 4711 operatio
3081 4644 3334 4711 condigna
3381 4644 3635 4711 perﬁciat,

2098 4742 2357 4802 quatenus
2383 4730 2645 4787 confessio
2669 4738 2827 4784 rectm
2862 4740 3054 4783 nostra:
3091 4730 3230 4791 ﬁdei,
3263 4732 3345 4798 pie
3372 4740 3426 4785 et
3467 4734 3643 4787 sobrio

2099 4820 2474 4879 conversando,
2512 4819 2576 4871 ad
2610 4815 2983 4884 perfectionem
3013 4816 3195 4888 [Beda,
3242 4819 3306 4871 ad
3352 4822 3641 4887 ρει-ρει)ιὶος

2100 4911 2241 4983 nem]
2258 4912 2528 4981 promissa!
2554 4910 2704 4963 nobis
2724 4908 2845 4961 vita:
2866 4918 3131 4962 mereatur
3154 4910 3427 4979 attingere.
3448 4912 3639 4966 Verum

2100 5005 2223 5071 quia
2256 5004 2367 5056 haec
2402 5001 2465 5054 de
2490 5000 2624 5054 Filio
2654 4999 2882 5053 hominis
2920 4999 3185 5059 dicuntur,
3232 5001 3319 5067 qui
3342 4999 3561 5052 exaltari
3590 5002 3639 5053 in

2100 5103 2275 5149 cruce,
2305 5094 2356 5139 et
2378 5094 2598 5139 mortem
2624 5088 2793 5153 potuit
2823 5086 2951 5154 pati,
2991 5101 3055 5139 ne
3080 5094 3290 5155 putaret
3328 5085 3642 5142 Nieodemns

2101 5178 2289 5230 Filium
2338 5182 2541 5231 tantum
2583 5190 2703 5228 eum
2735 5175 2963 5227 hominis
2991 5189 3131 5235 esse,
3157 5189 3187 5225 a
3220 5190 3327 5243 quo
3370 5176 3475 5229 vita
3505 5187 3645 5231 esset

2101 5265 2449 5334 exspectanda
2476 5271 2745 5333 perpetua,
2788 5261 2991 5313 curavit
3019 5262 3064 5313 ei
3097 5260 3351 5317 Dominus
3379 5265 3534 5318 etiam
3561 5266 3641 5317 di-

2102 5355 2338 5409 vinitatis
2360 5366 2466 5405 sua:
2501 5349 2801 5419 patefacere
2843 5359 3252 5415 sacramentum,
3296 5361 3561 5419 unumque
3591 5363 3645 5406 et

2101 5441 2341 5495 eumdem
2370 5439 2555 5492 Filium
2581 5436 2767 5503 Mt
2790 5437 2977 5491 Filium
3014 5439 3240 5494 hominis
3265 5441 3441 5494 mandi
3467 5448 3645 5496 osten-

2102 5532 2226 5583 dere
2245 5526 2579 5581 salvatorem.
2608 5525 2737 5578 Nam
2762 5528 2998 5591 sequitur
3024 5545 3033 5576 :

2174 5620 2329 5693 Vens.
2365 5616 2443 5668 l6.
2481 5645 2548 5654 —
2588 5615 2679 5669 Sic
2718 5618 2847 5668 enim
2885 5612 3059 5666 dilexit
3112 5616 3247 5669 Deus
3297 5633 3363 5670 ηις
3389 5619 3560 5671 mium.
3588 5629 3644 5674 ut
