4152 6198
325 388 427 444 783

874 382 878 385 Α
990 432 993 433 ν
1104 384 1509 443 EXECETICA.
1547 417 1615 426 -—
1650 386 1998 442 COLHIENT.
2039 386 2104 440 ΙΝ
2140 386 2330 442 JOAN.
2372 418 2439 428 —
2477 386 2605 443 LIB.
2643 386 2705 443 Π.

3406 393 3507 451 786

285 524 289 527 Α
391 519 507 557 cum
534 501 723 556 habere
743 502 901 554 vitam
924 511 1188 555 mumm,
1209 500 1376 571 Super
1400 501 1721 555 incredula";
1745 518 1863 556 vero
1893 507 1938 558 Α
1962 510 2215 549 enarrare
2244 496 2573 565 mysterium.
2607 496 2843 551 Audistis
2893 495 3251 553 testimonium
3301 515 3505 567 meum;

388 576 525 626 iram
553 588 758 626 manere
793 573 1081 640 conﬁrmat.

393 690 553 743 Vsus.
571 688 734 742 23.——
747 686 878 739 Erat
889 695 1058 738 autem
1073 684 1299 738 Joannes
1320 684 1584 744 baptisans
1602 682 1655 734 in
1670 679 1865 742 zEnon,

324 778 471 845 iuxta
498 775 664 829 Satin.
688 774 859 828 Locus
882 773 1095 842 quidem
1119 770 1341 842 [ἕπονταί
1365 769 1510 825 lacus
1533 767 1780 838 quidam]
1803 782 1869 820 ex

323 865 537 919 nomine
560 862 889 932 intelligitur,
908 861 1030 927 quia
1042 874 1192 927 aqua:
1212 859 1389 911 multa:
1406 864 1560 911 erant
1587 856 1678 925 ibi.
1694 854 1870 908 :Euon

316 955 471 1023 juxta
488 952 653 1006 Saiim
668 952 814 1006 locus
827 959 929 1014 est,
945 950 1033 1014 ubi
1046 948 1351 1017 baptizabat
1361 946 1615 1009 Joannes,
1625 953 1683 1003 et
1694 952 1872 997 osten-

322 1042 470 1096 ditur
488 1056 631 1094 nunc
652 1054 816 1108 usque
834 1036 1002 1101 locus,
1018 1039 1069 1091 in
1090 1046 1279 1091 octavo
1299 1036 1472 1105 lapide
1495 1032 1654 1104 ωε
1685 1031 1870 1101 Scyto—

323 1131 506 1199 poleos
565 1130 632 1183 ad
678 1128 958 1183 meridiem
982 1165 998 1191 ,
1041 1126 1194 1194 juxta
1243 1125 1423 1178 Salim-
1461 1131 1519 1176 et
1562 1119 1866 1174 Jordanem.

322 1221 509 1287 (Vsus.
539 1218 651 1286 Ἃ.)
689 1216 934 1269 Nondum
969 1216 1101 1269 enim
1136 1214 1321 1266 missus
1356 1211 1523 1279 fuerat
1561 1208 1789 1262 Joannes
1817 1207 1871 1258 in

323 1324 599 1361 carcerem.
628 1306 804 1373 Quare
827 1305 1129 1374 baptizabat
1147 1298 1410 1356 Joannes?
1440 1298 1572 1364 Quia
1594 1297 1872 1365 Oportebat

324 1405 386 1450 ut
407 1396 766 1464 baptizaretur
788 1394 1061 1447 Dominus.
1091 1391 1266 1456 Quare
1293 1390 1571 1459 Oportebat
1596 1396 1656 1440 ut
1690 1385 1870 1439 Domi-

323 1500 426 1537 nus
449 1482 845 1551 baptizaretur?
890 1481 967 1535 Ne
995 1481 1188 1549 aliquis
1216 1494 1405 1549 magna
1452 1478 1576 1531 licet
1619 1474 1870 1543 praeditus

320 1574 490 1644 gratia
513 1572 593 1627 vel
612 1580 892 1641 potestate,
916 1578 1282 1626 contemneret
1299 1568 1582 1637 baptizari.
1614 1567 1729 1634 lpse
1763 1566 1868 1619 Do-

323 1662 501 1716 minus
522 1676 626 1715 non
649 1662 970 1729 contempsit
989 1660 1237 1728 baptismi
1259 1666 1670 1720 sacramentum,
1687 1671 1873 1725 quam—

326 1753 405 1806 vis
441 1752 495 1805 in
535 1751 623 1805 illo
652 1765 755 1804 non
787 1758 929 1804 esset
965 1750 1106 1817 quod
1131 1750 1474 1802 mundaretur
1503 1749 1555 1801 in
1586 1748 1870 1815 baptismo,

1965 584 2166 639 credite
2189 585 2490 639 testimonio
2507 584 2975 640 meo.Concurrite
3002 588 3068 641 ad
3097 587 3262 652 illum,
3280 591 3333 644 iu
3361 593 3514 661 cujus

1964 671 2228 739 baptismo
2258 680 2363 749 ‘est
2412 672 2654 725 remissio
2705 684 3049 741 peccatorum
3123 676 3228 730 iste
3277 675 3511 734 Joannes
3596 671 3603 676 ⁴

1969 765 2128 811 tanta:
2150 759 2485 813 auctoritatis
2510 760 2832 826 habebatur,
2863 772 2922 814 ut
2950 778 2980 815 a
3027 764 3223 833 populo
3265 763 3510 821 Christus

1965 856 2270 916 putaretur;
2301 850 2395 902 sed
2423 849 2510 903 ille
2537 848 2727 903 falsum
2749 852 2951 918 respuit
2986 853 3263 919 honorem,
3288 863 3355 908 ut
3382 855 3510 910 soli-

1966 934 2088 989 dam
2113 936 2372 1004 potuisset
2401 937 2601 991 habere
2626 939 2922 993 veritatem.
2952 939 3133 995 Noluit
3158 943 3224 996 de
3243 958 3301 998 se
3310 944 3516 1014 jactare

1968 1024 2109 1094 quod
2134 1038 2238 1078 non
2262 1023 2381 1088 fuit,
2411 1038 2479 1077 ne
2503 1025 2619 1079 sine
2642 1040 2707 1080 eo
2732 1036 2873 1082 esset
2896 1028 2986 1097 qui
3013 1044 3225 1099 semper
3247 1030 3363 1084 fuit.

2038 1111 2197 1166 Vsus.
2226 1111 2315 1165 29.
2336 1140 2405 1151 -—
2431 1112 2533 1177 Qui
2566 1113 2714 1166 liabet
2743 1131 3005 1183 sponsam,
3027 1134 3246 1186 sponsus
3276 1128 3368 1172 est.
3406 1120 3522 1190 Ego

1968 1211 2073 1251 non
2098 1212 2214 1251 sum
2239 1213 2482 1267 sponsus.
2531 1200 2634 1254 Sed
2673 1202 2801 1268 quid
2840 1205 2997 1256 sum?
3046 1206 3265 1259 Amicus
3315 1209 3515 1276 sponsi,

1968 1290 2202 1360 gaudens
2215 1291 2268 1344 in
2286 1307 2469 1346 vocem
2493 1292 2650 1346 illius.
2666 1293 2797 1358 Quis
2813 1304 2895 1348 est
2918 1298 3179 1363 sponsus?
3207 1298 3300 1351 llle
3322 1298 3387 1352 dc
3408 1314 3517 1366 quo

1968 1382 2189 1434 dicitur:
2204 1382 2313 1435 Rea:
2325 1384 2489 1435 omnis
2501 1392 2651 1437 terra:
2664 1384 2803 1437 Deus
2816 1400 2837 1448 ;
2854 1393 2902 1437 et
2914 1385 3200 1439 adorabunt
3213 1403 3329 1440 eum
3342 1403 3519 1441 omnes

1969 1484 2109 1538 reges
2136 1478 2305 1534 terre,
2336 1486 2509 1523 omnes
2537 1482 2709 1540 gentes
2736 1474 2954 1526 servient
2977 1475 3025 1527 ei
3058 1473 3517 1546 (Psal.t.ut,ll).

1966 1555 2057 1610 ille
2082 1570 2307 1625 sponsus
2334 1572 2524 1621 verus;
2576 1574 2770 1627 sponsa
2809 1575 2935 1614 vero
2960 1571 3145 1617 sancta
3173 1564 3426 1629 Ecclesia,
3454 1582 3520 1620 ex

1968 1645 2215 1700 omnibus
2240 1655 2563 1716 congregata
2577 1648 2840 1716 gentibus,
2868 1650 2932 1702 de
2962 1664 3065 1717 qua
3091 1651 3375 1719 Apostolus
3402 1654 3478 1706 ait
3501 1668 3519 1706 :

1970 1735 2284 1805 Desponsavi
2324 1753 2412 1789 vos
2457 1739 2548 1790 uni
2596 1739 2723 1799 viro,
2758 1739 3001 1807 virginem
3047 1750 3243 1792 castam
3285 1742 3520 1796 exhibere

323 1840 414 1907 qui
458 1838 660 1894 nullum
689 1839 872 1891 habuit
910 1844 1207 1907 peccatum,
1230 1835 1370 1904 quod
1411 1836 1765 1890 dimitteretur
1817 1835 1870 1888 in
1906 1836 1947 1893 Β
1972 1823 2175 1907 Christo
2206 1826 2289 1897 (11
2325 1825 2445 1879 Cor.
2478 1843 2550 1891 XI.
2580 1827 2655 1897 2).
2695 1829 2856 1898 Virgo
2878 1837 3033 1883 estet
3060 1845 3309 1898 sponsum
3338 1832 3518 1895 habet,

324 1930 572 1999 baptismi
596 1929 824 1982 lavacro.
851 1928 1157 1996 Baptizatus
1178 1936 1260 1981 est
1288 1941 1317 1979 a
1344 1915 1873 1989 sert‘o'Dominusme

325 2032 515 2071 servus
571 2016 780 2070 Domini
839 2016 1158 2085 baptismum
1206 2022 1585 2069 contemneret.
1630 2012 1872 2075 Nondum

326 2105 463 2157 enim
483 2105 668 2157 missus
694 2104 864 2172 fuerat
880 2104 1110 2158 Joannes
1132 2105 1185 2157 in
1200 2119 1474 2157 carcerem.
1492 2098 1612 2156 ideo
1630 2104 1729 2155 hoc
1742 2102 1876 2155 dixit

326 2194 670 2262 evangelista,
700 2202 758 2247 ut
799 2194 1187 2265 intelligeretur
1219 2193 1373 2265 [hac
1399 2190 1720 2262 miraculi],
1756 2206 1874 2259 qua:

328 2288 452 2335 ante
477 2282 665 2350 posuit,
689 2284 863 2349 primo
890 2298 1030 2336 amto
1055 2284 1308 2337 doctrina:
1333 2282 1537 2335 Domini
1564 2281 1729 2334 nostri
1751 2278 1873 2333 Jesu

326 2372 542 2437 Christi,
556 2389 673 2443 quae
686 2376 968 2443 incipiebat
980 2391 1010 2428 a
1024 2376 1283 2443 baptismo
1300 2389 1413 2437 suo,
1426 2382 1542 2427 acta
1556 2388 1674 2427 esse
1692 2389 1705 2436 ;
1723 2371 1875 2438 cujus

327 2464 451 2517 anni
467 2472 631 2534 gesta,
646 2466 871 2519 maxime
884 2466 1013 2519 alios
1031 2466 1286 2519 intellexit
1311 2465 1660 2534 evangelistas
1677 2474 1870 2517 tacere.

396 2554 559 2608 Vsus.
587 2554 675 2607 25.
704 2584 775 2594 -—
791 2553 959 2608 Facta
984 2565 1057 2608 est
1084 2566 1253 2609 autem
1279 2556 1495 2623 qutrstio
1519 2570 1582 2607 ea:
1608 2552 1874 2623 discipulis

322 2644 545 2698 Joannis
575 2661 691 2697 cum
717 2645 918 2698 luditis
954 2645 1017 2698 de
1041 2645 1421 2713 puriﬁcatione.
1467 2643 1712 2697 Zelantes
1750 2657 1876 2696 vero

325 2732 566 2803 discipuli
593 2734 811 2788 Joannis
839 2735 1169 2802 magistrum,
1197 2733 1320 2802 quia
1362 2732 1543 2799 plures
1587 2732 1875 2787 audiebant

325 2834 645 2876 concurrere
668 2820 732 2875 ad
757 2821 1017 2889 baptisma
1042 2819 1239 2898 Christi
1265 2860 1279 2883 ,
1304 2828 1358 2874 et
1387 2820 1634 2889 puerei-re
1664 2819 1875 2875 Judzco's

327 2907 590 2976 baptismo
604 2906 822 2962 Joannis
840 2910 1160 2977 baptismum
1180 2908 1396 2973 Christi,
1416 2910 1486 2961 ita
1511 2918 1569 2961 ut
1591 2910 1874 2963 novissime

329 3007 546 3051 ventum
570 3006 652 3052 est
674 2998 741 3052 ad
761 2998 932 3066 ipsum
955 2996 1213 3053 Joannem
1228 3038 1244 3063 ,
1268 3008 1326 3053 ut
1354 2998 1583 3053 solveret
1620 3000 1869 3066 quaestio-

329 3098 449 3137 nem
478 3098 637 3151 quam
662 3084 962 3139 habuerunt
986 3084 1229 3155 discipuli
1253 3087 1394 3140 illius
1414 3102 1535 3140 cum
1569 3085 1785 3151 Judaeis,
1808 3088 1872 3142 de

1973 1900 2091 1982 qui
2121 1915 2355 1983 quotidie
2380 1925 2598 1983 generat
2636 1925 2689 1969 et
2734 1918 2881 1986 virgo
2921 1933 3173 1987 perpetua
3216 1930 3515 1988 permanet.

1972 2004 2259 2071 Virginitas
2280 2005 2395 2057 haec
2419 2005 2696 2074 integritas
2719 2015 2800 2059 est
2828 2008 3049 2071 mentis,
3077 2008 3355 2061 citat-italis
3392 2022 3517 2075 per-

1970 2091 2148 2156 fectio,
2165 2094 2343 2146 unitas
2361 2094 2635 2146 catholicae
2654 2095 2797 2158 fidei,
2812 2097 2958 2164 pacis
2976 2099 3281 2162 concordia,
3300 2098 3521 2152 castitas

1973 2180 2027 2233 in
2052 2180 2213 2234 corde
2241 2187 2295 2233 et
2313 2180 2523 2244 anima;
2553 2182 2677 2249 quia
2708 2182 2839 2233 nilnl
2864 2182 3004 2235 valet
3035 2186 3276 2253 corporis
3301 2186 3522 2239 castitas

1972 2270 2087 2323 sine
2133 2268 2408 2322 catholica:
2458 2267 2578 2321 iidei
2624 2269 2958 2337 integritate;
3003 2269 3154 2337 cujus
3203 2268 3439 2340 virginis.
3468 2271 3523 2325 id

1971 2366 2075 2422 est,
2101 2348 2418 2411 universalis
2464 2357 2736 2423 Ecclesiae,
2765 2357 2921 2411 amici
2969 2367 3094 2412 sunt
3145 2357 3371 2426 pmdica
3397 2372 3520 2411 ores

1972 2448 2291 2516 evangelica:
2332 2447 2590 2500 veritatis.
2640 2447 2708 2500 Et
2758 2446 2874 2501 ideo
2933 2445 3063 2500 dicit
3113 2444 3215 2500 iste
3260 2444 3517 2507 Joannes,

1973 2538 2167 2588 amicus
2188 2536 2362 2602 sponsi
2388 2548 2406 2585 :
2432 2534 2535 2599 Qui
2570 2544 2673 2588 stat
2706 2544 2757 2587 et
2776 2537 2945 2597 audit,
2972 2534 3164 2603 gaudio
3189 2534 3374 2603 gaudet
3400 2549 3518 2603 pro-

1972 2632 2084 2689 pter
2105 2636 2276 2675 vocem
2308 2624 2501 2690 sponsi.
2539 2621 2658 2676 Stat
2682 2622 2845 2687 enim,
2873 2623 2963 2692 qui
2993 2623 3047 2674 in
3083 2620 3184 2674 llde
3212 2629 3357 2677 recta
3397 2636 3521 2690 per-

1974 2721 2171 2777 manet,
2197 2722 2251 2767 et
2297 2712 2436 2780 quod
2477 2709 2667 2773 credit,
2698 2709 2969 2781 praedicat.
3023 2728 3042 2759 ι
3088 2722 3115 2749 ι
3159 2708 3337 2776 Quare
3380 2714 3520 2764 stat?

1972 2797 2107 2862 Quia
2132 2814 2237 2853 non
2264 2798 2426 2851 cadit.
2450 2797 2627 2864 Quare
2649 2812 2752 2851 non
2790 2796 2967 2850 cadit?
3004 2796 3137 2863 Quia
3166 2797 3379 2852 humilis
3417 2808 3517 2853 cst.

1970 2884 2075 2938 Iste
2102 2896 2401 2953 prtecursor
2437 2881 2644 2937 Domini
2675 2884 2727 2935 in
2763 2876 2931 2935 solida
2976 2892 3127 2951 petra
3177 2887 3368 2950 stabat,
3398 2887 3519 2939 dum

1971 2974 2088 3026 ait:
2115 2970 2229 3026 Non
2260 2985 2379 3025 sum
2401 2984 2502 3038 ego
2524 2966 2799 3031 Christus,
2834 2985 2936 3023 non
2974 2986 3093 3024 sum
3132 2986 3233 3039 ego
3269 2988 3515 3040 sponsus,

1973 3066 2067 3119 sed
2114 3062 2317 3117 amicus
2368 3061 2565 3132 sponsi.
2612 3057 2711 3124 Qui
2758 3060 2979 3131 gloriam
3025 3062 3165 3115 illius
3208 3067 3400 3133 ιιιιωιιὶι
3423 3070 3515 3134 qui

329 3130 648 3227 discrelione
673 3174 812 3228 inter
851 3130 1173 3242 baptismum
1214 3176 1411 3229 Christi
1449 3184 1505 3229 et
1556 3130 1873 3245 baptismum
1897 3130 1946 3198 Ο
1977 3152 2125 3245 Mi?“
2174 3165 2317 3217 Mt
2358 3152 2552 3245 mem?
2598 3164 2704 3203 ¹¹⁰¹¹
2751 3151 2912 3245 cf‘dn’
2941 3151 3132 3245 ⁶¹¹Ῡ¹ίί⁰
3172 3161 3296 3216 sm"
3329 3154 3521 3209 mem“

325 3258 568 3324 Joannis,
597 3270 649 3315 et
674 3262 923 3315 dixerunt
942 3264 989 3316 ei
1021 3281 1034 3314 :

402 3350 558 3405 Vens.
582 3350 669 3403 26.
685 3350 950 3417 --Rabbi,
966 3352 1053 3420 qui
1075 3342 1183 3405 erat
1211 3363 1375 3406 tecum
1398 3364 1542 3423 trans
1574 3351 1872 3416 Iordanem,

327 3441 412 3493 cui
450 3450 506 3493 tu
555 3432 899 3494 testimonium
935 3442 1257 3508 perhibuisti,
1285 3458 1398 3496 ecce
1433 3442 1517 3493 hic
1562 3440 1875 3509 ὑμνήκασι

328 3546 503 3583 omnes
533 3532 738 3584 veniunt
764 3530 832 3582 ad
856 3546 990 3583 eum.
1008 3530 1167 3595 Quasi
1190 3529 1523 3600 indignantes
1543 3529 1684 3597 quod
1699 3530 1877 3597 plures

328 3618 601 3672 venissent
640 3620 707 3672 ad
749 3619 1067 3687 baptismum
1110 3618 1329 3680 Christi,
1358 3617 1606 3671 dixerunt
1641 3637 1655 3671 :
1689 3616 1876 3671 Omnes

328 3705 536 3757 veniunt
574 3706 641 3757 ad
676 3722 810 3769 eum,
837 3714 885 3759 et
929 3714 978 3759 te
999 3706 1302 3766 dimittunt,
1325 3705 1446 3758 dum
1475 3714 1565 3757 tuo
1613 3705 1876 3774 baptismo

330 3791 632 3856 baptizatus
649 3800 733 3846 est
753 3792 860 3856 ille,
883 3793 949 3846 ad
977 3793 1127 3862 cujus
1156 3793 1475 3863 baptismum
1504 3807 1690 3848 omnes
1718 3795 1876 3850 modo

330 3884 679 3929 concurrunt.

402 3964 559 4018 Vens.
583 3964 671 4017 27.
694 3995 765 4005 —
787 3964 1061 4037 Respondit
1088 3968 1318 4023 Joannes
1348 3980 1393 4024 et
1418 3972 1549 4025 dixit
1579 3987 1599 4025 :
1642 3972 1763 4027 Non
1782 3990 1877 4042 po-

328 4058 426 4103 test
460 4050 612 4105 Itomo
648 4053 879 4123 accipere
903 4055 1203 4125 quidquam,
1230 4056 1329 4110 nisi
1351 4057 1504 4125 fuerit
1527 4060 1575 4113 ei
1609 4060 1787 4115 datum
1810 4062 1884 4125 de

329 4137 474 4192 calo.
514 4139 622 4195 Vos
659 4142 788 4195 mihi
830 4144 1190 4198 testimonium
1226 4146 1536 4214 perhibetis,
1563 4151 1703 4218 quod
1731 4151 1877 4205 dixe-

330 4229 433 4281 rim
462 4244 475 4280 :
512 4226 631 4282 Non
654 4242 769 4284 sum
787 4246 879 4301 ego
899 4229 1153 4287 Christus.
1183 4233 1241 4288 Si
1269 4249 1387 4289 meo
1413 4237 1713 4293 testimonio
1757 4254 1877 4293 cre-

292 4318 295 4319 ⁷
329 4316 476 4391 ditis,
505 4319 697 4373 scitote
724 4336 809 4373 me
846 4338 951 4376 non
995 4337 1113 4377 esse
1152 4323 1444 4387 Christum,
1467 4328 1560 4379 sed
1601 4324 1777 4391 illum;
1822 4336 1877 4382 et

1970 3240 2119 3295 audit
2138 3255 2320 3295 vocem
2349 3238 2546 3308 sponsi,
2569 3250 2623 3294 et
2644 3239 2838 3308 gaudio
2870 3240 3063 3309 gaudet
3087 3250 3304 3309 propter
3334 3258 3517 3299 vocem
3541 3258 3545 3262 ’

1973 3330 2171 3397 sponsi.
2218 3348 2235 3379 ι
2278 3328 2394 3381 Vos
2428 3342 2556 3395 ergo
2587 3329 2767 3398 sponsi
2813 3338 2893 3382 est
2934 3342 2947 3380 :
2996 3328 3094 3392 Ite,
3134 3330 3307 3385 docete
3348 3349 3520 3385 omnes

1972 3426 2158 3483 gentes,
2188 3414 2503 3481 baptisantes
2545 3430 2629 3466 eos
2667 3416 2721 3466 in
2767 3416 2970 3468 nomine
3006 3399 3201 3482 Patris,
3227 3429 3273 3471 et
3306 3417 3451 3485 Filii,
3474 3430 3519 3473 et

1973 3500 2197 3569 Spiritus
2218 3501 2403 3553 sancti.
2421 3501 2585 3570 496
2608 3519 2625 3549 ι
2652 3502 2678 3539 b
2698 3501 2985 3556 Confessus
3011 3514 3093 3558 est
3117 3522 3243 3576 ergo
3267 3507 3517 3572 Joannes,

1972 3586 2110 3640 sicut
2137 3589 2381 3655 superius
2409 3588 2651 3649 audistis,
2677 3588 2799 3655 quia
2829 3604 2931 3640 non
2955 3605 3071 3642 sum
3108 3608 3197 3660 ego
3232 3593 3469 3648 Christus
3501 3611 3518 3646 :

1954 3680 2096 3747 quia
2121 3694 2241 3733 cum
2267 3678 2550 3746 discipulos
2576 3679 2769 3733 multos
2809 3680 3004 3735 faceret
3030 3681 3200 3745 Jesus,
3232 3695 3285 3737 et
3316 3688 3521 3754 perfer-

1976 3780 2122 3822 retur
2146 3769 2212 3821 ad
2229 3768 2555 3831 eum,veluti
2603 3766 2703 3839 [ut]
2753 3770 3111 3839 iustigaretur,
3148 3775 3299 3840 quasi
3344 3776 3522 3831 invido
3634 3788 3637 3789 '

1974 3857 2117 3911 enim
2141 3855 2687 3909 narraverunt:Ecce
2716 3856 2803 3910 ille
2844 3857 2971 3925 facit
3020 3858 3191 3927 plures
3238 3862 3520 3931 discipulos

1972 3960 2130 4014 quam
2149 3953 2225 4009 tu,
2250 3944 2339 3999 ille
2363 3943 2636 3998 cotilessus
2667 3953 2749 3999 est
2773 3945 2900 4017 quid
2925 3958 3087 4012 esset,
3108 3958 3161 4001 et
3182 3948 3304 4004 inde
3330 3957 3523 4008 meruit

1974 4033 2239 4100 pertinere
2263 4032 2331 4085 ad
2374 4046 2517 4095 eum,
2544 4032 2667 4101 quia
2715 4046 2821 4087 non
2869 4042 2951 4089 est
3003 4051 3165 4090 ausus
3218 4052 3277 4091 se
3323 4040 3520 4103 dicere,

1974 4123 2115 4192 quod
2150 4131 2234 4176 est
2260 4122 2366 4176 ille.
2411 4121 2524 4176 Hoc
2560 4136 2690 4191 ergo
2734 4124 2864 4177 dicit
2899 4123 3149 4190 Joannes,
3187 4129 3309 4183 Non
3361 4142 3522 4199 potest

1974 4211 2125 4263 homo
2138 4205 2366 4278 decipere
2387 4210 2690 4280 quidquam,
2712 4213 2813 4265 nisi
2838 4211 2995 4279 fuerit
3020 4217 3068 4268 ei
3088 4216 3267 4270 datum
3288 4218 3351 4274 de
3376 4222 3518 4273 carlo.

1974 4298 2113 4367 Ergo
2134 4298 2377 4353 Christus
2404 4298 2560 4367 [dat],
2585 4299 2743 4351 homo
2761 4300 2979 4369 accipit.

332 4403 475 4458 illius
496 4398 822 4475 baptismum
855 4412 1049 4465 essein
1077 4427 1182 4479 quo
1222 4421 1306 4467 est
1356 4416 1598 4470 remissio
1637 4427 1877 4485 peccato-

2045 4405 2204 4458 Vsns.
2233 4405 2323 4469 28,
2345 4404 2433 4459 29.
2462 4434 2527 4444 --
2550 4404 2664 4474 Ipsi
2687 4411 2775 4458 vas
2802 4406 2929 4459 mihi
2967 4408 3312 4464 testimonium
3353 4416 3523 4491 perhi-

332 4503 451 4543 rum
478 4500 533 4545 et
561 4492 791 4562 Spiritus
814 4506 1035 4554 sanetus
1058 4500 1242 4563 datur;
1292 4516 1396 4554 non
1450 4516 1625 4556 meum
1672 4504 1724 4557 in
1770 4520 1875 4575 quo

1977 4493 2119 4551 betis,
2141 4492 2278 4561 quod
2302 4492 2523 4547 dixerim
2544 4507 2563 4543 :
2584 4493 2697 4562 Ego
2718 4510 2819 4547 non
2836 4510 2949 4547 sum
2977 4493 3246 4563 Christus;
3286 4502 3375 4553 sed
3399 4509 3518 4571 quia

334 4583 701 4637 tantummodo
725 4586 1029 4653 pauitantia
1067 4587 1311 4653 dabatur,
1339 4598 1393 4643 ει
1426 4591 1560 4645 ﬁdes
1594 4592 1650 4645 ῑη
1674 4607 1793 4647 eum
1824 4595 1874 4648 in
1978 4583 2161 4634 missus
2201 4598 2315 4634 sum
2360 4590 2477 4636 ante
2521 4582 2685 4635 illum.
2720 4583 2821 4646 Qui
2848 4584 2995 4638 habet
3020 4602 3277 4653 sponsam,
3305 4608 3519 4661 sponsus

332 4680 440 4733 quo
468 4665 616 4736 [Μεη
649 4673 714 4724 de
736 4674 863 4745 quo]
888 4678 1270 4744 querimoniam
1308 4695 1446 4735 nunc
1482 4680 1707 4736 habetis.
1756 4678 1877 4738 Νοη
1975 4680 2080 4735 est,
2119 4671 2316 4723 amicus
2363 4676 2541 4724 autem
2568 4674 2759 4739 sponsi,
2781 4674 2868 4742 qui
2895 4684 2994 4727 stat
3040 4685 3089 4728 et
3126 4680 3272 4731 audit
3311 4697 3446 4747 eum,
3475 4694 3521 4735 et

332 4761 493 4819 potest
517 4754 666 4809 homo
692 4759 888 4827 aliquid
915 4768 1159 4839 accipere,
1187 4769 1287 4821 nisi
1318 4768 1475 4837 fuerit
1498 4770 1575 4824 illi
1601 4771 1779 4826 datum
1814 4760 1877 4829 de

1975 4761 2165 4831 gaudio
2184 4758 2372 4831 gaudet
2400 4769 2605 4831 propter
2621 4776 2790 4814 vocem
2809 4764 3001 4831 sponsi.
3018 4764 3133 4821 Non
3150 4769 3251 4823 sibi
3274 4771 3517 4839 gaudium

334 4840 479 4894 cclo.
522 4842 868 4901 Ministerium
910 4852 1091 4929 accepi
1136 4856 1276 4922 quod
1304 4857 1431 4909 mihi
1457 4858 1638 4912 datum
1683 4859 1781 4914 fuit
1815 4862 1879 4915 de
1977 4851 2105 4905 facit
2129 4852 2195 4906 de
2233 4865 2309 4905 δε.
2335 4850 2435 4917 Qui
2458 4852 2571 4903 vult
2599 4850 2828 4925 gaudere
2853 4854 2918 4908 de
2942 4870 3021 4921 se.
3052 4857 3219 4912 tristis
3244 4860 3375 4924 erit;
3429 4876 3512 4930 qu

335 4931 491 4984 cmlo.
518 4931 698 4987 Pramo
724 4949 859 4999 sum,
886 4936 973 4990 ille
992 4934 1184 5004 iudex;
1232 4955 1330 5011 ego
1356 4953 1559 5009 servus,
1585 4946 1673 5001 ille
1698 4948 1877 5003 Domi-

1976 4952 2154 4995 autem
2190 4942 2256 4995 de
2295 4941 2404 4995 Deo
2432 4940 2542 4994 vult
2580 4940 2829 5009 gaudere,
2860 4957 3072 5012 semper
3096 4946 3370 5013 gaudebit,
3395 4949 3506 5014 quis

335 5023 585 5085 nus;ille
604 5041 848 5095 sponsus,
872 5043 971 5098 ego
992 5032 1196 5086 amicus
1223 5034 1423 5100 sponsi.
1478 5034 1637 5088 Illum
1683 5047 1876 5105 oportet
1977 5029 2115 5085 Deus
2144 5031 2495 5099 sempiternus
2515 5038 2615 5084 est.
2664 5030 2756 5083 Vis
2808 5030 2979 5102 [ergo]
3031 5034 3226 5087 habere
3268 5035 3519 5103 gaudium

334 5122 579 5174 crescere,
597 5130 675 5166 me
694 5124 865 5170 autem
886 5117 1068 5171 minui.
1092 5118 1376 5173 Veniebam
1403 5122 1477 5175 illi
1506 5123 1873 5195 viam-parare,

335 5210 441 5249 non
460 5210 545 5250 me
568 5201 821 5257 exaltare.
851 5205 965 5275 Ego
991 5222 1088 5259 vos:
1110 5206 1399 5272 clamantis,
1421 5209 1508 5263 ille
1539 5212 1764 5265 Verbum
1789 5224 1878 5281 pa-

335 5284 454 5339 tris.
509 5285 612 5350 Qui
644 5297 763 5355 post
806 5309 887 5346 nte
930 5295 1086 5358 venit,
1116 5286 1233 5348 ante
1274 5312 1354 5350 me
1387 5298 1554 5366 (actus
1580 5308 1673 5365 est,
1701 5301 1754 5355 id
1771 5310 1873 5365 est,

336 5370 593 5440 dignitate
617 5374 865 5444 palatus
887 5389 971 5433 est
1000 5382 1148 5434 mihi.
1185 5379 1346 5451 Cujus
1370 5399 1460 5453 ego
1499 5402 1601 5439 non
1638 5390 1764 5441 surn'
1797 5388 1876 5439 di-

336 5473 467 5527 gnus
490 5463 765 5532 corrigiam
791 5464 1121 5521 calceamenti
1148 5467 1304 5541 [ejus]
1333 5470 1546 5536 solvere,
1562 5474 1616 5529 id
1650 5484 1755 5539 est,
1782 5491 1876 5530 na-

340 5544 560 5603 tivitatis
596 5551 735 5607 illius
752 5554 844 5622 qui
875 5570 940 5608 es
969 5556 1172 5625 virgine
1195 5566 1351 5612 natus
1372 5563 1512 5615 venit
1543 5563 1593 5615 in
1626 5564 1873 5618 mundum

413 5666 440 5697 ι
476 5658 701 5717 Sanctus
727 5663 1045 5733 Augustinus
1077 5664 1177 5718 loc.
1204 5666 1292 5718 cit.
1326 5683 1467 5721 nunt.
1503 5670 1581 5722 l2.

1976 5119 2392 5191 sempiternum?
2420 5118 2619 5171 inbuere
2640 5116 2713 5170 illi
2734 5119 2825 5185 qui
2852 5121 3203 5187 sempiternus
3220 5129 3318 5172 est.
3337 5120 3517 5178 Talem

1975 5224 2035 5264 se
2062 5211 2198 5265 dixit
2219 5209 2471 5265 Joannes.
2488 5206 2708 5276 Propter
2725 5226 2896 5263 vocent
2922 5213 3097 5279 sponsi
3113 5211 3300 5281 gaudet
3321 5214 3517 5267 amicus

1974 5300 2168 5366 sponsi,
2194 5298 2291 5361 ait,
2311 5310 2429 5351 non
2443 5302 2659 5365 propter
2679 5310 2863 5351 vocem
2884 5312 3066 5361 suam;
3100 5307 3149 5351 et
3184 5307 3284 5351 stat
3304 5308 3352 5351 et
3371 5302 3518 5353 audit

1974 5401 2088 5437 eum
2123 5398 2144 5435 :
2188 5386 2235 5441 si
2279 5398 2408 5452 ergo
2433 5383 2609 5446 cadit,
2628 5398 2732 5437 non
2756 5386 2902 5438 audit
2928 5402 3068 5440 eum.
3106 5386 3181 5441 De
3210 5386 3301 5441 illo
3330 5386 3517 5462 [enim]

1973 5472 2236 5540 quondam
2274 5470 2466 5543 μοις..
2492 5470 2743 5542 quodam]
2771 5474 2859 5541 qui
2904 5474 3345 5538 cecidit,dictum
3386 5487 3515 5532 est:

1979 5563 2039 5613 h‘t
2066 5564 2119 5615 in
2152 5565 2362 5615 veritate
2390 5578 2489 5615 non
2512 5563 2649 5615 stetit
2688 5561 2847 5632 (Joan
2891 5565 3144 5633 muli).
3190 5566 3260 5620 De
3306 5570 3515 5624 diabolo

2046 5674 2071 5711 1·
2111 5672 2163 5725 S.
2200 5673 2326 5742 Aug.
2362 5673 2537 5727 Tract.
2566 5689 2676 5738 xw,
2704 5691 2823 5729 num
2870 5678 2924 5741 ἓ,
2951 5680 3003 5738 3.
3029 5679 3077 5731 5.
