4152 6216
720 315 819 366 787

1536 318 1592 369 Β.
1634 317 1695 369 r.
1736 319 1951 372 .u.m.\'|
1993 318 2121 372 seu
2156 286 2423 372 unum:
2462 316 2737 373 OPERUM
2774 318 2950 376 mus
2987 323 3045 377 u.

3790 331 3874 385 788

720 431 916 480 dictum
936 437 1035 481 est.
1064 430 1201 499 Ergo
1225 442 1367 485 stare
1397 432 2254 503 debetatnicussponsi,etaudirc.
2285 452 2330 503 Α
2416 436 2574 507 497
2595 437 2997 490 Vus.5|.—H
3015 437 3877 509 Quidesursnmrenit,superomnes

719 519 961 580 Quidest
983 522 1159 573 stare?
1189 521 1506 576 Permanere
1530 524 1581 575 in
1605 527 1775 593 gratia
1797 527 1912 595 ejus
1930 542 2089 593 quam
2112 541 2261 580 acce-

720 610 816 672 pit,
832 616 883 658 et
900 613 1081 661 audire
1105 607 1283 678 [Auq.,
1299 619 1351 663 et
1364 609 1529 681 audit]
1564 627 1745 665 vocem
1762 614 1826 666 ad
1840 628 1996 681 quam
2013 615 2257 681 gaudeat.

722 695 808 747 Sic
836 705 949 747 erat
969 694 1217 749 Joannes.
1259 697 1519 773 Noverat,
1546 700 1682 753 Unde
1706 702 1987 768 gaudebat.
2012 702 2122 755 Non
2158 703 2259 755 sibi

720 785 1023 850 arrogabat,
1050 786 1186 851 quod
1237 786 1346 852 ipse
1382 798 1600 841 noverat
1637 787 1817 857 [Aug.,
1844 792 1982 855 quod
2014 790 2124 857 ipse
2153 806 2257 843 non

718 871 855 941 erat}
884 889 896 921 :
929 873 1124 924 sciebat
1172 872 1519 925 illuminatum
1568 889 1660 936 se,
1693 890 1793 927 non
1826 876 2255 929 illuminatorcm.

719 960 845 1013 Erat
872 963 1003 1014 enim
1026 962 1195 1015 lumen
1218 979 1411 1024 verum,
1435 965 1509 1017 ait
1535 968 2027 1036 evangelista,quod
2064 968 2257 1021 illumi-

716 1061 801 1102 nat
849 1068 1049 1104 onmem
1092 1052 1341 1105 hominem
1396 1056 1673 1108 venientem
1725 1058 1777 1108 in
1824 1058 1958 1110 hunc
2009 1058 2255 1109 mmidum

713 1139 888 1198 (Joan.
916 1158 966 1203 ι,
995 1142 1068 1210 9).
1128 1141 1181 1195 Si
1242 1160 1369 1213 ergo
1416 1161 1627 1202 Omnem
1669 1147 1955 1217 hominem,
1986 1158 2038 1200 et
2082 1150 2253 1215 ipsum

713 1230 993 1294 Joannem,
1037 1236 1157 1301 quia
1182 1245 1237 1289 et
1273 1236 1384 1302 ipse
1418 1236 1482 1290 de
1514 1239 1813 1291 hominibus
1837 1250 1970 1293 erat.
2004 1241 2276 1309 Sequitur

710 1329 763 1369 et
792 1319 919 1372 dieit
943 1319 1171 1375 Joannes
1198 1338 1213 1374 :
1246 1322 1358 1376 Hoc
1386 1341 1505 1391 ergo
1530 1326 1775 1393 gaudium
1802 1344 1968 1380 meum
1990 1330 2251 1398 impletum
2276 1343 2279 1346 '

708 1416 801 1456 est.
838 1407 986 1471 Quod
1013 1418 1091 1462 est
1123 1411 1365 1478 gaudium
1398 1412 1598 1479 ipsius?
1634 1422 1690 1465 ut
1718 1415 1944 1480 gaudeat
1970 1416 2034 1467 ad
2067 1430 2251 1468 vocem

709 1498 906 1562 sponsi.
941 1497 1085 1551 Multi
1115 1500 1252 1552 enim
1281 1501 1397 1554 ideo
1437 1500 1561 1554 facti
1610 1512 1731 1555 sunt
1776 1504 2104 1572 insipientes,
2128 1506 2250 1570 quia

709 1585 955 1639 dixerunt
978 1603 1033 1641 se
1059 1604 1174 1642 esse
1203 1590 1500 1657 sapientes;
1532 1606 1665 1658 quos
1691 1594 1864 1661 arguit
1886 1593 2169 1661 Apostolus
2195 1596 2247 1647 in

708 1674 939 1741 Epistola
992 1677 1055 1728 ad
1097 1675 1359 1730 Romanos
1400 1678 1579 1732 dicens
1621 1697 1633 1731 :
1676 1680 2014 1734 .‘Estimantcs
2049 1699 2102 1735 se
2141 1699 2248 1735 esse

2361 535 2453 584 cst.
2477 537 2522 577 et
2536 527 2699 592 quide
2723 535 2859 578 terra
2880 536 2974 587 est,
3001 526 3064 578 de
3091 537 3226 578 terra
3241 526 3486 594 loquitur.
3514 526 3614 591 Qui
3625 529 3685 581 de
3702 545 3877 605 sursum

2360 620 2511 673 venit,
2534 628 2674 681 super
2702 629 2874 665 omnes
2902 624 2997 677 est,
3019 620 3070 666 Id
3097 623 3180 667 est
3206 614 3472 668 Christus.
3496 616 3596 681 Qui
3626 628 3784 671 autem
3814 632 3877 674 est

2358 702 2420 754 de
2451 712 2611 765 terra,
2651 711 2787 755 terra
2817 714 2908 767 est,
2935 716 2981 757 et
3019 706 3082 758 de
3122 717 3259 759 terra
3286 707 3530 776 loquitur,
3562 710 3609 762 id
3645 721 3719 764 est
3743 711 3877 765 Joan—

2360 804 2470 841 nes.
2506 809 2523 839 ι
2558 790 2829 855 Quomodo
2852 807 2979 862 ergo
3000 794 3064 846 de
3087 801 3224 846 terra
3255 795 3521 862 loquitur?
3549 796 3726 851 Omnis
3744 800 3878 852 homo

2358 886 2600 933 terrenus
2624 890 2725 942 est,
2749 892 2801 935 et
2828 882 2953 936 dum
2981 890 3192 938 terrena
3214 885 3473 953 loquitur,
3499 889 3564 943 de
3589 898 3718 943 terra
3738 892 3880 961 loqui-

2357 973 2472 1029 tur;
2504 966 2593 1034 qui
2624 983 2749 1021 vero
2778 969 3109 1026 illuminatus
3144 980 3225 1026 est
3262 974 3329 1026 ab
3357 990 3439 1040 eo,
3476 979 3567 1046 qui
3609 988 3685 1031 est
3725 980 3876 1035 lumen

2356 1069 2561 1119 verum,
2588 1057 2653 1111 de
2674 1058 2867 1129 divinis
2892 1060 3147 1127 loquitur.
3180 1062 3319 1132 Ergo
3347 1079 3585 1119 seorsum
3611 1066 3752 1137 [Ms.,
3781 1084 3879 1122 sur-

2354 1143 2493 1213 sum]
2530 1154 2612 1199 est
2638 1147 2804 1215 gratia
2834 1147 2956 1210 Dei,
3002 1164 3243 1203 seorsum
3271 1160 3459 1205 natura
3498 1154 3740 1209 hominis.
3767 1156 3872 1209 Caro

2355 1232 2486 1284 nalis
2510 1234 2796 1287 carnaliter
2820 1236 3071 1309 mstimat,
3102 1239 3392 1292 carnaliter
3420 1242 3737 1309 suspicatur.
3768 1244 3883 1296 Duin

2353 1324 2493 1375 venit
2530 1324 2696 1391 gratia
2731 1323 2821 1377 Dei
2855 1304 3157 1379 illulninans
3204 1328 3471 1382 hominem
3496 1304 3527 1391 ,-
3552 1332 3781 1384 cmlestia
3814 1332 3882 1384 lo-

2351 1411 2559 1477 quitur,
2607 1413 2743 1463 sicut
2782 1412 2981 1465 dictum
3014 1423 3094 1466 est
3129 1433 3139 1465 :
3178 1414 3281 1478 Qui
3330 1416 3598 1469 illuminas
3642 1418 3883 1471 lucernam

2352 1514 2543 1559 meam,
2560 1497 2799 1558 Domine,
2838 1499 2979 1552 Deus
3003 1517 3162 1565 meus,
3211 1501 3449 1555 illumina
3487 1489 3731 1556 tenebras
3761 1521 3885 1557 meas

2351 1584 2517 1652 (Psal.
2537 1602 2661 1647 xvn,
2690 1585 2799 1655 29).
2825 1605 2845 1639 ι
2874 1588 2984 1641 Hoc
3014 1600 3116 1653 est,
3144 1591 3288 1643 illum
3312 1600 3519 1659 oportet
3535 1607 3790 1652 crescere,
3814 1606 3885 1644 me

2350 1682 2522 1727 autem
2544 1676 2727 1727 minui.
2753 1676 2891 1745 Ergo
2918 1677 3167 1741 Joannes,
3194 1678 3334 1746 quod
3357 1680 3420 1732 ad
3448 1678 3704 1733 Joannem
3735 1682 3880 1749 perti-

705 1765 976 1829 sapientes,
1002 1764 1145 1816 stulti
1181 1764 1308 1831 facti
1353 1775 1471 1817 sunt
1510 1765 1677 1835 (Rom.
1707 1784 1745 1831 ι,
1777 1768 1885 1837 20).
1931 1770 2068 1838 Ergo
2110 1771 2248 1825 Deus

2353 1770 2461 1823 net,
2490 1762 2554 1815 de
2586 1770 2725 1816 terra
2755 1773 2869 1827 est,
2898 1774 2951 1817 et
2978 1766 3043 1818 de
3077 1776 3218 1819 terra
3245 1767 3515 1835 loquitur:
3548 1769 3591 1822 si
3622 1771 3745 1837 quid
3770 1770 3886 1823 divi-

705 1852 844 1917 quod
872 1850 959 1902 dat
992 1853 1187 1921 gratias
1214 1854 1505 1922 agentibus,
1534 1854 1653 1906 tulit
1680 1871 1783 1909 non
1815 1858 2109 1925 agentibus.
2144 1859 2248 1912 No—

707 1939 799 1989 luit
823 1953 940 1991 esse
969 1941 1066 1992 hoc
1090 1940 1351 2004 Joannes;
1390 1950 1570 2009 gratus
1593 1958 1711 1997 esse
1739 1944 1919 1997 voluit.
1965 1945 2248 2003 Confessus

704 2035 785 2078 est
814 2016 1079 2096 accepisse
1114 2044 1190 2094 se,
1214 2038 1267 2083 et
1292 2031 1522 2100 gaudere
1549 2045 1605 2085 se
1632 2030 1787 2097 dixit,
1813 2042 2032 2102 propter
2060 2050 2242 2089 vocem

703 2116 902 2181 sponsi,
918 2126 971 2170 et
997 2118 1069 2171 ait
1101 2136 1114 2170 :

774 2205 931 2258 Vens.
959 2206 1045 2260 50.
1084 2238 1153 2247 -—
1191 2208 1305 2262 Hoc
1345 2226 1464 2279 ergo
1501 2212 1747 2281 gaudium
1776 2230 1942 2267 meum
1980 2215 2241 2283 impletum

697 2305 788 2346 est.
834 2294 987 2348 Illum
1029 2291 1233 2365 oportet
1252 2316 1504 2363 crescere,
1544 2318 1622 2353 me
1671 2312 1840 2354 autem
1872 2305 2053 2356 minui.
2107 2304 2241 2369 Quid

612 2390 615 2399 ‘
695 2392 777 2435 est
799 2384 929 2438 hoc?
958 2385 1101 2437 illum
1136 2395 1343 2453 oportet
1368 2387 1609 2449 exaltari,
1637 2405 1720 2443 me
1748 2399 1923 2445 autem
1954 2393 2238 2446 humiliari.

699 2471 939 2539 Magnum
977 2471 1075 2526 hoc
1108 2484 1498 2527 sacramentum
1526 2486 1606 2529 est
1646 2495 1657 2528 :
1704 2486 1987 2545 antequam
2038 2481 2244 2533 veniret

697 2561 950 2617 Dominus
992 2562 1167 2627 Jesus,
1192 2565 1433 2618 homines
1469 2565 1829 2633 gloriabantur
1872 2567 1937 2620 de
1966 2583 2023 2620 se
2055 2587 2066 2620 :
2098 2570 2241 2620 venit

694 2653 781 2707 ille
808 2655 1059 2718 homo,ut
1089 2656 1417 2707 minueretur
1442 2654 1580 2708 illius
1606 2654 1758 2725 [Ms.,
1781 2657 2029 2727 hominis]
2053 2657 2235 2725 gloria,

693 2753 749 2796 et
774 2753 1059 2813 augeretur
1084 2744 1249 2811 gloria
1285 2744 1395 2796 Dei.
1431 2744 1638 2798 Etenim
1662 2747 1805 2799 venit
1834 2747 1921 2799 ille
1967 2747 2080 2800 sine
2117 2761 2241 2815 pec-

693 2839 831 2894 cato,
861 2840 915 2885 et
943 2832 1142 2885 invenit
1180 2848 1365 2887 omnes
1412 2849 1530 2887 cum
1581 2844 1818 2903 peccato.
1875 2835 1931 2889 Si
1984 2837 2061 2889 sic
2098 2835 2241 2888 venit

693 2921 799 2981 ille,
826 2930 883 2973 ut
910 2921 1198 2974 dimitteret
1222 2928 1455 2988 peccata,
1480 2921 1617 2975 Deus
1642 2923 1913 2992 largiatur,
1930 2925 2088 2977 homo
2110 2940 2238 2977 con-

693 3012 926 3065 fiteatur.
980 3012 1185 3064 Etenim
1224 3009 1489 3065 confessio
1536 3012 1794 3075 hominis,
1834 3004 2104 3069 humilitas
2144 3014 2239 3066 lm-

2350 1864 2473 1900 num
2521 1864 2549 1901 a
2590 1848 2793 1905 Joanne
2846 1852 3059 1915 audisti,
3102 1853 3449 1907 illuminantis
3484 1864 3585 1918 est,
3622 1871 3726 1909 non
3763 1857 3882 1910 reci-

2348 1939 2559 2006 pientis.

2418 2030 2575 2083 Vrzns.
2598 2030 2683 2083 δί.
2708 2061 2777 2069 —
2804 2031 2906 2096 Qui
2932 2034 2995 2086 de
3019 2034 3142 2087 calo
3169 2036 3321 2097 venit,
3344 2050 3497 2103 super
3520 2051 3697 2087 omnes
3722 2044 3820 2097 est,
3843 2044 3882 2087 et

2343 2120 2479 2187 quod
2507 2120 2627 2171 vidit
2654 2130 2700 2172 et
2735 2121 2951 2184 audivit,
2980 2123 3076 2175 hoc
3119 2124 3443 2190 testiﬁcatur,
3477 2133 3525 2176 et
3548 2125 3877 2178 testiinonium

2344 2210 2454 2276 ejus
2492 2225 2636 2261 nemo
2677 2211 2889 2278 accepit.
2917 2210 3015 2276 Qui
3052 2212 3116 2266 de
3154 2212 3289 2266 caelo
3312 2214 3491 2275 ,venit,
3523 2228 3681 2281 super
3718 2227 3881 2266 omnes

2343 2308 2441 2359 est,
2478 2298 2732 2351 Dominus
2761 2309 2940 2354 noster
2958 2299 3111 2355 Jesus
3138 2301 3402 2368 Christus,
3436 2304 3501 2357 de
3521 2318 3628 2371 quo
3652 2304 3877 2371 superius

2342 2386 2541 2439 dictum
2564 2396 2645 2439 est
2670 2404 2689 2438 ι
2713 2387 2877 2441 Nemo
2899 2390 3129 2442 ascendit
3156 2393 3207 2443 in
3234 2392 3433 2456 calum,
3464 2394 3564 2445 nisi
3584 2396 3675 2461 qui
3697 2394 3895 2451 deiicere,

2342 2474 2415 2525 dit
2436 2474 2498 2526 dc
2520 2475 2663 2537 calo,
2694 2474 2864 2527 Filius
2895 2477 3132 2539 hominis,
3157 2480 3245 2545 qui
3264 2488 3336 2530 est
3358 2481 3411 2530 in
3437 2480 3578 2532 caelo.
3604 2481 3700 2533 Est
3725 2488 3879 2533 autem

2341 2577 2496 2629 super
2522 2578 2736 2626 omnes,
2760 2574 2812 2615 et
2842 2565 2981 2631 quod
3010 2566 3140 2617 vidit
3169 2575 3224 2619 et
3250 2566 3479 2630 audivit,
3513 2569 3613 2621 hoc
3647 2569 3876 2636 loquitur.

2344 2649 2510 2702 liabet
2535 2652 2749 2703 enimet
2780 2652 2987 2705 Patrem
3020 2653 3130 2720 ipse
3158 2654 3322 2707 Filius
3349 2654 3472 2717 Dei;
3502 2656 3664 2709 habet
3694 2667 3747 2710 et
3784 2670 3877 2707 nia-

2343 2748 2474 2793 trem
2505 2740 2683 2810 [Aug.,
2709 2749 2763 2794 et
2796 2742 3055 2813 Patrem},
3085 2752 3138 2796 ct
3166 2744 3367 2796 audivit
3396 2761 3425 2797 a
3457 2745 3637 2797 Patre.
3671 2746 3733 2798 Et
3757 2742 3880 2813 quod

2340 2830 2539 2881 audivit
2563 2846 2590 2881 a
2617 2829 2790 2891 Patre,
2816 2831 2941 2897 quid
2969 2834 3082 2884 est?
3120 2832 3251 2895 Quis
3271 2835 3370 2885 hoc
3392 2832 3653 2899 explicet?
3680 2833 3881 2898 Quando

2340 2920 2511 2986 lingua
2542 2935 2679 2981 mea,
2711 2923 2921 2986 quando
2962 2936 3054 2974 cor
3084 2938 3257 2974 meum
3286 2924 3526 2977 sullicere
3567 2934 3765 2991 potest,
3809 2922 3882 2976 vel

2341 3024 2432 3061 cor
2458 3008 2522 3060 ad
2567 3008 2992 3079 intelligendum,
3030 3011 3113 3064 vel
3152 3012 3330 3080 lingua
3374 3014 3439 3065 ad
3479 3012 3883 3081 proferendum?

693 3101 877 3164 minis;
930 3102 1198 3155 miseratio
1228 3101 1341 3164 Dei,
1373 3101 1595 3158 αιιίιυιιο
1637 3102 1751 3155 Dei,
1808 3102 1862 3156 Si
1917 3118 2044 3170 ergo
2095 3102 2239 3155 γεηίι
2264 3088 2305 3144 C
2340 3098 2475 3162 Quid
2504 3108 2584 3151 est
2621 3101 2760 3166 quod
2809 3100 2973 3154 Filius
2998 3100 3203 3155 audivit
3244 3119 3273 3155 a
3313 3102 3511 3155 Patre?
3541 3102 3705 3156 Forte
3734 3102 3889 3156 Filius

691 3191 781 3247 iile
815 3192 1080 3245 dimittere
1117 3200 1335 3259 peccata
1365 3189 1541 3261 [Aug.,
1574 3192 1774 3245 homini
1802 3192 2059 3262 peccata],
2085 3209 2240 3262 agno-

689 3288 807 3335 scat
835 3280 993 3334 homo
1023 3279 1371 3337 humilitatem
1401 3296 1567 3341 suam,
1592 3289 1645 3334 et
1680 3280 1822 3335 Deus
1868 3280 2027 3334 faciet
2076 3282 2236 3335 miseo

693 3371 976 3425 ricordiam
1017 3386 1186 3424 suam.
1218 3370 1373 3423 Illum
1421 3381 1615 3440 oportet
1669 3388 2021 3434 crescere,.me
2066 3385 2238 3427 autem

691 3461 856 3513 minui
882 3478 895 3511 :
925 3460 1027 3513 hoc
1049 3469 1152 3522 est,
1183 3459 1325 3515 illum
1356 3470 1564 3528 oportet
1588 3461 1735 3525 dare,
1773 3476 1856 3514 me
1884 3470 2063 3515 autem
2100 3463 2239 3516 acci—

693 3566 856 3619 pere;
888 3550 1030 3603 illum
1056 3559 1265 3619 oportet
1291 3550 1593 3619 glorificari,
1626 3565 1711 3603 me
1749 3560 1927 3603 autem
1970 3551 2233 3605 conﬁteri.

689 3640 953 3711 lntelligat
990 3642 1145 3693 homo
1187 3640 1405 3709 gradum
1436 3654 1619 3703 suum,
1665 3650 1718 3694 et
1753 3640 2069 3695 conﬁteatur
2108 3640 2235 3708 Deo,

690 3741 743 3783 et
776 3731 956 3782 audiat
981 3730 1285 3798 Apostolum
1314 3730 1573 3783 dicentem
1604 3730 1801 3783 homini
1830 3731 2153 3798 superbienti
2184 3742 2237 3786 et

692 3820 831 3872 elato
862 3828 913 3872 et
937 3820 1187 3871 extollere
1217 3835 1273 3871 se
1304 3818 1497 3871 volenti
1528 3832 1542 3868 :
1580 3817 1716 3881 Quid
1741 3820 1873 3871 enim
1904 3820 2077 3883 habes,
2100 3821 2236 3889 quod

691 3925 792 3961 non
839 3909 1114 3975 accepisi?
1159 3906 1214 3959 Si
1268 3917 1437 3958 autem
1500 3908 1760 3974 accepisti,
1802 3908 1926 3974 quid
1964 3908 2235 3977 gloriaris,

689 3998 841 4059 quasi
886 4013 985 4049 non
1034 4012 1285 4063 (receperis
1328 3994 1383 4065 (1
1412 3993 1529 4048 Cor.
1560 4012 1629 4057 iv,
1661 3997 1757 4064 7)?
1808 3997 2065 4066 lntelligat
2108 4014 2234 4067 ergo

692 4092 871 4150 homo,
906 4089 1027 4155 quia
1058 4089 1277 4153 accrpit,
1305 4088 1391 4154 qui
1431 4087 1638 4139 volebat
1672 4098 1829 4140 Suum
1872 4089 2047 4142 dicere
2094 4091 2234 4158 quod

695 4194 798 4229 non
831 4185 911 4228 est
939 4174 1067 4240 ejus.
1095 4182 1146 4226 et
1176 4176 1459 4226 minuatur.
1500 4173 1701 4226 Bonum
1751 4184 1831 4227 est
1876 4176 1948 4227 illi
1995 4178 2134 4229 enim
2179 4186 2235 4230 ut

696 4266 831 4317 Deus
861 4264 911 4316 in
939 4264 1024 4317 illo
1050 4263 1399 4332 glorificetur;
1454 4266 1563 4331 ipse
1592 4263 1641 4315 in
1674 4278 1729 4316 se.
1757 4264 2042 4329 minuatur,
2076 4273 2133 4318 ut
2181 4267 2231 4319 in

696 4352 801 4406 Deo
831 4362 1103 4421 augeatur.
1127 4352 1245 4405 ihec
1276 4352 1591 4413 testimonia,
1618 4352 1753 4407 hanc
1785 4351 1963 4421 [Aug.,
1991 4364 2045 4408 et
2071 4355 2228 4425 hanc]

694 4443 998 4503 veritatem,
1042 4443 1198 4494 etiam
1251 4441 1583 4507 passionibus
1624 4442 1763 4502 suis,
1805 4442 2230 4509 signiﬁcaverunt

694 4532 936 4584 Christus
958 4540 1007 4582 et
1027 4528 1273 4584 Joannes.
1301 4527 1429 4579 Nam
1463 4526 1691 4580 Joannes
1728 4530 1898 4594 capite
1943 4530 2231 4583 minoratus

695 4630 793 4682 est,
820 4630 871 4672 et
896 4620 1137 4674 Christus
1169 4619 1217 4670 in
1246 4633 1401 4671 cruce
1428 4617 1690 4670 exaltatus
1718 4627 1829 4680 est,
1861 4626 1919 4670 ut
1954 4629 2008 4671 et
2042 4619 2111 4671 ibi
2139 4634 2231 4687 ap-

696 4719 923 4779 pareret,
953 4709 1076 4776 quid
1102 4718 1201 4771 est,
1225 4709 1367 4761 illum
1414 4718 1605 4777 oportet
1658 4724 1897 4771 crescere,
1938 4724 2017 4760 me
2060 4718 2227 4760 autent

695 4800 875 4857 minui,
911 4818 926 4847 ι
963 4799 1060 4850 hoc
1087 4806 1188 4859 est,
1220 4797 1362 4848 illum
1400 4804 1611 4864 oportet
1645 4796 1892 4858 exaltari,
1926 4812 2007 4850 me
2052 4805 2227 4849 autem

696 4888 981 4941 humiliari.
1015 4888 1122 4941 Hoc
1146 4888 1283 4941 cnim
1315 4886 1573 4955 signiﬁcat
1592 4895 1645 4938 et
1668 4886 1777 4953 ipsa
1808 4896 2048 4939 creatura
2076 4888 2226 4941 lucis.

698 4978 823 5029 Nam
848 4977 1089 5032 Christus
1112 4986 1266 5031 natus
1286 4983 1368 5027 est
1393 4975 1577 5027 diebus
1598 4973 1979 5036 crescentibus,
2003 4973 2233 5028 Joannes

697 5083 822 5119 vero
849 5067 1305 5129 decrescentibus;
1349 5073 1406 5119 ut
1428 5064 1795 5117 ostenderetur
1825 5063 1946 5129 quid
1974 5072 2053 5115 est
2080 5063 2230 5117 Chri-

697 5168 827 5218 stus,
851 5158 950 5209 hoc
976 5164 1057 5206 est
1075 5154 1253 5207 lumen
1280 5170 1494 5217 verum;
1528 5162 1579 5205 et
1603 5152 1727 5220 quid
1755 5159 1836 5204 est
1862 5149 2112 5213 Joannes,
2132 5153 2230 5205 hoc

698 5251 1118 5304 r-slilluminatus
1138 5242 1305 5302 abeo.
1331 5250 1642 5305 Crescamus
1669 5246 1809 5318 [nos]
1843 5248 1892 5302 in
1923 5246 2031 5309 illo,
2062 5254 2115 5298 et
2136 5260 2229 5312 per

699 5342 863 5405 illmn,
894 5351 951 5395 ut
980 5341 1064 5395 ille
1103 5350 1305 5394 crescat
1356 5341 1409 5392 in
1451 5339 1621 5402 nobis,
1652 5340 1817 5392 donec
1862 5337 2230 5408 perveniamus

698 5432 761 5479 ιιςι
788 5430 1076 5497 perfectum
1106 5428 1262 5481 diem.
1302 5426 1590 5479 Audiamus
1616 5426 1787 5479 adhuc
1833 5425 1959 5494 quid
2004 5423 2232 5477 Joannes

697 5520 762 5571 dc
787 5521 998 5598 Christo
1028 5520 1241 5587 dixerit,
1264 5518 1347 5570 vel
1372 5516 1494 5585 quid
1521 5516 1584 5569 de
1602 5516 1794 5583 seipse.
1822 5514 1961 5568 Dicit
1986 5513 2157 5567 cnim:

765 5642 786 5666 ³
823 5632 873 5681 S.
916 5631 1046 5693 Aug.
1080 5630 1176 5684 loc.
1216 5628 1304 5682 cit.
1335 5644 1475 5681 num.
1509 5624 1557 5687 li,
1590 5624 1639 5687 'l,
1678 5623 1726 5675 8.

2339 3188 2570 3241 Verbum
2616 3190 2787 3243 Patris
2819 3192 3058 3243 audivit?
3090 3192 3199 3245 lmo
3242 3192 3409 3245 Filius
3448 3192 3679 3245 Verbum
3722 3192 3886 3246 Patris

2336 3286 2435 3331 est.
2478 3278 2608 3330 Cum
2639 3292 2764 3346 ergo
2802 3280 3032 3333 Verbum
3066 3280 3157 3334 Dei
3185 3280 3354 3334 Filius
3395 3281 3492 3344 sit,
3524 3280 3695 3334 Filius
3721 3288 3885 3333 autem

2336 3365 2545 3419 locutus
2590 3374 2669 3419 est
2705 3366 2886 3429 nobis;
2919 3384 3022 3421 non
3058 3370 3276 3422 verbum
3315 3384 3497 3432 suum,
3538 3370 3631 3422 sed
3666 3370 3882 3423 Verbum

2338 3454 2511 3506 Patris
2536 3470 2591 3507 se
2634 3456 2789 3509 nobis
2817 3457 2959 3525 loqui
2990 3458 3185 3521 voluit,
3213 3458 3304 3526 qui
3345 3459 3574 3512 Verbum
3602 3458 3779 3514 Patris
3813 3458 3882 3513 lo-

2335 3545 2612 3613 quebatur.
2681 3544 2792 3597 lloc
2824 3561 2980 3615 ergo,
3030 3548 3295 3616 quomodo
3335 3547 3513 3601 decuit
3551 3556 3607 3601 et
3634 3549 3877 3618 oportuit.

2335 3633 2465 3685 dixit
2488 3631 2733 3687 Joannes.
2776 3634 2876 3698 Qui
2899 3635 2962 3688 de
2989 3635 3112 3688 caelo
3141 3638 3271 3688 venit
3290 3677 3304 3700 ,
3340 3653 3491 3704 super
3517 3652 3697 3689 omnes
3720 3646 3819 3697 est,
3840 3642 3881 3685 et

2332 3722 2468 3794 quod
2500 3722 2620 3776 cidit
2648 3732 2693 3775 et
2734 3724 2961 3785 audivit,
3002 3723 3131 3774 illud
3167 3733 3414 3787 testatur,
3458 3732 3505 3774 et
3544 3723 3880 3776 testimonium

2334 3814 2443 3881 ejus
2470 3831 2616 3867 nemo
2648 3815 2859 3882 accepit.
2901 3813 2956 3865 Si
2985 3829 3159 3877 nemo,
3194 3822 3252 3866 ut
3278 3813 3403 3881 quid
3432 3813 3609 3867 venit?
3636 3828 3881 3882 quorum-

2334 3903 2455 3955 dam
2496 3904 2637 3956 enim
2688 3902 2825 3974 ML,
2866 3902 3013 3973 ergo]
3055 3918 3227 3957 nemo.
3274 3904 3368 3957 Est
3404 3902 3617 3972 quidam
3667 3904 3884 3973 populus

2331 4002 2660 4061 pneparatus
2694 3994 2759 4047 ad
2802 3995 2934 4048 iram
2963 3995 3082 4057 Dei,
3112 3995 3442 4048 damnandus
3484 4010 3604 4047 cum
3642 3996 3881 4056 diabolo,

2333 4086 2519 4137 borum
2567 4100 2723 4138 nemo
2770 4087 2972 4153 accepit
3020 4084 3205 4155 [Aug.,
3255 4084 3468 4155 accipit]
3522 4086 3882 4139 testimonium

2332 4172 2551 4227 Christi.
2584 4172 2713 4224 Nam
2744 4174 2788 4226 si
2832 4175 3045 4226 omnino
3074 4190 3257 4239 nemo,
3293 4176 3464 4229 nullus
3514 4176 3705 4241 homo;
3756 4173 3879 4245 quid

2332 4276 2459 4330 ergo
2488 4269 2569 4315 est
2596 4263 2735 4329 quod
2766 4262 3040 4330 sequitur?

2402 4356 2560 4409 Vens.
2592 4356 2679 4407 33.
2707 4384 2775 4394 ——-
2805 4351 2907 4417 Qui
2940 4355 3131 4421 accepit
3162 4354 3506 4407 testimonium
3537 4354 3672 4422 ejus,
3705 4354 3876 4422 signa-

2332 4447 2420 4507 vit,
2448 4445 2570 4513 quia
2594 4445 2729 4498 Deus
2754 4461 2905 4499 verax
2932 4454 3024 4497 est.
3052 4443 3209 4499 Certe
3228 4460 3353 4513 ergo
3378 4460 3551 4507 nemo,
3578 4444 3670 4497 sed
3692 4451 3747 4494 tu
3768 4442 3873 4509 ipse

2334 4534 2464 4586 dicis
2493 4532 2667 4603 [Aug.,
2700 4549 2803 4587 non
2833 4548 3004 4594 nemo,
3044 4534 3086 4585 si
3116 4541 3170 4585 tu
3202 4533 3313 4601 ipse
3339 4531 3493 4601 dicis]
3522 4546 3534 4582 :
3566 4529 3668 4593 Qui
3688 4528 3876 4597 accepit

2332 4626 2669 4677 testimonium
2700 4641 2838 4692 ejus,
2869 4625 3112 4692 signavit,
3140 4623 3262 4691 quia
3298 4621 3433 4673 Deus
3458 4636 3611 4672 verax
3634 4629 3728 4672 est.
3773 4618 3873 4671 Be-

2332 4713 2611 4780 sponderet
2634 4727 2759 4779 ergo
2799 4712 3021 4765 fortasse
3044 4712 3398 4778 interrogatus
3424 4709 3684 4771 Joannes,
3716 4720 3774 4763 et
3796 4707 3875 4760 di-
3923 4716 3931 4731 '

2332 4812 2474 4857 ceret
2500 4802 2670 4864 nobis,
2697 4802 2822 4869 quid
2862 4801 3056 4855 dixerit
3096 4800 3249 4871 [Aug.
3274 4840 3288 4864 ,
3316 4800 3435 4853 novi
3465 4800 3591 4867 quid
3617 4797 3839 4852 dixerim
3857 4832 3872 4855 ,

2331 4889 2506 4960 nemo]
2541 4903 2695 4941 nemo
2726 4886 2875 4956 μὴ,
2898 4886 3055 4941 Certe
3074 4902 3200 4957 ergo
3228 4903 3403 4949 nemo,
3433 4886 3476 4939 si
3506 4894 3561 4937 tu
3585 4885 3695 4949 ipse
3719 4880 3871 4961 dicis,

2332 4980 2433 5044 Qui
2474 4978 2683 5046 accepit,
2717 4986 2895 5041 etc...,
2926 4986 2980 5031 et
3022 4979 3219 5032 diceret
3248 4996 3260 5030 :
3292 4977 3422 5029 Novi
3460 4974 3588 5041 quid
3610 4970 3829 5024 dixerim
3856 4985 3870 5019 :

2331 5084 2485 5122 nemo
2519 5076 2597 5119 est
2625 5068 2837 5133 quidam
2866 5068 3129 5138 populus].
3163 5068 3255 5119 Est
3285 5065 3497 5131 quidam
3523 5061 3745 5130 populus
3778 5074 3871 5112 na-

2333 5165 2416 5208 tus
2454 5155 2517 5206 ad
2544 5154 2676 5205 iram
2707 5153 2796 5207 Dei
2828 5194 2843 5218 ,
2882 5165 2933 5208 et
2973 5154 3039 5207 ad
3074 5157 3174 5207 hoc
3217 5152 3588 5221 prmcognitus.
3632 5149 3729 5216 Qui
3768 5147 3873 5200 sint

2329 5244 2469 5297 enim
2498 5242 2747 5295 credituri
2774 5283 2787 5307 ,
2814 5252 2867 5297 et
2892 5248 2981 5311 qui
3021 5258 3125 5297 non
3149 5241 3254 5294 sint
3282 5240 3554 5302 credituri,
3588 5238 3736 5292 novit
3775 5234 3872 5287 Do-

2330 5332 2530 5392 minus;
2575 5330 2660 5397 qui
2692 5314 2797 5384 sint
2828 5330 3215 5398 perseveraturi
3254 5330 3305 5383 in
3352 5346 3414 5383 eo
3450 5328 3590 5396 quod
3637 5322 3870 5378 credide-

2332 5421 2468 5480 rint,
2494 5428 2547 5471 ct
2572 5420 2658 5487 qui
2690 5420 2797 5472 sint
2841 5418 3072 5485 lapsuri,
3118 5419 3263 5472 novit
3295 5419 3461 5479 Deus;
3508 5424 3562 5469 et
3608 5409 3869 5467 numerati

2330 5515 2448 5561 sunt
2482 5509 2583 5562 Deo
2612 5522 2794 5563 omnes
2844 5506 3002 5563 futuri
3045 5509 3094 5563 in
3144 5509 3301 5563 vitam
3342 5516 3612 5562 aeternam.
3643 5523 3661 5557 ι
3694 5499 3864 5556 Testi-
