4266 6208
438 380 543 438 789

1130 354 1133 355 ν
1220 373 1625 430 EXEGETICA.
1666 405 1733 414 —
1767 370 2120 429 COMMENT.
2163 373 2227 426 IN
2265 372 2455 429 IOAN.
2494 406 2557 415 ——
2592 374 2719 429 LIB.
2762 373 2822 428 ll.
2928 402 2933 407 ·
3529 373 3628 426 790

429 491 665 545 monium
690 487 806 559 ejus
849 487 939 557 qui
964 488 1107 542 venit
1131 486 1197 542 de
1229 487 1384 549 ccelo,
1421 488 1578 540 nemo
1602 484 1841 551 accepit;
1886 481 1974 549 qui
2006 484 2051 541 Α
2080 491 2212 548 stus,
2234 484 2324 553 qui
2352 484 2461 548 dat,
2483 500 2587 539 non
2612 486 2678 538 ad
2712 498 3014 538 mensuram
3046 483 3255 552 accipit.
3286 482 3312 521 δ
3334 482 3468 537 Audi
3490 464 3626 536 enim

430 586 606 632 autem
638 576 841 644 accepit
870 574 1234 630 testimonium
1258 570 1402 639 ejus,
1426 573 1668 641 signauit,
1693 570 1821 639 quia
1845 569 1980 620 Deus

430 683 583 721 raras
612 676 706 721 est.
736 665 994 736 Signavit,
1021 665 1183 726 dixit;
1208 662 1309 717 hoc
1341 670 1451 724 est,
1480 662 1691 731 signum
1714 659 1893 727 posuit
1930 658 1982 711 in

429 756 590 811 corde
614 772 733 820 suo,
770 756 921 824 quasi
950 753 1215 824 singulare
1239 759 1293 805 et
1317 750 1545 818 speciale
1584 748 1807 815 aliquid.
1842 746 1983 802 hunc

426 861 548 899 esse
577 846 744 898 Deum
785 859 999 900 verum.
1041 842 1131 909 qui
1160 841 1352 895 missus
1391 847 1473 893 est
1512 839 1580 892 ob
1604 836 1839 911 _Salutem
1888 836 1984 889 hu-

431 934 574 988 mani
612 932 840 1002 generis.
876 950 893 981 ι
932 932 1065 999 Quid
1098 939 1181 984 est
1203 970 1216 991 ,
1250 928 1486 998 signauit,
1512 927 1633 996 quia
1660 924 1799 979 Deus
1829 940 1983 978 verax

428 1034 524 1088 est,
559 1024 658 1076 nisi
686 1022 807 1091 quia
832 1022 1006 1075 omnis
1033 1022 1190 1074 homo
1231 1019 1475 1077 mendax,
1509 1017 1649 1070 Deus
1687 1024 1865 1069 autem
1888 1028 1981 1067 ve—

432 1127 522 1165 rax
553 1110 668 1163 est?
703 1109 835 1174 Quia
867 1123 1020 1161 nemo
1048 1107 1318 1162 hominum
1356 1113 1532 1174 potest
1578 1104 1757 1157 dicere
1781 1143 1796 1167 ,
1844 1102 1986 1171 quod

435 1200 629 1252 veritas
668 1174 848 1268 [Aug:,
901 1196 1139 1249 veritatis
1166 1194 1269 1264 est)
1293 1203 1392 1256 est,
1428 1193 1529 1251 nisi
1561 1194 1891 1247 llluminetur
1917 1192 1983 1245 ab

430 1300 514 1346 eo,
533 1284 621 1349 qui
648 1284 856 1337 mentiri
882 1298 985 1337 non
1006 1289 1199 1350 potest.
1226 1281 1365 1335 Deus
1384 1296 1513 1349 ergo
1536 1296 1715 1339 verax,
1741 1279 1986 1335 Christus

432 1382 607 1425 autem
634 1372 792 1425 Deus.
824 1371 915 1424 Vis
941 1369 1200 1437 probare?
1229 1367 1425 1437 Accipe
1456 1366 1819 1422 testimonium
1848 1364 1981 1433 ejus,

429 1470 483 1515 et
513 1461 736 1515 invenis.
778 1458 878 1526 Qui
901 1462 1033 1513 enim
1061 1460 1260 1529 accepit
1284 1460 1629 1513 testimonium
1656 1458 1789 1526 ejus,
1818 1458 1986 1527 signa-

430 1550 497 1601 uit
532 1549 655 1617 quia
689 1548 828 1603 Deus
856 1565 1011 1603 ueras:
1037 1558 1132 1603 est.
1173 1548 1336 1616 Quis?
1366 1548 1480 1618 Ipse
1506 1548 1597 1616 qui
1626 1547 1693 1602 de
1718 1547 1854 1603 coelo
1892 1563 1983 1601 ve-

432 1639 510 1690 nit
528 1646 582 1691 et
601 1637 891 1700 descendit,
912 1646 966 1690 et
982 1653 1142 1706 super
1154 1652 1339 1691 omnes
1360 1645 1463 1700 est,
1482 1636 1624 1690 Deus
1641 1652 1800 1711 verax
1825 1647 1925 1690 est.
1963 1654 1980 1685 ι

434 1727 604 1793 Quem
626 1728 769 1782 enim
793 1727 941 1781 misit
961 1727 1122 1791 Deus,
1160 1730 1322 1781 verba
1353 1726 1449 1780 Dei
1470 1728 1737 1795 loquitur;
1766 1729 1876 1797 ipse
1904 1736 1986 1782 est

2082 572 2251 629 adhuc
2272 612 2287 636 ,
2317 573 2459 642 quod
2483 572 2724 642 sequitur
2748 613 2763 639 ,
2792 573 2918 642 quia
2958 573 3023 627 de
3055 570 3190 626 Filio
3224 570 3430 626 dixerat
3460 588 3472 623 :
3511 572 3630 625 Non

2080 660 2216 713 enim
2236 661 2302 713 ad
2323 677 2617 714 mensuram
2638 661 2727 714 dat
2749 660 2886 714 Deus
2909 658 3181 730 Spiritum.

2154 750 2312 807 Vsus.
2343 750 2430 803 55.
2456 779 2527 788 —
2555 748 2716 803 Pater
2752 748 2919 819 diligit
2948 748 3143 802 Filium
3166 785 3185 816 ,
3214 758 3263 802 et
3292 749 3464 802 omnia
3489 748 3630 801 dedit

2080 840 2136 893 in
2154 856 2311 894 manu
2331 841 2465 910 ejus.
2492 840 2741 894 Addidit:
2770 840 2832 894 Et
2855 842 3027 893 omnia
3054 840 3191 893 dedit
3214 840 3267 894 in
3293 856 3475 893 manus
3498 840 3629 908 ejus,

2081 939 2139 983 ut
2158 938 2409 984 nosseset
2427 930 2509 984 hic
2528 945 2687 998 quam
2700 931 2946 985 distincte
2962 930 3117 1002 [Λεία.
3128 969 3142 993 ,
3153 946 3258 998 qua
3273 926 3631 1003 distinctione]

2082 1018 2285 1073 dictum
2323 1024 2405 1070 est
2433 1034 2446 1070 :
2480 1017 2640 1071 Pater
2673 1018 2841 1086 diligit
2872 1017 3089 1071 Filium.
3118 1018 3328 1084 Quare?
3363 1018 3501 1089 Ergo
3535 1016 3638 1072 Pa-

2082 1114 2163 1161 ter
2191 1118 2297 1159 non
2321 1105 2493 1175 diligit
2512 1104 2803 1160 Joannem?
2825 1113 2877 1159 et
2904 1114 3079 1160 tamen
3109 1104 3258 1178 [non]
3286 1107 3465 1160 omnia
3495 1106 3643 1161 dedit

2084 1193 2138 1250 in
2161 1209 2322 1249 manu
2365 1194 2513 1265 eius;
2546 1193 2704 1248 Pater
2733 1210 2837 1248 non
2885 1193 3054 1264 diligit
3076 1194 3335 1248 Paulum?
3378 1202 3433 1249 et
3461 1201 3638 1250 tamen

2086 1283 2238 1357 [non]
2264 1286 2443 1341 omnia
2458 1286 2601 1339 dedit
2628 1286 2679 1339 in
2696 1301 2856 1339 manu
2872 1286 3006 1355 ejus.
3043 1285 3198 1338 Pater
3212 1286 3377 1355 diligit
3403 1282 3600 1339 Filium
3618 1303 3637 1339 :

2082 1374 2176 1427 sed
2206 1376 2471 1442 quomodo
2494 1373 2653 1427 Pater
2680 1372 2872 1429 Filium
2897 1416 2913 1439 ,
2951 1389 3056 1429 non
3086 1374 3350 1444 quomodo
3386 1372 3641 1429 Dominus

2042 1532 2047 1537 Α
2084 1476 2326 1526 servum;
2350 1463 2613 1531 quomodo
2636 1462 2886 1525 Unicum,
2905 1479 3009 1517 non
3026 1463 3290 1530 quomodo
3309 1464 3636 1534 adoptatum.

2083 1550 2267 1617 Itaque
2305 1550 2479 1603 omnia
2517 1550 2657 1603 dedit
2696 1550 2753 1603 in
2775 1566 2934 1603 manu
2963 1550 3095 1619 ejus.
3141 1550 3279 1615 Quid
3304 1559 3387 1605 est
3432 1552 3645 1605 omnia?

2086 1638 2156 1693 Ut
2184 1648 2361 1693 tantus
2388 1639 2458 1696 sit
2484 1640 2676 1705 Filius,
2704 1649 2936 1709 quantus
2958 1648 3041 1693 est
3068 1639 3243 1694 Pater.
3272 1639 3523 1707 Sequitur
3554 1660 3568 1695 :

2154 1726 2332 1784 CAPUT
2363 1743 2435 1781 tv.
2466 1728 2625 1781 Vens.
2662 1727 2710 1788 l,
2734 1727 2803 1789 ‘2,
2834 1726 2886 1779 5.
2917 1757 2987 1767 —
3015 1724 3078 1779 Ut
3096 1742 3215 1795 ergo
3236 1728 3466 1795 cognovit
3488 1726 3641 1780 Iesus

432 1818 574 1872 Deus
609 1832 793 1880 verax,
826 1818 938 1885 ipse
964 1826 1046 1869 est
1070 1818 1231 1880 Deus,
1258 1827 1311 1869 et
1336 1817 1591 1871 Dominus
1622 1828 1804 1871 noster
1832 1817 1986 1872 Iesus
2016 1821 2061 1880 Β
2088 1816 2209 1887 quia
2234 1817 2508 1871 audierunt
2536 1816 2811 1879 Phariswi,
2847 1820 2969 1888 quia
2991 1816 3143 1871 Iesus
3170 1816 3342 1887 plures
3362 1817 3641 1886 discipulos

429 1906 696 1967 Christus.
720 1907 785 1959 de
806 1921 910 1974 quo
931 1905 1211 1974 Apostolus
1236 1907 1308 1959 ait
1338 1924 1350 1958 :
1408 1905 1691 1975 Postquam
1720 1908 1848 1961 venit
1879 1906 1985 1977 ple-

431 1993 613 2047 nitudo
633 1996 892 2062 temporis,
915 1995 1051 2047 misit
1091 1994 1228 2048 Deus
1270 1993 1467 2048 Filium
1508 2012 1657 2049 suum
1692 1995 1886 2063 factum
1922 2012 1987 2049 ea:

432 2082 684 2145 muliere,
720 2082 915 2150 factum
953 2084 1046 2137 sub
1090 2082 1196 2155 lege
1218 2083 1357 2154 (Gal.
1391 2100 1462 2147 ιν,
1492 2084 1571 2153 4).

505 2171 661 2226 Vens.
688 2170 775 2225 54.
812 2202 879 2211 ——
909 2192 926 2223 ‹
964 2186 986 2213 ι
1014 2172 1176 2237 Quem
1203 2174 1337 2226 enim
1362 2174 1500 2226 misit
1526 2173 1685 2237 Deus,
1717 2173 1865 2227 verba
1892 2171 1986 2225 Dei

430 2261 677 2329 loquitur.
710 2261 819 2315 Hoc
844 2262 1026 2328 utique
1057 2263 1120 2315 de
1144 2262 1355 2315 Christo
1383 2263 1614 2325 dicebat,
1638 2270 1695 2316 ut
1724 2278 1781 2316 se
1809 2262 1875 2315 ab
1899 2262 1985 2315 illo

431 2350 797 2418 distingueret.
830 2349 963 2414 Quid
1006 2350 1184 2404 enim?
1221 2348 1477 2403 Joannem
1518 2365 1695 2417 nonne
1727 2350 1864 2404 Deus
1892 2350 1988 2403 mi-

430 2440 533 2492 sit?
575 2438 659 2491 An
695 2454 797 2491 non
831 2439 940 2507 ipse
971 2439 1101 2493 dixit.
1134 2457 1145 2491 :
1184 2439 1373 2492 Missus
1408 2455 1522 2492 sum
1571 2448 1689 2491 ante
1728 2455 1841 2491 eum
1886 2456 1901 2491 :
1940 2448 1986 2491 et

429 2526 519 2591 qui
547 2542 626 2577 me
645 2526 783 2579 misit
802 2527 1062 2594 baptizare
1087 2527 1140 2578 in
1168 2544 1302 2598 aqua
1330 2543 1347 2579 :
1376 2535 1429 2581 et
1449 2527 1513 2581 de
1535 2524 1624 2581 illo
1646 2525 1843 2580 dictum
1867 2533 1947 2578 est
1972 2541 1983 2576 :

432 2612 566 2664 Ecce
589 2629 679 2681 ego
708 2614 851 2665 mitto
882 2613 1127 2682 Angelum
1160 2631 1327 2667 meum
1351 2625 1467 2667 ante
1496 2625 1562 2678 te,
1596 2624 1643 2667 et
1677 2613 1987 2684 prwparabit

433 2702 568 2754 riam
599 2711 741 2755 tuam
764 2701 1015 2774 (Maloea.
1044 2718 1124 2766 ur,
1157 2702 1229 2774 l).
1266 2702 1452 2757 Nouue
1475 2710 1529 2757 et
1565 2704 1677 2774 ipse
1704 2705 1863 2757 verba
1895 2705 1986 2760 Dei

433 2789 690 2859 loquitur,
729 2790 795 2845 de
821 2806 925 2861 quo
952 2793 1114 2845 etiam
1148 2792 1351 2848 dictum
1372 2800 1455 2848 est
1496 2792 1636 2862 quod
1662 2792 1732 2847 sit
1763 2792 1989 2861 amplius

436 2894 598 2949 quam
640 2882 935 2950 propheta?
984 2880 1040 2935 Si
1082 2896 1209 2952 ergo
1253 2891 1307 2937 et
1348 2882 1517 2951 ipsum
1560 2882 1701 2936 Deus
1729 2882 1891 2946 misit,
1936 2890 1990 2937 et

436 2970 598 3024 verba
640 2970 731 3025 Dei
776 2971 1044 3041 loquitur,
1071 2974 1335 3041 quomodo
1376 2973 1443 3027 ad
1486 2972 1885 3027 distinctionem
1926 2972 1991 3027 de

435 3062 655 3117 Christo
687 3076 811 3117 eum
848 3064 1046 3116 dixisse
1074 3064 1376 3131 accepimus
1416 3081 1429 3114 :
1468 3061 1631 3127 Quem
1665 3065 1806 3118 enim
1848 3064 1988 3117 misi:

2085 1909 2211 1977 facit
2233 1925 2389 1979 quam
2414 1909 2661 1973 Joannes,
2688 1918 2736 1962 et
2762 1908 2986 1978 baptisat
3012 1922 3029 1958 :
3058 1925 3350 1979 quanquam
3370 1908 3521 1962 Iesus
3543 1924 3641 1977 non

2085 1998 2399 2071 baptizaret,
2434 1999 2523 2051 sed
2557 1998 2797 2068 discipuli
2832 1998 2945 2067 ejus
2985 2014 3002 2053 :
3032 1998 3233 2069 reliquit
3262 1998 3503 2052 Iudicum
3544 2007 3646 2053 ter-

2086 2100 2220 2148 ram,
2248 2094 2295 2137 et
2320 2084 2444 2138 abiit
2465 2087 2519 2139 in
2544 2084 2837 2139 Galilaeam.
2875 2104 2892 2136 l
2926 2097 2947 2125 ε
2977 2085 3171 2155 Utique
3195 2086 3448 2140 Dominus
3475 2086 3516 2140 si
3541 2086 3645 2139 sci-

2086 2180 2168 2228 ret
2194 2172 2490 2229 Pharisaeos
2516 2173 2590 2229 ita
2622 2158 2767 2227 dese
2789 2175 3099 2243 cognovisse
3126 2176 3265 2243 quod
3284 2176 3463 2244 plures
3486 2176 3646 2229 disci—

2084 2263 2239 2334 pulos
2262 2262 2458 2317 faceret
2478 2270 2532 2318 et
2560 2264 2699 2333 quod
2720 2262 2901 2331 plures
2917 2264 3234 2331 baptizaret,
3266 2274 3323 2317 ut
3350 2265 3451 2318 hoc
3476 2265 3556 2318 eis
3577 2266 3644 2317 ad

2086 2351 2311 2412 salutem
2350 2351 2643 2420 pertineret
2695 2341 3155 2420 [Aug.,'valeret]
3197 2350 3450 2418 sequendi
3498 2367 3640 2412 eum,

2088 2446 2146 2492 ut
2164 2450 2217 2491 et
2241 2438 2337 2507 ipsi
2360 2446 2539 2491 essent
2560 2437 2832 2505 discipuli,
2861 2426 2922 2490 et
2950 2437 3049 2505 ipsi
3070 2436 3268 2518 vellent
3291 2437 3358 2491 ab
3386 2452 3450 2492 eo
3474 2437 3645 2508 bapti-

2090 2528 2230 2593 zari;
2271 2528 2440 2597 magis
2482 2542 2585 2581 non
2633 2526 2960 2596 relinqueret
3009 2524 3244 2581 Iudaeam
3284 2536 3499 2591 terram,
3549 2530 3642 2583 sed

2088 2626 2304 2686 propter
2328 2616 2447 2672 illos
2472 2624 2710 2692 maneret
2737 2616 2810 2671 ibi
2840 2631 2853 2669 :
2878 2617 3004 2685 quia
3027 2631 3155 2671 vero
3174 2617 3423 2686 cognovit
3456 2630 3643 2677 eorum

2088 2706 2389 2771 scientiam,
2419 2707 2575 2763 simul
2603 2707 2852 2775 cognovit
2874 2716 2929 2761 et
2956 2706 3333 2771 invidentiam,
3378 2708 3499 2775 quia
3540 2722 3646 2761 non

2088 2794 2189 2850 hoc
2213 2805 2496 2865 propterea
2523 2796 2823 2851 didicerunt
2846 2805 2902 2849 ut
2924 2808 3293 2864 sequerentur,
3324 2798 3415 2850 sed
3445 2805 3503 2850 ut
3530 2811 3647 2864 per-

2089 2890 2439 2950 sequerentur
2457 2922 2474 2947 ,
2501 2882 2633 2936 abiit
2658 2882 2797 2936 inde.
2830 2882 3047 2936 Poterat
3067 2885 3280 2952 quidem
3322 2884 3409 2939 ille
3429 2893 3483 2937 et
3506 2899 3646 2952 pra:-

2091 2976 2221 3027 sens’
2243 2971 2311 3026 ab
2333 2972 2416 3027 his
2449 2985 2553 3026 non
2597 2972 2786 3036 teneri,
2815 2971 2860 3025 si
2889 2971 3082 3037 nollet;
3110 2988 3217 3028 non
3244 2972 3432 3035 occidi,
3464 2972 3509 3024 si
3535 2972 3647 3025 nol-

2092 3061 2196 3126 let;
2228 3060 2315 3131 qui
2346 3059 2529 3132 [Αιιει.ἱ
2556 3058 2704 3131 quia]
2730 3060 2936 3128 potuit,
2966 3069 3021 3113 et
3048 3074 3154 3114 non
3181 3059 3355 3123 nasci,
3383 3060 3427 3114 si
3447 3058 3643 3114 nollet:

434 3152 575 3207 Deus
598 3191 613 3215 ,
639 3152 788 3206 verba
820 3151 912 3204 Dei
942 3151 1206 3222 loquitur?
1236 3151 1339 3208 Sed
1364 3153 1501 3216 vide,
1538 3153 1664 3224 quid
1689 3150 1941 3222 adiungat
1972 3171 1983 3206 :
2017 3143 2061 3205 C
2092 3152 2187 3207 sed
2210 3151 2337 3221 quia
2351 3150 2405 3204 in
2440 3150 2585 3210 omni
2611 3166 2670 3205 re
2692 3165 2850 3218 quam
2871 3149 3036 3221 gessit
3059 3150 3127 3203 ut'
3144 3149 3319 3211 homo,
3346 3148 3650 3203 hominibus

500 3240 753 3312 598—
782 3240 904 3295 Non
950 3243 1085 3296 enim
1123 3242 1191 3294 ad
1232 3259 1527 3297 mensuram
1566 3242 1657 3295 dat
1703 3241 1841 3296 Deus
1873 3242 1988 3313 δρία

430 3334 607 3387 ritum.
656 3333 793 3387 Audi
847 3332 1158 3403 Apostolum
1180 3334 1439 3389 dicentem
1471 3353 1491 3389 ι
1518 3332 1814 3389 Secundum
1845 3351 1991 3389 men-

429 3439 609 3477 suram
650 3422 943 3477 donationis
986 3422 1180 3478 Christi
1237 3423 1453 3497 (Ephes.
1493 3439 1561 3489 tv,
1610 3422 1687 3494 7).
1750 3422 1989 3478 Homini-

430 3511 537 3567 bus
559 3513 627 3567 ad
662 3527 971 3568 mensuram
1006 3514 1114 3577 dat,
1142 3514 1303 3570 unico
1333 3513 1469 3569 Filio
1504 3528 1610 3567 non
1632 3512 1722 3566 dat
1747 3512 1811 3565 ad
1838 3526 1989 3565 men—

431 3616 639 3657 suram.
667 3602 947 3668 Quomodo
975 3602 1276 3656 hominibus
1302 3602 1393 3656 dat
1421 3601 1487 3655 ad
1516 3599 1855 3653 mensuram?
1886 3597 1990 3650 Alii

431 3692 650 3761 quidem
696 3692 852 3746 datur
894 3706 989 3761 per
1026 3683 1281 3761 Spiritum
1330 3704 1507 3744 sermo
1553 3687 1846 3756 sapientize,
1900 3685 1991 3739 alii

433 3798 619 3838 sermo
639 3782 876 3837 scientiae
897 3781 1187 3835 secundum
1223 3779 1466 3834 eumdem
1503 3777 1791 3846 Spiritum;
1816 3776 1908 3830 alii
1933 3776 1991 3829 li-

433 3874 529 3927 des
568 3872 624 3928 in
653 3872 840 3925 eodem
874 3871 1096 3939 Spiritu,
1130 3871 1219 3923 alii
1265 3870 1567 3941 prophetia,
1598 3869 1687 3921 alii
1732 3867 1992 3936 judicatio

431 3960 613 4033 [Ακςη
644 3956 971 4028 dijudicatio]
1021 3958 1321 4026 spirituum,
1366 3958 1517 4010 alteri
1549 3973 1742 4025 genera
1792 3958 1995 4027 lingua-

433 4067 582 4116 rum,
612 4049 708 4103 alii
747 4050 885 4110 dona
925 4048 1262 4102 curationum
1307 4047 1359 4116 (1
1389 4046 1509 4100 Cor.
1543 4064 1642 4110 xu,
1692 4047 1768 4115 8).
1812 4047 1992 4119 [Aug.,

430 4141 680 4213 Nunquid
728 4155 915 4196 omnes
960 4138 1182 4209 apostoli
1212 4137 1275 4210 ἲ]
1348 4138 1593 4211 Nunquid
1646 4152 1832 4194 omnes
1870 4152 1995 4206 pro.

429 4235 602 4305 pheta
622 4233 647 4285 ?
684 4229 934 4299 Nunquid
978 4244 1164 4283 omnes
1193 4228 1438 4286 doctores
1459 4229 1485 4281 ἲ
1527 4226 1775 4298 Nunquid
1806 4240 1994 4279 omnes

431 4322 630 4375 habent
668 4319 932 4372 virtutes?
968 4316 1217 4388 Nunquid
1244 4332 1430 4372 omnes
1480 4316 1613 4369 dena
1661 4313 1857 4369 habent
1903 4326 1992 4365 sa-

429 4406 701 4461 nitatum?
733 4404 981 4473 Nunquid
1028 4418 1216 4458 omnes
1252 4403 1445 4473 linguis
1483 4400 1802 4473 loquuntur?
1844 4398 1991 4454 Nun-

428 4495 562 4565 quid
598 4509 785 4549 omnes
832 4460 1288 4567 interpretantur?
1327 4460 1489 4545 Aliud
1530 4460 1690 4545 liabet
1716 4490 1822 4553 ille,
1850 4490 1994 4544 aliud
2022 4460 2072 4521 θ

432 4587 567 4651 iste;
615 4594 669 4641 et
704 4586 846 4658 quod
877 4586 1037 4640 habet
1086 4584 1218 4649 iste,
1274 4583 1364 4641 ille
1411 4599 1516 4636 non
1558 4583 1735 4636 habet.
1784 4580 1996 4635 Mensu-

434 4690 527 4736 ra,
577 4672 771 4727 dlvisio
812 4675 1054 4743 quaedam
1097 4674 1356 4729 donorum
1399 4680 1501 4726 est.
1578 4671 1717 4741 Ergo
1763 4670 1995 4725 homini-

431 4765 532 4819 bus
570 4775 819 4816 mensura
865 4760 1055 4834 μάθω,
1084 4762 1150 4831 ad
1187 4760 1518 4834 mensuram]
1564 4760 1757 4825 datur;
1790 4766 1843 4814 et
1877 4775 1999 4814 con-

431 4850 610 4907 cordia
664 4851 737 4905 ibi
784 4864 947 4905 unum
997 4844 1189 4921 corpus
1228 4850 1373 4905 facit.
1422 4850 1697 4918 Quomodo
1734 4849 1877 4905 aliud
1909 4865 1998 4903 ac-

430 4944 573 5013 cepit
623 4955 813 4996 manus
858 4934 917 4995 ut
960 4913 1243 5008 (speretur;
1284 4940 1426 4993 aliud
1443 4913 1653 4994 voculos
1694 4948 1751 4993 ut
1784 4940 1997 5003 videat;

433 5030 579 5085 aliud
604 5044 764 5087 aures
790 5038 849 5083 ut
891 5026 1109 5089 audiat;
1158 5026 1300 5079 aliud
1328 5027 1493 5095 pedes
1523 5025 1696 5097 [Idem
1721 5064 1735 5087 ,
1782 5025 1993 5087 oculus,

434 5121 605 5184 auris,
646 5117 765 5191 pes]
784 5127 844 5173 ut
870 5117 1104 5175 ambulet
1136 5132 1149 5170 :
1186 5116 1361 5170 anima
1388 5124 1565 5169 tamen
1591 5130 1696 5168 una
1739 5124 1846 5177 est,
1872 5130 1993 5187 quae

433 5207 546 5277 agit
567 5208 775 5271 omnia;
804 5208 857 5262 in
889 5224 1071 5271 manu,
1105 5215 1166 5261 ut
1201 5213 1451 5276 operetur
1476 5221 1490 5270 ;
1531 5205 1585 5259 in
1614 5204 1768 5274 pede,
1797 5214 1857 5258 ut
1884 5220 1997 5258 ain—

435 5296 619 5361 bulet;
649 5295 703 5350 in
742 5283 888 5361 aure,
916 5304 975 5351 ut
1014 5296 1234 5361 audiat;
1269 5296 1323 5351 in
1366 5294 1539 5360 oculo,
1586 5301 1646 5349 ut
1670 5295 1888 5349 videat:
1920 5295 1995 5350 sic

437 5396 562 5443 sunt
581 5388 745 5446 etiam
773 5386 981 5443 diversa
1007 5388 1142 5441 dona
1166 5387 1400 5443 ﬁdelium
1417 5426 1431 5447 ,
1462 5393 1714 5454 tanquam
1744 5386 1999 5440 membris

442 5474 507 5536 ad
528 5470 833 5536 mensuram
859 5478 1050 5549 cuique
1090 5480 1361 5550 propriam
1390 5478 1691 5534 distributa.
1723 5476 1827 5532 Sed
1854 5476 2005 5532 Chri-

509 5601 533 5632 ι
566 5588 623 5642 S.
651 5588 785 5657 Aug.
812 5586 943 5642 Ibid.
977 5601 1126 5643 num.
1158 5585 1245 5657 lt}.

512 5657 539 5700 δ
576 5654 875 5735 idem.'loc.
903 5656 995 5711 cit.
1026 5670 1170 5712 num.
1204 5654 1287 5710 ll.

2092 3242 2145 3295 in
2192 3255 2250 3295 se
2302 3240 2587 3295 creditoris
2628 3241 2901 3309 praebebat
2942 3240 3243 3309 exemplum
3290 3239 3436 3309 (quia
3480 3253 3645 3292 unus

2090 3331 2316 3401 quisque
2337 3346 2525 3386 servus
2548 3331 2641 3384 Dei
2666 3346 2770 3384 non
2794 3338 2999 3400 peccat,
3028 3330 3072 3383 si
3106 3330 3386 3404 secesserit
3409 3329 3461 3382 in
3485 3326 3646 3381 alium

2090 3426 2295 3489 locum,
2324 3426 2510 3479 videns
2550 3424 2782 3477 furorem
2829 3424 3018 3477 fortem
3048 3423 3230 3493 [Auq.,
3275 3422 3434 3493 forte]
3472 3437 3649 3492 perse-

2090 3512 2365 3580 quentium
2422 3526 2482 3564 se
2545 3517 2639 3563 aut
2675 3511 3025 3578 quaerentium
3067 3511 3119 3566 in
3171 3511 3365 3581 malum
3421 3512 3651 3567 animum

2091 3617 2276 3666 suam;
2305 3601 2578 3655 videretur
2603 3609 2780 3654 autem
2804 3600 2905 3655 sibi
2928 3615 3113 3653 servus
3139 3601 3231 3654 Dei
3255 3616 3480 3667 peccare
3505 3603 3549 3655 si
3575 3600 3654 3655 l‘a-

2092 3698 2256 3755 ceret,
2284 3690 2385 3743 nisi
2425 3690 2477 3743 in
2505 3688 2746 3744 faciendo
2785 3690 3041 3744 Dominus
3080 3686 3495 3758 praecessisset),
3528 3688 3653 3744 fecit

2090 3778 2193 3833 hoc
2214 3778 2300 3832 ille
2327 3778 2580 3846 magister
2604 3780 2795 3843 bonus,
2820 3787 2878 3831 ut
2904 3779 3135 3839 doceret,
3176 3792 3277 3831 non
3322 3777 3464 3845 quod
3494 3778 3652 3832 time—

2094 3876 2194 3925 ret.
2241 3868 2712 3925 Fortassisetiam
2758 3868 2859 3922 hoc
2885 3875 3131 3931 moveat,
3166 3882 3262 3920 cur
3304 3866 3504 3919 dictum
3535 3866 3605 3920 sit
3639 3884 3650 3917 :

2095 3956 2403 4029 Baptisabat
2446 3956 2597 4011 Iesus
2635 3955 2806 4026 plures
2852 3972 3014 4025 quam
3044 3955 3292 4018 Ioannes,
3343 3963 3398 4008 et
3447 3961 3653 4023 postca—

2095 4063 2255 4116 quam
2302 4047 2503 4101 dictum
2546 4053 2647 4109 est,
2680 4046 2903 4114 baptiut
2951 4044 3102 4115 [Ἀθη
3140 4044 3485 4115 baptizabat],
3529 4045 3655 4097 sub-

2088 4137 2290 4206 jectum
2317 4138 2391 4192 sit
2416 4154 2428 4189 :
2460 4137 2769 4206 Quanquam
2803 4121 2956 4190 Iesus
2989 4153 3090 4189 non
3120 4136 3399 4205 baptizaret
3419 4176 3433 4200 ,
3462 4134 3550 4189 sed
3574 4134 3655 4187 di-

2094 4225 2279 4296 scipuli
2316 4226 2448 4294 ejus.
2478 4225 2616 4291 Quid
2641 4226 2801 4294 ergo?
2831 4225 3042 4278 Falsum
3067 4226 3267 4278 dictum
3305 4235 3437 4288 erat,
3466 4234 3519 4279 et
3535 4242 3652 4279 cor-

2097 4324 2299 4369 rectum
2337 4321 2420 4369 est
2457 4328 2581 4369 cum
2608 4312 2845 4365 additum
2888 4320 3004 4373 est,
3035 4328 3329 4380 quanquam
3372 4314 3523 4365 Iesus
3551 4331 3652 4366 non

2095 4402 2377 4471 baptizata
2396 4440 2415 4467 ,
2440 4400 2527 4457 sed
2564 4399 2804 4470 discipuli
2833 4400 2987 4469 ejus?
3018 4399 3099 4452 An
3142 4410 3426 4469 utrumque
3468 4416 3651 4453 verum

2099 4499 2197 4555 est,
2230 4492 2353 4563 quia
2398 4489 2557 4545 Iesus
2581 4500 2638 4544 et
2679 4490 3002 4559 baptizabat,
3057 4498 3111 4541 et
3161 4504 3263 4541 non
3305 4489 3657 4557 baptizabat?

2099 4580 2412 4648 Baptizabat
2439 4578 2605 4641 enim,
2629 4577 2753 4647 quia
2788 4585 2843 4629 et
2869 4576 2981 4644 ipse
3004 4576 3319 4637 mundabat;
3356 4592 3457 4628 non
3487 4577 3659 4644 bapti-

2099 4671 2270 4733 zabat,
2300 4670 2427 4741 quia
2469 4683 2573 4721 non
2622 4668 2733 4735 ipse
2782 4666 3035 4734 tingebat.
3074 4666 3385 4718 Praebebunt
3414 4667 3657 4734 discipuli

2102 4760 2460 4816 ministerium
2492 4759 2759 4827 corporis.
2797 4758 3066 4826 prmbehat
3090 4757 3176 4812 ille
3199 4758 3523 4825 adiutorium
3545 4776 3658 4811 ma-

2094 4850 2328 4919 iestatis.
2356 4849 2578 4916 Quando
2608 4847 2753 4900 enim
2769 4856 3004 4901 cessaret
3027 4862 3056 4899 a
3077 4846 3414 4917 baptizando,
3436 4848 3523 4914 qui
3550 4864 3653 4900 nos:

2102 4947 2333 4993 cessata
2382 4936 2715 4999 mundando,
2763 4935 2829 4989 de
2856 4950 2961 5005 quo
3001 4936 3199 4989 dictum
3238 4945 3320 4989 est
3364 4936 3430 4987 ab
3470 4934 3655 4988 eodem

2100 5026 2303 5081 Joanne
2327 5042 2423 5095 per
2445 5026 2663 5080 Joannis
2711 5026 2968 5097 Baptistae
3008 5040 3287 5094 personam
3339 5022 3614 5094 {dicentis}
3643 5040 3656 5077 :

2104 5115 2205 5169 Hic
2243 5126 2317 5170 est
2345 5117 2434 5185 qui
2464 5115 2727 5185 baptizat?
2763 5115 2904 5184 Ergo
2931 5114 3086 5169 Jesus
3113 5115 3285 5171 adhuc
3319 5113 3580 5181 baptizat;
3611 5124 3665 5167 et

2098 5220 2377 5275 quousque
2418 5205 2775 5274 bapti‘zantur,
2823 5204 2913 5273 qui
2960 5203 3259 5270 baptizandi
3307 5209 3429 5255 sunt
3476 5201 3657 5272 [Aug.,

2102 5308 2379 5361 quousque
2408 5292 2709 5361 baptizandi
2738 5289 2976 5361 sumus],
3017 5289 3171 5342 Iesus
3204 5290 3452 5357 baptizat.
3495 5288 3659 5345 Secu-

2104 5398 2197 5436 rus
2242 5382 2403 5437 homo
2432 5374 2651 5434 accedat
2683 5377 2784 5433 ad’
2797 5378 3102 5432 inferiorem
3130 5378 3453 5442 ministrum,
3502 5377 3662 5433 balet

2105 5472 2249 5526 enim
2276 5470 2602 5538 superiorem
2620 5470 2949 5538 magistrum.
2986 5468 3091 5521 Sed
3111 5466 3247 5522 forte
3278 5468 3416 5523 dicat
3439 5468 3661 5539 aliquis:

2181 5596 2203 5624 ο
2237 5585 2292 5640 S.
2322 5570 2453 5653 Aug.
2488 5582 2667 5638 Tract.
2695 5599 2757 5639 xv
2782 5583 2833 5637 in
2862 5581 3013 5637 Joan.
3044 5597 3188 5635 num.
3217 5582 3271 5649 2,
3305 5584 3359 5648 3,
3388 5582 3440 5638 4.
