4266 6198
650 364 738 419 791

652 565 809 629 Quasi
832 581 956 617 vero
977 566 1194 619 alterius
1213 566 1350 619 dono
1370 583 1527 634 quant
1550 567 1706 629 illius,
1738 571 2015 637 quisquam
2040 567 2200 619 etiam

649 663 983 706 sacramento
1009 655 1300 721 corporalis
1324 664 1375 707 el
1403 656 1623 709 visibilis
1645 656 1975 723 baptismatis
2004 655 2201 707 imbua-

648 751 753 792 tur.
788 740 876 792 \‘is
902 755 1054 793 nosse
1080 742 1202 807 quia
1245 743 1608 810 ipsebaptizat
1634 760 1735 796 non
1778 745 1946 796 solum
1988 742 2197 811 spiritu,

647 827 739 880 sed
770 827 927 879 etiam
956 832 1127 895 aqua?
1160 830 1294 881 Audi
1320 829 1654 897 Apostolum:
1680 831 1825 883 Sicut
1843 830 2095 889 Christus,
2122 829 2200 880 in-

646 916 781 982 quit,
807 915 969 984 5,99
985 916 1164 967 dilexit
1190 916 1468 969 Ecclesium
1492 934 1659 979 suam,
1684 928 1731 970 et
1743 919 1963 985 seipsth
1985 917 2197 968 tradidit

643 1019 736 1068 pro
760 1019 841 1065 cu,
873 1003 1126 1056 mundum
1152 1020 1263 1055 eum
1286 1004 1489 1056 luracro
1518 1022 1667 1073 aqua
1702 1008 1755 1057 in
1787 1006 1951 1068 verbo,
1983 1016 2034 1055 ut
2056 1005 2197 1056 exhi-

643 1094 775 1144 beret
804 1093 901 1145 sibi
937 1094 1042 1162 ipse
1079 1093 1354 1161 gloriosum
1408 1094 1687 1147 Ecclesium
1717 1136 1731 1157 ,
1778 1112 1879 1147 non
1931 1095 2195 1146 Imbcntcm

641 1179 897 1233 maculam
928 1192 1017 1233 aut
1056 1198 1255 1249 rugam,
1280 1193 1368 1233 aut
1402 1183 1598 1250 aliquid
1625 1183 1877 1250 ejusmodi
1906 1182 2116 1250 (Ep/tes.
2142 1197 2192 1243 v,

639 1269 750 1339 9.35).
802 1270 1058 1324 Munilans
1082 1286 1221 1334 eam,
1259 1272 1431 1324 unde?
1474 1272 1709 1323 Lavacm
1736 1286 1887 1339 aqua:
1928 1272 1978 1323 in
2008 1270 2189 1323 verbo.

641 1359 681 1412 Τ
684 1360 787 1413 olle
814 1375 1027 1427 aquam,
1073 1376 1174 1412 non
1202 1371 1282 1412 est
1313 1361 1652 1428 baptismum.
1685 1360 1942 1413 Similiter
1973 1360 2191 1413 verbum

637 1448 679 1499 si
708 1446 910 1507 tuleris,
954 1447 1270 1513 baptismum
1302 1462 1403 1498 non
1443 1445 1501 1500 ﬁt
1540 1446 1686 1516 [.lls.,
1736 1447 2019 1514 baptisma,
2069 1446 2192 1498 tolle

637 1534 857 1585 verbum
878 1573 892 1597 ,
922 1550 1024 1587 non
1051 1546 1134 1587 est
1158 1534 1460 1605 baptisma].
1493 1550 1515 1573 ιι
1565 1556 1583 1585 ι
1616 1535 1789 1600 Quaeri
1817 1536 1956 1588 enim
1986 1535 2120 1587 solet
2148 1536 2188 1586 si

639 1620 687 1671 in
718 1619 816 1672 hoc
853 1622 1113 1687 baptismo
1142 1621 1522 1688 discipulorum
1550 1622 1771 1683 Christi,
1802 1621 2029 1689 Spiritus
2068 1636 2189 1672 san-

635 1718 751 1760 ctus
784 1707 1002 1760 daretur
1028 1748 1041 1771 ,
1084 1717 1297 1776 propter
1322 1710 1482 1762 verba
1511 1726 1627 1776 quas
1671 1709 1720 1761 in
1768 1708 2004 1775 sequenti
2038 1709 2192 1776 hujus

635 1794 901 1863 Evangelii
926 1795 1040 1848 loco
1061 1795 1326 1864 leguntur,
1359 1796 1445 1849 ubi
1473 1796 1667 1849 dicitur
1694 1814 1704 1847 :
1737 1794 1961 1864 Spiritus
1983 1805 2190 1847 sanctus
2223 1780 2265 1835 Β

639 1886 864 1935 nondum
895 1884 1064 1951 fuerat
1093 1886 1269 1946 dotus,
1303 1888 1424 1953 quia
1457 1885 1611 1937 Iesus
1640 1886 1863 1937 nondum
1893 1886 2061 1951 fuerat
2081 1884 2187 1953 glo-

638 1973 870 2036 ri/icutus
916 1972 1093 2039 (Ioun.
1138 1989 1233 2031 vn.
1263 1976 1390 2041 59)?
1420 1975 1664 2027 Profecto
1700 1977 1927 2026 dal.atur
1958 1973 2194 2042 Spiritus

633 2072 845 2113 sanctus
885 2062 933 2113 in
971 2063 1071 2114 hoc
1110 2062 1486 2129 discipulorum
1520 2061 1714 2114 Christi
1746 2063 2025 2129 baptismo,
2069 2060 2191 2114 licet

633 2164 734 2200 non
765 2166 824 2202 ea
848 2150 1289 2207 manilestatione,
1318 2167 1417 2218 qua
1448 2162 1564 2219 post
1594 2153 1955 2205 ascensionem
1990 2152 2187 2204 Christi

634 2237 837 2289 decima
861 2240 943 2292 die
966 2240 1015 2291 in
1041 2240 1206 2307 igneis
1236 2240 1427 2307 linguis
1456 2240 1610 2292 datus
1636 2249 1733 2292 est.
1767 2240 1916 2303 Quod
1944 2239 2185 2307 quaedam

630 2324 874 2388 latenter,
904 2328 1143 2395 quredam
1178 2342 1304 2380 vero
1328 2343 1422 2396 per
1450 2328 1709 2380 visibilem
1744 2336 2042 2379 creaturam
2062 2367 2075 2389 ,
2112 2328 2187 2379 vi-

630 2411 852 2464 sibiliter
893 2414 1033 2465 Deus
1077 2423 1350 2480 operatur,
1397 2416 1625 2481 pertinet
1653 2415 1717 2465 ad
1749 2414 2187 2482 gubernationem

630 2499 940 2566 prudeutnc,
987 2499 1109 2565 quia
1149 2498 1334 2551 domes
1378 2499 1565 2551 divium
1608 2500 1874 2560 actiones,
1923 2500 2185 2562 locorum,

632 2595 1033 2651 tempoiumque
1061 2584 1264 2637 ordinis
1296 2584 1445 2653 ιλιι,
1475 2585 1681 2653 ordine]
1710 2586 2052 2639 distinctione
2073 2586 2186 2653 pul-

627 2676 889 2729 cherrima
931 2684 1176 2742 aguntur.
1232 2674 1505 2738 Quomodo
1543 2685 1718 2727 autem
1767 2676 1877 2741 ipse
1935 2674 2187 2729 Dominus

628 2775 809 2814 sentin
838 2761 1067 2812 habebat
1090 2759 1269 2828 utique
1306 2761 1559 2827 Spiritum
1602 2771 1843 2814 sanctum
1876 2764 1925 2815 in
1955 2764 2067 2830 ipso
2088 2764 2184 2815 ho-

630 2854 770 2906 mine
808 2866 967 2921 quem
994 2854 1231 2922 gerebat,
1283 2854 1493 2919 quando
1534 2862 1591 2905 ut
1637 2854 1998 2923 baptiZat-etnr
2043 2855 2187 2908 venit

629 2946 695 2998 ad
724 2944 1011 3000 Iordanem
1042 2943 1193 3014 [Με.ν
1239 2944 1500 3013 aumem];
1537 2953 1592 2996 ct
1636 2954 1812 2997 tamen
1838 2956 2180 3013 posteaquam

628 3034 933 3102 baptizatus
957 3041 1058 3092 est,
1083 3032 1403 3085 descendere
1426 3032 1477 3083 in
1496 3048 1617 3085 eum
1648 3034 1699 3085 in
1727 3034 1983 3086 columbm
2006 3034 2183 3101 specie

629 3091 764 3175 illam
794 3120 1024 3188 Spiritus
1053 3118 1311 3189 [sanctus]
1347 3120 1490 3172 visus
1519 3130 1600 3173 est
1624 3135 1636 3171 :
1664 3121 1741 3173 sic
1785 3120 2181 3188 intelligendum
2209 3091 2252 3151 C

626 3219 727 3272 est,
758 3220 879 3263 ante
911 3208 1250 3261 manifestum
1272 3216 1325 3261 et
1358 3209 1618 3261 visibilem
1640 3210 1924 3261 adventum
1950 3208 2181 3277 Spiritus

629 3297 797 3351 sancti
828 3309 1170 3363 quoscunque
1206 3303 1419 3349 sanctos
1458 3309 1578 3347 eum
1606 3295 1831 3348 latenter
1857 3297 2053 3348 habere
2083 3312 2178 3364 po-

629 3387 812 3439 tuisse.
858 3384 933 3437 lta
962 3398 1088 3436 sane
1118 3385 1215 3436 hoc
1258 3384 1489 3436 diximus
1529 3394 1587 3434 ut
1626 3383 1982 3453 intelligamus
2017 3385 2179 3437 etiam

628 3474 820 3528 visibili
849 3473 1300 3526 demonstratione
1323 3472 1557 3541 Spiritus
1584 3474 1772 3536 sancti,
1802 3475 1891 3542 qui
1922 3474 2182 3529 adventus

627 3563 741 3632 ejus
765 3563 993 3625 dicitur,
1041 3560 1293 3616 ineﬁ'abili
1335 3562 1415 3616 vel
1449 3562 1611 3615 etiam
1662 3563 1985 3631 incogitabili
2024 3564 2181 3617 modo

626 3652 823 3721 largius
844 3652 894 3703 in
918 3652 1189 3704 hominum
1216 3651 1376 3705 corda
1396 3651 1777 3719 plenitudinem
1797 3653 1910 3719 ejus
1929 3652 2176 3706 infusam.

627 3740 878 3807 Sequitur
904 3758 916 3789 :
955 3738 1172 3806 Reliquit
1200 3737 1471 3801 Indicam,
1502 3748 1547 3790 et
1586 3739 1708 3791 abiit
1742 3742 1925 3793 iterum
1956 3742 2009 3793 in
2032 3739 2178 3794 Cali-

629 3827 800 3877 Iu'unt.
831 3824 967 3888 Quid
998 3835 1099 3887 est,
1134 3824 1335 3893 reliquit
1380 3824 1644 3889 Iuda-am,
1674 3828 1773 3881 nisi
1817 3828 2030 3896 reliquit
2058 3829 2178 3882 inﬁ-

628 3914 897 3967 delitatem
929 3913 1137 3965 illorum
1184 3913 1274 3980 qui
1323 3910 1719 3982 eum'rccipere
1760 3915 2075 3979 noluerunt;
2127 3926 2181 3969 et

628 4003 854 4069 lapidem
884 4017 1040 4068 quem
1071 4003 1334 4056 :cdiﬁcare
1362 4002 1673 4066 debuerunt,
1725 4006 2180 4073 reprobaverunt?

628 4093 692 4146 Et
722 4090 851 4143 abiit
897 4106 993 4159 per
1015 4091 1277 4159 apostolos
1309 4093 1358 4145 in
1382 4092 1666 4156 Galiheam,
1702 4095 1755 4149 id
1797 4105 1908 4155 est.
1951 4097 2003 4148 in
2033 4096 2178 4149 volu-

627 4182 882 4237 bilitatem
914 4182 1077 4240 jstius
1121 4183 1333 4245 mundi,
1386 4184 1696 4250 praecipiens
1738 4185 1991 4251 apostolis
2024 4201 2036 4235 :
2077 4185 2175 4248 Ite,

629 4270 800 4319 docete
818 4284 988 4319 omnes
1016 4279 1206 4333 gentes,
1233 4270 1548 4336 baptizantes
1575 4288 1657 4325 eos
1684 4273 1735 4324 in
1758 4274 1959 4325 nomine
1976 4270 2175 4337 Patris,

624 4369 669 4409 cl
699 4357 841 4422 Filii,
875 4370 920 4411 et
958 4357 1177 4426 Spiritus
1208 4360 1597 4429 sancti(Ilattlt.
1634 4378 1824 4425 xxvut,
1857 4363 1965 4433 l9).

697 4448 854 4499 Vens.
883 4446 933 4499 4.
967 4477 1034 4485 ——
1057 4446 1331 4514 Oportebat
1356 4451 1490 4502 enim
1512 4467 1625 4502 eum
1641 4454 1861 4504 transire
1880 4469 1970 4520 per
1994 4453 2177 4507 Sama-

629 4538 781 4585 tium.
820 4533 874 4586 In
911 4533 1137 4587 lectione
1177 4550 1303 4587 vero
1334 4536 1624 4605 Evangelii,
1674 4538 2034 4592 inﬁrmitatem
2074 4542 2175 4594 hu-

584 4607 589 4613 ’
629 4621 768 4673 mani
816 4622 1027 4688 generis
1056 4623 1351 4691 suscepisse
1388 4624 1665 4678 Dominum
1698 4624 1878 4680 Iesum
1906 4626 2175 4683 Christum

626 4706 929 4772 plenissime
964 4709 1116 4761 nobis
1144 4720 1359 4764 sanctus
1382 4714 1704 4779 evangelista
1729 4718 2045 4770 monstravit
2067 4734 2080 4781 ;
2100 4720 2173 4772 si-

626 4796 837 4863 quidem
880 4812 998 4848 cum
1028 4798 1247 4852 dixisset
1268 4800 1475 4853 venisse
1516 4801 1793 4853 Dominum
1826 4804 1877 4855 in
1904 4805 2171 4859 civitatem

624 4887 897 4946 Samarize,
944 4902 1061 4953 quze
1092 4886 1283 4939 dicitur
1320 4887 1527 4951 Sichar,
1567 4887 1718 4953 juxta
1749 4892 2003 4956 praedium
2030 4894 2168 4961 quod

622 4971 766 5024 dedit
789 4970 953 5026 Iacob
983 4972 1089 5025 ﬁlio
1113 4988 1208 5025 suo
1235 4971 1449 5041 Ioseph,
1482 4974 1533 5026 in
1560 4990 1665 5041 quo
1688 4977 1886 5043 pnedio
1913 4990 2030 5034 erat
2054 4980 2171 5035 l‘ons

622 5058 802 5123 Iacob,
851 5060 1054 5113 addidit
1090 5078 1103 5111 :
1140 5060 1311 5121 Iesus,
1363 5061 1553 5130 inquit,
1582 5063 1832 5133 fatigatus
1863 5083 1927 5119 ex
1967 5070 2167 5136 itinere,

617 5147 821 5200 sedebat
844 5149 917 5200 sic
938 5164 1095 5215 supra
1119 5148 1309 5215 fontem
1334 5142 1475 5218 [διες
1504 5169 1659 5221 supra
1694 5155 1946 5227 puteum].

1204 5255 1426 5312 CAPUT
1476 5260 1562 5315 Vll

621 5364 699 5415 Ad
721 5376 924 5432 puteum
946 5364 1108 5417 Iacob
1132 5366 1333 5421 mulieri
1358 5368 1703 5427 Samaritana:
1724 5373 1962 5429 Christus
1988 5393 2039 5429 se
2060 5395 2168 5431 ma-

691 5434 933 5498 nifestans
968 5433 1191 5502 plurima
1216 5439 1422 5503 mystice
1446 5438 1701 5508 loquitur,
1734 5455 1778 5496 et
1807 5444 1954 5497 multi
1985 5444 2167 5499 Sama-

695 5612 715 5639 ι
753 5600 1031 5672 llucnsqne
1054 5605 1395 5674 Augustinus.

1507 372 1563 425 ll.
1606 372 1662 423 F.
1706 372 1921 424 .-\l.lll.\'l
1962 372 2089 425 SiiL'
2132 370 2399 423 .~\l.('.L'I.\'|
2439 374 2715 429 Ol’EllUM
2756 377 2930 429 PARS
2968 377 3027 429 ll.

650 476 890 543 llaptizat
917 478 1125 545 quidem
1156 478 1397 532 Christus
1427 481 1477 532 in
1508 483 1715 548 spiritu,
1744 497 1843 533 non
1869 483 1918 535 in
1950 494 2190 548 corpore.
2221 482 2269 536 Δ

3744 381 3847 435 792

2369 488 2655 537 ritmtorum
2691 487 2905 538 rredtmt
2938 488 2993 539 in
3039 503 3173 550 eum,
3204 488 3425 541 dicentes
3464 502 3480 538 :
3513 487 3641 543 Vere
3662 490 3744 543 hic
3771 503 3846 545 est

2371 549 2611 604 Salvator
2644 554 2841 606 mundi.

2375 658 2530 712 Visus.
2561 660 2613 721 5,
2644 662 2696 714 6.
2726 692 2791 703 --
2828 663 2975 716 Venit
3004 663 3158 720 Iesus
3184 668 3234 719 in
3268 669 3518 723 civitatem
3551 669 3805 728 Samaritv
3828 715 3844 736 ,

2298 763 2412 813 qum
2434 747 2626 799 dicitur
2651 748 2865 811 Sic/iur,
2890 752 3047 819 juxta
3081 756 3328 823 pra-dium
3361 758 3499 826 quod
3525 758 3662 812 dedit
3683 759 3846 814 Iacob

2298 833 2487 903 Ioseph
2523 837 2633 903 ﬁlio
2670 855 2783 892 suo.
2834 840 2963 894 Erat
2984 844 3117 895 enim
3155 844 3226 897 ibi
3272 844 3387 911 fons
3429 843 3613 898 Iacob.
3656 846 3844 909 Iesus,

2298 924 2503 993 inquit,
2550 927 2795 996 fatigatus
2836 931 3035 995 itinere,
3083 933 3284 988 sedebat
3320 935 3395 986 sic
3434 951 3587 1004 super
3630 937 3845 1003 fontem.

2298 1013 2468 1081 Super
2505 1014 2701 1070 fontem
2728 1020 2973 1074 videlicet
3019 1023 3194 1090 putei,
3245 1022 3355 1092 [qui
3398 1034 3513 1077 crat
3541 1026 3591 1079 in
3622 1027 3845 1095 pnedio,

2294 1100 2456 1171 quod]
2499 1114 2715 1158 sanctus
2738 1104 2906 1160 Iacob
2948 1106 3143 1177 Ioseph
3168 1109 3290 1163 'lilio
3314 1126 3411 1165 suo
3440 1112 3796 1181 dereliquerat
3829 1132 3843 1166 :

2294 1192 2432 1258 quod
2455 1195 2709 1260 praedium
2740 1213 2842 1251 non
2867 1208 2971 1252 tam
2982 1197 3177 1268 Ioseph
3204 1216 3362 1269 quant
3386 1200 3599 1257 Christo
3615 1204 3849 1258 arbitror

2292 1282 2624 1347 derelictum,
2649 1283 2800 1352 cuius
2822 1286 3042 1355 ﬁguram
3073 1298 3287 1342 sanctus
3320 1287 3514 1359 Ioseph
3540 1293 3844 1360 patriarcha

2272 1371 2541 1440 portavit,
2590 1392 2747 1444 quem
2778 1394 2904 1432 vere
2942 1380 3018 1431 sol
3058 1382 3243 1432 adorat
3280 1388 3333 1433 et
3370 1380 3514 1445 luna,
3561 1390 3617 1435 et
3658 1398 3847 1437 omnes

2293 1461 2458 1514 stt-liae
2507 1463 2844 1515 bene-dicunt.
2887 1465 2967 1517 Ad
2997 1466 3096 1519 hoc
3128 1466 3382 1533 praedium
3424 1468 3541 1521 ideo
3570 1471 3711 1522 venit
3736 1472 3844 1524 Do-

2293 1554 2488 1609 minus.
2517 1562 2572 1605 ut
2603 1554 2954 1620 Samaritani,
2986 1559 3076 1626 qui
3104 1559 3463 1612 haereditatem
3493 1560 3592 1614 sibi
3617 1564 3822 1630 patriar

2292 1642 2405 1694 eha:
2439 1641 2595 1694 Israel
2623 1643 2893 1698 vindicare
2924 1646 3225 1712 cupiebant,
3264 1658 3611 1715 agnoscerent
3639 1664 3847 1718 posses-

2293 1743 2464 1782 sorem
2490 1745 2659 1791 suum,
2677 1741 2729 1785 et
2753 1742 3190 1787 converterentur
3209 1734 3275 1788 ad
3304 1734 3574 1790 Christum
3598 1738 3688 1806 qui
3715 1738 3843 1807 legi-

2294 1817 2454 1868 timus
2470 1819 2786 1884 patriarchae
2810 1820 2980 1874 barres
3008 1831 3091 1874 est
3118 1820 3306 1875 factus.
3340 1823 3473 1877 Dicit
3488 1825 3841 1894 evangelista:

2289 1902 2440 1957 Iesus
2470 1916 2639 1957 autem
2662 1907 2909 1976 fatigatus
2929 1925 2992 1961 ex
3016 1910 3214 1973 itinere,
3239 1909 3442 1962 sedebat
3463 1912 3537 1964 sic
3555 1929 3707 1980 super
3728 1914 3846 1981 fon-

2290 2002 2387 2044 tem
2448 1993 2591 2063 [.lls.,
2636 2013 2791 2064 supra
2844 1997 3095 2068 puteum].
3147 1998 3462 2070 Evangeli‘ca
3508 2014 3842 2058 sacramenta

2290 2083 2340 2134 in
2378 2083 2585 2136 Domini
2618 2088 2787 2139 nostri
2815 2086 2939 2140 Iesu
2963 2088 3160 2142 Christi
3192 2085 3354 2143 dictis
3372 2091 3635 2158 factisque
3660 2095 3841 2161 signa-

2291 2180 2358 2227 ta.
2406 2188 2507 2223 ltuit
2535 2175 2782 2226 omnibus
2805 2184 3013 2241 patent;
3056 2185 3111 2229 et
3149 2192 3210 2230 ea
3250 2180 3484 2232 nonnulli
3517 2182 3692 2235 minus
3720 2185 3842 2238 dili-

2288 2268 2472 2326 genter
2515 2260 2794 2329 minusque
2824 2263 3001 2317 sobrie
3030 2264 3439 2344 interpretando
3466 2267 3695 2323 all'erunt
3729 2271 3841 2339 ple.

2289 2365 2510 2417 rumque
2539 2365 2637 2418 pro
2666 2352 2833 2405 salute
2856 2355 3143 2420 perniciem
3169 2366 3219 2409 et
3254 2372 3349 2424 pro
3377 2359 3674 2427 cognitione
3700 2364 3840 2415 veri-

2288 2440 2412 2491 tatis
2435 2454 2690 2495 errorem.
2718 2442 2857 2495 Inter
2876 2460 2994 2512 qua:
3017 2445 3143 2498 illud
3169 2455 3251 2499 est
3277 2459 3671 2502 sacramentum
3695 2454 3836 2518 quod

2288 2526 2541 2594 scriptum
2577 2536 2661 2580 est
2686 2527 2967 2582 Dominum
3010 2532 3140 2584 hora
3177 2532 3281 2585 diei
3332 2545 3482 2587 sexta
3524 2537 3734 2591 venisse
3770 2539 3835 2592 ad

2285 2621 2502 2679 puteum
2536 2612 2730 2679 Iacob,
2785 2615 3087 2688 fessumque
3126 2622 3193 2675 ab
3241 2621 3434 2689 itinere
3476 2625 3774 2691 resedisse,
3804 2644 3830 2680 a

2290 2699 2510 2753 muliere
2536 2700 2871 2757 Samaritana
2899 2715 3078 2774 potum
3124 2708 3344 2777 petisse,
3378 2721 3431 2765 et
3480 2722 3672 2767 caetera
3719 2731 3836 2784 qua:

2284 2788 2336 2839 iu
2365 2788 2550 2841 eodem
2586 2789 2701 2843 loco
2747 2790 3141 2861 Scripturarum
3172 2796 3499 2852 discutienda
3543 2809 3599 2853 et
3625 2810 3836 2869 pertra-

2281 2879 2471 2931 ctanda
2502 2879 2768 2933 dicuntur.
2810 2883 2885 2936 De
2911 2900 3013 2952 qua
3042 2900 3097 2938 re
3120 2886 3169 2939 id
3199 2887 3427 2954 primum
3457 2888 3617 2959 500
3656 2900 3839 2945 tenen-

2285 2967 2410 3019 dum
2438 2976 2538 3031 est,
2589 2971 2729 3036 quod
2762 2971 2812 3023 in
2852 2974 3099 3028 omnibus
3137 2974 3428 3043 Scripturis
3471 2993 3679 3033 summa
3704 2981 3841 3051 vigi-

2284 3054 2443 3108 lantia
2471 3058 2740 3112 custodire
2768 3068 2974 3127 oportet
3001 3072 3059 3115 ut
3082 3064 3371 3118 secundum
3393 3065 3550 3121 ﬁdem
3574 3070 3644 3122 sit
3664 3086 3841 3125 sacra—

2284 3147 2446 3200 menti
2472 3148 2636 3201 divini
2676 3152 2957 3218 expositio.
3009 3151 3147 3205 llora
3183 3154 3341 3223 igitur
3378 3155 3483 3209 diei
3512 3144 3660 3211 scita
3689 3161 3838 3214 venit

2280 3235 2347 3286 ad
2376 3243 2589 3301 puteum
2621 3236 2875 3289 Dominus
2900 3249 3097 3293 noster.
3133 3242 3298 3297 Video
3332 3244 3384 3297 iu
3416 3254 3575 3313 puteo
3596 3249 3840 3302 tenebro-

2280 3336 2391 3373 sam
2415 3322 2847 3389 prol‘uuditatem.
2880 3327 3150 3381 Admoneo
3168 3343 3296 3398 ergo
3325 3332 3545 3401 intelligi
3583 3334 3731 3404 [Ms.,
3760 3336 3838 3389 iu-

2282 3407 2537 3477 telligere]
2574 3412 2753 3463 mundi
2782 3411 2937 3478 hujus
2960 3414 3196 3468 inﬁrmas
3231 3425 3428 3484 partes,
3455 3420 3505 3473 id
3543 3430 3641 3484 est,
3668 3431 3839 3477 terre-

2281 3514 2394 3560 nas,
2425 3515 2531 3568 quo
2562 3502 2707 3553 venit
2735 3502 2988 3557 Dominus
3029 3502 3183 3558 Iesus
3213 3506 3344 3561 hora
3392 3518 3541 3563 sexta
3562 3551 3576 3574 ,
3624 3512 3677 3566 id
3720 3522 3833 3573 est.

2280 3596 2426 3641 sexta
2458 3597 2615 3642 tetate
2639 3592 2848 3659 generis
2870 3591 3083 3646 humani
3107 3632 3122 3657 ,
3154 3602 3405 3665 tanquam
3443 3609 3719 3655 senectute
3744 3616 3837 3656 ve-

2281 3679 2408 3730 teris
2431 3678 2681 3741 hominis,
2710 3694 2814 3747 quo
2849 3678 3099 3747 jubenmr
3121 3685 3263 3747 exui,
3304 3693 3362 3736 ut
3390 3686 3675 3741 induamur
3698 3705 3837 3745 novo

2279 3768 2369 3835 qui
2397 3768 2686 3821 secundum
2704 3770 2867 3822 Deum
2890 3781 3103 3823 creatus
3127 3783 3208 3825 est
3233 3773 3443 3842 (Ephes.
3471 3790 3542 3837 tv,
3565 3777 3676 3848 24).
3702 3778 3836 3834 Nam

2278 3864 2427 3908 sexta
2450 3864 2577 3909 tetas
2598 3866 2842 3910 senectus
2861 3863 2941 3909 est
2959 3897 2972 3920 ,
3003 3860 3250 3925 quoniam
3279 3862 3449 3928 prima
3477 3873 3559 3918 est
3588 3866 3833 3932 infantia,

2280 3946 2510 3998 secunda
2551 3946 2798 4014 pueritia,
2837 3949 2989 4000 tertia
3019 3950 3397 4015 adolescentia,
3428 3964 3617 4021 quarta
3637 3955 3833 4023 juven-

2282 4041 2387 4094 tus,
2447 4034 2632 4100 quinta
2668 4034 2920 4103 gravitas.
2966 4037 3174 4090 Veteris
3206 4039 3385 4106 itaque
3412 4040 3642 4094 hominis
3685 4044 3794 4096 vita
3818 4083 3835 4107 ,

2278 4135 2396 4185 qua:
2442 4121 2730 4173 secundum
2779 4136 2995 4175 carnem
3047 4125 3322 4191 temporali
3370 4127 3672 4181 conditione
3714 4122 3837 4197 per-

2279 4210 2471 4275 agitur,
2528 4219 2673 4261 sexta
2718 4220 2895 4273 astate,
2926 4213 2977 4264 id
3020 4221 3121 4277 est,
3161 4223 3434 4269 senectute
3480 4218 3829 4282 concluditur,

2279 4297 2401 4363 quia
2448 4306 2739 4359 senectute,
2791 4310 2849 4351 ut
2896 4301 3035 4363 dixi,
3082 4302 3295 4356 humani
3342 4307 3552 4373 generis
3579 4308 3834 4365 Dominus

2282 4393 2460 4437 noster
2477 4395 2681 4440 creaton
2718 4388 2871 4440 nol-is
2894 4396 3231 4458 etreparator
3242 4392 3476 4457 advenit,
3492 4404 3551 4447 ut
3571 4398 3833 4453 moriente

2281 4475 2483 4529 scilicet
2518 4485 2699 4531 vetere
2742 4480 2986 4543 homine,
3033 4497 3225 4535 novum
3269 4484 3322 4536 in
3348 4500 3405 4539 se
3450 4488 3830 4555 constitueret,

2279 4577 2435 4628 quem
2474 4573 2693 4619 exutum
2731 4568 2841 4620 luto
2864 4577 3073 4622 terreno
3111 4574 3163 4623 in
3206 4571 3446 4624 caelestia
3470 4587 3632 4642 regna
3659 4583 3836 4631 trans-

2279 4650 2346 4701 fet
2362 4659 2461 4703 ret.
2492 4652 2629 4721 Ergo
2650 4670 2788 4707 nunc
2806 4666 3011 4723 puteus,
3041 4667 3099 4710 ut
3123 4657 3323 4711 dictum
3343 4667 3443 4725 est,
3471 4664 3653 4717 mundi
3676 4664 3835 4733 hujus

2278 4746 2547 4793 terrenum
2576 4742 2811 4795 laborem
2833 4752 2889 4795 et
2913 4758 3147 4797 errorem
3174 4746 3450 4803 tenebrosa
3470 4750 3833 4818 proﬁtnditate

2276 4827 2557 4895 signiﬁcat.
2588 4830 2656 4883 Et
2682 4832 2932 4898 quoniam
2977 4835 3213 4888 exterior
3236 4845 3317 4891 est
3346 4839 3505 4895 homo
3551 4850 3732 4904 vetus,
3775 4852 3831 4896 et

2276 4932 2444 4969 novus
2480 4918 2723 4981 interior,
2754 4920 2956 4975 dictum
2986 4932 3067 4977 est
3093 4926 3160 4979 ab
3189 4925 3478 4995 Apostolo:
3507 4929 3575 4981 Et
3602 4930 3646 4981 si
3676 4940 3827 4984 este-

2276 5005 2384 5057 rior
2420 5006 2578 5060 homo
2610 5016 2794 5062 noster
2821 5013 3181 5082 corrumpitur
3202 5052 3218 5077 ,
3252 5015 3473 5067 interior
3518 5024 3695 5068 autem
3746 5033 3828 5071 re-

2274 5103 2497 5148 novatur
2525 5096 2589 5151 de
2637 5098 2723 5150 die
2763 5098 2816 5151 in
2867 5100 3027 5154 diem.
3084 5102 3401 5156 Rectissime
3428 5106 3665 5169 omnino,
3697 5121 3828 5174 quo-

2271 5183 2414 5235 niam
2442 5186 2621 5237 omnia
2647 5187 2872 5241 visibilia
2916 5190 2983 5243 ad
3007 5191 3323 5245 exteriorem
3351 5193 3619 5249 hominem
3664 5198 3825 5266 perti-

2274 5283 2417 5333 nent.
2449 5275 2639 5341 quibus
2684 5276 2987 5332 Christiana
3016 5279 3287 5349 disciplina
3333 5287 3622 5340 renuntiat.
3673 5287 3817 5343 Hora

2271 5371 2418 5416 sexta
2450 5365 2591 5418 venit
2618 5366 2873 5420 Dominus
2897 5368 2964 5422 ad
2991 5378 3228 5436 puteum,
3273 5373 3323 5427 id
3347 5383 3449 5437 est,
3504 5376 3678 5429 medio
3711 5375 3821 5441 die,

2273 5452 2409 5506 unde
2426 5451 2534 5519 jam
2565 5453 2749 5523 incipit
2791 5456 2869 5509 sol
2904 5458 3005 5512 iste
3034 5458 3255 5517 visibilis
3281 5461 3549 5519 declinare
3584 5463 3638 5517 in
3666 5480 3823 5521 occa.
