4152 6190
347 393 451 452 793

1152 385 1553 440 EXEGETlCA.
1594 414 1661 424 —-
1699 384 2048 441 COMMENT.
2088 386 2153 439 ΙΝ
2192 387 2378 443 JOAN.
2408 419 2479 429 -—
2516 389 2643 443 LIB.
2685 389 2743 444 ll.

3400 450 3407 455 .
3442 397 3545 452 794

342 520 462 561 sum
485 519 499 556 :
526 500 777 571 quoniam
804 506 857 552 et
894 497 1045 551 nobis
1067 498 1273 551 vocatis
1305 512 1334 549 a
1373 495 1585 550 Christo
1626 493 1692 547 ad
1718 493 1894 547 invisi-
1925 498 1967 553 Α
1997 496 2255 564 Spiritum
2293 508 2539 553 sanctum
2566 501 2694 555 dare
2732 501 2993 570 cupiebat.
3043 502 3192 558 Hanc
3234 507 3376 561 enim
3402 518 3547 565 recte

343 595 529 649 hilium
552 605 805 649 amorem,
840 589 998 642 homo
1023 587 1247 641 interior
1272 594 1560 648 recreatus,
1587 583 1652 649 ad
1684 583 1896 637 interio-

345 697 458 736 rem
495 680 667 735 lucem
694 692 811 747 qua:
856 690 1125 745 nunquam
1169 673 1395 738 occidit,
1445 679 1769 736 revertatur;
1816 684 1897 724 se-

344 770 578 823 cumlqu
609 765 949 835 apostolicam
976 764 1332 834 disciplinam,
1358 776 1463 815 non
1500 754 1744 831 quaerens
1779 773 1898 827 quae

344 858 612 916 videntur,
636 857 730 910 sed
762 871 880 925 qua:
909 870 1014 909 non
1039 855 1302 909 videnlur.
1331 851 1457 918 Qua:
1485 852 1627 906 enim
1650 851 1900 904 videntur

349 946 659 1016 temporalia
707 954 849 1009 sunt,
884 959 1001 1015 quas
1045 951 1221 997 autem
1258 957 1364 996 non
1407 941 1655 995 videntur
1696 948 1897 993 aeterna

347 1044 490 1091 sunt.
529 1035 679 1101 Quod
703 1042 878 1111 autem
907 1032 1161 1102 fatigatus
1188 1032 1333 1086 venit
1359 1030 1425 1083 ad
1463 1037 1679 1098 puteum
1698 1068 1713 1092 ,
1747 1027 1897 1081 inﬁr-

348 1127 586 1180 mitatem
614 1126 788 1179 carnis
813 1124 1108 1194 signiﬁcat;
1139 1121 1280 1192 quod
1311 1121 1477 1184 sedit,
1507 1118 1857 1175 humilitatem
1880 1158 1896 1183 ,

346 1214 472 1282 quia
490 1221 545 1267 et
572 1212 984 1266 imbecillitatem
1016 1211 1195 1266 carnis
1226 1226 1324 1279 pro
1364 1208 1516 1263 nobis
1553 1208 1803 1275 suscepit,
1846 1214 1903 1260 et

349 1303 509 1355 homo
557 1301 859 1355 hominibus
884 1308 992 1353 tam
1030 1299 1303 1353 humiliter
1348 1311 1605 1365 apparere
1654 1296 1903 1363 dignatus

342 1401 448 1449 est.
478 1393 553 1447 De
578 1392 679 1446 hac
705 1391 1015 1445 inﬁrmitate
1043 1389 1221 1467 carnis
1241 1388 1503 1455 Propheta
1531 1385 1660 1439 dicit
1684 1398 1699 1436 :
1732 1382 1902 1437 Homo

347 1483 402 1537 in
432 1482 584 1551 plaga
606 1481 833 1550 positus,
877 1490 931 1533 et
960 1480 1135 1534 sciens
1165 1477 1305 1532 ferre
1337 1474 1785 1534 imbecillitatem;
1837 1470 1902 1524 de

346 1572 644 1627 humilitate
666 1586 791 1625 vero
819 1569 1104 1639 Apostolus
1124 1568 1361 1635 loquitur
1384 1564 1568 1619 dicens
1598 1581 1609 1614 :
1637 1561 1901 1616 Humilia-

344 1663 412 1715 uit
432 1679 506 1725 se,
535 1662 702 1730 factus
727 1660 961 1713 subditus
988 1672 1149 1725 usque
1172 1653 1241 1708 ad
1260 1663 1473 1706 mortem
1498 1649 1715 1722 (Philip.
1744 1649 1900 1728 tt,_8).

1995 587 2342 658 intelligimus.
2362 602 2553 658 aquam
2583 591 2778 653 vivam,
2807 592 2947 659 quod
2969 601 3049 646 est
3077 594 3272 648 donum
3304 596 3420 661 Dei,
3448 599 3548 653 sic-

1994 683 2055 728 ut
2098 675 2209 744 ipse
2237 678 2312 730 ait
2357 692 2371 730 :
2405 676 2463 731 Si
2506 679 2663 733 scires
2709 679 2902 732 donum
2950 680 3081 747 Dei;
3130 690 3187 736 et
3221 683 3361 738 sicut
3404 686 3543 741 idem

1994 761 2226 818 Joannes
2271 772 2496 819 testatur
2533 766 2637 839 alio
2673 767 2792 821 loco
2820 768 3002 823 dicens
3031 784 3047 823 :
3076 768 3335 834 Quoniam
3376 774 3547 828 stabat

1992 849 2172 916 Iesus,
2212 860 2259 904 et
2288 850 2587 906 clamabat:
2619 852 2676 909 Si
2700 856 2815 925 quis
2841 856 2970 918 sitit,
3011 859 3180 911 veniat
3226 857 3317 929 [ad
3352 861 3453 932 me]
3498 870 3546 915 et

1996 940 2155 993 bibat.
2183 940 2287 1005 Qui
2310 942 2471 995 credit
2502 944 2558 996 in
2585 960 2687 1009 me,
2714 945 2843 998 sicut
2862 945 2987 998 dicit
3015 944 3304 1016 Scriptura,
3330 949 3551 1017 [lumina

1995 1030 2058 1083 de
2086 1039 2255 1084 ventre
2276 1031 2391 1100 ejus
2416 1033 2577 1100 ﬂuent
2599 1050 2746 1103 aqum
2781 1034 2906 1089 oiow
2934 1034 3112 1106 (Ioan.
3139 1052 3265 1099 vm,
3294 1039 3362 1092 37
3390 1078 3405 1103 ,
3433 1038 3547 1109 38).
3582 1074 3585 1078 ›

1996 1118 2395 1189 Consequentcr
2417 1122 2649 1185 omnino,
2689 1124 2778 1192 qui
2800 1124 2961 1177 credit
2984 1126 3042 1178 in
3063 1141 3162 1189 me,
3207 1126 3397 1195 inquit,
3444 1129 3549 1196 με·
3632 1138 3637 1143 ’

1997 1210 2139 1262 mina
2163 1208 2227 1262 de
2249 1218 2418 1263 ventre
2438 1209 2549 1277 ejus
2573 1211 2731 1279 ﬂuent
2760 1228 2908 1281 aqum
2932 1212 3076 1277 victe,
3105 1214 3226 1283 quia
3248 1215 3418 1281 primo
3437 1230 3553 1269 cre-

1999 1299 2195 1363 dimus,
2224 1306 2283 1352 ut
2327 1299 2440 1353 haec
2463 1300 2597 1353 dona
2640 1316 2960 1355 mereamur.
3013 1302 3139 1357 Haec
3163 1319 3290 1373 ergo
3328 1305 3546 1361 ﬂumina

1998 1399 2150 1451 aqua:
2175 1386 2330 1449 viva,
2359 1400 2478 1455 quae
2501 1386 2574 1439 illi
2603 1388 2810 1442 mulieri
2839 1389 3046 1443 volebat
3066 1390 3209 1456 dare,
3236 1408 3440 1449 merces
3467 1402 3551 1448 est

2002 1472 2120 1527 ﬁdei
2148 1488 2310 1540 quam
2355 1474 2504 1541 prius
2550 1476 2782 1529 sitiebat.
2828 1476 2991 1545 Cujus
3033 1494 3185 1547 aqua:
3227 1481 3362 1535 viva:
3390 1482 3554 1536 inter-

2000 1563 2350 1628 pretationem
2381 1562 2453 1616 ita
2478 1565 2556 1616 su‘
2571 1562 2729 1630 jicit:
2767 1564 2877 1617 Hoc
2906 1576 3076 1620 autem
3096 1569 3320 1632 dicebat,
3354 1571 3553 1640 inquit,

2001 1648 2065 1701 de
2091 1648 2308 1717 Spiritu,
2337 1667 2485 1720 quem
2514 1654 2770 1721 accepturi
2797 1664 2942 1707 erant
2971 1666 3022 1708 In
3047 1673 3136 1726 qut
3164 1674 3219 1711 tn
3242 1676 3359 1714 eum
3389 1660 3552 1715 credi-

345 1750 659 1820 Quanquam
690 1748 819 1802 illud
850 1746 993 1814 quod
1031 1744 1189 1807 sedit,
1230 1741 1482 1812 quoniam
1512 1740 1684 1792 solent
1719 1740 1904 1794 sedere
1935 1812 1968 1820 Δ
2004 1738 2107 1789 turi
2129 1748 2295 1792 erant.
2326 1738 2566 1794 Nondum
2597 1750 2772 1795 autem
2816 1750 2932 1797 erat
2966 1744 3197 1814 Spiritus
3224 1750 3395 1813 datus,
3426 1752 3552 1819 quia

346 1812 610 1904 doctores,
633 1840 802 1909 possit
829 1812 934 1892 alio
967 1834 1233 1890 intellectu
1264 1847 1368 1885 non
1390 1830 1704 1886 humilitatis
1722 1829 1901 1883 mode-
1935 1812 1975 1869 Β
2002 1824 2154 1879 Iesus
2182 1826 2413 1880 nondum
2439 1827 2610 1882 fuerat
2636 1829 2974 1887 clariﬁcatus.
3008 1812 3125 1887 illoc
3153 1834 3329 1904 itaque
3356 1812 3552 1893 donum

345 1930 674 1994 stiam,.sed
731 1928 973 1998 magistri
1030 1928 1396 1980 demonstrare
1441 1936 1739 1991 personam.
1794 1918 1900 1973 Sed

346 2025 512 2088 quaeri
540 2026 714 2087 potest
741 2032 906 2084 quare
934 2031 963 2069 a
987 2014 1208 2069 muliere
1236 2011 1589 2073 Samaritana,
1611 2025 1728 2079 qua:
1750 2024 1901 2077 aqua;

348 2108 629 2177 implenda:
654 2107 823 2178 gratia
858 2113 1106 2168 venerat,
1156 2105 1338 2158 bibere
1364 2101 1747 2171 postulaverit,
1776 2114 1895 2159 cum

350 2199 461 2266 ipse
488 2206 668 2268 postea
699 2197 955 2267 spiritalis
984 2196 1141 2249 fontis
1162 2193 1481 2247 allluentiam
1506 2207 1562 2245 se
1600 2190 1900 2261 petentibus

349 2286 480 2340 dare
524 2301 681 2355 posse
724 2285 1129 2353 praedicaverit?
1148 2282 1253 2337 Sed
1282 2282 1484 2335 scilicet
1524 2281 1735 2335 sitiebat
1764 2278 1902 2332 Deus

347 2380 587 2435 mulieris
617 2379 759 2432 illius
800 2378 976 2441 tidem,
1014 2378 1263 2446 quoniam
1308 2374 1640 2429 Samaritana
1670 2379 1817 2435 erat,
1848 2380 1902 2425 et

346 2468 483 2523 solet
515 2467 754 2522 Samaria
785 2465 1095 2521 idololatriae
1141 2464 1422 2534 imaginem
1469 2464 1768 2525 sustinere;
1802 2461 1903 2529 ipsi

347 2560 488 2613 enim
518 2558 748 2627 separati
771 2572 799 2609 a
824 2556 1015 2626 populo
1039 2552 1341 2608 Iudaeorum
1358 2539 1385 2614 ,l
1404 2550 1701 2604 simulacris
1731 2558 1903 2603 muto-

347 2664 467 2702 rum
497 2648 823 2709 animalium,
849 2645 903 2699 id
930 2652 1031 2707 est,
1062 2643 1239 2698 vaccis
1260 2641 1435 2694 aureis
1462 2639 1758 2693 animarum
1781 2653 1903 2692 sua-

348 2752 469 2789 rum
517 2736 747 2790 dedecus
772 2735 1103 2790 adduxerant
1143 2730 1293 2803 [Ms.,
1328 2730 1488 2784 decus
1540 2725 1897 2797 addixeram].

349 2825 582 2879 Venerat
624 2833 799 2877 autem
847 2822 1002 2877 Jesus
1036 2820 1289 2877 Dominus
1333 2826 1516 2871 noster
1544 2824 1604 2870 ut
1666 2816 1914 2885 gentium~

346 2914 736 2977 multitudinem
762 2953 776 2974 ,
816 2927 933 2980 quae
979 2910 1277 2965 simulacris
1318 2907 1595 2968 servierat,
1639 2904 1703 2958 ad
1731 2904 1903 2957 muni-

350 3013 587 3060 mentum
631 3002 749 3057 lidei
801 3001 1117 3055 Christiana:
1167 3009 1223 3054 et
1270 2999 1589 3064 incorruptae
1635 2992 1904 3063 religionis

350 3094 655 3147 adduceret.
688 3089 808 3143 Non
831 3090 964 3142 enim
988 3096 1079 3149 est,
1106 3087 1295 3155 inquit,
1320 3085 1460 3138 sonis
1499 3100 1625 3152 opus
1651 3082 1897 3143 medicus,

348 3183 438 3237 sed
477 3180 615 3234 male
649 3177 969 3232 habentibus.
1016 3175 1157 3244 Ergo
1201 3188 1387 3228 eorum
1414 3172 1568 3226 iidem
1612 3170 1757 3234 sitit,
1806 3185 1903 3239 pro

348 3274 544 3345 quibus
570 3271 883 3340 sanguinem
912 3268 1067 3323 fudit.
1820 3314 1826 3321 ,

418 3364 579 3417 Vens.
614 3361 664 3413 7.
695 3390 766 3400 —
796 3359 939 3412 Dixit
968 3373 1085 3425 ergo
1112 3355 1179 3409 ad
1204 3370 1315 3407 eam
1338 3352 1491 3416 Iesus
1522 3365 1539 3403 :
1573 3350 1785 3416 Mulier,
1834 3350 1905 3403 da

349 3454 475 3507 mihi
498 3454 683 3506 bibere.
711 3451 777 3503 Et
803 3458 861 3503 ut
888 3446 1100 3501 noveris
1128 3445 1254 3514 quid
1288 3444 1503 3498 sitiebat
1530 3442 1783 3495 Dominus
1807 3455 1905 3495 no—

350 3553 462 3598 ster
508 3551 628 3613 post
652 3540 924 3610 paululum
964 3538 1185 3592 veniunt
1214 3534 1455 3601 discipuli
1496 3532 1636 3599 ejus,
1681 3532 1909 3611 quiper-

352 3636 606 3685 rexerant
630 3645 682 3681 in
704 3628 996 3687 civitatem,
1020 3633 1075 3677 ut
1096 3624 1245 3677 cibos
1264 3630 1523 3682 emerent,
1548 3629 1601 3672 et
1622 3620 1805 3671 dicunt
1820 3618 1901 3670 ei:

350 3718 538 3784 Rabbi,
579 3718 856 3772 manduca.
886 3714 985 3768 Ille
1008 3723 1177 3768 autem
1196 3712 1328 3765 dixit
1354 3711 1429 3762 eis
1452 3722 1469 3759 :
1498 3708 1607 3775 Ego
1638 3707 1797 3758 aliam
1820 3706 1908 3759 ha-

352 3811 444 3863 beo
471 3826 637 3863 escam
659 3807 991 3866 manducare,
1020 3818 1175 3871 quam
1194 3817 1277 3854 vos
1318 3798 1538 3851 nescitis.
1575 3795 1763 3847 Dicunt
1788 3810 1907 3863 ergo

351 3897 593 3965 discipuli
617 3896 728 3965 ejus
758 3894 825 3945 ad
846 3892 1151 3945 alterutrum
1176 3902 1194 3939 :
1236 3884 1487 3955 Nunquid
1526 3884 1713 3953 aliquis
1734 3882 1907 3936 attulit

352 3992 399 4044 ei
428 3978 932 4042 manducare?Dicit
963 3980 1034 4032 eis
1060 3975 1212 4031 Iesus
1240 3990 1258 4026 :
1288 3975 1435 4029 Meus
1465 3974 1608 4028 cibus
1631 3983 1723 4033 est,
1750 3981 1806 4024 ut
1826 3972 1909 4040 fa-

351 4080 489 4135 ciam
514 4075 825 4131 uoluntatem
864 4070 977 4138 ejus
1018 4066 1105 4136 qui
1134 4082 1214 4119 me
1258 4066 1418 4126 misit,
1464 4072 1511 4115 et
1547 4072 1602 4113 ut
1644 4060 1907 4128 per/icium

352 4182 481 4236 opus
505 4164 637 4233 ejus.
668 4158 914 4228 Nunquid
948 4156 1036 4211 hic
1063 4152 1375 4222 intelligitur
1409 4150 1509 4204 alia
1539 4150 1784 4205 voluntas
1806 4148 1909 4201 Pa-

354 4253 454 4307 tris
494 4251 584 4319 qui
623 4264 741 4305 eum
773 4246 935 4310 misit,
963 4253 1170 4312 etopus
1190 4242 1306 4311 ejus
1332 4240 1471 4309 quod
1495 4238 1751 4307 perlicere
1774 4236 1907 4290 velle

355 4338 628 4409 respondit
661 4377 677 4401 ,
718 4336 821 4390 nisi
863 4343 917 4387 ut
945 4348 1042 4387 nos
1089 4334 1154 4385 ad
1182 4330 1337 4385 fidem
1363 4344 1512 4383 suam
1536 4344 1566 4381 a
1605 4326 1906 4395 pernicioso

2004 1912 2235 1981 Spiritus
2262 1925 2477 1970 sanctus
2499 1924 2603 1982 est,
2634 1919 2773 1987 quod
2798 1929 2917 1987 post
2946 1935 3094 1975 suam
3117 1923 3550 1980 clarificationom

1999 2001 2145 2055 dedit
2167 2003 2435 2068 Ecclesiae,
2467 2005 2604 2059 sicut
2628 2007 2729 2059 alia
2760 2005 3032 2076 Scriptura
3058 2011 3183 2065 dicit
3216 2030 3228 2064 :
3265 2012 3555 2068 Asoendens

1997 2091 2052 2143 in
2083 2090 2245 2143 altum
2272 2094 2527 2161 captivam
2553 2095 2702 2148 duxit
2729 2100 3096 2165 captivitatem,
3126 2102 3263 2156 dedit
3292 2104 3428 2159 dona
3457 2105 3552 2157 Ito-

1998 2184 2220 2237 minibus
2248 2184 2459 2255 (Ep/ses.
2491 2201 2562 2250 tv,
2587 2187 2661 2256 8).
2695 2187 2799 2242 Sed
2829 2190 3002 2244 adhuc
3035 2191 3121 2244 illa
3150 2193 3341 2256 mulier
3372 2209 3558 2248 cama-

2000 2271 2121 2325 liter
2147 2274 2317 2347 sapit”
2334 2272 2423 2328 Sic
2456 2275 2597 2328 enim
2644 2279 2910 2344 respondit
2944 2292 2960 2330 :
2991 2278 3174 2348 (Vens.
3207 2281 3291 2344 ll,
3322 2282 3406 2334 l.“
3443 2282 3550 2335 Do-

2000 2362 2155 2439 mine,
2186 2377 2347 2431 neque
2385 2361 2731 2417 hauritorium
2782 2363 2958 2429 habes,
3001 2375 3049 2418 et
3088 2375 3268 2435 puteus
3294 2368 3430 2421 altus
3457 2380 3532 2422 est

2004 2446 2152 2502 Unde
2195 2451 2322 2504 mihi
2362 2451 2517 2505 habes
2563 2453 2689 2506 dare
2742 2470 2930 2523 aquam
2967 2456 3175 2508 vivam?
3225 2456 3473 2527 Nunquid
3501 2469 3555 2512 tu

2001 2537 2174 2605 major
2217 2554 2271 2591 es
2317 2536 2477 2592 Patre
2524 2549 2696 2594 nostro
2741 2540 2926 2606 Iacob,
2967 2545 3055 2612 qui
3083 2544 3221 2597 dedit
3250 2546 3393 2599 nobis
3420 2547 3557 2600 hunc

2000 2635 2230 2695 puteum,
2256 2638 2303 2681 et
2324 2630 2433 2697 ipse
2452 2645 2516 2682 ea:
2535 2646 2594 2683 eo
2620 2630 2765 2695 bibit,
2790 2641 2838 2684 et
2860 2631 2959 2699 ﬁlii
2982 2633 3114 2700 ejus,
3136 2643 3185 2687 et
3208 2651 3390 2703 pecora
3410 2636 3562 2705 ejus?

2001 2713 2153 2768 Nunc
2204 2730 2329 2771 vero
2373 2715 2486 2783 jam
2546 2718 2799 2772 Dominus
2852 2720 3068 2787 exponit
3115 2722 3241 2791 quid
3300 2722 3496 2778 dixerit
3542 2739 3557 2777 :

2002 2802 2183 2871 (Vens.
2218 2805 2305 2867 ιδ,
2330 2806 2416 2875 lt)
2446 2805 2647 2872 Omnis,
2676 2809 2862 2878 inquit,
2884 2812 2974 2880 qui
2999 2798 3178 2866 biberit
3203 2812 3266 2867 de
3281 2830 3417 2883 aqua
3436 2815 3560 2880 ista,

2000 2891 2135 2943 sitiet
2159 2893 2369 2948 iterum.
2401 2894 2505 2959 Qui
2527 2906 2698 2949 autem
2727 2898 2790 2959 de
2817 2916 2973 2968 aqua,
2997 2917 3154 2967 quam
3184 2900 3318 2973 [ego]
3344 2902 3553 2969 dedero,

2002 2979 2201 3045 biberit,
2232 2997 2333 3037 non
2351 2982 2486 3035 sitiet
2512 2983 2565 3035 in
2584 2986 2965 3054 sempiternum.
2997 2985 3099 3041 Sed
3123 3004 3258 3056 aqua
3286 2988 3378 3042 illa
3400 3007 3559 3060 quam

2003 3068 2208 3133 dedero,
2238 3069 2325 3138 ﬁet
2354 3068 2407 3123 in
2443 3086 2506 3145 ερ
2540 3071 2656 3139 fons
2702 3089 2850 3143 aqua:
2876 3074 3107 3128 salientis
3143 3076 3197 3129 in
3226 3077 3379 3131 vitam
3405 3090 3557 3135 teter-

2008 3175 2146 3211 nam.
2196 3157 2301 3214 Sed
2348 3159 2521 3214 adhuc
2557 3160 2746 3214 mulier
2778 3162 3111 3230 prudentiam
3151 3165 3327 3219 carnis
3362 3168 3561 3235 ample—

2004 3247 2183 3300 ctitur.
2215 3246 2351 3313 Quid
2376 3249 2520 3319 enim
2540 3249 2843 3318 respondit?
2870 3249 3052 3320 (Vens.
3075 3250 3157 3315 15,
3190 3251 3297 3321 16.)
3320 3251 3559 3321 Domine,

2004 3338 2072 3389 da
2119 3337 2245 3389 mihi
2273 3337 2405 3390 hanc
2432 3354 2641 3407 aquam,
2668 3346 2724 3390 ut
2764 3355 2922 3408 neque
2949 3340 3143 3403 sitiam,
3176 3356 3336 3411 neque
3359 3341 3560 3395 veniam

2005 3423 2102 3476 huc
2128 3424 2355 3475 haurire.
2385 3423 2524 3475 Dicit
2552 3424 2609 3475 εἱ·
2625 3422 2777 3477 Iesus
2807 3438 2826 3475 :
2864 3423 3024 3488 Vade,
3054 3441 3181 3478 voca
3202 3427 3367 3479 virum
3391 3436 3559 3491 tuum,

2004 3518 2049 3561 et
2078 3510 2190 3560 veni
2215 3510 2333 3560 huc.
2383 3508 2514 3560 Cum
2548 3510 2711 3562 sciret
2740 3525 2857 3563 eam
2886 3512 3059 3563 virum
3085 3527 3188 3565 non
3218 3514 3433 3576 habere,
3462 3530 3561 3569 cur

2004 3596 2104 3648 hoc
2133 3594 2347 3656 dixerit,
2377 3596 2661 3662 quaeritur;
2696 3609 2924 3663 namque
2954 3611 3077 3649 cum
3101 3597 3293 3652 mulier
3324 3600 3519 3654 dixerit
3544 3620 3557 3654 :

2007 3681 2128 3735 Non
2158 3681 2318 3735 habeo
2346 3682 2533 3747 virum,

2073 3791 2231 3847 Vens.
2264 3785 2440 3848 l8.'—
2458 3792 2595 3845 Dicit
2623 3794 2669 3846 ei
2683 3793 2836 3847 Iesus
2853 3809 2872 3847 :
2898 3793 3036 3847 Bene
3056 3794 3236 3847 dixisti
3255 3812 3357 3849 non
3375 3796 3564 3851 habere

2005 3893 2054 3939 te
2089 3885 2274 3939 virum.
2306 3883 2540 3957 Quinque
2560 3884 2693 3936 enim
2716 3884 2850 3936 viros
2871 3884 3117 3946 habuisti,
3145 3893 3192 3936 et
3220 3901 3353 3937 nunc
3372 3925 3386 3947 ,
3411 3902 3562 3955 quem

2005 3975 2181 4040 habes,
2196 3992 2299 4029 non
2324 3984 2399 4028 est
2426 3984 2544 4027 tuus
2572 3974 2671 4027 rir.
2698 3972 2811 4026 Hoc
2826 3990 2941 4027 vere
2965 3972 3110 4045 [Ms.,
3138 3974 3335 4045 verum]
3360 3976 3561 4030 dixisti.

2006 4063 2112 4119 Sed
2137 4080 2242 4119 non
2269 4064 2527 4118 sunthaec
2554 4063 2840 4118 carnaliter
2863 4065 3187 4134 accipienda,
3220 4080 3286 4119 ne
3314 4065 3439 4120 huic
3464 4066 3563 4135 ipsi

2006 4154 2179 4207 adhuc
2194 4151 2401 4207 mulieri
2420 4151 2771 4206 Samaritana:
2797 4152 2997 4207 similes
3010 4166 3129 4207 esse
3141 4155 3418 4209 videamur
3434 4172 3446 4206 :
3473 4155 3567 4212 sed

2006 4244 2069 4297 de
2098 4243 2186 4297 illo
2214 4244 2352 4297 dono
2372 4242 2466 4296 Dei
2494 4243 2536 4295 si
2564 4242 2765 4310 aliquid
2782 4242 2893 4310 jam
2924 4244 3275 4313 gustavimus,
3311 4244 3566 4313 spiritali-

2006 4342 2088 4387 ter
2113 4334 2214 4386 ista
2261 4340 2567 4386 tractemus.
2604 4342 2629 4370 ι
2664 4331 2910 4398 Quinque
2936 4333 3107 4393 viros,
3140 4333 3375 4399 quinque
3401 4333 3567 4387 libros

357 4429 539 4484 mundi
567 4440 749 4481 errore
793 4414 1173 4479 cunverteret?
1218 4420 1402 4485 Qualis
1443 4426 1528 4471 est
1572 4430 1701 4483 ergo
1754 4414 1903 4468 cibus
1928 4439 1980 4499 υ
2005 4422 2094 4489 qui
2124 4434 2221 4487 per
2248 4419 2459 4488 Moysen
2498 4418 2781 4472 ministrati
2811 4426 2954 4481 sunt,
2983 4420 3219 4473 nonnulli
3270 4422 3561 4488 accipiunt.

356 4518 492 4586 ejus,
539 4517 659 4570 talis
684 4523 737 4569 et
760 4522 934 4583 potus.
980 4510 1312 4578 Quapropter
1333 4508 1432 4561 hoc
1459 4507 1511 4559 in
1550 4505 1637 4558 illa
1684 4504 1905 4559 muliere
2002 4508 2155 4574 Quod
2196 4508 2383 4561 autem
2407 4506 2605 4561 dictum
2635 4514 2717 4561 est
2745 4524 2757 4558 :
2789 4505 2856 4559 Et
2885 4523 3021 4559 nunc
3042 4523 3190 4575 quem
3237 4508 3412 4571 babes,
3460 4526 3564 4566 non

359 4609 592 4670 sitiebat,
624 4617 682 4661 ut
712 4606 910 4659 faceret
929 4603 981 4657 in
1009 4617 1070 4655 ea
1100 4599 1425 4654 voluntatem
1452 4595 1643 4657 Patris,
1675 4602 1728 4649 et
1747 4593 1903 4675 perli-

358 4705 506 4751 ceret
546 4710 679 4762 Opus
706 4692 837 4759 ejus.
870 4693 973 4747 Sed
1020 4691 1106 4744 illa
1146 4686 1432 4743 carnaliter
1480 4684 1777 4754 intelligens
1825 4700 1905 4738 re-

359 4782 573 4853 spondit
604 4799 616 4833 :
648 4780 828 4849 (Vens.
859 4782 936 4850 9.)
969 4780 1043 4836 Tu
1061 4796 1177 4833 cum
1200 4778 1270 4832 sis
1307 4774 1545 4838 Iudicas,
1592 4774 1845 4844 quomodo
1874 4792 1907 4829 a

362 4890 443 4926 me
465 4871 631 4924 bibere
668 4869 834 4937 poscis
852 4907 867 4929 ,
898 4884 1013 4920 cum
1032 4870 1140 4920 isim
1167 4866 1355 4921 mulier
1380 4864 1757 4919 Samaritana?
1788 4861 1908 4917 Non

360 4962 497 5015 enim
517 4965 793 5013 coutuntur
820 4953 993 5008 Iudaei
1024 4954 1387 5008 Samaritanis.
1418 4950 1514 5009 Cui
1539 4954 1794 5008 Dominus
1818 4969 1913 5008 no-

362 5060 476 5106 ster
510 5050 639 5103 dixit
676 5064 693 5101 ι

436 5139 596 5192 Vens.
631 5136 715 5190 l0.
743 5165 812 5175 ——
837 5133 895 5188 Si
932 5134 1089 5188 scires
1115 5132 1306 5185 donum
1330 5129 1426 5183 Dei
1454 5169 1470 5195 ,
1514 5138 1561 5182 et
1587 5129 1700 5197 quis
1724 5138 1799 5181 est
1823 5129 1913 5197 qui

365 5228 491 5282 dicit
524 5226 637 5288 tibi,
658 5224 741 5277 Da
769 5224 895 5278 mihi
924 5222 1109 5285 bibere,
1140 5231 1194 5273 tu
1214 5219 1388 5289 magis
1413 5220 1623 5288 petisses
1651 5218 1714 5271 ab
1744 5234 1824 5281 eo,
1855 5228 1912 5271 ut

365 5316 585 5369 dedisset
608 5311 699 5363 tibi
812 5328 910 5364 .am
939 5311 1121 5365 vivam.
1158 5308 1229 5365 Ut
1263 5308 1387 5363 hinc
1404 5307 1454 5361 ei
1478 5307 1781 5361 ostenderet
1804 5321 1909 5361 non

329 5453 333 5456 .
362 5417 424 5458 se
450 5403 607 5455 talem
637 5398 791 5469 501
815 5412 1007 5465 aquam
1028 5399 1243 5467 petisse,
1268 5396 1475 5467 qualem
1504 5396 1615 5465 ipse
1640 5395 1911 5449 intellexe—

368 5497 486 5552 rat;
516 5488 608 5542 sed
635 5486 759 5556 quia
791 5486 901 5555 ipse
922 5485 1137 5540 sitiebat
1169 5486 1324 5541 ﬁdem
1350 5484 1483 5552 ejus,
1513 5485 1684 5539 eidem
1712 5485 1911 5539 sitienti

2003 4607 2077 4652 est
2106 4607 2224 4651 tuus
2238 4597 2332 4660 vir,
2348 4598 2481 4651 dese
2509 4596 2622 4665 ipso
2640 4596 2923 4650 Dominum
2945 4595 3143 4650 dixisse
3166 4596 3486 4666 intelligunt,
3504 4609 3565 4654 ut

2006 4689 2107 4743 iste
2134 4687 2203 4742 sit
2230 4701 2418 4741 sensus
2449 4705 2461 4739 :
2496 4687 2675 4741 Primo
2703 4686 2937 4754 quinque
2990 4686 3141 4740 libris
3189 4687 3375 4757 Moysi,
3403 4693 3561 4757 quasi

1992 4777 2238 4846 quinque
2262 4776 2393 4832 viris
2428 4775 2668 4839 servisti;
2698 4789 2838 4829 nunc
2864 4783 3041 4828 autem
3075 4777 3162 4831 hic
3187 4793 3345 4845 quem
3375 4779 3563 4845 habes,

2010 4867 2063 4921 id
2090 4874 2190 4931 est,
2221 4881 2379 4936 quem
2417 4864 2586 4927 audis,
2614 4878 2718 4917 non
2761 4870 2845 4916 est
2873 4872 2995 4918 tuus
3026 4864 3130 4929 vir,
3161 4866 3284 4933 quia
3329 4869 3565 4924 nondum

2012 4956 2064 5009 in
2112 4972 2233 5009 eum
2280 4953 2577 5009 credidisti.
2611 4950 2716 5007 Sed
2762 4953 3014 5020 quoniam
3060 4955 3293 5009 nondum
3339 4956 3566 5015 credens

1980 5044 2251 5111 Christo,
2302 5045 2475 5100 adhuc
2528 5043 2708 5111 utique
2761 5041 2971 5097 illorum
3017 5043 3249 5112 quinque
3297 5042 3555 5108 virorum,

2012 5134 2065 5187 id
2089 5143 2192 5197 est,
2222 5134 2455 5202 quinque
2481 5132 2737 5186 libromm
2757 5131 3089 5200 copulatione
3127 5131 3435 5193 tenebatur;
3463 5146 3556 5200 pos

2011 5229 2115 5276 test
2147 5236 2362 5276 movere
2410 5220 2673 5289 quomodo
2701 5219 2804 5273 dici
2845 5217 3095 5285 potuerit,
3146 5218 3368 5285 quinque
3416 5217 3553 5273 viros

2009 5309 2252 5371 habuisti,
2304 5307 2455 5376 quasi
2496 5320 2635 5358 nunc
2681 5319 2775 5356 eos
2820 5304 2929 5371 jam
2982 5316 3086 5356 non
3134 5303 3387 5364 haberet,
3438 5321 3558 5358 cum

2011 5398 2183 5453 adhuc
2232 5397 2414 5464 utique
2462 5394 2590 5461 ipsis
2640 5391 2847 5447 subdita
2899 5391 3135 5443 viveret?
3184 5390 3383 5445 Deinde
3436 5408 3558 5453 cum
3628 5392 3631 5395 ’

2012 5486 2241 5555 quinque
2255 5457 2385 5540 libri
2428 5457 2592 5552 hloysi
2623 5480 2752 5546 nihil
2774 5481 2913 5534 aliud
2940 5496 3097 5549 quam
3125 5480 3394 5536 Christum
3423 5498 3559 5552 pra:-

442 5673 467 5702 ι
515 5659 643 5715 V’ide
696 5668 937 5716 sanctum
989 5659 1324 5713 Ambrosium
1378 5661 1429 5713 in
1483 5657 1609 5710 Luc.
1669 5672 1781 5724 cap.
1853 5659 1910 5711 li
1949 5668 1996 5709 et
2039 5659 2124 5711 20.
