4152 6222
645 341 749 395 793

1500 342 1559 396 Β.
1600 341 1660 395 F.
1694 340 1913 396 ALBINI
1952 341 2079 397 SEU
2120 341 2388 397 ALCUINI
2424 340 2701 397 OPERUM
2741 341 2915 397 PARS
2950 343 3013 398 ll.

3750 349 3847 401 796

644 448 840 508 dicent,
872 449 1137 519 sicutipse
1174 451 1248 502 ait
1284 468 1295 503 :
1325 449 1385 503 Si
1411 450 1680 503 crederetis
1708 449 1896 519 Moysi,
1925 450 2196 503 crederetis
2228 457 2269 511 Α
2302 451 2477 516 minis,
2506 451 2572 505 de
2616 467 2721 520 quo
2749 450 3036 521 Apostolus
3076 451 3201 505 dicit
3242 471 3253 504 :
3306 451 3472 506 Nemo
3498 454 3593 507 scit
3625 456 3744 524 quid
3777 470 3845 511 est

564 580 567 581 ν
647 538 866 605 forsitan
894 547 941 591 et
972 539 1129 601 mihi;
1160 537 1246 591 ille
1290 540 1423 590 enim
1453 538 1516 589 de
1560 555 1639 591 me
1681 540 1885 607 scripsit
1932 537 2120 608 (Joan.
2144 553 2197 600 ν,

645 626 767 697 ιθ),
808 627 1074 696 quomodo
1110 635 1283 694 potest
1330 627 1547 694 intelligi
1591 642 1621 679 a
1656 628 1891 695 quinque
1915 626 2020 680 illis
2050 625 2202 679 libris

649 719 899 771 recedere
946 717 1234 778 hominem,
1267 724 1324 769 ut
1362 717 1429 770 ad
1454 716 1724 770 Christum
1767 725 2035 780 transeat;
2078 730 2201 769 cum

646 807 734 859 ille
762 807 851 872 qui
882 805 1053 858 credit
1080 806 1131 856 in
1177 804 1471 865 Christum,
1505 820 1607 856 non
1648 804 2021 872 relinquendos
2048 804 2202 871 quiu-

643 908 748 962 que
772 892 887 945 illos
917 891 1099 956 libros,
1142 892 1242 945 sed
1270 892 1578 961 Spiritaliter
1622 893 1987 962 intelligendos
2036 893 2200 946 multo

644 983 850 1036 beatius
877 982 1259 1050 atuplectatur?
1288 993 1312 1019 η
1344 982 1436 1034 Est
1456 996 1583 1048 ergo
1613 983 1749 1036 alius
1793 983 2109 1045 intellectus,
2143 992 2200 1035 ut

642 1073 876 1140 quinque
904 1072 1002 1123 viri
1040 1070 1400 1138 intelligantur
1443 1070 1677 1137 quinque
1705 1070 1945 1139 corporis
1982 1085 2196 1133 sensus;

644 1178 801 1227 unus,
822 1161 911 1229 qui
941 1162 1007 1215 ad
1044 1161 1226 1215 oculos
1249 1163 1494 1228 pertinet,
1526 1175 1631 1228 quo
1680 1161 1849 1218 lucem
1888 1161 2042 1213 istam
2075 1160 2200 1213 visi-

642 1254 818 1311 bihm.
837 1260 891 1304 et
906 1250 1169 1319 quoslibet
1194 1250 1418 1309 colores,
1451 1248 1750 1317 formasque
1776 1264 2055 1317 corporum
2085 1264 2200 1302 cer-
2226 1260 2227 1263 ‘

644 1344 843 1403 nimus;
872 1340 1010 1395 alter
1032 1348 1112 1392 est
1152 1340 1384 1399 aurium,
1424 1353 1529 1405 quo
1555 1353 1742 1391 vocum
1772 1346 1824 1390 et
1853 1352 1918 1390 οι
1944 1338 2087 1389 nium
2118 1351 2199 1389 so-

644 1445 831 1481 nurum
899 1434 1161 1481 momenta
1214 1426 1507 1488 sentimus;
1566 1426 1757 1479 tertius
1802 1426 2046 1486 narium,
2095 1440 2199 1492 quo

642 1516 788 1567 varia
818 1515 1040 1568 odorum
1072 1514 1332 1567 suavitate
1373 1513 1735 1577 delectamur;
1764 1521 1986 1583 quartus
2026 1512 2075 1565 in
2107 1527 2199 1565 ore

643 1612 849 1671 gustus,
872 1602 1043 1655 dulcia
1082 1611 1137 1655 et
1162 1615 1344 1653 amara
1370 1600 1549 1661 sentit,
1589 1609 1644 1652 et
1678 1600 1913 1653 omnium
1951 1615 2197 1667 saporum

644 1691 803 1744 habet
831 1704 1087 1751 examen;
1114 1689 1334 1757 quintus
1356 1702 1451 1755 per
1498 1696 1667 1741 totum
1700 1703 1893 1755 corpus
1940 1687 2198 1757 tangendo

2297 539 2353 592 in
2394 540 2617 613 frontiue,
2656 541 2757 594 nisi
2800 541 3010 609 spiritus
3057 540 3299 594 hominis.
3334 540 3468 595 Nam
3512 543 3597 596 ille
3626 542 3847 613 Spiritus

2298 622 2531 688 sanctus,
2562 627 2793 695 Spiritus
2822 629 2915 681 Dei
2944 637 3046 692 est,
3076 630 3140 683 de
3169 645 3277 698 quo
3323 630 3517 685 iterum
3568 633 3694 686 dicit
3725 654 3735 683 :
3766 634 3849 685 Si:

2296 728 2343 771 et
2370 735 2485 787 qum
2522 717 2615 770 Dei
2665 730 2804 781 sunt,
2839 735 2984 772 nemo
3030 719 3123 772 scit
3147 759 3162 783 ,
3207 720 3305 773 nisi
3341 718 3569 788 Spiritus
3601 721 3713 774 Dei.
3758 722 3849 777 me

2298 822 2424 875 ergo
2450 807 2668 876 spiritus
2688 809 2915 863 hominis
2936 825 3055 862 cum
3078 823 3313 877 presens
3332 818 3436 873 est,
3467 810 3523 864 id
3545 820 3645 872 est,
3678 813 3847 866 inten-

2300 905 2383 950 tus
2428 905 2513 971 est
2564 905 2617 949 et
2658 912 2716 951 se
2762 899 2959 966 pietate
2997 898 3210 967 subjicit
3257 898 3389 961 Deo,
3413 898 3658 967 intelligit
3696 901 3852 954 hortm

2296 999 2415 1053 quze
2450 985 2762 1053 spiritaliter
2796 986 3074 1050 dicuntur;
3114 1001 3234 1040 cum
3258 984 3434 1040 autem
3461 987 3657 1042 diaboli
3682 1004 3850 1053 error,

2298 1078 2550 1139 tanquam
2610 1074 2831 1127 absente
2886 1072 3153 1127 intellectu
3205 1074 3257 1127 in
3302 1076 3481 1130 anim
3532 1074 3847 1139 dominatur,

2298 1158 2503 1212 adulter
2532 1169 2631 1213 est.
2670 1158 2807 1213 Voca
2850 1177 2991 1231 ergo,
3019 1161 3203 1230 inquit,
3256 1163 3625 1227 rirumtum,
3654 1165 3708 1217 id
3752 1174 3851 1228 est,

2297 1247 2566 1315 spiritum,
2602 1248 2689 1315 qui
2720 1255 2801 1301 est
2833 1248 2993 1313 in‘te,
3024 1264 3129 1317 quo
3155 1258 3330 1319 potest
3361 1250 3524 1305 homo
3564 1252 3853 1321 intelligere

2298 1336 2580 1404 spiritalia,
2610 1336 2654 1389 si
2685 1351 2807 1389 cum
2842 1336 2930 1389 lux
2974 1338 3217 1391 veritatis
3251 1337 3497 1391 illustret.
3551 1338 3672 1407 Ipse
3719 1339 3855 1392 adsit

2298 1440 2419 1479 cum
2441 1424 2626 1492 loquor
2643 1424 2756 1489 tibi,
2778 1433 2835 1477 ut
2856 1425 3153 1493 spiritalem
3174 1440 3367 1493 aquam
3397 1427 3573 1494 possis
3592 1427 3850 1494 accipere.

2298 1515 2363 1569 Et
2387 1530 2507 1569 cum
2529 1515 2617 1567 illa
2639 1515 2839 1569 diceret
2872 1535 2883 1567 :
2918 1515 3039 1569 Non
3066 1516 3228 1570 habeo
3258 1519 3459 1581 cirum;
3480 1518 3641 1582 Bene,
3666 1518 3852 1587 inquit,

2297 1604 2493 1657 dixisti.
2528 1604 2763 1673 Quinque
2789 1606 2923 1658 enim
2947 1608 3079 1659 viros
3119 1608 3361 1672 habuisti,
3408 1609 3459 1662 id
3486 1618 3588 1673 est,
3624 1612 3856 1678 quinque

2300 1707 2488 1746 sensus
2534 1694 2709 1747 carnis
2754 1701 2804 1746 te
2836 1694 2885 1746 in
2928 1696 3097 1763 prima
3126 1704 3284 1750 (etate
3313 1708 3584 1759 rexcrnnt,
3611 1708 3667 1751 et
3697 1714 3855 1762 nunc,

642 1780 897 1847 dijudicat
923 1779 1093 1832 calida
1118 1786 1170 1831 et
1206 1777 1416 1847 frigida,
1448 1778 1625 1831 mollia
1666 1788 1721 1831 et
1758 1778 1921 1842 dura,
1956 1777 2092 1830 lenia
2141 1786 2191 1830 et
2227 1763 2268 1820 Β
2296 1798 2452 1850 quem
2505 1782 2696 1845 habes,
2743 1799 2846 1836 non
2899 1793 2981 1837 est
3030 1793 3151 1838 tuus
3204 1786 3325 1847 vir,
3371 1788 3491 1853 quia
3535 1804 3637 1840 non
3702 1790 3755 1841 in
3808 1798 3856 1842 le

644 1884 854 1937 aspera,
900 1878 955 1921 et
979 1869 1233 1938 ququnid
1262 1869 1404 1921 aliud
1430 1867 1677 1936 estquod
1722 1869 1987 1935 tangendo
2030 1866 2195 1920 senti-

646 1976 781 2014 mus.
812 1960 931 2013 lstis
959 1960 1135 2027 itaque
1156 1958 1460 2013 carnalibus
1489 1958 1731 2013 sensibus
1764 1960 1994 2028 quinque
2022 1960 2193 2029 prima

645 2050 871 2104 hominis
897 2061 1028 2103 tetas
1054 2049 1323 2109 imbuitur,
1352 2049 1668 2103 necessitate
1694 2058 1896 2103 natura:
1934 2050 2193 2114 mortali<,

643 2154 745 2205 qua
771 2139 838 2190 ita
864 2145 981 2205 pust
1001 2145 1273 2205 peccatum
1306 2137 1463 2204 primi
1505 2138 1736 2191 hominis
1760 2140 1866 2191 nati
1909 2155 2111 2201 sumus,
2140 2148 2197 2194 ut

642 2229 875 2283 nondum
916 2230 1117 2282 reddita
1165 2228 1281 2282 luce
1330 2229 1558 2291 mentis,
1605 2230 1907 2283 carnalibus
1955 2232 2197 2285 sensibus

644 2320 859 2383 subditi,
889 2319 1153 2374 carnalem
1182 2320 1344 2372 vitam
1367 2319 1481 2372 sine
1510 2319 1613 2371 ulla
1643 2320 1885 2374 veritatis
1910 2321 2197 2391 intelligen-

641 2409 714 2461 tia
771 2419 1119 2461 transeamus.
1163 2407 1318 2485 Tales
1371 2422 1589 2462 necesse
1633 2416 1854 2463 estesse
1888 2409 2115 2465 infantes
2144 2421 2197 2466 et

642 2497 890 2566 parvulos
917 2511 1125 2565 pueros,
1174 2498 1264 2565 qui
1294 2498 1527 2550 nondum
1566 2507 1786 2567 possunt
1829 2501 2069 2568 accipere
2109 2516 2192 2553 ra-

644 2585 860 2637 tionem.
890 2584 953 2637 Et
973 2585 1096 2654 quia
1129 2585 1391 2638 naturales
1420 2594 1542 2638 sunt
1582 2587 1668 2639 isti
1700 2602 1907 2649 sensus,
1953 2589 2041 2655 qui
2090 2591 2197 2657 pri-

642 2688 787 2726 mam
826 2681 1035 2726 aetatem
1084 2681 1305 2742 regunt.
1340 2683 1393 2727 et
1428 2673 1537 2727 Deo
1584 2675 1789 2727 artifice
1823 2676 1974 2729 nobis
2016 2677 2197 2730 tributi

643 2768 783 2823 sunt,
815 2768 956 2815 recte
978 2761 1227 2814 dicuntur
1254 2762 1383 2825 viri,
1414 2762 1463 2816 id
1509 2773 1590 2817 est
1637 2764 1849 2829 mariti,
1892 2764 2050 2834 502
2088 2774 2199 2820 tan-

644 2866 805 2921 quam
828 2850 1069 2920 legitimi,
1101 2851 1349 2919 quoniam
1378 2867 1481 2905 non
1501 2868 1594 2905 eos
1628 2869 1780 2907 error
1806 2854 1936 2909 vitio
1960 2856 2193 2923 proprio,

641 2940 736 2993 sed
766 2939 859 2994 Dei
896 2938 1121 2994 artificio
1142 2949 1329 2993 natura
1360 2942 1668 2995 contribuit.
1698 2941 1829 2996 Cum
1857 2952 2032 2997 autem
2055 2945 2199 3013 quis-

644 3042 748 3097 que
770 3029 972 3082 venerit
998 3029 1063 3083 ad
1085 3042 1203 3081 eam
1226 3037 1434 3083 aztatem
1462 3030 1545 3083 cui
1578 3030 1683 3082 vita
1706 3031 1870 3099 possit
1895 3047 2056 3100 capax
2079 3047 2196 3087 esse

644 3117 884 3178 rationis.
905 3118 949 3171 si
981 3119 1259 3172 veritatem
1286 3120 1464 3172 statim
1486 3120 1927 3188 comprehendere
1944 3122 2190 3188 potuerit,

644 3224 749 3263 non
772 3206 883 3275 jam
906 3208 1009 3261 illis
1035 3210 1277 3261 sensibus
1303 3209 1601 3262 rectoribus
1621 3211 1786 3263 utitur
1810 3228 1823 3273 ;
1857 3211 1948 3265 sed
1978 3212 2197 3266 habebit

643 3298 818 3350 virum
864 3298 1106 3367 spiritqu
1138 3298 1471 3360 rationalem,
1519 3298 1602 3351 cui
1651 3312 1838 3352 sensus
1890 3300 2007 3353 illos
2040 3300 2091 3353 in
2122 3301 2198 3353 fa-

581 3398 583 3401 '
644 3387 900 3441 mulatum
931 3387 1150 3456 redigat,
1177 3388 1417 3441 servituti
1460 3388 1746 3455 subjiciens
1793 3404 1982 3458 corpus
2008 3406 2191 3455 suum;

644 3490 766 3529 cum
804 3460 978 3528 anima
1008 3489 1109 3529 non
1140 3475 1249 3543 jam
1272 3477 1401 3530 viris
1441 3478 1694 3546 quinque,
1734 3478 1785 3531 id
1823 3488 1921 3542 est,
1962 3462 2198 3550 quinque

643 3565 883 3633 corporis
910 3566 1153 3619 sensibus
1195 3566 1403 3619 subdita
1432 3574 1529 3627 est,
1569 3568 1662 3620 sed
1706 3569 1935 3622 Verbum
1961 3571 2196 3624 divinum

645 3656 805 3710 habet
826 3654 1117 3723 legitimum
1152 3657 1344 3717 virum,
1374 3656 1459 3708 cui
1487 3656 1725 3724 copulata
1758 3658 2048 3724 inhaerens,
2075 3676 2194 3715 cum

645 3755 700 3797 et
726 3746 838 3812 ipse
868 3745 1085 3813 spiritus
1114 3744 1342 3797 hominis
1372 3746 1586 3799 lueserit
1614 3746 1857 3811 Christo,
1888 3750 2009 3818 quia
2038 3758 2198 3819 caput

646 3836 749 3887 viri
774 3834 1019 3888 Christus
1045 3840 1127 3887 est
1156 3833 1204 3901 (1
1236 3831 1355 3886 Cor.
1403 3849 1477 3897 ιι,
1496 3834 1573 3903 5),
1602 3836 1875 3905 ampiexus
1913 3822 2194 3907 spiritalia,

646 3926 761 3979 sine
786 3924 893 3977 ullo
918 3923 1269 3991 separationis
1296 3922 1483 3975 timore
1516 3933 1713 3979 aeterna
1749 3927 2038 3994 perfruitur
2066 3930 2191 3982 vita.

647 4014 777 4079 Quis
805 4028 900 4067 nos
924 4014 1063 4066 enim
1118 4026 1364 4079 separare
1384 4015 1613 4081 potuerit
1649 4030 1677 4067 a
1711 4017 1970 4071 charitate
1997 4018 2194 4073 Christi

647 4103 822 4173 (Rom.
855 4119 980 4165 vm,
1025 4102 1151 4173 35)?
1197 4100 1301 4157 Sed
1330 4105 1592 4171 quoniam
1649 4106 1737 4158 illa
1787 4108 1978 4161 mulier
2013 4124 2197 4165 errore

648 4194 947 4254 tenebatur,
971 4207 1090 4259 qua:
1115 4191 1445 4259 significabat
1484 4194 1872 4249 multitudinem
1903 4198 2078 4250 saeculi
2106 4216 2196 4251 va-

649 4283 731 4334 nis
751 4280 1213 4347 superstitionibus
1238 4282 1497 4350 subjugati
1539 4283 1689 4354 [Ms.,
1719 4286 2009 4358 subjugari]
2030 4327 2046 4353 ,
2078 4298 2196 4356 post

648 4379 885 4437 tempora
935 4370 1023 4424 illa
1079 4371 1313 4440 quinque
1353 4373 1644 4428 carnalium
1695 4391 1963 4440 sensuum,
2005 4380 2198 4446 quibus

648 4463 818 4529 prima
862 4468 1009 4520 astas,
1040 4468 1097 4512 ut
1125 4462 1374 4524 diximus,
1425 4466 1640 4531 regitur,
1671 4481 1775 4518 non
1819 4480 1937 4520 eam
1976 4471 2195 4520 verbum

651 4553 743 4606 Dei
772 4558 1048 4620 acceperat
1077 4552 1128 4605 in
1154 4551 1580 4621 oonjugium,sed
1606 4556 1879 4624 complexu
1902 4558 2199 4613 adulterino

652 4642 892 4696 diabolus
914 4644 1207 4697 obtinebat.
1236 4643 1414 4712 Itaque
1444 4644 1515 4698 illi
1544 4644 1799 4701 Dominus
1830 4648 1987 4713 dicit,
2019 4650 2200 4705 videns

650 4747 769 4785 eam
803 4745 921 4785 esse
949 4731 1237 4795 carnalem,
1285 4733 1339 4787 id
1372 4741 1472 4796 est,
1507 4734 1792 4788 carnaliter
1828 4751 2011 4803 sapere
2044 4755 2055 4790 :
2102 4736 2200 4790 Va-

650 4822 743 4885 de,
774 4838 893 4874 voca
917 4823 1080 4873 virum
1101 4830 1328 4883 tuum,“
1360 4825 1467 4874 veni
1497 4824 1615 4876 huc.
1640 4823 1660 4877 ι
1682 4826 1811 4887 lest,
1826 4840 2037 4880 remove
2067 4830 2200 4881 teab

651 4908 929 4964 affectione
966 4909 1198 4973 carnali,
1230 4908 1282 4962 in
1306 4924 1410 4976 qua
1442 4925 1582 4963 nunc
1626 4911 1909 4965 constituta
1938 4927 2026 4976 es,
2069 4914 2205 4967 unde

655 5016 758 5053 non
808 5006 959 5067 potes
995 5000 1289 5069 intelligere
1334 5014 1451 5068 qua!
1502 4999 1733 5069 loquor:
1772 4999 1840 5052 Et
1881 5018 2003 5053 voca
2041 5003 2205 5054 cirum

653 5098 820 5149 tuam,
858 5088 908 5140 id
944 5096 1045 5151 est,
1071 5090 1259 5156 spiritu
1300 5088 1658 5158 intelligentia:
1681 5103 1914 5158 praesens
1952 5098 2084 5143 esto.
2113 5090 2206 5143 Est

655 5176 796 5228 enim
846 5177 1033 5228 animae
1068 5178 1217 5243 quasi
1274 5178 1497 5232 maritus
1545 5178 1937 5247 qquammodo
1987 5178 2205 5246 spiritus

656 5266 907 5329 hominis,
932 5266 1021 5335 qui
1059 5267 1339 5320 animalem
1388 5268 1719 5323 affectionem
1770 5277 2021 5335 tanquam
2071 5282 2203 5321 con-

650 5354 831 5425 iugem
862 5358 995 5427 regit
1032 5374 1044 5409 :
1084 5372 1187 5410 non
1220 5358 1303 5410 ille
1331 5356 1558 5425 Spiritus
1588 5369 1822 5421 sanctus.
1846 5360 1933 5428 qui
1963 5374 2084 5414 cum
2106 5357 2205 5413 Pa-

658 5452 735 5497 tre
764 5455 820 5500 et
850 5446 982 5501 Filio
1010 5448 1507 5502 incommutabiliter
1538 5450 1711 5514 datur,
1742 5450 1835 5504 sed
1864 5451 2080 5519 spiritus
2106 5450 2203 5504 ho-

730 5625 750 5651 ι
786 5618 914 5670 \‘ide
946 5628 1184 5674 sanctum
1221 5620 1589 5689 Augustinum,
1631 5620 1807 5676 Tract.
1841 5636 1925 5686 xv,
1953 5637 2094 5675 num.
2117 5622 2203 5673 2i.

2295 1878 2377 1922 est
2398 1870 2633 1937 spiritus,
2665 1869 2757 1937 qui
2785 1869 3040 1938 intelligat
3067 1870 3251 1934 Deum,
3275 1887 3398 1926 etim
3426 1888 3531 1939 quo
3559 1874 3854 1942 legitimum

2293 1966 2443 2028 potes
2472 1960 2667 2013 habere
2714 1958 3047 2029 conjugium;
3100 1961 3189 2014 sed
3242 1976 3396 2015 error
3433 1962 3535 2015 dial
3557 1963 3626 2016 oli
3683 1966 3854 2033 potius

2294 2050 2617 2112 dominatur,
2651 2048 2740 2117 qui
2791 2058 2841 2103 te
2897 2050 3694 2106 adulterina-contaminatione
3742 2070 3854 2107 cor-

2297 2140 2511 2207 rumpit.
2542 2138 2605 2191 Et
2635 2128 2862 2191 fortasse
2887 2146 2945 2191 ut
2971 2139 3387 2208 iuteiiigeutihus
3417 2140 3682 2194 indicaret
3706 2142 3854 2209 quin-

2295 2242 2397 2295 que
2446 2235 2767 2281 memoratos
2812 2227 3051 2303 corporis
3111 2242 3297 2282 sensus
3340 2230 3574 2297 quinque
3619 2230 3857 2283 virorum

2296 2316 2511 2371 nomine
2534 2316 2842 2385 significari,
2883 2325 3000 2385 post
3022 2316 3257 2385 quinque
3290 2318 3536 2372 carnales
3560 2319 3854 2387 responsio~

2296 2420 2389 2459 nes
2412 2405 2509 2457 ista
2535 2405 2730 2459 mulier
2741 2412 2885 2458 sexta
2905 2406 3245 2474 responsione
3278 2409 3515 2461 nominat
3541 2408 3857 2473 Christum;

2297 2509 2417 2546 nam
2455 2494 2623 2561 prima
2650 2494 2765 2560 ejus
2790 2496 3064 2562 responsio
3088 2504 3170 2547 est
3203 2512 3216 2547 :
3249 2494 3325 2548 Tu
3352 2512 3469 2548 cum
3504 2498 3579 2550 sis
3613 2497 3853 2561 Judtrus,

2293 2582 2548 2650 quomodo
2570 2600 2599 2634 a
2620 2598 2699 2633 tne
2723 2582 2889 2635 bibere
2908 2583 3076 2651 petis?
3097 2582 3341 2638 Secunda
3373 2599 3387 2637 :
3433 2585 3666 2648 Domine,
3700 2603 3855 2653 neque

2295 2675 2349 2725 in
2388 2689 2487 2742 quo
2523 2673 2759 2736 haurias,
2805 2673 2978 2739 habes,
3010 2682 3056 2727 et
3099 2685 3281 2745 puteus
3324 2675 3461 2729 altus
3488 2685 3580 2729 est.
3629 2676 3851 2730 Tertia:

2295 2764 2535 2825 Domine,
2558 2763 2626 2815 da
2656 2763 2781 2815 mihi
2811 2763 2945 2815 hunc
2966 2780 3175 2831 aquam,
3205 2774 3259 2817 ut
3288 2781 3447 2833 neque
3474 2766 3667 2827 sitiam,
3704 2781 3858 2835 neque

2296 2852 2493 2903 veniam
2508 2851 2606 2902 huc
2623 2850 2851 2902 haurire.
2867 2850 3064 2915 Quarta
3083 2866 3100 2903 :
3117 2851 3235 2904 Non
3248 2852 3407 2904 habeo
3423 2854 3607 2905 virum.
3624 2853 3854 2919 Quinta:

2308 2935 2467 2990 Video
2495 2939 2616 3006 quia
2636 2938 2886 3007 propheta
2917 2954 2969 2991 es
2996 2949 3067 3000 tu,
3101 2950 3271 3009 patres
3302 2942 3464 2994 nostri
3485 2942 3539 2993 in
3565 2953 3741 2995 mande
3765 2945 3856 2997 hoc

2298 3026 2659 3079 adoraeerunt.
2692 3025 2823 3079 Nam
2854 3029 2955 3081 ista
2984 3032 3257 3097 responsio
3278 3032 3507 3085 carnalis
3527 3038 3639 3095 est;
3672 3047 3857 3087 carna-

2299 3114 2435 3166 libus
2455 3113 2595 3167 enim
2622 3114 2776 3168 datus
2806 3113 2979 3170 fuerat
3003 3116 3155 3171 locus
3180 3126 3447 3181 terrenus,
3474 3119 3561 3173 ubi
3591 3129 3851 3175 orarent:

2295 3202 2561 3270 spiritales
2586 3210 2762 3255 autem
2787 3204 2974 3271 spiritu
2995 3214 3048 3258 et
3074 3206 3298 3260 veritate
3325 3216 3571 3261 oraturos
3599 3207 3857 3264 Dominus

2295 3287 2534 3351 dixerat;
2559 3290 2682 3355 quia
2711 3300 3055 3358 posteaquam
3081 3292 3291 3347 locutus
3313 3301 3413 3356 est,
3442 3304 3588 3347 sexta
3621 3297 3857 3350 mulieris

2297 3368 2569 3445 responsio
2607 3374 2878 3431 Christum
2932 3378 3127 3433 fatetur
3171 3381 3412 3435 omnium
3464 3382 3694 3436 istorum
3742 3400 3857 3440 esse

2296 3463 2585 3516 doctorem.
2621 3463 2757 3517 Dicit
2779 3465 2920 3518 enim
2955 3484 2968 3517 :
3014 3465 3156 3532 Scio,
3183 3470 3305 3537 quia
3338 3468 3556 3523 Messias
3586 3474 3745 3536 tersit,
3772 3475 3855 3543 qui

2293 3548 2485 3601 dicitur
2514 3548 2769 3604 Christus.
2800 3550 2931 3605 Cum
2954 3569 3075 3623 ergo
3103 3557 3312 3620 uenerit,
3344 3557 3452 3627 ipse
3482 3560 3627 3611 nobis
3656 3576 3855 3613 annuu-

2293 3637 2437 3690 tiabit
2464 3639 2656 3691 omnia.
2684 3638 2789 3694 Sed
2819 3642 2992 3697 adhuc
3022 3653 3188 3708 errat,
3220 3644 3343 3713 quia
3372 3659 3493 3697 eum
3541 3660 3705 3713 quem
3732 3662 3853 3700 ven-

2296 3734 2471 3779 turum
2516 3741 2713 3795 sperat,
2744 3730 2951 3784 venisse
2979 3747 3085 3784 non
3134 3731 3315 3795 videt;
3356 3742 3729 3789 verumtamen
3760 3736 3854 3788 mi-

2293 3816 2581 3869 sericordia
2617 3817 2823 3869 Domini
2856 3832 2995 3870 nunc
3041 3833 3192 3871 error
3221 3819 3319 3873 iste
3359 3828 3610 3889 tanquam
3640 3822 3850 3877 adulter

2295 3904 2595 3971 expellitur.
2623 3906 2759 3959 Dicit
2797 3906 2938 3959 enim
2972 3906 3066 3978 [ei]
3090 3906 3283 3962 Iesus:

2365 4012 2475 4082 Ego
2502 4030 2649 4076 sum,
2688 4015 2776 4083 qui
2810 4026 2974 4068 tecum
3003 4015 3202 4084 loquor.
3232 4016 3348 4082 Quo
3385 4018 3585 4081 audito,
3631 4020 3720 4073 illa
3747 4033 3849 4073 non

2296 4102 2596 4168 respondit;
2625 4104 2714 4154 sed
2737 4102 2915 4155 statim
2944 4103 3127 4157 relicta
3162 4104 3350 4173 hydria
3376 4120 3491 4169 sua,
3522 4106 3655 4160 abiit
3676 4107 3731 4160 in
3769 4107 3847 4161 ci-

2295 4190 2513 4241 vitatem
2548 4187 2825 4251 festinans,
2879 4199 2938 4243 ut
2969 4191 3302 4258 evangelium
3330 4202 3385 4246 et
3416 4194 3622 4248 Domini
3651 4196 3845 4251 adven-

2296 4286 2406 4329 tum
2438 4292 2539 4329 non
2564 4284 2767 4329 tantum
2787 4277 3047 4340 crederet,
3078 4278 3170 4333 sed
3199 4280 3361 4333 etiam
3385 4282 3717 4349 praedicaret.
3742 4282 3847 4339 Nec

2298 4368 2417 4430 hoc,
2439 4355 2580 4435 quod
2622 4367 2805 4420 relicta
2832 4367 3018 4436 hydria
3049 4368 3313 4434 discessit,
3347 4370 3679 4439 negligenter
3716 4386 3848 4439 pra-

2300 4455 2610 4508 tcreundum
2633 4464 2745 4518 est;
2782 4456 2968 4524 hydria
2997 4458 3137 4512 enim
3161 4457 3388 4514 fortasse
3408 4475 3643 4513 amorem
3673 4460 3845 4513 saeculi

2300 4544 2456 4611 hujus
2482 4544 2768 4614 significat,
2803 4545 2855 4599 id
2903 4554 2984 4600 est
3038 4548 3405 4617 cupiditatem,
3436 4563 3539 4615 qua
3559 4548 3658 4601 sibi
3682 4548 3847 4602 homi-

2300 4652 2393 4690 nes
2417 4636 2482 4690 de
2514 4638 2793 4691 tenebrosa
2832 4636 3211 4706 profunditate,
3245 4635 3395 4703 cuius
3426 4638 3707 4706 imaginem
3746 4654 3847 4707 pu-

2288 4734 2417 4779 teus
2439 4726 2592 4794 gerit,
2644 4726 2744 4779 hoc
2778 4734 2879 4789 est,
2928 4726 2993 4778 de
3035 4734 3246 4779 terrena
3286 4728 3689 4781 conversatione
3721 4729 3847 4781 hau-
3914 4782 3919 4787 λ

2303 4817 2445 4868 riunt
2466 4813 2818 4881 voluptatem;
2845 4829 2946 4881 qua
2978 4823 3224 4884 percepta
3249 4816 3439 4869 iterum
3476 4816 3530 4869 in
3558 4814 3673 4883 ejus
3697 4828 3847 4881 appe-

2306 4903 2403 4954 titu
2447 4902 2801 4965 inardescunt,
2832 4903 2970 4957 sicut
3020 4904 3084 4957 de
3113 4920 3251 4974 aqua
3282 4905 3369 4959 illa
3414 4906 3504 4973 qui
3534 4903 3746 4965 biberit,
3776 4903 3844 4956 si-

2303 4992 2397 5043 tiet
2447 4991 2655 5043 iterum.
2709 4990 2997 5060 Oportebat
3044 5001 3220 5048 autem
3269 5002 3328 5046 ut
3372 4992 3586 5046 Christo
3627 4991 3845 5045 credens

2302 5082 2493 5136 saeculo
2550 5084 2916 5147 renuntiaret,
2966 5091 3021 5138 et
3068 5084 3251 5137 relicta
3310 5083 3531 5152 hydria,
3586 5083 3840 5152 cupidita-

2303 5180 2408 5227 tem
2434 5173 2739 5227 szecularem
2776 5188 2833 5228 se
2868 5174 3145 5241 reliquisse
3170 5172 3325 5242 503
3372 5182 3709 5237 monstraret,
3741 5186 3841 5225 non

2302 5264 2471 5318 solum
2516 5263 2675 5317 corde
2715 5264 2939 5317 credens
2988 5264 3053 5315 ad
3099 5260 3361 5329 justitiam
3390 5304 3402 5327 ,
3445 5265 3538 5319 sed
3577 5264 3738 5319 etiam
3777 5260 3841 5314 ad

2304 5353 2525 5408 salutem
2574 5368 2668 5407 ore
2714 5351 3019 5407 confessura
3058 5362 3107 5409 et
3154 5356 3501 5423 pnn.licatura
3547 5353 3685 5423 quod
3729 5364 3840 5407 cro-

2304 5442 2455 5498 didit.
