4266 6198
439 308 536 362 79'!

1241 309 1641 365 EXEGETICA.
1678 341 1746 352 --
1783 312 2133 368 COMMENT.
2174 316 2239 370 IN
2276 316 2463 372 JOAN.
2501 350 2569 359 —-
2599 318 2724 372 LIB.
2762 318 2820 371 ll.

3416 300 3619 377 '793

508 423 664 475 Vens.
697 421 777 474 l9.
801 449 870 459 -—
911 419 1040 471 Dicit
1072 421 1117 472 ei
1150 420 1331 472 mulier
1364 436 1382 472 :
1430 420 1665 483 Domine,
1710 429 1766 471 ut
1806 421 1967 483 rideo,
1998 426 2043 479 A
2073 438 2194 476 reus
2220 433 2303 477 est
2330 441 2508 489 mons;
2554 427 2833 494 oportebat
2876 441 2995 479 eum
3044 427 3253 479 adorari
3301 428 3353 481 ln
3400 432 3617 498 templo,

436 510 559 577 quia
583 508 824 576 propheta
861 524 913 559 es
948 516 1023 558 tu.
1054 524 1072 557 ι
1119 518 1143 546 α
1184 505 1353 574 Coepit
1380 507 1562 560 venire
1591 508 1690 569 vir,
1720 507 1811 560 sed
1845 523 1973 560 non-

438 600 563 651 dum
588 598 737 667 plene
762 597 923 650 venit.
952 596 1267 665 Propltetam
1292 597 1565 649 Dominum
1586 596 1822 663 putabat.
1850 595 1976 648 Erat

437 688 649 757 quidem
685 694 740 739 et
778 687 1068 753 prbpbeta;
1116 700 1236 737 nam
1272 684 1337 738 de
1370 698 1426 739 se
1452 684 1562 750 ipso
1607 683 1716 735 ait:
1759 681 1877 735 Non
1902 694 1977 735 est

435 775 679 844 propheta
700 774 807 827 sine
833 774 1041 836 honore,
1072 772 1170 825 nisi
1193 775 1244 823 in
1267 772 1437 839 patria
1466 788 1561 823 sua
1583 769 1731 838 (Luc.
1761 785 1835 831 Iv,
1860 770 1970 838 ει).

435 866 565 921 Item
595 866 660 920 de
684 866 773 920 illo
804 866 999 919 dictum
1045 873 1129 919 est
1172 864 1235 917 ad
1264 863 1511 931 Moysen:
1553 860 1863 929 Prophetam
1901 861 1973 911 eis

434 954 688 1007 suscitabo
713 954 776 1006 de
803 953 1047 1021 fratribus
1080 967 1253 1005 eorum
1278 948 1492 1003 similem
1513 950 1587 1001 tui
1617 947 1790 1016 (Deut.
1819 963 1972 1005 xvnt.

436 1042 555 1111 l8);
582 1042 805 1096 similem
832 1042 1033 1095 scilicet
1060 1042 1125 1093 ad
1150 1038 1371 1093 formam
1404 1039 1601 1093 carnis.
1626 1052 1728 1090 non
1752 1038 1816 1090 ad
1839 1038 1974 1091 emi--

433 1131 667 1183 nentiam
706 1127 1011 1195 maiestatis.
1060 1127 1198 1193 Ergo
1226 1127 1529 1180 invenimus
1566 1125 1841 1179 Dominum
1882 1124 1972 1178 Je-

433 1232 548 1270 sum
576 1216 771 1270 dictum
800 1216 1127 1285 prophetam.
1175 1214 1398 1267 Proinde
1433 1216 1543 1289 jam
1591 1230 1694 1267 non
1746 1214 1970 1266 multum

430 1313 574 1359 errat
601 1304 789 1358 mulier
816 1304 938 1365 ista,
972 1301 1151 1363 Video,
1180 1302 1370 1369 inquit,
1395 1303 1517 1370 quia
1547 1301 1792 1370 propheta
1816 1316 1867 1352 es
1893 1310 1967 1353 tu.

429 1393 614 1462 Incipit
635 1393 808 1445 virum
837 1390 1469 1452 adulterum~excludere,
1506 1404 1626 1442 eum
1653 1388 1727 1439 ait
1754 1405 1765 1438 :
1813 1385 1969 1439 Video

427 1483 546 1551 quia
566 1481 807 1550 propheta
829 1495 914 1541 es;
940 1486 993 1533 et
1022 1479 1211 1547 incipit
1236 1492 1473 1545 qmerere
1500 1474 1640 1543 quod
1669 1475 1809 1527 illam
1837 1474 1971 1526 sole-

428 1571 516 1623 bat
542 1584 774 1623 movere.
803 1567 1082 1622 Contentio
1106 1568 1295 1634 quippe
1322 1564 1494 1617 fuerat
1519 1565 1655 1617 inter
1676 1563 1969 1617 Samarita-

427 1673 524 1711 nos
555 1666 609 1709 et
637 1656 866 1717 Judzeos,
906 1656 1026 1722 quia
1066 1653 1230 1707 ιιιόωί
1270 1654 1319 1704 in
1374 1652 1565 1720 templo
1612 1668 1641 1704 a
1689 1652 1970 1705 Salomone

2073 512 2195 578 quia
2220 528 2529 581 corporeum
2570 523 2651 568 est
2680 514 2951 582 templum.
2984 513 3206 583 Spiritus
3245 525 3320 568 est
3364 515 3525 581 Deus,
3565 529 3620 573 et

2071 614 2174 659 eos,
2199 601 2286 667 qui
2318 601 2535 653 adorant
2558 618 2690 661 eum,
2721 602 2773 655 in
2800 602 2981 669 spiritu
3002 610 3193 669 oportet
3222 601 3459 655 adorare.
3497 605 3609 660 Nos

2073 685 2347 737 adoramus
2384 687 2521 754 quod
2566 689 2753 739 scimus
2825 704 2910 740 vos
2941 688 3170 741 adoratis
3215 691 3351 757 quod
3393 694 3616 757 nescitis,

2071 775 2191 840 quia
2236 774 2377 826 salus
2414 792 2476 827 ea;
2500 776 2699 827 Juda’t's
2738 787 2831 828 est.
2881 777 2909 815 ιι
2949 775 3167 828 Multum
3210 776 3355 830 dedit
3392 777 3612 843 Induis;

2072 854 2163 911 Sed
2197 860 2299 912 noli
2332 861 2463 913 istos
2497 865 2748 928 reprobos
2773 864 3029 930 accipere.
3060 864 3324 918 Parietem
3356 867 3502 921 illum
3534 884 3619 921 ac-

2069 945 2202 1013 cipe,
2238 946 2319 999 cui
2350 946 2627 1013 adjunctus
2656 957 2737 1001 est
2769 949 2921 1012 alius,
2948 959 3007 1002 ut
3034 951 3203 1018 pacati
3249 951 3302 1003 in
3325 951 3498 1019 lapide
3524 969 3619 1007 an-

2071 1037 2258 1104 gulari,
2288 1038 2373 1103 qui
2413 1046 2488 1090 est
2538 1038 2803 1101 Christus,
2853 1042 3245 1107 copularentur.
3299 1043 3445 1097 Unus
3472 1047 3615 1097 enim

2072 1124 2245 1191 paries
2284 1140 2311 1176 a
2361 1123 2574 1187 Judzeis,
2614 1141 2750 1185 unus
2792 1142 2819 1178 a
2867 1126 3125 1181 Gentibus
3155 1146 3169 1180 :
3203 1132 3353 1199 longe
3376 1148 3404 1184 a
3436 1149 3493 1186 se
3528 1134 3615 1186 isti

2071 1212 2303 1279 parietes
2344 1213 2631 1275 distabant,
2677 1216 2843 1268 donec
2888 1216 2939 1267 in
2991 1216 3181 1284 angulo
3209 1217 3337 1287 [Al.,
3381 1218 3616 1289 Christo]

2069 1296 2478 1366 conjunguntur.
2509 1300 2829 1368 Alienigena:
2868 1310 3045 1354 autem
3088 1310 3141 1355 et
3181 1304 3415 1371 hospites
3462 1318 3617 1360 erant

2069 1381 2282 1445 Gentes,
2308 1393 2361 1436 et
2383 1387 2644 1453 peregrini
2670 1402 2699 1438 a
2731 1396 3051 1441 testamento
3085 1388 3235 1459 [Ms.,
3264 1394 3617 1465 tezztamentis)

2071 1469 2182 1522 Dei.
2217 1469 2516 1524 Secundum
2559 1488 2684 1540 ergo
2722 1475 2823 1527 hoc
2853 1475 3049 1528 dictum
3091 1487 3213 1531 est:
3271 1479 3381 1532 Nos
3428 1481 3620 1533 adora-

2069 1576 2180 1611 mus
2212 1561 2348 1628 quod
2387 1563 2594 1613 scimus.
2627 1562 2702 1615 Ex
2730 1578 2953 1630 persona
2979 1565 3188 1631 quidem
3218 1566 3516 1623 Judmorum
3539 1572 3616 1623 di-

2068 1655 2208 1699 ctum
2238 1656 2337 1710 est,
2366 1649 2457 1702 sed
2491 1665 2596 1701 non
2625 1651 2860 1703 omnium
2886 1650 3204 1716 Judmorum,
3238 1669 3340 1707 non
3368 1658 3614 1723 reprobo-

426 1745 682 1798 fabricato
714 1742 1002 1795 adorabunt
1042 1741 1243 1793 Deum:
1286 1740 1602 1792 Samaritani
1652 1739 1807 1807 longe
1847 1740 1967 1791 inde
2004 1731 2041 1786 Β
2072 1750 2185 1787 rum
2221 1734 2521 1789 Jud:eorum
2554 1755 2565 1789 :
2609 1738 2699 1789 sed
2750 1739 2814 1790 de
2845 1738 3088 1805 qualibus
3117 1738 3326 1793 fuerunt
3366 1744 3611 1808 apostoli.

426 1834 609 1902 positi,
645 1848 749 1885 non
790 1832 841 1883 in
870 1846 934 1884 eo
976 1830 1293 1890 adorabant;
1326 1836 1379 1881 et
1418 1841 1481 1879 eo
1524 1825 1691 1879 ιιιᾶωί
1721 1826 1968 1879 meliores

424 1938 483 1976 se
553 1935 669 1975 esse
725 1920 1061 1981 laetabantur,
1118 1918 1239 1985 quia
1307 1918 1360 1969 in
1424 1915 1617 1983 templo
1678 1915 1969 1967 adorabant

427 2009 609 2061 [teum.
642 2007 759 2059 Non
785 2007 917 2058 enim
943 2014 1218 2057 coutuntur
1237 2004 1410 2056 Judaei
1438 2002 1815 2063 Samaritanis;
1845 2002 1967 2069 quia

424 2097 669 2149 dicebant
688 2095 765 2148 eis
794 2111 807 2146 :
831 2093 1100 2158 Quomodo
1119 2107 1211 2146 vos
1230 2092 1443 2159 jactatis
1468 2090 1598 2162 [Al.,
1617 2092 1840 2155 lzetatis;
1869 2090 1966 2154 αι..

428 2185 720 2255 lzetamini],
760 2193 815 2238 et
850 2185 967 2236 ideo
999 2198 1092 2236 vos
1118 2183 1268 2237 nobis
1306 2181 1551 2237 meliores
1574 2196 1693 2234 esse
1727 2181 1971 2249 perhibe-

428 2275 517 2337 tis,
549 2274 671 2343 quia
697 2274 946 2340 templum
984 2272 1212 2334 habetis,
1252 2272 1390 2337 quod
1420 2286 1515 2324 nos
1542 2286 1644 2324 non
1682 2270 1969 2323 habemus?

426 2362 669 2429 Nunquid
710 2368 889 2428 patres
925 2359 1112 2421 nostri,
1144 2358 1233 2425 qui
1270 2359 1375 2413 Deo
1416 2358 1744 2427 placuerunt,
1786 2358 1839 2411 in
1879 2357 1968 2411 illo

424 2450 618 2517 templo
646 2447 1031 2503 adoraverunt?
1072 2444 1255 2501 Nonne
1298 2446 1350 2499 in
1386 2446 1489 2500 isto
1516 2455 1693 2501 monte
1718 2448 1969 2503 adorave-

423 2546 566 2599 runt,
603 2536 691 2590 ubi
722 2550 818 2589 nos
851 2534 1069 2588 sumus?
1106 2532 1287 2587 Melius
1318 2548 1444 2603 ergo
1472 2550 1589 2599 nos,
1621 2536 1882 2605 inquiunt,
1913 2537 1966 2589 in

421 2627 523 2679 hoc
552 2632 728 2677 monte
756 2624 917 2676 Deum
949 2637 1215 2691 rogamus,
1236 2622 1325 2674 ubi
1354 2630 1530 2689 patres
1554 2624 1720 2676 nostri
1747 2640 1966 2693 rogave-

420 2721 562 2767 runt.
602 2710 997 2765 Contendebant
1029 2709 1239 2777 utrique
1278 2710 1466 2779 ignari,
1497 2711 1619 2777 quia
1647 2711 1815 2764 virum
1858 2728 1963 2765 non

421 2803 695 2859 habenfes.
726 2800 796 2854 illi
836 2814 930 2867 pro
970 2798 1182 2868 templo,
1212 2798 1296 2852 isti
1326 2813 1422 2867 pro
1454 2806 1631 2853 monte
1672 2798 1963 2854 inﬂamma-

422 2890 613 2942 bantur
646 2888 771 2959 [Με.
802 2898 848 2941 et
888 2889 1044 2957 Augt,
1085 2887 1422 2958 inﬂabantur]
1464 2889 1716 2942 adversus
1743 2903 1800 2942 se
1829 2889 1963 2944 invi-

419 2993 556 3031 cem.
601 2978 853 3030 Dominus
896 2984 1068 3030 tamen
1115 2977 1269 3031 modo
1311 2978 1434 3045 quid
1477 2978 1630 3031 docet
1662 2978 1957 3041 mulierem,

2065 1823 2247 1888 quales
2275 1822 2489 1877 fuerunt
2520 1826 2808 1892 prophetm,
2854 1826 3037 1893 quales
3067 1826 3277 1881 fuerunt
3321 1828 3392 1881 illi
3426 1845 3613 1884 omnes

2065 1910 2253 1974 saneti,
2278 1910 2367 1977 qui
2394 1925 2571 1964 omnia
2602 1926 2696 1965 sua
2723 1913 3091 1976 vendiderunt,
3133 1923 3185 1967 et
3226 1917 3391 1984 pretia
3431 1932 3613 1970 rerum

2064 2011 2277 2053 suarum
2301 1999 2367 2050 ad
2392 2000 2554 2065 pedes
2572 2000 2930 2066 apostolorum
2952 2014 3239 2069 posuerunt
3260 2004 3393 2073 (Act.
3410 2021 3482 2069 tv,
3498 2006 3610 2075 54).

2064 2081 2178 2136 Non
2202 2076 2391 2152 repulit
2414 2085 2555 2139 enim
2578 2086 2717 2139 Deus
2739 2087 2945 2154 plebem
2968 2104 3118 2143 suam
3144 2106 3301 2158 quam
3323 2096 3610 2160 pnescivit.

2064 2170 2278 2227 Andivit
2303 2175 2401 2229 hoc
2431 2176 2619 2229 mulier
2650 2178 2772 2241 ista,
2800 2187 2854 2231 et
2878 2180 3097 2235 addidit.
3126 2181 3243 2235 1am
3268 2185 3463 2238 dudum
3490 2202 3613 2254 pro-

2063 2263 2274 2330 phetam
2299 2264 2536 2344 dixerat:
2579 2267 2711 2319 vidit
2732 2267 2839 2321 alia
2869 2266 3047 2338 [Aug.,
3079 2270 3209 2323 vidit
3244 2272 3391 2344 talia]
3436 2274 3613 2330 dicere

2063 2367 2207 2415 eum,
2233 2368 2353 2407 cum
2375 2336 2481 2421 quo
2506 2354 2841 2422 loquebatur,
2872 2336 3141 2425 quietiam
3174 2357 3322 2429 [Ms.,
3341 2336 3477 2432 jam]
3496 2363 3615 2429 plus

2063 2449 2221 2493 esset
2258 2456 2415 2509 quam
2468 2445 2743 2511 propheta.
2796 2445 2860 2497 Et
2902 2444 3028 2512 quid
3077 2449 3367 2515 respondit,
3398 2450 3609 2505 videte:

2065 2528 2200 2581 Dicit
2226 2532 2273 2583 ei
2302 2529 2486 2583 mulier
2512 2548 2530 2584 .'
2553 2532 2699 2595 Scio,
2730 2534 2851 2602 quia
2876 2532 3092 2588 Messias
3118 2538 3296 2600 ueniet,
3320 2539 3407 2606 qui
3428 2539 3619 2593 dicitur

2064 2617 2331 2683 Christus;
2357 2638 2474 2673 cum
2497 2638 2617 2691 ergo
2655 2626 2862 2687 venerit,
2901 2623 2988 2677 ille
3018 2625 3162 2679 nobis
3198 2630 3371 2681 omnia
3405 2628 3617 2683 demon-

2060 2708 2262 2758 strabit.
2285 2708 2422 2772 Quid
2456 2712 2718 2764 esthoc?
2745 2712 2913 2774 Modo,
2948 2714 3138 2782 inquit,
3169 2716 3233 2769 de
3270 2718 3462 2785 templo
3490 2734 3615 2771 con~

2063 2797 2282 2849 tendunt
2306 2796 2491 2861 Judaei,
2519 2807 2573 2850 et
2606 2815 2703 2853 nos
2726 2800 2884 2872 504
2909 2802 2974 2855 de
3004 2811 3184 2858 monte
3204 2806 3613 2871 contendimus;

2060 2900 2181 2938 cum
2212 2885 2296 2939 ille
2319 2888 2543 2951 venerit,
2571 2896 2801 2942 montem
2832 2875 3062 2958 spernet,
3090 2900 3144 2945 et
3176 2892 3425 2961 templum
3450 2910 3606 2959 ever-

2060 2982 2155 3025 tet.
2184 2973 2403 3027 Docebit
2429 2990 2525 3029 nos
2555 2976 2655 3029 iste
2680 2977 2878 3040 omnia,
2910 2985 2969 3030 ut
2992 2977 3044 3031 in
3082 2980 3269 3047 spiritu
3308 2990 3365 3037 et
3390 2982 3613 3037 veritate

420 3075 670 3143 tanquam
713 3064 863 3131 cuius
890 3066 971 3117 vir
1012 3066 1233 3133 omperit
1273 3041 1507 3135 przesens
1552 3046 1706 3121 esse?
1750 3068 1886 3122 Dicit
1910 3070 1959 3123 ei
1987 3041 2033 3103 ο
2061 3070 2268 3131 oportet
2295 3061 2445 3134 [Νι.
2473 3063 2797 3135 noverimus]
2818 3063 3061 3121 adorare.
3087 3041 3318 3132 sciebat,
3346 3070 3466 3137 quis
3489 3085 3609 3124 eam

418 3154 609 3208 mulier
632 3171 646 3205 :
686 3152 916 3216 Domine,
944 3153 1085 3206 video
1106 3154 1226 3221 quia
1250 3154 1492 3223 prapheta
1512 3170 1565 3207 es
1584 3163 1662 3207 tu.

488 3243 645 3296 Vsus.
674 3242 760 3304 2ο,
776 3242 861 3295 21.
876 3238 1139 3296 +Patres
1160 3244 1317 3296 nostri
1340 3244 1393 3296 in
1406 3251 1575 3297 monte
1594 3243 1691 3297 hoc
1712 3244 1961 3300 adorare-

418 3340 559 3393 runt,
599 3340 647 3383 et
668 3348 753 3384 vos
775 3331 944 3385 dicitis
967 3332 1088 3399 quia
1119 3330 1485 3400 Hierosolymis
1504 3331 1723 3386 adorare
1742 3344 1958 3403 oportet.

416 3418 555 3471 Dicit
583 3420 630 3472 ei
648 3420 801 3473 Iesus
828 3435 846 3473 :
872 3418 1078 3483 Mulier,
1108 3420 1254 3473 crede
1290 3422 1437 3485 mihi,
1462 3423 1586 3490 quia
1610 3423 1769 3477 veniet
1808 3424 1956 3487 hora,

414 3508 620 3575 quando
642 3523 800 3576 neque
813 3509 865 3560 in
879 3518 1045 3560 monte
1062 3509 1179 3572 hoc,
1191 3526 1348 3578 neque
1368 3511 1422 3562 in
1444 3509 1815 3578 Hierosolymis
1832 3512 1961 3565 ado-

419 3596 598 3650 rabitis
646 3596 871 3649 Patrem.
914 3597 1100 3650 Veniet
1133 3597 1272 3651 enim
1306 3598 1555 3659 Ecclesia,
1597 3599 1732 3650 sicut
1760 3598 1958 3651 dictum

416 3696 501 3741 est
548 3688 598 3740 in
633 3686 866 3741 Canticis
895 3687 1261 3741 canticorum:
1300 3685 1527 3738 Dilectus
1557 3702 1697 3739 meus
1734 3686 1959 3755 loquitur

420 3778 581 3829 mihi:
602 3774 780 3844 Surge,
800 3792 1032 3843 propera,
1048 3776 1212 3841 amica
1231 3792 1362 3836 mea,
1378 3792 1563 3857 sponia
1580 3791 1714 3839 mea,
1727 3773 1960 3828 columba

420 3883 551 3928 utea,
604 3862 935 3917 immaculata
979 3878 1111 3926 mea,
1151 3873 1198 3916 et
1247 3865 1358 3917 veni
1389 3880 1408 3917 :
1456 3865 1568 3932 iam
1615 3865 1749 3917 enim
1799 3865 1960 3918 hiems

417 3956 645 4017 transiit,
693 3952 855 4007 imber
890 3952 1013 4004 abiit
1064 3961 1111 4005 et
1159 3954 1391 4016 recessit;
1418 3955 1568 4021 ﬂores
1614 3962 1959 4022 apparuerunt

418 4050 472 4101 in
494 4056 651 4109 terra,
695 4054 889 4113 tempus
920 4042 1197 4112 putationis
1232 4042 1461 4103 advena,
1496 4058 1591 4096 uox
1621 4045 1837 4097 turturis
1866 4060 1962 4125 ap-

417 4138 526 4190 dita
547 4145 619 4189 est
649 4135 858 4187 interra
882 4141 1055 4186 nostra
1080 4130 1251 4199 (Cant.
1286 4147 1351 4193 ll,
1384 4130 1466 4194 10,
1502 4131 1604 4203 12).
1634 4131 1821 4186 Merito
1848 4132 1961 4200 jam

418 4233 674 4293 pnesente
700 4223 816 4276 viro
854 4222 1003 4281 audit
1031 4236 1046 4275 :
1080 4219 1268 4275 llulier
1305 4221 1451 4275 crede
1491 4221 1638 4285 mihi,
1674 4221 1785 4287 jam
1819 4223 1959 4276 enim

416 4323 497 4367 est
524 4313 574 4365 in
601 4321 651 4364 te
680 4310 767 4379 qui
793 4310 991 4372 credat,
1034 4310 1427 4377 quiapraasens
1451 4318 1533 4364 est
1562 4310 1645 4362 vir
1668 4318 1807 4363 tuus.
1840 4310 1961 4364 Cm—

418 4402 541 4468 pisti
568 4400 750 4453 adesse
779 4398 1063 4460 intellectu,
1096 4397 1307 4465 quando
1332 4412 1415 4450 me
1439 4398 1747 4465 prophetam
1771 4398 1951 4466 appel-

421 4488 558 4540 lasti.
590 4488 791 4550 Mulier,
819 4486 974 4541 crede
1011 4486 1156 4547 mihi,
1185 4485 1306 4553 quia
1340 4484 1438 4537 nisi
1460 4485 1811 4549 credideritis,
1852 4503 1954 4541 non

422 4576 764 4643 intelligetis:
823 4576 959 4642 Ergo
1005 4574 1187 4629 mulier
1233 4573 1378 4628 crede
1436 4572 1580 4635 mihi,
1626 4575 1748 4641 quia
1796 4576 1953 4628 veniet

421 4670 571 4739 hora,
600 4666 802 4735 quando
837 4683 994 4735 neque
1029 4668 1084 4720 in
1116 4677 1283 4720 monte
1308 4667 1425 4728 hoc,
1454 4681 1611 4735 neque
1634 4666 1687 4717 in
1713 4662 1957 4720 Hieroso-

422 4758 572 4826 lymis
592 4754 871 4807 adorabitis
905 4753 1131 4843 Patrent.
1170 4756 1353 4825 (Vnus.
1376 4755 1469 4819 22,
1493 4754 1607 4823 25.)
1645 4753 1744 4809 Vos
1766 4756 1957 4810 adora-

422 4844 647 4915 tisquod
667 4842 886 4902 nescitis,
929 4856 1019 4894 nos
1065 4842 1339 4915 adoramus
1406 4843 1541 4911 quod
1582 4844 1790 4907 scimus,
1837 4847 1959 4911 quia

421 4912 563 4991 salus
592 4933 875 4989 ezluda'is
910 4940 1003 4985 est.
1046 4912 1146 4983 Sel!
1194 4932 1349 4983 veniet
1395 4932 1543 4995 hora,
1593 4931 1876 5003 [quandol]
1912 4942 1958 4986 et

423 5039 557 5075 nunc
596 5031 691 5083 est,
722 5020 867 5091 [quas
906 5033 1034 5088 ergo
1076 5016 1261 5086 horai]
1286 5017 1492 5086 quando
1521 5020 1621 5071 reri
1660 5018 1959 5072 adoratores

420 5112 709 5165 odorabunt
731 5112 938 5168 Patrem
966 5108 1219 5183 inspiritu
1240 5115 1287 5159 et
1308 5110 1552 5169 veritate;
1580 5121 1683 5161 non
1707 5107 1760 5163 in
1780 5116 1959 5161 monte

420 5202 543 5262 isto,
575 5213 685 5261 non,
710 5198 762 5252 in
793 5197 1010 5265 templo,
1043 5196 1135 5251 sed
1165 5196 1217 5250 in
1245 5196 1428 5263 spiritu
1458 5202 1513 5249 et
1538 5196 1779 5249 veritate.

494 5292 649 5344 Vens.
677 5288 766 5343 24.
793 5315 866 5326 -
894 5284 1119 5355 Spiritus
1136 5295 1212 5341 est
1237 5285 1394 5340 Deus.
1425 5283 1481 5339 Si
1507 5298 1791 5353 corporeus
1814 5294 1957 5341 esset

336 5434 339 5447 λ
421 5380 579 5441 Dens,
609 5374 887 5446 oportebat
916 5387 1039 5427 eum
1066 5371 1274 5449 adorari
1310 5374 1364 5428 in
1395 5382 1591 5437 monte,
1616 5375 1739 5441 quia
1764 5389 1954 5443 corpo-

494 5560 517 5587 ι
558 5548 613 5599 S.
642 5547 772 5616 Aug.
804 5546 928 5601 Loc.
958 5553 1047 5601 cst.
1072 5561 1215 5600 num.
1244 5546 1334 5609 25,
1358 5545 1444 5598 25.

2060 3161 2239 3219 posset
2264 3152 2476 3217 docere,
2502 3154 2597 3209 Sed
2624 3152 2739 3221 jam
2778 3154 3055 3209 docentem
3098 3157 3330 3211 nondum
3357 3174 3611 3227 agnosce-

2058 3242 2168 3295 bat.
2194 3240 2309 3295 Jam
2338 3257 2467 3311 ergo
2494 3243 2649 3312 digna
2685 3252 2825 3307 erat,
2861 3245 2948 3299 cui
2988 3244 3432 3301 manifestaretur.
3476 3248 3614 3304 Mes-

2059 3332 2167 3383 sias
2198 3341 2376 3384 autem
2402 3341 2594 3385 unctus
2617 3339 2699 3387 est
2726 3349 2738 3383 :
2768 3341 2959 3387 unctus
2986 3334 3128 3410 enim
3155 3334 3340 3390 Gmce
3372 3338 3617 3392 Christus

2057 3425 2155 3477 est,
2193 3418 2450 3471 Hebraice
2474 3419 2709 3483 Messias.
2754 3420 2892 3489 Ergo
2917 3422 3045 3483 dicit
3070 3423 3119 3476 ei
3151 3424 3377 3478 mulier:
3425 3427 3609 3495 (Vsus.

2056 3505 2145 3571 25)
2191 3503 2308 3557 Scio
2351 3505 2472 3572 quia
2520 3504 2961 3569 Hessias‘reniet,
3004 3509 3091 3575 qui
3136 3509 3317 3563 dicitur
3353 3511 3610 3570 Christus.

2057 3594 2187 3647 Cum
2211 3610 2330 3662 ergo
2356 3596 2561 3657 venerit,
2592 3594 2679 3647 ille
2705 3594 2849 3648 nobis
2880 3598 3203 3650 annuntiabit
3236 3602 3428 3653 omnia.

2126 3684 2283 3735 Vens.
2322 3684 2409 3735 26.
2450 3713 2502 3721 η·
2542 3683 2681 3737 Dicit
2708 3687 2755 3738 ei
2783 3686 2933 3739 Iesus
2960 3702 2977 3739 :
3007 3686 3117 3756 Ego
3135 3704 3267 3748 sum,
3298 3692 3387 3757 qui
3428 3691 3613 3761 loquor

2058 3784 2240 3827 tecum.
2271 3775 2491 3829 Vocavit
2548 3777 2721 3829 virum
2775 3774 2950 3840 suum.
3001 3777 3171 3832 factus
3207 3788 3290 3833 est
3323 3782 3406 3833 vir
3450 3793 3611 3850 caput

2057 3865 2316 3928 mulieris,
2344 3865 2512 3920 factus
2545 3874 2627 3921 est
2667 3866 2911 3921 Christus
2941 3877 3097 3937 caput
3119 3868 3241 3921 viri.
3276 3868 3391 3930 lam
3418 3872 3608 3925 mulier

2058 3956 2335 4010 ordinatur
2359 3957 2412 4009 in
2444 3957 2561 4018 tiae,
2610 3965 2663 4011 et
2694 3959 2895 4026 regitur
2932 3960 3067 4013 bene
3094 3960 3297 4013 victura
3343 3959 3473 4030 [Al.,
3517 3963 3613 4016 du-

2059 4045 2253 4116 ctura].
2285 4047 2632 4115 Posteaquam
2658 4050 2861 4102 audivit
2898 4052 3019 4114 hoc,
3074 4052 3185 4122 Ego
3224 4070 3368 4114 sum.
3416 4057 3503 4124 qui
3541 4056 3612 4108 lo.

2057 4146 2390 4203 quortecum,
2409 4134 2519 4201 jam
2548 4137 2685 4189 ultra
2713 4138 2837 4205 quid
2865 4140 3095 4205 diceret,
3126 4144 3340 4211 quando
3366 4143 3612 4199 Christus

2060 4224 2311 4275 Dominus
2335 4224 2674 4277 manifestare
2719 4240 2777 4277 se
2802 4226 2969 4279 voluit
3004 4229 3235 4294 mulieri,
3262 4232 3349 4285 cui
3379 4232 3607 4297 dixerat,

2059 4311 2207 4363 crede
2232 4311 2604 4379 mihi?(V£ns.
2644 4312 2758 4381 27.)
2785 4312 2850 4364 Et
2886 4316 3128 4369 continuo
3170 4331 3410 4372 venerunt
3453 4322 3610 4377 disci-

2059 4398 2167 4466 puli
2192 4398 2323 4465 ejus,
2351 4408 2397 4452 et
2426 4398 2764 4461 mirabantur,
2778 4399 2899 4467 quia
2920 4417 3034 4453 cum
3056 4402 3266 4455 muliere
3285 4404 3603 4472 loquebatur.

2061 4484 2192 4550 Quia
2220 4487 2488 4553 qu:erebat
2523 4486 2802 4554 perditam,
2830 4489 2919 4555 qui
2952 4499 3166 4543 venerat
3199 4507 3436 4559 qumrere
3464 4497 3605 4561 quod

2044 4574 2307 4643 perierat,
2328 4575 2435 4632 hoc
2465 4575 2536 4627 illi
2566 4576 2910 4631 mirabantur.
2940 4578 3141 4632 Bonum
3164 4582 3304 4633 enim
3333 4584 3603 4638 miraban-

2060 4670 2162 4726 tur,
2214 4678 2318 4715 non
2367 4664 2565 4716 malum
2608 4660 3032 4731 suspicabantur.
3064 4667 3245 4735 (Vens.
3276 4669 3390 4739 28.)
3438 4672 3604 4727 Nemo

2059 4762 2227 4804 tamen
2242 4752 2391 4817 dixit,
2414 4754 2536 4823 quid
2556 4754 2783 4823 quieris?
2816 4764 2906 4807 aut
2940 4756 3065 4824 quid
3106 4756 3326 4827 loqueris
3357 4778 3470 4815 cum
3506 4766 3608 4817 ea!

2064 4843 2284 4914 Reliquit
2298 4862 2416 4915 ergo
2427 4848 2458 4899 lt
2463 4848 2529 4915 yd
2536 4849 2663 4899 riam
2673 4864 2818 4901 suam
2836 4849 3037 4914 mulier,
3050 4861 3099 4903 et
3113 4852 3236 4905 abiit
3250 4853 3318 4906 ad
3328 4854 3600 4908 civitatem.

2057 4931 2249 4985 Audito
2275 4931 2384 5001 Ego
2409 4951 2542 4996 sum,
2561 4938 2649 5004 qui
2671 4936 2851 5004 loquor
2879 4947 3065 5001 tecum,
3087 4949 3139 4991 et
3170 4948 3379 5007 recepto
3405 4940 3457 4992 in
3486 4955 3602 4994 oor-

2059 5020 2123 5073 de
2147 5019 2359 5076 Christo
2389 5022 2631 5086 Domino,
2662 5025 2788 5089 quid
2824 5024 3023 5078 faceret
3060 5025 3163 5080 nisi
3200 5024 3312 5093 jam
3358 5026 3601 5095 hydriam

2058 5110 2367 5173 dimitteret,
2396 5120 2447 5166 et
2484 5111 2847 5179 evangelizare
2889 5116 3161 5167 curreret?
3191 5114 3419 5182 Proiecit
3456 5116 3603 5185 cupi-

2056 5197 2299 5263 ditatem,
2328 5207 2381 5252 et
2409 5200 3043 5268 properavitannuntiare
3065 5203 3356 5257 veritatem.
3388 5203 3603 5257 Discant

2055 5287 2145 5353 qui
2176 5289 2354 5341 volunt
2381 5287 2777 5369 .evangelizare,
2818 5290 3100 5359 projiciant
3136 5293 3374 5362 bydriam
3407 5293 3473 5345 ad
3498 5308 3597 5361 pu-

2056 5383 2217 5429 teum.
2250 5376 2619 5429 Recordamini
2642 5378 2768 5445 quid
2796 5381 3039 5449 superius
3062 5380 3287 5434 dixerim
3313 5381 3595 5451 dehydria.

2124 5550 2149 5588 ι’
2189 5548 2315 5601 Ibid.
2348 5564 2491 5601 num.
2524 5548 2610 5611 26,
2651 5548 2736 5610 27,
2765 5550 2855 5614 28,
2880 5550 2968 5614 29,
2993 5550 3079 5613 50,
3101 5552 3189 5616 5|,
3214 5550 3302 5635 32,
3332 5552 3420 5607 35.
