4152 6188
618 378 721 433 799

1468 370 1524 423 Β.
1566 370 1625 422 F.
1667 366 1885 421 ALBINI
1925 365 2052 420 εει)
2094 359 2363 415 ALCLINI
2403 356 2681 415 OPERUM
2720 354 2896 412 PARS
2933 356 2989 410 ll.

3714 356 3815 408 800

616 482 815 550 llydria
841 496 933 533 vas
957 478 1093 541 erat,
1130 479 1268 530 unde
1301 492 1434 544 aqua
1465 476 1831 535 hauriebatur;
1862 452 2048 526 Grieeo
2077 447 2169 524 uo-
2203 472 2243 525 Α
2270 468 2498 531 Christi;
2538 477 2593 521 et
2616 468 2734 521 ideo
2780 466 3148 520 seminatorcs.
3184 464 3387 535 Moyses
3413 474 3465 519 et
3503 467 3678 519 ceteri
3722 483 3817 535 pa-

618 575 759 628 miae
785 572 1080 641 appellatur
1101 569 1306 637 hydria,
1337 568 1584 633 quoniam
1612 564 1813 627 Gnece,
1844 580 1999 631 aqua.
2034 562 2169 635 ὕδωρ

616 662 832 721 dicitur,
881 669 1132 725 tanquam
1190 656 1232 707 si
1277 655 1551 721 aquarimu
1606 655 1892 706 diceretur.
1946 650 2174 713 Proiecit

616 764 743 813 ergo
788 747 1046 816 hydriam,
1080 758 1199 809 quae
1247 758 1349 793 non
1390 742 1501 809 jam
1546 741 1681 792 usui.
1716 743 1807 791 sed
1856 739 2005 791 oneri
2054 737 2171 797 fuit,

617 837 771 889 avida
804 834 997 903 quippe
1026 828 1361 883 desiderabat
1401 844 1533 895 aqua
1560 828 1661 907 ψῃ
1708 826 1911 878 satiari.
1947 825 2014 878 [ι
2043 841 2174 877 ιιιιη-

617 927 776 977 tiarct
803 922 1094 978 Christum,
1125 932 1288 970 onere
1337 915 1546 981 :Iiijt‘t'ltl
1590 914 1829 966 cucurrit
1881 912 1943 965 al
1989 912 2177 964 civita-

619 1026 748 1073 tem,
791 1021 844 1065 et
872 1010 1002 1063 dicit
1033 1008 1134 1060 illis
1164 1006 1464 1059 hominibus
1494 1023 1506 1055 :
1540 1005 1722 1071 (Vnus.
1765 1003 1855 1067 ‘19)
1898 1001 2093 1061 Venite,
2129 1014 2175 1053 et

615 1104 779 1156 ridete
833 1100 1110 1157 hominem,
1160 1097 1249 1165 qui
1288 1096 1417 1146 dixit
1465 1094 1588 1144 mihi
1643 1094 1811 1145 onmiu
1862 1106 2179 1159 qua-cunque

618 1191 734 1257 feci.
763 1186 994 1252 Projecit
1036 1185 1306 1252 hydriam,
1335 1190 1388 1245 et
1415 1182 1568 1242 abiit,
1610 1190 1665 1232 et
1689 1178 1953 1256 tutntiavit
1976 1178 2177 1229 civitati
2216 1245 2220 1250 ἡ

615 1276 962 1347 pedetentim,
992 1290 1059 1326 nc
1088 1272 1161 1326 illi
1206 1272 1357 1338 quasi
1382 1268 1492 1335 jam
1526 1270 1903 1327 irascerentur,
1947 1276 2002 1319 et
2047 1266 2181 1318 indi-

613 1377 926 1439 gnarentur,
972 1375 1026 1419 et
1052 1372 1518 1433 persequerentur.
1553 1362 1640 1413 Ait
1678 1361 1818 1413 enim
1861 1375 1879 1410 :
1918 1357 2090 1410 Venite
2132 1365 2180 1408 et

612 1459 776 1511 videte
821 1456 1098 1516 hominem,
1158 1453 1246 1522 qui
1295 1453 1424 1504 dixit
1478 1451 1601 1503 mihi
1651 1450 1823 1501 omnia
1868 1462 2180 1517 qutccunque

544 1598 545 1601 η
617 1545 717 1614 [cci
743 1563 761 1598 :
788 1542 1020 1612 nunquid
1049 1544 1156 1611 ipse
1188 1551 1261 1595 est
1292 1540 1572 1593 Christus?
1894 1551 1898 1554 ‘

688 1637 845 1688 Vens.
872 1632 962 1694 ὅθ,
1003 1634 1091 1687 55.
1120 1663 1187 1671 -
1216 1632 1469 1685 Exierunt
1494 1631 1557 1683 de
1584 1632 1805 1691 civitate,
1844 1639 1889 1682 et
1920 1629 2184 1681 veniebant

614 1724 683 1774 ad
710 1738 848 1783 eum,
878 1731 925 1773 et
962 1720 1210 1789 rogabant
1254 1734 1370 1771 eum
1397 1718 1639 1787 discipuli
1682 1717 1945 1770 dicentes:
1995 1716 2182 1779 Rabbi,

2276 559 2544 621 triarchas,
2566 566 2623 611 εῑ
2639 570 2826 611 omnes
2861 555 3153 625 prephettr,
3179 562 3376 621 quanta
3403 554 3731 623 pertulerunt
3767 555 3821 609 in

2275 646 2364 698 illo
2403 645 2597 714 frigore
2625 642 2836 712 quando
2864 641 3228 696 seminabant?
3253 640 3393 710 Ergo
3418 642 3527 710 jam
3554 640 3606 695 in
3647 638 3826 696 ludas

2276 732 2463 785 messis
2490 738 2670 800 parata
2704 737 2837 783 erat.
2883 727 3071 783 Merito
3098 728 3171 782 ibi
3206 737 3461 796 tanquam
3510 738 3716 782 matura
3742 744 3825 783 se-

2276 834 2366 887 ges
2395 817 2513 878 fuit,
2549 816 2761 884 quando
2805 824 2883 869 tot
2923 814 3087 869 millia
3129 814 3402 869 hominum
3449 816 3620 883 pretia
3648 829 3829 869 rerum

2274 920 2492 959 suarum
2517 904 2833 968 afferebant;
2872 912 2927 959 et
2952 903 3019 957 ad
3053 903 3214 973 pedes
3249 902 3829 973 apostolorumponen—

2280 1002 2376 1053 tes,
2404 992 2666 1059 expeditis
2695 990 2933 1044 humeris
2959 1004 2989 1042 a
3024 990 3250 1043 sarcinis
3278 989 3641 1051 saecularibus,
3674 988 3828 1043 Chri-

2277 1088 2419 1133 stum
2469 1079 2749 1131 Dominum
2800 1076 3160 1144 sequebantur
3209 1075 3347 1147 (Act.
3401 1090 3474 1139 tv,
3528 1075 3641 1144 35).
3696 1076 3830 1129 Vere

2279 1174 2486 1219 matura
2508 1164 2722 1219 messis!
2748 1161 2883 1228 Quid
2900 1163 3022 1217 inde
3044 1162 3240 1217 factum
3266 1162 3387 1217 est?
3415 1163 3489 1216 De
3516 1162 3631 1232 ipsa
3659 1176 3831 1216 messe

2278 1254 2446 1322 ejecta
2485 1262 2611 1309 sunt
2660 1268 2828 1323 pauca
2865 1266 3059 1323 “grana,
3106 1259 3161 1305 et
3204 1250 3604 1305 seminaverunt
3647 1250 3831 1304 orbem

2280 1314 2569 1407 terrarum,
2597 1314 2987 1412 et-surgit‘alia
3019 1314 3207 1395 messis
3249 1356 3369 1409 quae
3402 1342 3455 1395 in
3504 1339 3611 1394 fine
3654 1338 3825 1394 seculi

2279 1434 2523 1488 metenda
2552 1442 2655 1486 cst.
2704 1432 2779 1485 De
2814 1431 2925 1499 ipsa
2978 1428 3158 1500 [Aug.,
3207 1428 3332 1500 ista]
3385 1443 3559 1483 messe
3598 1428 3857 1495 dicitur;

2282 1525 2386 1588 Qui
2410 1524 2663 1577 seminant
2710 1523 2765 1575 in
2808 1521 3070 1588 lacrymis,
3118 1520 3171 1579 in
3219 1518 3410 1587 gaudio
3448 1526 3634 1571 metent
3660 1514 3829 1584 (Psal.

2279 1627 2440 1671 cxxv,
2470 1611 2547 1679 5).
2576 1611 2656 1665 Ad
2685 1611 2843 1663 istam
2882 1621 3009 1677 ergo
3048 1620 3274 1660 messem
3318 1620 3422 1659 non
3469 1602 3711 1673 apostoli,
3740 1602 3835 1658 sed

2282 1701 2452 1771 angeli
2485 1701 2769 1753 mittuntur
2804 1696 2956 1768 [Ms.,
2985 1692 3305 1765 mittentur].
3335 1688 3610 1755 Messores,
3642 1691 3833 1771 inquit.

616 1811 892 1863 nianduca.
941 1806 1118 1862 lerant
1171 1808 1313 1860 enim
1354 1822 1535 1861 emere
1592 1807 1762 1868 cibos,
1806 1815 1862 1859 et
1904 1813 2179 1859 venerant.

2285 1790 2453 1859 angeli
2486 1800 2604 1843 sunt
2646 1786 2857 1858 (Matth.
2893 1802 3019 1849 xm,
3046 1786 3160 1856 59).
3198 1784 3301 1838 lsta
3347 1798 3475 1853 ergo
3502 1782 3690 1837 messis
3720 1796 3836 1836 cre-

618 1899 718 1953 Ille
746 1892 915 1951 autem
935 1898 1067 1951 dixit
1088 1914 1106 1950 :
1139 1889 1250 1965 Ego
1280 1897 1448 1949 cibum
1476 1895 1637 1947 habeo
1674 1894 2011 1958 manducare,
2032 1910 2183 1963 quem

614 2004 701 2041 ros
726 1988 951 2048 nescitis.
981 1987 1229 2039 Dicebant
1255 2002 1372 2054 ergo
1403 1982 1643 2053 discipuli
1664 1983 1731 2034 ad
1753 1984 2000 2035 invicem:
2032 1981 2184 2035 Nun-

615 2078 740 2148 quid
766 2078 955 2145 aliquis
994 2075 1167 2139 attulit
1197 2074 1243 2127 ei
1295 2073 1648 2127 manducare?
1699 2072 1835 2138 Quid
1888 2073 2084 2126 mirum
2139 2072 2182 2124 si

618 2167 809 2221 mulier
835 2165 921 2219 illa
954 2180 1057 2217 non
1086 2163 1343 2231 intelligat
1367 2162 1597 2231 aquam?
1620 2161 1755 2215 Ecce
1784 2160 2027 2229 discipuli
2056 2175 2185 2212 non-

617 2258 741 2310 dum
769 2256 1065 2325 intelligunt
1104 2268 1302 2307 escam.
1354 2253 1571 2305 Audivit
1610 2261 1789 2304 autem
1838 2250 2187 2319 cogitationes

620 2348 850 2409 illorum,
880 2357 932 2399 et
952 2346 1061 2410 jam
1092 2345 1323 2405 instruit,
1350 2352 1407 2395 ut
1436 2343 1712 2410 magister,
1740 2358 1841 2394 non
1872 2356 1968 2409 per
1994 2341 2188 2393 circui-

624 2448 758 2501 tum,
805 2439 941 2490 sicut
986 2437 1070 2488 illa
1100 2429 1469 2500 cujusadht'te
1496 2434 1669 2484 virum
1720 2431 2048 2498 requirebat,
2095 2428 2187 2483 sed

617 2528 728 2598 jam
777 2536 961 2595 aperte.
1004 2525 1133 2577 dicit
1169 2525 1247 2576 eis
1282 2522 1436 2576 Jesus
1469 2541 1479 2575 :
1514 2523 1696 2591 (\‘ras.
1734 2522 1846 2589 54.)
1892 2520 2059 2582 Heus,
2102 2521 2185 2572 in-

619 2617 755 2684 quit,
800 2616 939 2667 cibus
969 2622 1063 2675 est,
1095 2620 1149 2677 ut
1192 2612 1381 2680 faciam
1438 2612 1748 2663 voluntatem
1794 2610 1929 2677 ejus,
1975 2608 2064 2675 qui
2110 2622 2189 2658 me

622 2706 777 2758 misit.
808 2706 947 2773 Ergo
976 2712 1030 2756 et
1055 2710 1211 2771 potus
1239 2701 1324 2754 ille
1351 2699 1519 2770 [.lls.,‘
1549 2698 1682 2769 ipse}
1726 2706 1845 2752 erat
1875 2698 1925 2749 in
1945 2696 2049 2749 'illa
2079 2710 2190 2747 tnu-

620 2793 775 2855 liere,
827 2800 887 2844 ut
940 2788 1143 2843 faceret
1191 2789 1517 2842 voluntatem
1567 2786 1680 2854 ejus
1713 2788 1802 2856 qui
1853 2801 1975 2839 eum
2023 2785 2185 2837 misit.

620 2881 745 2933 Ideo
766 2879 977 2932 dicebat
1010 2896 1021 2929 :
1048 2874 1205 2939 Sitio,
1224 2876 1292 2928 da
1320 2876 1443 2927 mihi
1467 2876 1633 2927 bibere
1661 2891 1678 2926 :
1708 2874 1932 2932 scilicet,
1953 2882 2009 2925 ut
2032 2872 2187 2925 tidem

624 2971 677 3022 iu
702 2982 765 3021 ea
792 2975 1128 3035 operaretur,
1170 2973 1227 3017 et
1274 2964 1429 3015 Iidem
1474 2962 1589 3029 ejus
1625 2963 1854 3024 biberet,
1888 2969 1942 3014 et
1980 2975 2099 3013 eam
2136 2958 2187 3010 in

622 3072 819 3126 corpus
844 3071 996 3109 suum
1028 3053 1298 3120 trajiceret
1330 3071 1342 3105 :
1370 3068 1564 3121 corpus
1585 3052 1727 3105 enim
1754 3054 1870 3122 ejus
1896 3061 1978 3104 est
2004 3050 2188 3103 Eccle-

2286 1879 2382 1932 scil
2422 1879 2558 1931 inter
2586 1877 2812 1939 zizania,
2851 1883 2906 1929 et
2945 1881 3219 1943 exspectat
3244 1874 3297 1926 in
3346 1873 3449 1926 fide
3474 1872 3709 1942 purgari.
3747 1871 3834 1924 Illa

2284 1980 2411 2035 ergo
2432 1965 2620 2019 messis
2652 1964 2760 2032 jam
2793 1972 3002 2017 matura
3031 1971 3167 2025 erat,
3210 1976 3314 2030 quo
3356 1960 3505 2030 prius
3540 1959 3686 2012 missi
3715 1966 3837 2011 sunt

2283 2052 2543 2122 discipuli,
2598 2052 2686 2104 ubi
2721 2050 2989 2117 prophetae
3048 2049 3444 2105 laboraverunt.
3484 2044 3589 2099 Sed
3640 2054 3835 2107 tamen,

2285 2140 2497 2199 fratres,
2528 2139 2703 2192 videte
2749 2137 2875 2205 quid
2909 2137 3107 2190 dictum
3150 2136 3254 2189 sit:
3307 2132 3475 2187 Simul
3524 2130 3745 2201 gaudeat
3791 2140 3837 2182 et

2284 2228 2371 2297 qui
2396 2228 2636 2289 seminat,
2674 2234 2720 2277 et
2751 2226 2837 2294 qui
2873 2223 3055 2276 metit?
3084 2222 3320 2291 Disparis
3346 2221 3601 2288 temporis
3634 2219 3839 2273 labores

2288 2317 2607 2379 habuerunt,
2648 2314 2740 2367 sed
2765 2313 2958 2381 gaudio
2998 2313 3200 2383 pariter
3244 2309 3607 2379 perfruentur,
3638 2323 3838 2363 mercc-

2286 2406 2405 2459 dem
2432 2402 2589 2455 simul
2620 2401 2889 2469 accepturi
2927 2410 3050 2453 sunt
3090 2400 3251 2453 vitam
3282 2408 3559 2452 mternam.

2359 2491 2516 2545 Vens.
2549 2487 2737 2543 59-42.
2784 2517 2849 2526 —
2889 2486 2971 2539 Ex
3000 2487 3199 2555 civitate
3224 2495 3396 2538 autem
3424 2478 3519 2537 illa
3545 2483 3694 2536 mults
3731 2500 3836 2537 cre-

2287 2582 2529 2633 diderunt
2557 2574 2611 2631 in
2636 2593 2775 2641 eum,
2810 2585 3013 2645 propter
3037 2590 3318 2628 sermonem
3342 2573 3453 2642 ejus
3472 2612 3486 2636 ,
3513 2589 3615 2626 non
3638 2584 3840 2643 propter

2290 2670 2495 2725 verbum
2525 2668 2757 2721 mulieris
2783 2665 3131 2719 testimonium
3167 2662 3475 2732 per/tibentis
3503 2677 3521 2712 :
3545 2660 3682 2726 Quia
3711 2662 3841 2714 dixit

2289 2762 2412 2814 mihi
2442 2759 2614 2812 omnia
2640 2772 2955 2827 quacunque
2977 2754 3093 2822 feci.
3131 2750 3262 2805 Cum
3298 2752 3546 2805 venissent
3580 2762 3750 2803 autem
3776 2751 3840 2802 ad

2288 2852 2435 2903 illum
2481 2848 2823 2909 Santaritani,
2855 2855 3158 2915 ragaverunt
3187 2853 3259 2896 .ut
3299 2843 3437 2911 apud
3462 2858 3547 2896 eos
3576 2852 3843 2905 maneret;

2288 2952 2334 2995 et
2376 2941 2564 2993 mansit
2605 2939 2673 2990 ibi
2703 2936 2832 2989 duos
2866 2936 2994 2998 dies,
3023 2945 3070 2988 et
3110 2924 3270 3009 multo
3304 2932 3476 3003 plures
3520 2932 3843 2986 crediderunt

2290 3040 2495 3101 propter
2521 3045 2777 3083 sermones
2804 3028 2951 3097 ejus;
2973 3036 3020 3081 et
3048 3027 3253 3081 mulieri
3280 3025 3546 3079 dicebant:
3572 3023 3710 3089 Quia
3728 3024 3845 3093 jam

625 3146 725 3199 sia.
762 3143 945 3214 (Vens.
973 3143 1085 3208 35.)
1119 3142 1277 3209 Ergo,
1316 3142 1505 3207 inquit,
1534 3144 1637 3209 ipsc
1659 3151 1731 3191 est
1769 3140 1911 3192 cibus
1944 3154 2108 3200 meus,
2134 3147 2185 3189 ut

2294 3136 2395 3172 non
2430 3128 2635 3188 propter
2661 3128 2806 3170 tuam
2833 3118 3086 3185 loquelam
3114 3115 3389 3179 credimus,
3414 3115 3512 3185 ipsi
3536 3115 3671 3197 enim
3696 3113 3847 3165 audi-

628 3232 820 3299 faciam
849 3230 1157 3283 voluntatem
1185 3230 1296 3296 ejus
1339 3229 1427 3297 qui
1468 3245 1544 3280 me
1572 3228 1729 3280 misit.
1774 3228 1961 3280 Nonne
1983 3244 2066 3280 vos
2110 3228 2192 3279 di-

624 3322 763 3380 citis,
802 3318 939 3388 quod
970 3318 1139 3369 adhuc
1164 3318 1388 3387 quatuor
1412 3334 1618 3371 menses
1647 3328 1787 3381 sunt,
1815 3329 1861 3369 et
1888 3318 2064 3370 messis
2088 3316 2191 3387 [ve-

629 3407 772 3478 nit]?
815 3407 869 3460 lu
897 3420 1030 3474 Opus
1075 3405 1333 3470 fervebat,
1377 3415 1431 3458 ot
1459 3392 1980 3472 Operariosmittcre
2014 3406 2192 3474 dispo-

628 3497 808 3550 nebat.
843 3484 951 3548 Vos
978 3503 1207 3562 quatuor
1246 3509 1455 3546 menses
1494 3495 1812 3561 computatis
1849 3494 1913 3546 ad
1943 3509 2210 3557 messem;

626 3600 726 3654 ego
751 3585 901 3637 vobis
924 3583 1083 3636 aliam
1118 3598 1344 3636 messem
1376 3584 1550 3652 albam
1589 3591 1643 3634 et
1672 3592 1913 3650 paratam
1940 3584 2185 3636 ostendo.

633 3676 764 3727 Ecce
784 3675 901 3727 dico
942 3674 1100 3735 vobis,
1130 3671 1290 3724 levate
1322 3672 1496 3723 oculos
1544 3681 1755 3735 vestros,
1784 3681 1830 3723 et
1863 3672 2025 3724 videte
2071 3672 2194 3740 quia

623 3764 738 3833 jam
781 3762 913 3814 albte
957 3770 1073 3813 sunt
1104 3762 1333 3829 regiones
1362 3750 1445 3811 ad.
1474 3777 1703 3813 messem.
1756 3761 1896 3831 Ergo
1930 3776 2195 3816 messores

631 3854 889 3907 missurus
927 3860 1009 3904 est
1042 3849 1189 3920 [Msa
1227 3848 1401 3917 sum]?
1452 3848 1515 3901 In
1556 3850 1649 3903 hoc
1692 3852 1825 3903 enim
1860 3860 1933 3902 est
1987 3851 2194 3903 verbum

629 3960 827 4003 verunt,
851 3943 972 4010 quia
999 3940 1136 3992 alius
1162 3948 1236 3991 est
1276 3940 1362 4007 qui
1402 3941 1562 3999 metit,
1584 3949 1631 3990 et
1674 3940 1809 3990 alius
1838 3940 1925 4007 qui
1952 3940 2192 4003 seminat,

634 4043 758 4086 utet
785 4033 873 4101 qui
892 4031 1131 4088 seminat,
1162 4028 1317 4080 simul
1340 4026 1558 4096 gaudeat
1587 4036 1633 4079 et
1661 4028 1747 4095 qui
1786 4028 1948 4079 metit.

704 4120 863 4174 Vsus.
881 4121 968 4173 58.
983 4143 1053 4157 --
1065 4116 1173 4186 Ego
1196 4118 1312 4179 misi
1326 4132 1408 4169 vos
1428 4126 1612 4170 metere
1629 4116 1763 4185 quod
1778 4132 1862 4168 vos
1880 4132 1979 4167 non
1992 4116 2197 4168 labora-

632 4212 747 4265 stis.
786 4211 889 4261 Alii
914 4209 1295 4268 laboraverunt,
1322 4216 1367 4257 et
1389 4222 1473 4257 vos
1489 4207 1542 4256 in
1569 4221 1745 4256 eorum
1766 4204 1991 4256 laborem
2014 4206 2197 4257 introi-

633 4301 744 4353 stis.
773 4296 908 4363 Quid
937 4294 1541 4364 ergoHIessoresmisit,
1564 4288 1665 4345 non
1682 4288 2049 4346 seminatores.
2082 4292 2197 4357 Quo

636 4385 937 4441 messores?
961 4385 1049 4438 ubi
1071 4378 1181 4450 jam
1204 4382 1292 4436 alii
1308 4383 1700 4436 laboraverunt.
1736 4380 1867 4433 Nam
1884 4382 1971 4435 ubi
1997 4380 2104 4447 iam
2122 4380 2203 4434 la-‘

639 4479 650 4526 l
673 4483 879 4526 oratum
893 4480 1030 4530 erat.
1045 4472 1228 4538 utique
1250 4472 1565 4523 seminatum
1582 4479 1728 4531 erat;
1750 4478 1803 4522 et
1815 4469 1953 4537 quod
1966 4470 2196 4523 semina-

638 4576 748 4617 tum
763 4560 1029 4627 erat,jam
1047 4567 1312 4613 maturum
1330 4556 1547 4619 factum,
1571 4556 1757 4610 falcem
1774 4567 1823 4610 ct
1843 4558 2088 4609 trituram
2106 4559 2196 4611 de-

641 4651 932 4705 siderabat.
952 4650 1069 4719 Quo
1085 4661 1214 4717 ergo
1238 4655 1389 4700 erant
1405 4660 1668 4699 messores
1680 4646 1957 4699 mittendi?
1978 4645 2064 4697 ubi
2084 4644 2196 4711 jam

638 4740 910 4809 prophehe
925 4738 1346 4805 praedicaverunt
1365 4753 1378 4787 :
1405 4735 1503 4804 ipsi
1518 4734 1659 4787 enim
1676 4734 2041 4787 seminatorcs.
2060 4733 2190 4786 Nam

640 4827 684 4878 si
708 4826 809 4894 ipsi
831 4838 936 4877 non
964 4823 1334 4883 seminatores,
1366 4823 1456 4875 sed
1494 4836 1756 4875 messores
1768 4831 1943 4883 erant,
1963 4822 2099 4875 unde
2127 4818 2209 4873 ad

626 4918 783 4970 illam
813 4914 1089 4967 mulierem
1114 4920 1447 4981 pervenerat,
1481 4925 1597 4977 qua:
1622 4912 1697 4963 ait
1720 4929 1732 4962 :
1770 4910 1889 4965 Scio
1912 4912 2033 4980 quia
2056 4909 2191 4962 Mes-

642 5010 747 5060 sius
786 5004 959 5059 venit?
983 5002 1101 5057 Jam
1144 5004 1244 5054 ista
1272 5000 1459 5054 mulier
1486 4999 1690 5051 lructus
1715 5008 1957 5052 maturus
1978 5007 2113 5063 erat,
2140 5007 2196 5051 et

641 5102 797 5147 erant
824 5092 954 5145 alba:
983 5105 1205 5149 messes,
1233 5096 1286 5141 et
1312 5086 1498 5140 falcem
1540 5086 1866 5155 quaerebant.
1911 5083 2034 5137 Misi
2069 5098 2191 5139 vos:

642 5184 780 5251 quo?
811 5180 998 5235 Metere
1039 5180 1174 5253 quod
1199 5195 1301 5231 non
1322 5179 1611 5231 seminastis
1637 5190 1654 5226 .'
1682 5176 1773 5228 alii
1797 5176 2192 5239 seminaverunt,

646 5285 796 5325 ctvos
821 5271 871 5322 in
904 5286 1079 5323 eorum
1108 5270 1306 5322 labores
1344 5269 1611 5321 introistis.
1651 5267 1749 5332 Qui
1790 5264 2197 5319 laboraverunt?

650 5362 760 5428 ipse
798 5356 1085 5419 Abraham,
1112 5359 1267 5428 505
1298 5359 1463 5419 Isaac,
1485 5368 1539 5409 et
1564 5357 1745 5427 Jacob.
1768 5358 1953 5427 Legite
1991 5356 2198 5411 labores

652 5451 856 5502 illorum
889 5467 899 5501 :
934 5451 993 5503 in.
1023 5450 1270 5503 omnibus
1293 5439 1475 5501 eorum
1505 5447 1771 5501 laboribus
1798 5457 1879 5503 est
1918 5449 2191 5517 prophetia

725 5630 744 5653 ³
776 5617 1052 5686 llucusque
1088 5637 1147 5674 ex
1180 5629 1363 5674 sancto
1400 5618 1705 5688 Augustino.

2290 3211 2452 3263 vimus
2490 3217 2535 3260 et
2570 3208 2759 3260 scimus
2783 3207 2907 3275 quia
2933 3206 3014 3258 hic
3040 3214 3112 3258 est
3142 3221 3255 3259 vere
3280 3202 3520 3258 Salvator
3551 3196 3750 3255 mundi.
3781 3200 3848 3254 Et

2290 3298 2390 3349 hoc
2416 3285 2685 3364 paululum
2714 3292 3237 3348 animadvertendum
3263 3302 3366 3355 est,
3403 3293 3527 3361 quia
3554 3291 3709 3345 lectio
3736 3305 3846 3344 ter-

2292 3384 2491 3435 minata
2520 3390 2621 3435 est.
2653 3382 2840 3435 Mulier
2888 3382 3056 3450 prima
3095 3382 3375 3443 nuntiavit,
3422 3388 3476 3435 et
3504 3378 3569 3433 ad
3610 3379 3848 3434 mulieris

2294 3470 2655 3545 testimonium
2682 3468 3022 3523 crediderunt
3066 3468 3404 3534 Samaritani,
3450 3478 3506 3522 et
3532 3477 3847 3537 rogaverunt

2292 3575 2413 3629 cum
2442 3568 2499 3611 ut
2528 3559 2665 3627 apud
2695 3573 2789 3611 eos
2814 3566 3052 3611 maneret
3076 3575 3091 3621 ;
3131 3566 3184 3613 et
3229 3558 3423 3611 mansit
3469 3557 3541 3612 ibi
3569 3557 3731 3612 biduo
3750 3597 3765 3621 ,
3793 3566 3847 3608 et

2295 3649 2472 3717 plures
2515 3647 2870 3701 crediderunt.
2916 3647 2981 3700 Et
3020 3662 3140 3700 cum
3185 3646 3551 3707 credidissent,
3598 3646 3847 3699 dicebant

2295 3739 2536 3792 mulieri:
2566 3736 2685 3790 Non
2703 3738 2815 3806 jam
2837 3745 3043 3805 propter
3064 3736 3270 3789 verbum
3289 3744 3436 3788 tuum
3462 3734 3846 3799 crediinus,,sed

2293 3827 2390 3894 ipsi
2425 3826 2749 3893 cognovimus
2778 3833 2825 3877 et
2850 3825 3040 3875 scimus
3082 3822 3205 3891 quia
3232 3822 3315 3875 hic
3343 3832 3416 3875 est
3457 3838 3569 3876 vere
3609 3821 3847 3877 Salvator

2295 3913 2492 3965 mundi.
2532 3911 2708 3966 Primo
2745 3926 2841 3979 per
2874 3910 3099 3975 famam,
3146 3919 3327 3978 postea
3368 3925 3465 3980 per
3488 3913 3843 3981 praesentiam.

2298 4002 2387 4055 Sic
2416 4002 2589 4071 agitur
2620 4002 2776 4055 hodie
2802 4016 2923 4053 cum
2958 4002 3036 4055 eis
3066 4002 3155 4069 qui
3184 4000 3314 4054 foris
3340 4010 3485 4063 sunt,
3526 4009 3582 4053 et
3615 4000 3843 4054 nondum

2295 4100 2419 4145 sunt
2457 4092 2765 4146 Christiani.
2810 4091 3053 4146 Christus
3088 4093 3361 4159 nuntiatur
3394 4106 3490 4160 per
3518 4090 3848 4147 Christianos

2296 4182 2535 4241 amicos;
2568 4189 2820 4248 tanquam
2850 4180 2936 4233 illa
2967 4180 3207 4240 muliere,
3235 4180 3336 4234 hoc
3362 4188 3462 4249 est,
3490 4181 3722 4236 Ecclesia
3752 4199 3843 4236 an-

2299 4271 2606 4335 nuntiaule,
2638 4270 2704 4322 ad
2734 4269 3001 4323 Christum
3030 4270 3269 4323 veniunt.
3305 4270 3539 4326 Credunt
3566 4287 3663 4340 per
3687 4272 3842 4327 istam

2300 4360 2491 4413 famam
2516 4378 2528 4424 ;
2560 4368 2740 4414 manet
2763 4360 2901 4429 apud
2926 4374 3018 4413 eos
3045 4358 3220 4425 biduo,
3250 4360 3350 4419 hoc
3375 4367 3478 4426 est,
3503 4362 3593 4416 dat
3617 4361 3720 4417 illis
3740 4364 3851 4417 duo

2296 4458 2555 4517 praecepta
2584 4449 2890 4512 charitatis;
2914 4456 2976 4501 et
2994 4448 3159 4502 multo
3184 4449 3364 4517 plures
3393 4450 3447 4502 in
3474 4450 3594 4503 eum
3621 4451 3839 4504 credunt

2295 4537 2519 4599 ﬁrmius,
2546 4537 2796 4605 quoniam
2830 4530 2952 4595 vere
2976 4537 3089 4605 ipse
3116 4546 3197 4590 est
3224 4536 3379 4604 [Ms.,
3409 4537 3570 4608 esset]
3602 4537 3843 4593 Salvator

2294 4624 2476 4677 mundi
2506 4637 2554 4676 ιι.
2582 4644 2597 4675 ι
3032 4640 3035 4643 ’
3640 4686 3641 4689 η

2367 4724 2522 4775 Vens.
2553 4721 2735 4775 43-44.
2761 4751 2831 4760 --
2860 4722 2985 4775 Post
3005 4723 3135 4776 duos
3159 4733 3327 4778 autem
3350 4727 3458 4781 dies
3477 4728 3600 4781 exiit
3629 4726 3765 4790 inde,
3790 4736 3839 4779 et

2293 4813 2415 4863 abiit
2439 4813 2489 4863 in
2511 4810 2800 4865 Caliltram.
2836 4811 2952 4882 Ipse
2973 4815 3108 4867 enim
3135 4814 3287 4869 Iesus
3313 4808 3656 4871 testimonium
3677 4818 3841 4887 perbi-

2294 4901 2397 4967 buit
2418 4917 2434 4953 :
2459 4901 2579 4970 quia
2606 4910 2849 4970 prapaeta
2884 4905 2938 4956 in
2965 4920 3061 4957 sua
3088 4907 3257 4973 patria
3282 4906 3525 4958 honorem
3543 4921 3646 4958 non
3668 4905 3835 4959 habet.

2294 4993 2630 5047 Conﬁrmatis
2656 5009 2782 5049 vero
2810 4996 2862 5049 in
2892 4996 2994 5050 ﬁde
3018 5004 3073 5051 et
3098 4996 3358 5051 charitate
3386 4994 3751 5059 Samaritanis,
3784 4995 3838 5049 id

2294 5090 2375 5135 est
2434 5081 2730 5146 Gentibus,
2786 5086 3071 5139 revertitur
3112 5084 3417 5139 novissimis
3458 5083 3645 5140 diebus
3682 5086 3840 5155 hujus

2296 5169 2472 5222 seculi
2514 5169 2567 5223 in
2608 5170 2855 5238 patriam,
2881 5172 2933 5224 in
2954 5185 3057 5239 qua
3088 5173 3311 5233 necdum
3349 5172 3603 5226 honorem
3633 5170 3835 5225 habuit.

2299 5258 2371 5311 De
2398 5272 2500 5325 qua
2526 5257 2637 5323 ipse
2666 5259 2724 5311 in
2760 5258 2861 5312 hoc
2904 5259 3020 5313 loco
3044 5266 3285 5324 testatur,
3318 5263 3441 5331 quia
3482 5259 3737 5330 propheta
3781 5275 3835 5315 Ill

2298 5360 2390 5397 sua
2421 5345 2588 5411 patria
2618 5342 2869 5398 honorem
2901 5360 3003 5400 non
3032 5347 3204 5400 habet.
3245 5348 3300 5403 ln
3330 5349 3499 5417 patria
3530 5361 3655 5401 vero
3675 5348 3838 5403 mira-

2297 5435 2410 5487 cula
2459 5434 2600 5498 fecit,
2635 5445 2681 5487 et
2713 5450 2813 5489 non
2857 5437 3189 5493 Crediderunt
3227 5441 3280 5493 in
3308 5454 3467 5502 eum;
3507 5438 3557 5492 in
3596 5438 3833 5495 Samaria
