4152 6204
660 334 765 389 803

1511 326 1571 380 Β.
1602 325 1672 380 Ιῖ.
1708 323 1933 392 ΑωιΝι,
1962 321 2088 376 SEU
2129 316 2396 373 ALCUINI
2430 318 2703 373 OPERUM
2742 316 2914 373 PARS
2950 316 3011 371 ll.

3728 314 3821 367 8M

663 435 951 510 portendit]
978 437 1031 491 in
1057 436 1391 490 multitudine
1439 434 1595 488 ﬁdem
1620 434 1884 495 Gentium,
1914 441 1966 485 et
1991 432 2043 484 in
2071 446 2197 500 pau-
2226 432 2269 486 Α
2300 443 2425 483 vero
2448 431 2597 499 signa
2646 432 2888 483 viderunt
2923 430 3091 497 ipsum
3144 426 3235 479 Del
3261 424 3423 477 ﬁlium
3453 420 3745 487 iacientem,
3773 430 3823 477 et

661 528 822 581 citate
861 525 1016 580 ﬁdem
1044 523 1363 578 Judaaorum.
1401 522 1596 576 Gentes
1638 537 1763 575 vero
1787 522 1899 575 solo
1926 536 2195 584 sermone.

661 614 715 667 id
749 622 849 677 est,
877 612 1246 683 praedicatione
1288 611 1573 680 apostolica
1623 610 1998 673 crediderunt;
2038 608 2203 663 Judaei

2114 728 3502 759 _______________________..__..._..

2302 530 2475 573 tamen
2501 518 2651 587 pauci
2674 516 3010 572 creditarum
3028 530 3093 568 ex
3122 514 3219 567 eis.

3510 727 3811 752 ἡ

1832 862 2128 938 LIBER
2198 858 2665 937 TERTIUS.

728 1055 1016 1111 Delectatio
1042 1054 1218 1131 [Bed.,
1244 1055 1489 1129 Dilectio]
1520 1056 1819 1111 divinorum
1849 1056 2200 1125 eloquiorum,

656 1152 709 1197 et
750 1144 971 1198 dulcedo
992 1143 1347 1213 intelligenda!
1389 1154 1588 1200 sanctae
1617 1145 1926 1215 Scriptum,
1954 1155 2007 1198 et
2033 1146 2204 1199 maxio

656 1248 742 1287 me
771 1234 994 1288 humilis
1020 1234 1335 1303 evangelicae
1376 1236 1634 1299 veritatis,
1684 1236 1736 1289 in
1778 1251 1883 1303 qua
1923 1236 2203 1290 verborum

657 1322 876 1375 honesta
920 1321 1233 1389 simplicitas
1260 1330 1405 1391 patet
1424 1331 1477 1376 et
1513 1338 1760 1377 sensuum
1788 1324 1893 1377 alta
1935 1322 2207 1393 profundi-

657 1418 739 1461 tas
766 1409 914 1471 latet,
938 1408 1218 1476 adiuvante
1256 1411 1370 1479 ipso
1394 1410 1614 1465 Domino
1658 1413 1749 1481 qui
1775 1414 1864 1466 dat
1889 1412 2203 1467 suavitatem

658 1505 717 1548 nt
746 1504 882 1549 terra
908 1505 1087 1551 nostra
1118 1498 1205 1551 det
1231 1497 1459 1553 fructum
1483 1514 1661 1562 suum,
1689 1507 1741 1553 et
1768 1515 1864 1553 nos
1890 1502 1954 1553 ad
1987 1500 2205 1567 loquen-

659 1584 783 1637 dum
820 1592 871 1637 et
912 1599 1007 1639 vos
1050 1586 1115 1639 ad
1163 1587 1478 1640 audiendum
1526 1588 1859 1641 exhortatur.
1897 1588 2069 1655 Atque
2096 1587 2203 1640 uti-

2299 1044 2471 1107 fertur
2493 1050 2771 1123 appellata,
2796 1051 2936 1121 quod
2963 1051 3014 1105 in
3036 1066 3105 1106 ea
3120 1050 3425 1107 sacerdotes
3441 1052 3641 1109 hostias
3669 1048 3835 1138 lavare

2258 1209 2269 1214 η
2301 1143 2691 1198 consueverint.
2735 1141 3011 1194 Multitudo
3031 1141 3398 1210 languentium,
3429 1160 3545 1211 quae
3572 1145 3625 1197 in
3646 1162 3833 1201 memo-

2302 1232 2431 1286 ratis
2460 1233 2751 1301 porticibus
2788 1230 3020 1299 iacebat,
3072 1246 3222 1299 aquae
3267 1218 3464 1286 motum
3514 1247 3836 1303 exspectans,

2304 1321 2567 1391 signiﬁcat
2617 1335 2801 1375 comm
2848 1328 3111 1382 catervas,
3158 1334 3281 1386 qua:
3320 1319 3507 1390 [Beda,
3554 1322 3668 1395 qui]
3716 1324 3840 1394 legis

2304 1410 2466 1463 verba
2492 1410 2786 1472 audientes,
2832 1408 2942 1471 suis
2986 1424 3044 1463 se
3080 1410 3217 1463 hanc
3253 1411 3453 1465 viribus
3497 1412 3714 1481 implere
3740 1431 3838 1469 non

2304 1515 2458 1571 posse
2484 1501 2750 1565 dolebant,
2780 1509 2939 1567 atque
2967 1500 3085 1554 ideo
3115 1498 3400 1555 Dominlcze
3440 1503 3695 1557 auxilium
3721 1518 3836 1574 gra-

2308 1587 2394 1642 tia:
2422 1589 2546 1642 totis
2571 1589 2761 1641 animae
2783 1588 3059 1643 aﬂectlbus
3092 1588 3459 1657 implorabant.
3500 1591 3637 1646 Circi
3674 1602 3837 1656 erant.

659 1687 780 1724 nam
815 1680 923 1725 tam
964 1672 1153 1726 eﬂlcax
1199 1673 1349 1727 nobis
1384 1682 1526 1727 esset
1552 1673 1795 1742 loquendi
1822 1651 2009 1727 sensus
2046 1688 2203 1742 quam
2237 1651 2281 1711 θ
2307 1675 2397 1743 qui
2425 1676 2647 1729 necdum
2678 1673 2967 1745 perfectum
3001 1676 3122 1732 ﬁdei
3151 1651 3326 1731 lumen
3347 1678 3650 1743 habebant;
3676 1651 3843 1734 claudi

659 1760 809 1813 vobis
841 1760 1075 1814 studiosa
1110 1758 1257 1830 μη,
1290 1759 1544 1832 studiose]
1576 1763 1824 1816 audiendi
1876 1762 1996 1816 data
2024 1773 2107 1816 est
2130 1762 2205 1816 di-

660 1847 872 1916 ligentia
898 1863 913 1913 ;
952 1849 1075 1902 dum
1105 1849 1257 1903 video
1284 1850 1397 1905 sine
1424 1847 1635 1904 fastidio
1657 1866 1750 1904 vos
1782 1852 1985 1913 audire,
2006 1860 2060 1905 et
2079 1867 2206 1920 gau-

659 1935 758 1987 deo
794 1934 968 2002 palato
996 1937 1175 1990 cordis
1199 1937 1384 1999 vestri,
1413 1953 1443 1989 a
1465 1952 1571 2006 quo
1617 1937 1668 1991 id
1703 1938 1842 2006 quod
1887 1938 2097 1991 salubre
2124 1946 2207 1992 est

662 2038 765 2075 non
791 2024 1077 2091 respuitur,
1108 2025 1199 2077 sed
1224 2039 1345 2077 cum
1374 2024 1624 2079 aviditate
1666 2025 1954 2093 percipitur
1986 2032 2038 2077 et
2064 2026 2206 2079 utili-

659 2122 742 2164 ter
783 2113 1103 2167 continetur.
1164 2114 1466 2182 Loquamur
1510 2130 1637 2183 ergo
1681 2116 1831 2169 vobis
1876 2124 1930 2169 et
1975 2132 2115 2169 nunc
2140 2116 2207 2171 de

663 2200 961 2268 evangelica
991 2200 1213 2256 lectione
1239 2203 1289 2255 iu
1325 2217 1428 2271 qua
1458 2202 1562 2256 duo
1601 2204 1801 2270 pariter
1829 2203 2079 2257 miracula
2110 2204 2207 2257 hu-

657 2300 834 2339 manae
858 2288 1104 2342 sanitatis
1150 2288 1416 2359 leguntur,
1443 2304 1605 2342 unum
1628 2290 1963 2343 invisibiliter
1990 2305 2087 2357 per
2114 2306 2208 2343 an-

664 2372 878 2441 gelicam
902 2374 1429 2435 administrationem.
1478 2375 1701 2429 alterum
1736 2391 1832 2445 per
1880 2376 2207 2432 Dominicam

665 2462 993 2528 praesentiam
1026 2462 1307 2517 visibiliter
1324 2463 1638 2517 exhibitum.
1680 2462 1784 2518 Sed
1808 2464 2086 2533 utriusque
2119 2481 2209 2520 tu»

659 2549 743 2605 bis
767 2559 890 2604 sunt
938 2552 1173 2606 breviter
1203 2553 1511 2621 exponenda
1560 2554 1832 2623 mysteria,
1872 2570 1938 2608 ne
1988 2555 2209 2622 prolixae

660 2639 900 2693 lectionis
932 2640 1139 2708 prolixa
1173 2656 1384 2709 quoque
1433 2640 1736 2709 explanatio
1777 2642 2029 2711 cuiquam
2071 2642 2208 2697 forte

668 2727 871 2795 gravior
902 2728 1115 2781 cxistat.

1232 2858 1451 2916 CAPUT
1504 2858 1592 2913 IX.

672 2963 939 3020 Hominem
972 2964 1183 3035 triginta
1213 2977 1323 3019 octo
1366 2983 1526 3021 annos
1567 2966 1831 3021 habentem
1857 2966 1911 3018 in
1938 2966 2208 3033 inﬁrmita-
2231 2961 2277 3023 C

734 3045 782 3089 te
806 3052 908 3104 sua
935 3034 1087 3088 Iesus
1130 3034 1343 3104 dicendo
1374 3053 1391 3088 :
1431 3035 1578 3088 Tolle
1610 3037 1889 3104 grabatum
1931 3044 2099 3104 tuum,
2147 3044 2203 3088 et

735 3101 1046 3172 ambula._in
1069 3102 1279 3155 sabbato
1306 3104 1523 3165 curavit,
1567 3101 1816 3172 mqualem
1847 3119 1920 3165 se,
1951 3103 2039 3171 qui
2068 3111 2201 3166 erat,

738 3172 932 3241 faciens
957 3170 1086 3225 Deo.

735 3279 915 3333 Cum
952 3288 985 3331 v
1068 3278 1218 3332 tiens.
1270 3278 1322 3342 l,
1370 3277 1426 3341 9,
1470 3278 1523 3342 5,
1576 3278 1628 3330 ι.
1664 3282 1735 3318 έ-ι
1770 3277 1892 3331 Post
1938 3279 2047 3330 Iure
2099 3288 2208 3330 erat

675 3368 775 3421 dies
804 3367 964 3435 festus
1006 3365 1330 3429 Judteorum,
1375 3376 1421 3419 et
1449 3367 1673 3420 ascendit
1728 3366 1882 3419 Jesus
1914 3365 2211 3436 Hierosoly-

674 3471 824 3507 mam.
851 3453 943 3506 Est
968 3462 1139 3506 autem
1166 3453 1535 3523 Hierosolymis
1559 3454 1831 3507 Probatica
1856 3456 2071 3524 piscina,
2096 3472 2210 3525 quae

670 3542 1057 3610 cognominatur
1098 3540 1346 3594 Hebraice
1380 3542 1677 3604 Bethsaida,
1727 3542 1949 3610 quinque
1987 3543 2213 3610 porticus

672 3632 705 3684 It
722 3631 874 3682 ibens.
915 3632 979 3682 In
1005 3629 1085 3681 his
1106 3628 1311 3696 iacebat
1333 3628 1604 3679 mult'dudo
1625 3644 1813 3695 magna
1839 3627 2211 3695 languentium,

672 3732 942 3777 eteorum,
966 3714 1293 3775 claudorum,
1321 3714 1604 3777 aridorum,
1648 3714 2046 3782 exspectantium
2068 3732 2213 3784 aqua:

676 3814 884 3857 motum.
942 3802 1163 3871 Angelus
1211 3813 1379 3855 autem
1425 3802 1631 3856 Domini
1682 3800 1961 3855 secundum
2021 3813 2214 3864 tempus

675 3893 1004 3947 descendebat
1027 3894 1079 3945 in
1102 3893 1371 3961 piscinam,
1414 3902 1461 3945 et
1498 3893 1792 3945 mouebatur
1839 3909 1993 3960 aqua.
2036 3891 2103 3943 Et
2130 3891 2217 3959 qui

677 3984 819 4048 prior
853 3983 1191 4035 descendisset
1222 3984 1274 4036 in
1302 3984 1549 4050 piscinam
1596 3992 1706 4051 post
1742 3983 2014 4034 motionem
2050 3998 2215 4050 aqua,

679 4087 837 4123 sanus
890 4072 1042 4137 ﬁebat
1103 4087 1134 4122 a
1180 4085 1480 4139 quacunque
1525 4069 1845 4123 detinebatur
1902 4071 2216 4137 inﬁrmitate.

688 4176 705 4208 ι
732 4171 755 4197 ο
795 4159 1072 4212 Probatica
1102 4159 1297 4226 piscina
1329 4174 1446 4227 qua:
1473 4159 1705 4227 quinque
1730 4160 2017 4227 porticibus
2039 4161 2219 4229 cinge-

686 4247 860 4306 batur,
894 4246 1113 4315 populus
1134 4254 1215 4299 est
1238 4244 1555 4309 Judaeorum,
1586 4247 1716 4316 legis
1740 4248 1966 4316 undique
1984 4249 2217 4302 custodia

2305 1770 2477 1826 erant,
2520 1764 2609 1831 qui
2659 1764 2794 1817 bona
2822 1778 2940 1832 qua:
2987 1772 3260 1829 noverant,
3302 1768 3552 1835 tiperandi
3581 1772 3845 1838 gressibus

2304 1849 2523 1917 implere
2586 1851 2920 1918 nequibant;
2960 1848 3115 1915 aridi,
3168 1853 3257 1920 qui
3302 1837 3602 1923 quamlibet
3642 1856 3844 1913 oculum

2305 1939 2540 1991 scientia:
2581 1938 2871 2001 \habentes,
2913 1940 3226 2009 pinguedine
3280 1946 3452 1996 tamen
3502 1944 3614 2011 spel
3644 1953 3700 1999 et
3726 1944 3845 1999 dile-

2305 2025 2496 2081 ctionis
2540 2029 2784 2095 egebant.
2825 2026 2979 2082 Tales
3010 2030 3060 2081 in
3096 2030 3328 2098 quinque
3372 2032 3666 2100 porticibus
3710 2032 3845 2102 iaceo

2304 2115 2451 2179 bant,
2480 2118 2572 2171 sed
2615 2118 2823 2171 nonnisi
2853 2118 2905 2170 ln
2931 2119 3134 2185 piscina
3188 2118 3376 2187 angelo
3404 2116 3683 2191 veniente
3688 2125 3845 2193 gna-

2304 2207 2498 2261 bantur
2522 2224 2535 2271 ;
2573 2208 2696 2276 quia
2720 2222 2814 2275 per
2836 2206 3006 2277 legem
3041 2208 3279 2277 cognitio
3302 2210 3526 2286 peccati,
3556 2214 3728 2284 gratia
3755 2228 3845 2266 au-

2312 2306 2419 2351 tem
2455 2296 2783 2352 remissionis
2824 2299 3028 2351 nonnisi
3062 2307 3158 2367 per
3196 2297 3381 2358 Jesnli
3419 2299 3692 2355 Christum
3718 2301 3846 2357 facta

2305 2394 2389 2441 est
2428 2386 2595 2456 (Rom.
2625 2402 2708 2453 nl,
2733 2386 2822 2450 2|,
2844 2387 2993 2459 seq.).
3030 2387 3180 2442 Hunc
3208 2389 3451 2457 designat
3491 2392 3734 2462 angelus,
3765 2395 3847 2462 qui

2306 2473 2642 2531 invisibiliter
2676 2476 3002 2541 descendens
3034 2474 3086 2528 in
3133 2473 3293 2546 508
3337 2478 3614 2546 piscinam,
3644 2481 3711 2534 ad
3734 2496 3851 2552 sug-

2305 2563 2589 2631 gerendam
2616 2564 2723 2619 vim
2767 2563 2989 2618 sanandi
3029 2565 3275 2619 movebat
3309 2581 3524 2636 aquam.
3570 2568 3849 2625 Descendit

2305 2649 2444 2704 enim
2469 2665 2627 2705 carne
2657 2652 2869 2705 indutus
2896 2654 3071 2721 magni
3099 2651 3303 2705 consilii
3331 2654 3549 2724 angelus
3599 2654 3760 2727 (Ιωὲ.
3779 2672 3849 2721 ix,

2305 2737 2380 2808 6),
2413 2739 2465 2793 id
2492 2748 2595 2804 est,
2643 2748 2877 2811 paternae
2922 2741 3206 2794 voluntatis
3243 2742 3481 2807 nuntius,
3524 2744 3577 2797 in
3604 2745 3852 2814 populum

2305 2825 2626 2893 Judzeorum,
2654 2837 2708 2882 et
2736 2828 2901 2881 movit
2941 2836 3246 2897 peccatores
3298 2828 3455 2883 iactis
3504 2846 3568 2885 ac
3609 2832 3847 2887 doctrina

2307 2930 2422 2979 sua,
2453 2923 2513 2969 ut
2534 2917 2868 2970 occideretur
2922 2917 3055 2985 ipse,
3106 2916 3194 2984 qui
3242 2932 3334 2969 sua
3378 2927 3550 2973 morte
3588 2921 3851 2991 corporali

2308 3018 2414 3057 non
2466 3004 2632 3057 solum
2683 3004 2995 3073 spiritaliter
3044 3006 3353 3075 languentes
3404 3022 3618 3071 sanare,
3672 3011 3765 3064 sed
3801 3019 3855 3065 et

2307 3102 2544 3149 mortuos
2570 3095 2841 3150 viviﬁcare
2878 3096 3161 3151 suﬂiceret.
3199 3095 3373 3151 Motus
3397 3112 3525 3166 ergo
3559 3114 3715 3168 aqua:
3738 3116 3854 3171 pas-

2309 3183 2510 3236 sionem
2538 3183 2767 3246 Domini,
2798 3200 2901 3253 qua
2934 3183 3060 3254 [ιε.
3092 3193 3138 3237 et
3168 3183 3329 3247 Beda,
3366 3200 3485 3254 qua
3508 3196 3651 3241 mota
3674 3191 3854 3245 turba—

2311 3278 2473 3337 taque
2530 3270 2833 3326 Judaeorum
2888 3274 3065 3345 gente]
3116 3284 3258 3328 mota
3298 3277 3452 3331 turba
3497 3293 3525 3330 ο
3554 3275 3857 3335 Iudaeorum

2311 3365 2467 3427 gente
2511 3356 2649 3411 facta
2700 3350 2837 3422 est,
2878 3358 3146 3425 insinuat;
3202 3370 3257 3415 et
3305 3363 3429 3430 quia
3473 3377 3569 3433 per
3616 3367 3857 3423 eamdem

2311 3444 2609 3513 pusionem
2640 3446 2894 3516 redempti
2924 3454 3047 3500 sunt
3094 3448 3373 3503 credentes
3410 3465 3440 3503 a
3479 3451 3764 3509 maledicto
3790 3455 3859 3510 le-

2312 3534 2411 3603 gis,
2442 3535 2592 3603 quasi
2620 3535 2997 3591 descendentes
3026 3538 3078 3591 in
3108 3524 3545 3613 aquam’piscinc
3594 3544 3858 3596 turbatam

2313 3624 2658 3688 sauabantur,
2724 3626 2814 3693 qui
2879 3636 3102 3682 eatenus
3157 3622 3410 3696 iacebant
3462 3630 3515 3682 in
3568 3631 3860 3698 porticibus

2313 3713 2515 3781 aegroti.
2552 3712 2707 3783 Legis
2733 3716 2992 3783 siquidem
3020 3717 3217 3780 littera,
3254 3734 3371 3787 quas
3416 3719 3716 3775 nescientes
3736 3720 3858 3791 quid

2314 3802 2589 3869 agendum.
2643 3804 2769 3871 quid
2816 3806 3088 3859 vitandum
3149 3816 3323 3870 esset,
3371 3810 3586 3875 docuit;
3639 3825 3739 3867 nec
3784 3818 3859 3865 ta-

2318 3904 2435 3940 men
2461 3888 2694 3954 edoctos,
2726 3899 2784 3944 ut
2809 3909 2902 3946 sua
2954 3895 3164 3949 decreta
3194 3890 3605 3965 complerentur,
3634 3896 3854 3966 adjuvit,

2316 3979 2467 4045 quasi
2495 3980 2711 4035 eductos
2738 3983 2803 4037 de
2832 3984 3045 4039 sedibus
3070 3986 3380 4055 ignorantiae
3407 3989 3622 4055 prioris,
3655 3974 3709 4043 in
3734 4002 3857 4058 por-

2319 4066 2505 4120 ticibus
2534 4069 2645 4127 suis
2670 4072 2989 4133 continebat,
3021 4088 3119 4127 nec
3148 4074 3370 4126 sanabat
3395 4073 3706 4143 languidos:
3731 4076 3856 4144 'gra-

2322 4155 2393 4205 tia
2416 4154 2589 4207 autem
2629 4154 2921 4224 Evangelii,
2958 4174 3075 4227 quae
3120 4174 3216 4226 per
3243 4157 3399 4212 ﬁdem
3442 4174 3505 4213 ac
3551 4160 3854 4229 mysterium

2322 4241 2604 4296 Dominieze
2627 4245 2888 4311 passionis
2934 4254 3085 4299 sanat
3122 4260 3305 4298 omnes
3347 4246 3628 4315 languores
3666 4246 3856 4317 iniqui-

682 4306 998 4404 ne
1026 4336 1213 4390 debeat
1252 4336 1505 4389 munitus.
1546 4306 1708 4389 Recte
1747 4306 1940 4389 etenim
1967 4336 2073 4399 lex,
2102 4352 2220 4405 qua
2249 4306 2297 4365 θ
2323 4339 2486 4384 totum
2520 4306 2837 4391 nostrarum,
2867 4348 2895 4385 a
2924 4334 3115 4401 quibus
3143 4333 3195 4386 in
3224 4332 3337 4402 lege
3368 4306 3531 4403 Movysi
3563 4349 3665 4388 non
3685 4306 3857 4403 potui-

684 4426 917 4491 quinque
942 4422 1094 4476 libris
1125 4423 1292 4491 onsi
1316 4424 1579 4491 descripta
1608 4432 1709 4485 est,
1737 4425 1979 4491 quinario
2001 4440 2223 4479 numero

685 4516 978 4584 ﬁguratur;
1008 4519 1151 4566 recte
1179 4512 1421 4579 populus,
1464 4513 1553 4579 qui
1582 4513 1633 4565 in
1660 4512 1972 4579 quibusdam
2012 4514 2221 4566 mundi-

683 4607 808 4656 tiam
840 4603 958 4655 vitaa
1003 4608 1217 4655 servare
1254 4598 1405 4670 μίση
1449 4600 1716 4653 munditias
1743 4600 1864 4653 vita:
1892 4600 2133 4671 servire],
2172 4600 2223 4654 in

685 4694 995 4759 quibusdam
1016 4705 1141 4744 vero
1164 4688 1367 4743 solebat
1393 4690 1779 4742 immundorum
1807 4689 2087 4757 spirituum
2117 4696 2224 4741 ten-

688 4781 937 4834 tamentis
978 4780 1191 4847 agitari,
1236 4792 1329 4846 per
1373 4794 1563 4846 aquam
1615 4777 1941 4845 signiﬁcatur
1987 4776 2221 4843 piscinae,

688 4884 806 4936 qum
836 4880 973 4919 nunc
994 4864 1195 4931 placida
1218 4866 1388 4918 ventis
1414 4875 1573 4925 stare,
1594 4878 1756 4916 .nunc
1799 4864 1877 4915 eis
1905 4863 2227 4918 irruentibus

691 4957 892 5010 turbari
920 4963 1282 5008 consueverat.
1314 4954 1380 5005 Et
1404 4956 1534 5007 bene
1578 4953 1782 5022 piscina
1823 4953 2006 5005 eadem
2045 4955 2226 5023 proba-

692 5047 791 5097 tira
819 5054 1039 5097 vocatur
1069 5056 1083 5094 :
1120 5042 1334 5110 probata
1385 5043 1574 5110 quippe
1599 5041 1782 5094 Crtece
1808 5056 1932 5093 oves
1960 5042 2223 5095 dicuntur.

692 5131 824 5195 Quia
868 5139 1019 5185 erant
1067 5130 1314 5185 nimirum
1357 5130 1408 5181 iu
1434 5129 1523 5181 illo
1554 5129 1763 5197 populo,
1813 5129 1899 5196 qui
1930 5129 2103 5183 dicere
2129 5130 2230 5184 Do-

697 5219 837 5271 mino
869 5227 1116 5273 nossent:
1152 5217 1259 5272 Nos
1286 5225 1457 5269 autem
1481 5215 1697 5283 populus
1720 5228 1862 5279 tuus,
1894 5226 1940 5268 et
1977 5232 2230 5285 ouesrgre—

699 5304 774 5369 gis
827 5306 923 5367 tui,
970 5305 1325 5371 conﬁtebimur
1365 5304 1454 5356 tibi
1490 5319 1541 5355 in
1571 5304 1760 5355 sa'cula
1791 5304 1957 5371 (Psal.
2006 5321 2227 5367 uxvm,

703 5388 808 5460 13).
846 5392 1014 5459 Vulgo
1040 5402 1213 5447 autem
1250 5393 1529 5462 probatiea.
1563 5391 1616 5445 id
1642 5400 1745 5455 est,
1775 5393 2003 5460 pecualis
2032 5394 2227 5458 piscina

776 5547 801 5574 ι
837 5536 911 5589 Ex
942 5537 1092 5593 Beda:
1119 5540 1259 5593 born.
1285 5540 1334 5593 7.

2322 4434 2437 4473 mus
2490 4418 2791 4488 iustiﬁcari,
2822 4423 2971 4490 quasi
3033 4421 3230 4476 electos
3287 4422 3353 4475 de
3396 4424 3682 4491 porticibus
3726 4420 3857 4491 legis

2321 4516 2544 4574 aegrotos
2572 4510 2624 4561 in
2667 4524 2856 4578 aquam
2891 4510 3106 4577 piscina:
3142 4509 3429 4571 turbidam,
3454 4515 3513 4561 ut
3538 4507 3713 4563 sanari
3737 4521 3855 4577 pos-

2323 4594 2447 4656 sint,
2495 4596 2746 4657 immittit,
2784 4597 2956 4664 quiaa
3004 4596 3235 4663 peccatis
3284 4610 3401 4664 quae
3428 4596 3509 4650 lex
3556 4598 3857 4653 ostenderat

2321 4698 2417 4750 per
2442 4698 2631 4751 aquam
2683 4685 3015 4752 baptismatis
3052 4686 3240 4749 abluit,
3284 4693 3510 4741 testante
3562 4673 3871 4757 Apostolof

2326 4770 2458 4835 Quia
2489 4772 2775 4841 quicunque
2822 4774 3066 4841 baptismi
3092 4790 3268 4827 sumus
3302 4775 3356 4826 in
3382 4774 3600 4829 Christo
3635 4774 3777 4835 Iesu,
3802 4772 3857 4826 in

2324 4870 2481 4912 morte
2508 4860 2667 4929 ipsius
2696 4862 2938 4929 baptisati
2975 4878 3151 4914 sumus
3175 4878 3192 4923 ;
3224 4863 3503 4933 eonsepulti
3525 4858 3857 4916 animum

2323 4966 2434 5001 cum
2461 4949 2549 5002 illa
2574 4966 2663 5018 per
2684 4950 2985 5018 baptismum
3028 4950 3084 5001 in
3108 4958 3335 5009 mortem.
3368 4960 3424 5001 ut
3446 4944 3703 5018 quomodo
3740 4966 3855 5005 sur-

2324 5036 2452 5087 rexit
2486 5035 2721 5087 Christus
2760 5052 2791 5085 a
2819 5036 3029 5088 mortuis
3070 5052 3159 5103 per
3203 5036 3421 5103 glorians
3477 5034 3667 5100 Patris,
3710 5039 3784 5091 ita
3807 5044 3854 5090 et

2325 5138 2416 5173 nos
2444 5123 2497 5173 in
2523 5123 2743 5174 novitate
2778 5123 2892 5174 vita!
2936 5122 3253 5176 ambulemus
3281 5121 3449 5189 (Rom.
3482 5138 3559 5186 γι,
3595 5122 3672 5192 3).
3692 5121 3853 5177 'Bene

2324 5220 2498 5265 autem
2549 5210 2741 5265 dicitur
2786 5213 2909 5279 quia
2963 5211 3054 5278 qui
3090 5211 3291 5277 primus
3335 5209 3693 5266 descendisset
3738 5216 3855 5281 post

2326 5307 2524 5352 motum
2568 5314 2737 5369 aqua,
2768 5314 2929 5353 sanus
2982 5299 3159 5360 ﬁebat,
3189 5314 3217 5351 a
3247 5314 3558 5368 quocunque
3607 5298 3853 5368 languore

2328 5388 2634 5453 tenebatur;
2671 5388 2796 5457 quia
2823 5402 2957 5441 unus
2984 5384 3254 5453 Dominus,
3287 5403 3389 5443 una
3408 5385 3554 5449 ﬁdes,
3580 5382 3737 5441 unum
3759 5387 3853 5439 ba-

4060 2217 4061 2267 1

4061 2286 4063 2333 1

4064 2374 4065 2411 1

4066 2462 4067 2511 1

4068 2550 4069 2577 1

4072 2726 4073 2775 1
