4152 6190
331 315 432 369 805

1123 310 1521 368 l-ZXEGETIC.\.
1566 341 1631 351 -—-
1668 310 2015 366 COMMENT.
2057 308 2121 363 ΙΝ
2160 307 2348 363 JOAN.
2389 336 2455 347 —-
2496 308 2619 360 ΜΒ.
2664 308 2745 361 lll.

3412 312 3515 362 806

329 425 540 493 ptisma,
576 438 709 477 unus
738 421 876 475 Dens
914 422 1125 492 (Ephcs.
1165 438 1235 483 iv,
1268 422 1342 491 5).
1386 421 1449 473 Et
1475 421 1563 488 qui
1594 420 1646 473 in
1680 420 1878 472 unitate
1908 428 1949 481 Α
1981 417 2303 486 proximum,
2336 426 2391 469 et
2417 417 2627 469 ambula
2677 417 3032 483 exspectando
3061 416 3269 469 beatam
3295 432 3441 485 spem
3470 430 3524 471 et

329 514 591 567 catholica
644 512 841 566 Christi
891 512 1158 580 mysteriis
1213 512 1483 571 imbuitur,
1552 524 1714 562 sanus
1762 509 1872 560 ﬁta

329 615 642 669 quocunque
669 609 1003 669 peccatorum
1029 601 1281 669 languore
1320 600 1654 653 detinebatur
1687 597 1870 667 [Bcda,

328 687 683 758 detineatur];
724 688 947 756 quisque
994 696 1171 740 autem
1221 689 1287 741 ab
1343 687 1545 741 unitate
1586 687 1870 753 discrepat.

316 775 550 834 ,salutem
574 789 691 842 qua:
720 775 788 827 ab
816 788 921 825 uno
948 783 1050 835 est,
1105 774 1355 842 consequi
1406 789 1508 826 non
1551 772 1707 827 valet.
1752 772 1874 825 llaec

328 862 393 915 de
438 862 608 929 primo
653 860 968 930 evangelica:
1012 860 1251 914 lectionis
1301 860 1558 914 miraculo
1600 860 1742 928 quod
1773 859 1873 911 Do-

330 952 503 1004 minus
528 948 672 1004 dedit
710 950 886 1011 locuti,
920 965 1058 1002 nunc
1092 950 1155 1003 de
1185 949 1417 1003 secundo
1457 948 1596 1016 quod
1643 948 1755 1016 ipse
1782 947 1874 999 de-

330 1038 487 1101 derit,
515 1038 833 1091 fraternitati
881 1047 1071 1091 vestrae
1118 1037 1415 1105 loquamur,
1470 1036 1522 1088 in
1570 1050 1675 1102 quo
1703 1034 1867 1088 etiam

330 1128 443 1195 ipso
469 1143 605 1180 unus
628 1127 1029 1181 commendatur
1054 1136 1269 1179 sanatus
1296 1144 1309 1177 :
1347 1140 1450 1178 non
1478 1126 1599 1192 quia
1630 1125 1872 1191 omnipo-

331 1218 489 1270 tentis
518 1218 686 1284 pietas
715 1216 1004 1269 Salvatoris
1041 1230 1227 1269 omnes
1278 1229 1413 1284 tinos
1441 1214 1510 1268 ibi
1563 1212 1874 1281 languentes

330 1303 546 1363 invenit,
571 1318 758 1355 sanare
783 1302 965 1369 nequit
994 1300 1176 1371 [Beda,
1207 1297 1545 1369 nequiverit],
1583 1299 1675 1351 sed
1701 1308 1757 1350 ut
1781 1300 1874 1349 do-

326 1398 489 1449 ceret,
520 1398 711 1456 praeter
740 1390 993 1441 unitatem
1042 1388 1315 1442 catholica:
1365 1387 1485 1441 ﬁdei
1528 1386 1727 1439 nullum
1764 1385 1874 1439 cui-

327 1476 454 1529 libet
490 1477 659 1530 locum
691 1486 870 1545 patere
890 1477 1093 1530 salutis.

396 1567 555 1619 Veiis.
584 1567 637 1619 5.
676 1595 749 1609 --
790 1567 915 1619 Erat
942 1576 1111 1619 autem
1140 1564 1349 1635 quidam
1394 1565 1545 1618 homo
1568 1563 1658 1626 ibi,
1683 1562 1871 1631 inquit,

324 1655 535 1723 triginta
560 1666 606 1707 et
633 1665 745 1707 octo
772 1671 935 1707 annos
964 1655 1151 1706 habens
1183 1655 1236 1706 in
1277 1653 1578 1721 inﬁrmitate
1618 1668 1731 1704 sua.
1771 1651 1876 1704 llo-

1976 505 2257 558 adventum
2284 504 2462 571 gloria:
2491 505 2665 573 magni
2693 504 2785 557 Dei
2815 502 2939 573 (Tit.
2974 520 3035 565 ιι,
3067 504 3173 574 l3).
3206 503 3311 558 Sed
3334 521 3367 558 ο
3388 506 3524 560 mira

1973 591 2294 662 perﬁdorum
2348 596 2610 647 dementia
2643 597 2655 647 !
2689 596 2778 663 qui
2810 596 2875 648 ad
2926 604 3033 647 tam
3084 597 3407 664 inopinatam
3430 596 3522 652 diu

1975 685 2271 753 languentis
2312 686 2640 737 sanationem
2669 685 2889 737 credere
2922 701 2983 738 ac
3013 686 3321 753 spiritaliter
3345 688 3525 741 sanari

1974 770 2286 829 debuerant,
2318 786 2348 823 e
2372 782 2557 823 contra
2598 771 3047 831 scandalitantur,
3080 780 3134 824 et
3158 772 3362 825 salvato
3385 774 3526 840 pari-

1974 867 2056 911 ter
2078 873 2137 912 ac
2165 859 2425 911 Salvatori
2450 858 2745 911 calumnias
2774 867 3002 911 struunt.
3044 860 3259 913 Salvato
3286 862 3523 930 quidem.

1972 949 2095 1017 quia
2134 949 2352 1002 sabbato
2405 950 2681 1015 grabatum
2730 948 2946 1010 tulerit;
2996 948 3261 1002 Salvatori
3322 958 3521 1012 autem,

1973 1037 2095 1105 quia
2118 1036 2338 1089 sabbato
2366 1036 2509 1088 illum
2539 1036 2749 1097 salvari,
2780 1046 2835 1089 et
2867 1037 3143 1105 grabatum
3189 1036 3297 1089 tolli
3327 1052 3525 1105 βιωθε-

1973 1126 2127 1192 perit,
2179 1126 2328 1191 quasi
2361 1126 2546 1177 melius
2596 1126 2705 1193 ipse
2734 1125 2871 1177 diem
2896 1126 3101 1177 sabbati
3154 1125 3302 1196 [πμ
3334 1128 3428 1195 ipsi
3458 1127 3523 1179 de

1974 1210 2216 1281 sabbato]
2278 1227 2436 1279 quam
2468 1220 2611 1264 tanta
2671 1212 2963 1264 divinitatis
3030 1215 3262 1280 potentia
3322 1226 3519 1267 nosset.

1932 1304 1937 1307 “
1974 1302 2155 1369 (Vens.
2203 1301 2305 1369 l0.)
2356 1302 2621 1361 Dicebant,
2675 1302 2862 1368 inquit,
2898 1303 3071 1354 λιιάωὶ
3113 1303 3189 1354 illi
3237 1305 3324 1372 qui
3364 1320 3522 1357 sonits

1975 1388 2119 1458 [Ἀθη
2147 1387 2384 1456 sanatus]
2410 1388 2577 1455 fuerat
2605 1404 2622 1439 .'
2655 1387 2935 1440 Sabbatum
2986 1400 3081 1451 est,
3126 1408 3227 1443 non
3270 1391 3385 1443 licet
3427 1393 3519 1445 tibi

1970 1474 2145 1527 tollere
2170 1474 2437 1543 grabatum
2462 1486 2624 1526 tuum.
2659 1476 2915 1528 Litteram
2940 1477 3067 1544 legis
3093 1478 3251 1530 stulte
3274 1478 3522 1532 defende-

1972 1564 2101 1616 bant
2129 1564 2419 1631 ignomndo
2446 1564 2889 1632 dispensationem
2923 1562 3056 1629 ejus,
3086 1566 3176 1633 qui
3198 1566 3329 1635 legis
3354 1583 3523 1636 quon-

1975 1649 2096 1702 dam
2126 1650 2297 1703 edieta
2326 1663 2422 1716 per
2465 1664 2675 1702 servum
2705 1650 3016 1713 decernens,
3048 1667 3185 1704 nunc
3234 1654 3343 1720 ipse
3365 1654 3513 1706 adve-

327 1762 414 1799 nio
443 1747 543 1799 istc
572 1746 854 1799 multorum
892 1743 1197 1797 infirmitate
1234 1742 1478 1796 detentus
1515 1756 1772 1793 annorum
1802 1742 1872 1793 si-
1903 1739 1945 1797 Β
1978 1736 2127 1789 "iens
2174 1738 2417 1789 eamdem
2471 1735 2639 1805 legem
2680 1738 2847 1806 gratia
2896 1732 3102 1792 mutare
3144 1738 3435 1808 disposuit;
3464 1752 3524 1795 nt

324 1836 540 1905 gniﬁcat
588 1844 920 1903 peccatorem
972 1832 1300 1900 quemlibet,
1356 1831 1557 1883 enormi
1614 1830 1872 1883 scelerum

326 1924 687 1993 magnitudine
712 1922 792 1975 vel
835 1920 1217 1975 numerositate
1264 1919 1593 1985 depressum,
1626 1916 1776 1983 cujus
1803 1916 1873 1969 si-

326 2011 623 2081 gniﬁcando
652 2010 841 2071 reatui,
890 2009 1050 2063 etiam
1101 2015 1272 2061 motus
1297 2005 1480 2076 [Beda,
1505 2003 1712 2073 modus]
1744 2012 1876 2056 tem-

327 2100 490 2168 poris,
518 2114 620 2167 quo
650 2099 747 2152 iste
776 2098 1075 2167 languebat,
1106 2096 1384 2164 congruit;
1417 2108 1539 2146 nam
1566 2093 1868 2160 duodequa-

328 2188 572 2256 draginta
627 2201 798 2240 annos
837 2186 1065 2240 habebat
1107 2184 1158 2237 in
1191 2183 1497 2236 inﬁrmitate
1537 2195 1551 2233 :
1583 2182 1874 2249 quadrage-

327 2277 509 2329 narius
534 2285 707 2329 autem
770 2288 1042 2335 numerus,
1071 2272 1159 2341 qui
1202 2272 1418 2324 denario
1478 2280 1669 2338 quater
1716 2268 1874 2322 ducto

325 2364 620 2425 conﬁcitur,
650 2378 748 2433 pro
776 2359 1095 2430 perfectione
1124 2366 1278 2412 recte
1300 2356 1720 2431 conversationis
1739 2354 1875 2409 solet

324 2453 378 2505 in
407 2438 695 2518 Scriptnris
732 2448 936 2517 accipi;
970 2448 1091 2515 quia
1136 2446 1375 2514 quisquis
1414 2443 1699 2514 perfectam
1741 2458 1872 2527 con-

323 2543 678 2594 versationem
726 2536 858 2609 [Ms.
887 2548 934 2590 et
979 2536 1143 2599 Beda,
1171 2536 1417 2605 perfecta:
1458 2534 1873 2589 conversationis

1973 1825 2111 1892 quod
2127 1822 2279 1890 juxta
2320 1823 2548 1876 litteram
2572 1826 2658 1877 diu
2690 1825 2931 1879 carnales
2958 1828 3245 1882 carnaliter
3271 1832 3520 1883 observa-

1972 1913 2119 1974 bant,
2162 1912 2412 1980 deinceps
2464 1912 2728 1980 spiritales
2789 1914 3096 1982 spiritaliter
3131 1917 3518 1971 observandum

1970 2010 2369 2070 cognoscerent.
2410 2002 2643 2055 Sabbato
2667 2004 2859 2070 quippe
2887 2003 2993 2073 [ΑΙ.
3028 1994 3516 2075 ηυίἀρω]ὀίιτη;ι1ἰ,

1971 2090 2111 2158 quod
2128 2088 2300 2156 ,juxta
2357 2089 2584 2142 litteram
2634 2092 3051 2156 custodiebatur,
3101 2094 3321 2163 populus
3351 2094 3517 2165 [Edit.

1972 2179 2301 2231 custodiebat
2348 2176 2596 2247 populus]
2628 2179 2693 2230 ab
2720 2180 2863 2231 omni
2909 2196 3071 2249 opere
3118 2182 3295 2234 servili
3326 2182 3411 2235 die
3435 2198 3519 2237 se-

1968 2268 2135 2336 ptima
2161 2280 2348 2320 vacare
2378 2275 2672 2334 pneccptus
2699 2277 2779 2319 est
2804 2283 2818 2329 ;
2850 2267 3086 2334 spiritale
3124 2277 3301 2322 autem
3329 2269 3520 2324 sabba-
3622 2310 3625 2317 λ

1972 2364 2084 2409 tum
2110 2364 2193 2409 est
2231 2355 2284 2408 in
2325 2355 2441 2409 luce
2502 2356 2686 2424 gratia:
2721 2356 2996 2424 spiritalis,
3045 2373 3161 2424 qua:
3196 2359 3519 2427 septiformis

1970 2446 2247 2515 accipitur,
2270 2445 2395 2513 quia
2415 2460 2516 2497 non
2543 2461 2668 2507 una,
2699 2448 2789 2499 sed
2809 2448 2954 2500 omni
2983 2448 3069 2501 die
3096 2464 3194 2502 nos
3216 2450 3285 2503 ab
3316 2451 3519 2519 inquie-

1971 2535 2151 2589 tudine
2201 2535 2449 2587 vitiorum
2501 2548 2717 2587 manere
2760 2534 2976 2589 feriatos
3023 2547 3247 2604 oportet.
3297 2538 3353 2592 Si
3373 2540 3517 2593 enim

321 2628 507 2699 opera]
536 2628 722 2697 egerit,
754 2626 884 2695 legis
906 2623 1143 2694 profecto
1169 2625 1477 2694 decalogum
1520 2639 1614 2692 per
1642 2633 1870 2692 quatuor
1964 2622 2117 2691 juxta
2150 2638 2331 2677 vocem
2360 2616 2706 2688 Dbminicam,
2756 2628 2941 2689 omnis,
2962 2629 3048 2695 qui
3077 2628 3206 2695 facit
3232 2640 3513 2697 peccatum,

323 2717 490 2771 sancti
543 2714 809 2779 Evangelii
847 2713 1010 2766 libros
1056 2713 1275 2781 implet:
1317 2714 1382 2766 ad
1412 2728 1569 2781 quam
1620 2714 1869 2765 nimirum

322 2804 698 2873 perfectionem
746 2800 911 2871 ιλιι,
961 2816 989 2853 a
1017 2815 1175 2868 qua..
1206 2838 1219 2851 .
1256 2798 1599 2869 perfectione]
1641 2797 1745 2851 duo
1774 2798 1870 2851 mi-

324 2906 425 2943 nus
472 2890 647 2949 habet,
704 2888 847 2956 quia
878 2886 969 2939 Dei
1008 2898 1061 2939 et
1086 2886 1310 2953 proximi
1361 2884 1662 2948 dilectione,
1702 2898 1863 2952 quam

324 2978 455 3045 legis
500 2977 697 3045 pariter
743 2985 795 3029 et
860 2974 1123 3043 Evangelii
1186 2973 1458 3042 Scriptura
1509 2971 1864 3033 commendat,

1969 2722 2143 2763 servits
2181 2722 2252 2763 est
2272 2712 2463 2780 peccati
2488 2711 2665 2780 (Joan.
2698 2728 2813 2776 vm,
2842 2714 2948 2783 34).
2979 2722 3125 2782 patet
3148 2714 3347 2784 liquido
3390 2719 3514 2785 quia

1970 2804 2182 2864 peccata
2222 2803 2365 2849 recte
2392 2811 2553 2864 opera
2600 2799 2809 2851 servilia
2856 2801 3236 2868 intelliguntur,
3266 2816 3295 2854 a
3324 2803 3518 2870 quibus

1969 2884 2119 2951 quasi
2150 2884 2200 2936 in
2238 2884 2324 2937 die
2352 2885 2572 2952 septima
2600 2885 2649 2937 in
2700 2888 3055 2953 prmecptione
3108 2886 3299 2958 [Beda,
3332 2906 3515 2958 perce-

1969 2972 2169 3043 ptionc]
2198 2973 2383 3042 gratia:
2402 2974 2671 3041 Spiritalis,
2701 2976 2958 3029 immunes
2982 2978 3223 3031 incedere
3245 2976 3511 3045 iubemur,

325 3081 523 3119 vacuus
547 3065 758 3119 incedit.
799 3063 948 3129 Quod
973 3064 1135 3115 etiam
1156 3063 1375 3131 mystice
1404 3062 1655 3116 Dominus
1673 3076 1867 3115 sanans
1893 3046 1941 3110 C
1969 3075 2067 3114 nec
2095 3061 2262 3115 solum
2290 3075 2320 3112 a
2346 3062 2521 3128 pravis
2570 3063 2858 3124 continere,
2889 3065 2979 3116 sed
3010 3074 3061 3117 et
3086 3065 3239 3121 bon’is
3268 3067 3517 3122 insistere

325 3155 592 3209 inﬁrmum
630 3152 825 3214 docuit,
864 3165 981 3203 cum
1009 3151 1083 3202 ait
1110 3165 1124 3201 :

394 3246 553 3301 Vsus.
590 3244 640 3297 8.
680 3271 749 3283 —
788 3239 971 3309 Surge,
1002 3238 1122 3291 tolle
1158 3238 1427 3308 grabatum
1476 3248 1638 3299 tuum,
1664 3248 1729 3313 et
1752 3255 1865 3290 ant—

322 3334 462 3387 bula.
503 3332 665 3402 Surge
722 3333 861 3386 enim
907 3331 1116 3393 dicitur,
1147 3331 1394 3383 vitiorum
1447 3339 1732 3397 torporem,
1767 3328 1865 3400 [in]

324 3425 517 3490 quibus
556 3424 642 3475 diu
668 3422 977 3489 languebas,
1004 3429 1212 3480 excute,
1254 3428 1306 3473 et
1334 3421 1398 3473 ad
1436 3421 1746 3473 exercitium
1767 3421 1866 3473 vir-

328 3517 521 3569 tutum,
552 3510 742 3575 quibus
771 3515 1026 3575 perpetuo
1053 3508 1297 3570 salveris,
1327 3508 1553 3575 erigere.
1587 3507 1726 3559 Tolle
1750 3524 1867 3575 gra-

327 3596 499 3645 batum
544 3603 709 3653 tuum,
737 3594 788 3644 id
816 3599 917 3655 est,
944 3600 1117 3658 porta.
1153 3590 1337 3656 Diligis
1361 3593 1657 3658 proximum
1682 3594 1867 3644 tuum?

326 3680 597 3734 Patienter
642 3679 756 3744 ejus
808 3677 1015 3730 inﬁrma
1079 3676 1350 3729 tolerando
1408 3686 1559 3745 porta
1590 3687 1651 3739 ι,
1703 3678 1790 3745 qui
1818 3688 1868 3730 te

324 3770 499 3822 adhuc
552 3770 897 3821 tentationum
943 3766 1086 3819 fasce
1114 3766 1421 3834 depressum
1452 3766 1539 3819 diu
1586 3765 1868 3833 patienter-

324 3873 429 3927 que
456 3857 720 3910 sustinuit.
764 3855 923 3919 Alter,
952 3857 1113 3914 enim.
1145 3855 1355 3908 alterius
1398 3871 1552 3907 onera
1577 3865 1795 3923 portate,
1820 3867 1867 3908 et

324 3948 397 3999 sic
424 3942 763 4012 adimplebitis
790 3942 949 4010 legem
977 3940 1167 3994 Christi
1221 3939 1359 4009 (Gal.
1393 3957 1469 4004 vr,
1497 3941 1573 4010 2).
1638 3942 1702 3996 Et
1731 3943 1869 3996 sicut

323 4036 448 4089 alibi
478 4035 707 4088 dicitur:
749 4032 1112 4102 Supportantes
1145 4032 1356 4083 invicem
1384 4031 1437 4082 in
1466 4031 1737 4094 charitate,
1767 4034 1869 4086 sol-

320 4123 450 4175 liciti
480 4136 681 4173 servare
704 4120 945 4171 unitatem
967 4116 1175 4185 spiritus
1198 4116 1250 4168 in
1272 4114 1475 4168 vinculo
1487 4117 1628 4186 pacis
1655 4116 1864 4186 (Ephes.

325 4225 396 4271 tv,
423 4206 498 4278 2).
550 4204 770 4259 Ambula
799 4212 1011 4267 autem;
1056 4211 1165 4257 toto
1192 4203 1370 4266 corde,
1402 4211 1508 4258 tota
1538 4205 1735 4269 anima,
1759 4214 1867 4259 tota

323 4297 520 4347 virtute
549 4294 712 4347 Deum
742 4292 921 4362 dilige,
946 4300 1002 4344 et
1044 4300 1103 4344 ut
1129 4291 1196 4345 ad
1222 4291 1339 4360 ejus
1362 4292 1620 4345 visionem
1666 4292 1870 4358 pertin-

324 4397 447 4451 gere
471 4384 747 4446 merearis,
776 4360 1097 4449 quotidianis
1140 4379 1400 4433 bonorum
1437 4393 1658 4448 operum
1700 4380 1869 4447 passi-
1898 4360 1946 4420 υ

324 4473 423 4523 bus
461 4472 523 4522 de
548 4473 742 4525 virtute
768 4472 818 4524 in
856 4470 1103 4523 virtutem
1133 4468 1472 4537 progredere,
1504 4483 1602 4522 nec
1647 4467 1868 4535 fratrem

327 4573 483 4625 quem
529 4558 823 4612 sufferendo
882 4559 1030 4612 ducis
1056 4558 1125 4611 ob
1171 4550 1403 4610 amorein
1467 4555 1580 4623 ejus
1622 4558 1869 4626 adquem

327 4643 521 4710 pergis,
553 4643 766 4696 deseras
796 4644 946 4714 [ls.,
968 4643 1276 4715 deserens];
1316 4659 1414 4698 nec
1437 4646 1505 4699 ob
1532 4644 1712 4699 fratris
1733 4661 1873 4699 amo-

333 4747 461 4791 rem,
491 4731 556 4783 ab
594 4730 679 4784 illo
721 4734 1001 4799 quzerendo
1028 4749 1149 4786 cum
1187 4749 1292 4802 quo
1320 4749 1536 4788 manere
1577 4736 1869 4798 desideras,

328 4818 673 4871 tntmtionem
701 4819 829 4871 recti
864 4818 1100 4873 incessus
1133 4830 1343 4875 avertas
1380 4821 1530 4892 [εἴδη
1560 4824 1827 4893 avertens]
1855 4843 1869 4888 ;

331 4921 421 4959 sec
451 4916 507 4959 ut
534 4906 767 4974 perfecte
806 4908 976 4975 possis
1013 4909 1231 4971 salvari,
1257 4928 1428 4978 surge,
1460 4912 1577 4964 tolle
1605 4914 1871 4981 grabatum

328 5001 473 5043 tuitus
499 5003 547 5043 et
593 4994 805 5057 mbula,
835 4994 887 5047 id
930 5004 1032 5056 est,
1079 4995 1313 5061 relinque
1360 4980 1577 5063 peccata
1622 5002 1870 5067 pristina,

331 5079 735 5134 necessitatibus
774 5081 997 5135 fratrum
1052 5097 1321 5143 succurre,
1364 5092 1416 5133 et
1488 5086 1539 5137 in
1606 5089 1869 5141 universis

329 5183 448 5236 qua:
475 5167 606 5237 agis,
639 5168 758 5221 aide
784 5185 849 5221 ne
893 5168 1049 5237 509
1093 5171 1143 5221 in
1197 5170 1294 5221 hoc
1321 5172 1512 5223 smcnlo
1553 5184 1778 5227 mentem
1811 5178 1870 5227 ﬁ-

331 5271 446 5324 gas,
480 5258 566 5311 ed
601 5256 665 5309 ad
695 5256 975 5309 videndum
1001 5255 1186 5309 faciem
1214 5257 1285 5307 tui
1315 5256 1531 5310 festines
1559 5260 1872 5330 Redempto-

331 5342 425 5394 ris.
455 5342 619 5411 Surge
650 5343 783 5396 bona
828 5344 1113 5409 operando,
1144 5352 1290 5410 porta
1313 5346 1585 5413 grabatum
1610 5346 1872 5416 diligendo

401 5480 425 5507 ι
462 5468 600 5521 Beda
624 5480 679 5524 et
718 5487 815 5523 ms.

334 5536 514 5598 rando,
543 5537 630 5605 qui
660 5547 732 5602 te,
752 5550 856 5593 etc.
888 5557 907 5591 ι

1970 3146 2141 3200 factis.
2182 3145 2374 3217 [Quod]
2404 3148 2455 3200 in
2487 3149 2587 3201 hac
2620 3164 2827 3219 quoque
2880 3151 3101 3205 lectione
3152 3154 3406 3210 Dominus
3437 3165 3517 3227 ty-

1971 3235 2090 3301 pice
2112 3237 2359 3298 ostendit,
2390 3252 2510 3289 cum
2539 3253 2659 3290 eum
2683 3240 2770 3307 qui
2801 3240 3319 3313 duodequadraginta
3349 3260 3518 3299 annos

1970 3324 2267 3392 languebat,
2292 3326 2343 3378 in
2372 3326 2455 3379 die
2484 3327 2686 3395 sabbati
2719 3343 2822 3380 non
2850 3328 3019 3382 solum
3057 3346 3296 3400 surgere,
3332 3348 3517 3387 verunt

1966 3412 2126 3464 etiam
2154 3414 2431 3481 grabatum
2461 3414 2643 3467 tollere
2670 3424 2724 3467 et
2758 3417 3030 3471 ambulate
3054 3421 3306 3489 prmeepit
3333 3439 3345 3473 :
3374 3408 3517 3475 vide-

1967 3497 2398 3557 licet‘insinuans
2422 3513 2516 3552 eos
2542 3501 2629 3565 qui
2675 3500 2828 3570 longo
2857 3503 3105 3556 vitiorum
3159 3505 3411 3573 languore
3430 3515 3517 3571 ta-

1944 3587 2204 3647 .bescunt,
2235 3593 2289 3639 et
2314 3586 2403 3639 Dei
2449 3602 2510 3641 ac
2532 3589 2757 3655 proximi
2789 3590 3067 3645 dilectione
3099 3592 3247 3663 μὴ..
3280 3594 3517 3649 dilectio-

1967 3675 2071 3746 nis]
2111 3677 2315 3741 inanes,
2362 3680 2512 3747 quasi
2552 3695 2581 3731 a
2612 3679 2843 3747 perfecta
2882 3683 3135 3736 virtutum
3174 3701 3380 3737 summa
3410 3686 3514 3739 duo

1966 3765 2140 3816 minus
2168 3764 2380 3827 habent,
2423 3764 2533 3831 jam
2569 3782 2665 3833 per
2691 3768 2885 3821 donum
2936 3771 3105 3822 saneti
3133 3770 3365 3837 Spiritus
3388 3788 3417 3823 a
3439 3773 3517 3825 vi-

1968 3855 2053 3906 tiis
2079 3868 2231 3921 posse
2283 3868 2556 3923 resurgere
2585 3892 2602 3917 ,
2655 3869 2945 3923 eorumque
3002 3859 3241 3911 discusso
3279 3869 3516 3927 torpore,

1967 3957 2086 3995 cum
2117 3940 2364 3995 fraterna:
2412 3942 2711 3995 dilectionis
2757 3958 2920 3997 onere
2946 3946 3011 3997 ad
3039 3946 3295 4001 visionem
3323 3948 3517 4003 debere

1966 4032 2045 4084 sui
2072 4046 2353 4101 properare
2378 4032 2684 4085 conditoris.
2711 4031 2841 4085 Nam
2872 4034 3111 4103 sequitur
3137 4053 3148 4086 :

2035 4121 2193 4174 Vens.
2238 4121 2319 4173 l4.
2358 4150 2426 4160 —
2466 4120 2648 4173 Postea
2679 4123 2866 4175 invenit
2891 4141 3006 4176 eum
3048 4128 3200 4179 λειω
3224 4126 3277 4178 in
3307 4127 3516 4197 templo,

1965 4219 2013 4261 et
2038 4209 2171 4263 dixit
2196 4212 2282 4263 ei:
2323 4210 2455 4263 Ecce
2479 4228 2637 4264 sanus
2667 4210 2835 4277 factus
2875 4230 2948 4275 es,
2993 4214 3108 4283 jam
3140 4214 3247 4268 noli
3282 4232 3513 4285 peccare,

1968 4314 2029 4349 ne
2055 4298 2276 4350 deterius
2329 4298 2421 4351 tibi
2462 4298 2661 4367 aliquid
2704 4302 2984 4369 contingat.
3031 4301 3181 4365 Quod
3241 4311 3419 4356 autem
3470 4303 3514 4357 is

1970 4385 2058 4451 qui
2081 4394 2296 4437 sanatus
2320 4393 2401 4437 est
2436 4383 2615 4438 Iesum
2645 4402 2745 4439 non
2782 4387 2835 4439 in
2874 4388 3027 4441 turba
3077 4370 3252 4443 adbuc
3282 4390 3509 4457 positus,

1972 4472 2064 4525 sed
2106 4480 2221 4540 post
2248 4473 2299 4525 in
2337 4474 2530 4543 templo
2577 4478 2861 4545 cognoscit,
2898 4479 3118 4547 mystice
3144 4496 3240 4533 nos
3288 4480 3518 4535 instituit

1974 4563 2093 4617 utsi
2122 4578 2247 4617 vere
2291 4565 2577 4619 conditoris
2624 4568 2787 4621 nostri
2834 4570 3056 4637 gratiam
3098 4584 3435 4638 cognoscere,
3469 4570 3514 4623 si

1974 4648 2089 4716 ejus
2112 4667 2291 4705 amore
2324 4652 2648 4716 conﬁrmari,
2680 4656 2723 4707 si
2751 4656 2816 4708 ad
2867 4657 2982 4722 ejus
3034 4656 3290 4709 visionem
3322 4673 3511 4725 perve-

1976 4740 2091 4791 nire
2144 4741 2520 4803 desideramus,
2560 4740 2823 4809 fugiamus
2870 4743 3090 4795 sollicite
3146 4746 3375 4807 turbam,
3409 4762 3513 4799 non

1976 4827 2143 4879 solum
2190 4829 2513 4879 turbantium
2564 4844 2659 4881 nos
2704 4832 3081 4899 cogitationum
3128 4832 3516 4900 afl'ectnumque

1976 4930 2279 4982 pravorum,
2325 4932 2505 4969 verum
2528 4918 2686 4971 etiam
2721 4920 2989 4973 hominum
3029 4937 3276 4988 nequam,
3306 4923 3393 4989 qui
3419 4938 3514 4973 no-

1974 5012 2096 5055 stne
2134 5004 2451 5059 sinceritatis
2496 5016 2712 5075 possunt
2761 5008 3012 5078 impedire
3055 5006 3399 5076 propositum,
3434 5008 3513 5061 vel

1975 5093 2109 5144 mala
2151 5094 2390 5147 videlicet
2436 5096 2677 5164 exemplo
2706 5112 2803 5149 suo
2853 5097 3214 5159 monstrando,
3264 5097 3343 5151 vel
3374 5098 3511 5151 bona

1974 5189 2149 5233 nostra
2174 5197 2331 5249 opera
2359 5182 2661 5245 deridendo,
2697 5193 2786 5235 aut
2811 5186 2969 5237 etiam
3004 5184 3349 5252 prohibendo.
3379 5186 3514 5239 Con-

1974 5265 2233 5335 fugiamus
2287 5268 2451 5320 seduli
2507 5270 2571 5321 ad
2600 5271 2812 5323 domum
2856 5272 3135 5335 orationis,
3172 5274 3260 5327 ubi
3307 5280 3510 5327 secreta

1974 5354 2215 5407 libertate
2244 5356 2518 5408 Dominum
2550 5356 2871 5421 invocantes,
2899 5371 2953 5413 et
2980 5360 3046 5415 de
3068 5362 3331 5429 ταρφύς
3354 5361 3419 5412 ab
3448 5375 3513 5411 oo

862 5488 933 5558 :VI
970 5468 1110 5523 Tolle
1137 5472 1401 5538 grabatum
1442 5482 1604 5536 tuum,
1660 5488 1809 5541 porta
1852 5478 2073 5548 diligens
2104 5484 2399 5549 proximum
2450 5488 2621 5546 tuuin,
2668 5490 2926 5555 patienter
2971 5491 3085 5558 ejus
3132 5490 3339 5546 inﬁrma
3377 5491 3512 5545 tole-
