4266 6198
444 319 543 373 809

1234 312 1633 361 l-..\l.bl'.'ltt..-\.
1678 338 1738 345 η*
1778 306 2121 357 (ωηιιιλλΐ.
2164 306 2225 357 ικ
2266 304 2446 357 JU.\N.
2494 334 2554 340 -ς
2597 304 2715 355 l.lll.
2759 304 2837 355 Ill.

3515 301 3615 349 κιυ

449 425 602 499 511
639 434 684 476 et
718 418 855 475 Deus
890 430 995 471 erat
1033 418 1266 469 l'crbmn.
1318 416 1413 467 llic
1441 414 1711 480 :equaiitas
1744 428 1860 464 cum
1895 411 1988 461 Pa-
2016 418 2062 470 Α
2094 413 2358 478 subjunxit
2393 432 2401 461 :
2431 412 2607 467 (\Lns.
2657 410 2743 473 2U)
2772 408 2927 460 Pater
2968 409 3097 459 enim
3138 409 3301 474 diligit
3340 405 3553 468 lilium,
3580 420 3625 459 et

450 498 547 567 tre.
600 510 702 563 Sed
756 506 970 559 l'erbum
994 521 1112 556 curo
1136 504 1326 571 factum
1359 512 1451 560 est,
1482 511 1527 552 et
1555 500 1799 551 habitarit
1830 498 1988 548 inno—

453 602 564 653 bis:
604 600 705 653 hac
730 611 887 649 carne
915 594 1080 659 major
1109 600 1187 645 est
1216 592 1389 644 Pater.
1432 589 1506 641 lta
1541 589 1697 641 Pater
1721 597 1774 639 et
1810 600 1989 651 auma-

454 687 519 738 lis
546 691 599 737 ct
625 680 791 747 major
818 696 831 729 :
869 678 1086 747 :equalis
1117 677 1308 737 Verbo,
1349 673 1515 739 major
1551 688 1709 724 carne
1735 688 1746 731 ;
1778 670 1994 736 aqualis.

452 774 501 826 ei
526 786 619 839 per
656 782 809 836 quem
839 766 964 818 fecit
995 780 1105 825 nos,
1148 762 1314 828 major
1338 780 1402 813 eo
1446 762 1534 828 qui
1566 760 1736 811 factus
1765 768 1838 811 cst
1872 774 1993 825 pro-

455 866 571 927 pter
608 869 721 908 nos.
762 873 778 902 ι
818 851 1107 905 Commotis
1137 864 1261 901 vero
1294 858 1345 900 et
1382 847 1607 899 turbatis
1634 844 1847 905 Judzeis,
1876 844 1996 909 quia

457 962 512 998 se
533 944 785 1013 aequalem
829 941 1072 994 Christus
1108 939 1249 991 Patri
1283 937 1424 997 fecit,
1469 936 1558 1003 qui
1591 934 1853 987 hominem
1887 941 1997 982 tan-

458 1031 725 1086 tummodo
769 1028 1160 1085 intellexerunt,
1208 1040 1310 1077 non
1360 1025 1558 1084 Deum;
1599 1036 1810 1075 carnem
1852 1020 1995 1071 vitle—

462 1132 599 1183 runt,
631 1120 954 1173 divinitatem
990 1131 1092 1168 non
1117 1114 1450 1167 crediderunt
1476 1129 1489 1173 ;
1520 1113 1648 1164 dixit
1678 1112 1859 1172 enim:

534 1210 686 1260 Vens.
716 1207 793 1256 l9.
819 1234 885 1243 —
911 1203 1027 1255 Non
1044 1212 1202 1270 potest
1220 1219 1248 1252 a
1266 1217 1317 1252 se
1334 1200 1499 1251 Filius
1514 1200 1680 1265 facere
1699 1199 1995 1267 quidquam,

461 1297 556 1348 nisi
583 1294 716 1363 quod
742 1292 919 1343 ritlerit
954 1289 1154 1341 Putrem
1180 1289 1466 1355 facientem.
1498 1307 1513 1334 ε
1540 1300 1562 1325 α
1582 1286 1692 1338 Non
1719 1287 1820 1337 alia
1842 1302 1998 1352 opera

463 1384 587 1436 facit
617 1383 773 1433 Pater
812 1396 928 1445 quze
980 1376 1153 1430 videat
1205 1377 1385 1437 Filius,
1419 1386 1471 1427 ct
1524 1375 1624 1427 alia
1688 1373 1851 1426 l-‘ilius
1881 1392 2001 1426 cuin
2064 1432 2065 1437 η

462 1470 607 1541 (iis,
631 1467 765 1536 qna‘J
786 1466 968 1518 viderit
986 1464 1193 1517 Patrem
1210 1463 1514 1523 facientem;
1538 1461 1626 1513 sed
1649 1462 1829 1513 cadent
1845 1476 2001 1526 opera

460 1561 572 1629 ipse
612 1557 768 1609 Pater
812 1566 865 1606 ct
891 1554 1052 1607 Filius
1102 1552 1244 1605 facit.
1292 1551 1513 1604 Secutus
1555 1551 1693 1603 enim
1743 1549 1815 1601 ait
1854 1549 2001 1617 |.lls.,

462 1646 700 1713 sequitur
728 1642 892 1712 enim]
926 1659 937 1691 :
974 1640 1299 1707 Quwcunque
1329 1638 1413 1689 ille
1433 1638 1631 1704 fccerit,
1658 1637 1765 1687 Iurc
1791 1635 1881 1705 [et]
1913 1635 2005 1686 1πί-

2092 504 2259 554 omnia
2287 502 2594 552 demonstrat
2636 498 2682 550 ei
2730 515 2843 566 qutc
2884 499 2986 563 ipse
3015 498 3157 562 furit.
3223 495 3286 547 lit
3325 498 3622 548 ostenderet

2092 606 2297 641 otnnem
2346 591 2479 642 hanc
2510 588 2682 639 Patris
2723 585 3223 637 demonstrationem
3266 584 3381 635 fidei
3433 594 3623 635 nostru-

2093 695 2208 731 ('ssc
2258 680 2567 730 dtu-trinam.
2615 677 2677 729 [ι
2709 677 2909 729 scilicet
2959 686 3005 726 ct
3042 676 3194 727 Pater
3245 664 3393 727 nobis
3423 678 3475 729 in
3502 694 3624 727 (θυιδ-

2095 768 2321 818 fessiet-t-
2348 776 2484 816 (fsbl‘l
2528 774 2574 814 et
2612 764 2776 815 Filius
2802 781 2813 822 ;
2859 774 2908 814 et
2942 782 3005 814 ην
3060 780 3159 829 qua
3189 764 3447 825 ignoratio
3472 766 3519 814 in
3546 765 3625 814 l-"i-

2097 854 2165 904 lio
2202 864 2377 919 posset
2421 853 2659 916 intoligi,
2721 852 2803 901 cui
2864 851 3018 902 Pater
3064 867 3221 917 opera
3280 854 3454 903 otnnia
3510 868 3624 919 quo

2101 943 2208 1009 ipse
2240 943 2453 999 faceret,
2513 950 2849 1000 monstraret,
2893 942 3141 991 continuo
3170 942 3240 991 ait
3275 958 3285 990 :
3320 940 3381 992 lit
3430 942 3626 1007 utujom

2097 1030 2449 1096 ltorumopcru
2494 1029 2856 1079 demonstrabit
2881 1030 2943 1089 ei,
2991 1040 3040 1079 ut
3088 1044 3168 1079 ros
3218 1028 3559 1080 admiremini.

2703 1159 2921 1212 (ΙᾹΡΓΤ
2964 1160 3024 1211 Χ.

2103 1250 2250 1313 Quod
2279 1251 2407 1301 sicut
2444 1250 2597 1300 I’ntcr
2617 1251 2825 1299 suscitat
2872 1260 3112 1305 mortuos,
3142 1251 3211 1299 sic
3260 1261 3303 1301 ct
3353 1248 3551 1311 Filius;
3598 1263 3640 1303 et

2168 1320 2301 1383 quod
2342 1319 2608 1382 u-qunlitcr
2640 1334 2751 1369 cum
2811 1318 2963 1367 l’utre
2991 1320 3054 1367 sit
3102 1318 3458 1377 honorandus,
3486 1334 3491 1337 '
3516 1330 3560 1369 ct
3586 1323 3637 1370 in

2170 1387 2303 1452 quod
2335 1386 2589 1436 crrdt-ntes
2614 1396 2872 1436 transeant
2922 1386 3163 1436 demorte
3190 1386 3255 1437 ad
3299 1390 3467 1438 ritum.
3516 1387 3638 1439 l'cn-

2171 1465 2336 1503 turum
2361 1471 2556 1520 quoque
2577 1456 2868 1520 pronuntiat
2906 1454 3101 1512 Itorttnt,
3146 1470 3245 1521 qua
3263 1455 3323 1505 de
3347 1473 3638 1507 monumen-

2172 1523 2237 1572 tis
2267 1522 2381 1572 boni
2421 1522 2640 1588 malique
2670 1531 2947 1586 resurgunt.

2179 1634 2335 1683 Vtilis.
2369 1633 2455 1684 ‘ll.
2489 1662 2553 1670 --·
2590 1632 2730 1682 Sicut
2771 1632 2901 1683 enim
2956 1631 3111 1683 l'ttter
3140 1636 3349 1684 suscitat
3389 1646 3640 1692 mortuos,

462 1734 561 1786 σα,
590 1730 822 1788 similiter
846 1728 1116 1798 fucum,“
1146 1742 1264 1780 cum
1294 1727 1377 1778 me
1407 1725 1609 1786 {ccci-il,
1629 1725 1727 1777 alia
1746 1725 1904 1777 Filius
1932 1725 1999 1777 si-
2036 1714 2074 1769 Β
2104 1731 2148 1771 et
2180 1721 2418 1785 riri/icut,
2445 1722 2515 1771 sic
2543 1732 2585 1770 et
2616 1719 2783 1770 Filius
2806 1736 2930 1788 quos
2975 1720 3076 1770 rult
3119 1723 3356 1787 rivi/ient.
3390 1724 3458 1774 Ea
3499 1726 3637 1776 enim

465 1827 659 1879 militer
671 1823 796 1877 facit
811 1841 822 1873 :
839 1823 927 1875 sed
941 1836 1251 1889 quacunque
1265 1817 1346 1869 ille
1360 1818 1551 1885 fecerit,
1567 1817 1674 1868 lucc
1687 1826 1731 1867 et
1749 1814 1916 1866 Filius
1938 1816 2001 1865 si-

465 1913 649 1966 mili:er
684 1910 826 1978 facit.
856 1910 911 1960 Si
944 1910 1054 1961 hzec
1098 1906 1221 1958 facit
1247 1904 1411 1956 Filius
1458 1919 1572 1971 quae
1616 1903 1799 1957 fecerit
1825 1902 1995 1962 Pater,

464 2018 558 2070 per
613 1997 801 2053 Filium
857 1996 980 2050 facit
1026 1994 1213 2056 Pater;
1248 1996 1290 2045 si
1341 2007 1434 2061 per
1465 1992 1655 2044 Filium
1697 1992 1820 2044 facit
1847 1990 2003 2043 Pater

466 2105 581 2157 quze
627 2088 781 2150 facit,
819 2101 921 2139 non
977 2084 1076 2137 alia
1129 2083 1299 2144 Pater,
1354 2082 1455 2135 alia
1513 2080 1674 2132 Filius
1714 2079 1873 2139 facit,
1911 2078 2000 2131 sed

465 2180 649 2231 eadem
675 2190 832 2244 opera
878 2181 1000 2226 sunt
1042 2171 1212 2225 Patris
1234 2181 1282 2223 et
1311 2170 1446 2223 Filii.
1503 2170 1567 2221 Et
1615 2170 1876 2236 quomodo
1912 2183 2001 2221 ea-

465 2267 584 2319 dem
636 2264 780 2317 facit'
815 2263 1007 2321 Filius,
1046 2261 1228 2313 eadem
1265 2268 1317 2313 et
1365 2259 1518 2310 Pater
1564 2258 1806 2311 similiter
1836 2258 1883 2309 ιδ.
1929 2257 2003 2309 Nc

468 2356 601 2407 forte
622 2353 823 2414 eadem,
850 2352 940 2405 sed
963 2349 1313 2403 dissimiliter:
1344 2346 1559 2410 Eadem,
1588 2347 1775 2413 inquit,
1792 2356 1836 2397 et
1863 2347 2004 2397 simi-

467 2424 599 2495 lier.
625 2443 690 2494 Et
710 2440 970 2508 quomodo
985 2439 1149 2507 possit
1170 2437 1350 2490 eadem
1368 2451 1469 2488 non
1488 2435 1751 2493 similiter,
1779 2445 1798 2467 '-
1834 2454 1849 2482 ι
1880 2434 2001 2486 dum

465 2532 659 2591 omnia,
698 2544 813 2596 qua:
846 2527 1000 2580 Pater
1027 2526 1171 2589 facit,
1222 2541 1317 2594 per
1342 2525 1530 2578 Filium
1562 2525 1681 2578 facit
1704 2525 1725 2575 ?
1752 2523 1896 2576 Sicut
1928 2524 2004 2575 di-

464 2629 606 2674 ctum
634 2628 713 2671 est
741 2659 751 2668 .
783 2615 967 2671 Omnia
1000 2632 1090 2685 per
1119 2616 1286 2683 ipsum
1310 2615 1446 2681 facta
1487 2625 1624 2676 sunt,
1658 2624 1704 2665 et
1749 2615 1858 2665 sine
1895 2615 2003 2681 ipso

467 2712 658 2775 factum
708 2704 953 2758 estnihil.
1016 2703 1134 2757 Ideo
1160 2702 1400 2756 similiter
1441 2703 1589 2762 dixit,
1652 2702 1776 2768 quia
1827 2702 2002 2752 eadem

468 2798 589 2865 facit
628 2795 674 2847 Γ
678 2795 819 2858 ilius,
850 2812 965 2864 quia
991 2796 1113 2863 facit
1143 2805 1188 2848 et
1217 2794 1373 2847 Pater
1405 2810 1418 2846 :
1452 2795 1575 2862 quia
1615 2810 1715 2846 una
1750 2793 1929 2846 Patris
1953 2802 2005 2845 et

470 2882 585 2937 Filii
626 2885 676 2935 in
706 2884 977 2936 divinitate
1002 2883 1307 2936 substantia:
1336 2890 1414 2935 est
1436 2881 1581 2951 μη,
1615 2880 1906 2935 substantia
1931 2878 2004 2950 et]

470 2974 724 3042 operatio,
752 2990 852 3027 una
878 2974 1116 3027 voluntas
1129 2982 1181 3026 et
1201 2981 1452 3042 potestas,
1484 2989 1584 3026 una
1614 2976 1720 3025 vita
1756 2982 1807 3028 ct
1833 2989 2007 3028 essen-

471 3062 563 3124 ‘ia,
608 3061 896 3129 ettequalia
938 3063 1113 3115 omnia
1162 3072 1283 3115 sunt
1338 3063 1390 3115 in
1419 3062 1573 3115 Patre
1628 3071 1681 3115 et
1722 3062 1875 3124 Filio,
1906 3064 2004 3115 nisi

410 3186 411 3189 η
468 3151 608 3220 quod
627 3150 779 3203 Pater
805 3159 953 3217 pater
970 3160 1068 3213 est,
1120 3161 1173 3205 et
1205 3150 1369 3204 Filius
1410 3152 1547 3205 filius
1573 3161 1671 3205 est.
1714 3151 1989 3218 Separatio

468 3249 548 3293 est
594 3239 645 3292 in
664 3239 922 3305 personis,
950 3238 1039 3292 sed
1072 3242 1247 3292 unitas
1278 3240 1328 3293 in
1354 3248 1561 3292 natura.
1592 3239 1711 3291 Non
1744 3240 1875 3291 enim
1904 3255 1999 3307 po-

468 3336 561 3380 test
593 3325 762 3378 Filius
784 3343 815 3377 a
844 3342 896 3378 se
923 3324 1504 3395 fucerequidquam,nisi
1524 3326 1659 3394 quod
1690 3326 1868 3378 rideri:
1900 3325 2001 3376 Pa-

470 3426 597 3468 trem
617 3416 905 3484 facientem.
954 3412 1066 3465 Non
1112 3415 1360 3466 debemus
1390 3414 1671 3467 carnaliter
1710 3414 2004 3481 intelligere

472 3505 607 3555 hanc
645 3502 983 3567 sententiam,
1019 3518 1036 3547 ι
1067 3499 1090 3537 d
1126 3502 1274 3566 quasi
1297 3503 1515 3554 duorum
1542 3502 1809 3552 hominum
1834 3500 2004 3553 Patris

471 3600 523 3640 ct
566 3588 702 3651 Filii,
739 3587 893 3639 unius
931 3587 1276 3647 ostendentis,
1308 3588 1521 3637 alterius
1547 3589 1799 3648 videntis;
1850 3589 2005 3639 unius

470 3678 752 3747 loquentis,
796 3676 1011 3729 alterius
1066 3675 1354 3737 audientis;
1413 3691 1528 3742 qum
1572 3677 1746 3726 oumia
1786 3677 2004 3741 phanta—

471 3776 637 3819 smata
675 3766 848 3819 cordis
877 3772 1015 3817 sunt.
1059 3783 1076 3812 ι
1108 3763 1253 3815 Talis
1288 3763 1537 3830 tv'ogitatio
1564 3762 1791 3828 procula
1831 3772 2004 3828 pecto-

471 3856 615 3907 ribus
640 3853 953 3907 Christianis
992 3853 1297 3920 expellenda
1345 3861 1441 3905 est.
1499 3853 1635 3920 Ergo
1691 3854 1752 3904 de
1782 3851 1913 3904 Filio
1955 3862 2005 3904 et

471 3941 625 3994 Patre
665 3939 940 4007 prtesentis
982 3939 1131 3992 docet
1152 3938 1389 3990 lectionis
1414 3939 1725 4005 exemplum,
1756 3940 1878 4005 quia
1910 3956 2005 3991 nec

473 4029 627 4082 Pater
654 4028 906 4081 minorem
930 4041 1085 4094 quam
1117 4025 1300 4085 Filius,
1353 4040 1448 4078 nec
1492 4025 1579 4076 Dei
1630 4025 1794 4077 Filius
1836 4027 2001 4093 majo-

475 4127 605 4175 rem,
646 4122 806 4181 quam
835 4111 990 4164 Pater
1026 4112 1183 4165 habet
1209 4126 1484 4178 personam
1533 4122 1574 4169 ο,
1631 4127 1748 4163 ('lllll
1780 4110 1924 4163 Patri
1954 4126 2007 4167 et

474 4202 605 4257 Filio
628 4203 769 4255 nulla
795 4204 1039 4256 distantia
1057 4203 1348 4256 divinitatis
1384 4203 1470 4265 sit,
1495 4202 1586 4256 sed
1610 4218 1709 4255 una
1734 4203 2004 4273 niajo‘stas.

474 4290 620 4353 Quoi]
651 4292 791 4344 enim
813 4293 889 4344 ait
908 4292 1098 4345 Filium
1130 4292 1258 4345 nihil
1297 4291 1491 4355 facere,
1552 4294 1651 4345 nisi
1679 4300 1820 4364 quod
1866 4300 2006 4352 vide-

437 4446 439 4449 .
477 4378 544 4430 rit
572 4378 775 4431 Patrem
840 4377 1138 4441 facientem,
1186 4394 1288 4431 non
1327 4381 1674 4447 corporaliter
1716 4386 2008 4455 intelligen-

476 4466 598 4516 tlum
616 4473 713 4525 est,
747 4465 867 4532 quia
918 4481 1021 4520 non
1048 4464 1408 4531 corporalibus
1432 4464 1602 4520 modis
1644 4468 1782 4521 Deus
1824 4470 2002 4527 videt:

477 4549 567 4600 sed
594 4550 736 4602 visus
758 4552 806 4602 ei
835 4552 1004 4604 omnis
1032 4552 1083 4604 in
1112 4551 1305 4603 virtute
1321 4559 1522 4605 natura:
1541 4562 1649 4617 est;
1678 4546 1848 4623 neque
1869 4558 2008 4612 enim

478 4634 691 4697 partitio
722 4649 835 4687 esse
867 4639 1058 4703 poterit
1105 4639 1155 4691 in
1200 4640 1425 4709 simplici
1452 4650 1637 4695 natura
1682 4643 2007 4707 divinitatis;

479 4719 569 4771 sed
594 4718 753 4789 [idem
786 4721 886 4791 est]
939 4723 1073 4778 Filio
1095 4728 1273 4781 videre
1309 4730 1481 4785 Patris
1501 4747 1678 4800 opera,
1708 4748 1825 4787 cum
1856 4733 2009 4787 Patre

477 4808 747 4875 aequaliter
776 4810 970 4871 facere,
1010 4812 1133 4878 quia
1162 4815 1298 4869 idem
1321 4827 1401 4871 est
1430 4819 1562 4873 Filio
1590 4821 1768 4875 videre
1795 4830 1847 4876 ct
1870 4836 2005 4875 esse.

478 4892 598 4947 Ideo
624 4895 881 4963 subjecit:
908 4895 1096 4950 Omnia
1135 4902 1265 4954 enim
1296 4920 1610 4975 quacunque
1659 4908 1783 4975 facit
1832 4908 2007 4971 Pater,

479 4981 655 5032 eadem
674 4993 721 5035 et
746 4982 919 5037 Filius
956 4985 1078 5053 facit
1100 4988 1350 5041 similiter.
1377 4990 1828 5059 Significationem
1856 4998 2012 5051 unius

480 5076 681 5121 natura:
709 5073 938 5124 ostendit
992 5082 1045 5126 et
1065 5076 1219 5128 unius
1243 5078 1583 5144 operationis,
1629 5084 1751 5148 quia
1778 5098 2012 5151 commu-

479 5155 563 5209 nis
585 5154 713 5233 [est]
743 5160 982 5226 operatio
1024 5161 1196 5217 Patris
1221 5174 1275 5218 et
1322 5165 1459 5227 Filii,
1500 5183 1723 5236 quorum
1778 5181 1862 5225 est
1907 5190 2009 5226 una

479 5253 687 5311 natura,
740 5262 842 5301 una
875 5248 1032 5301 etiam
1081 5262 1135 5304 et
1158 5256 1413 5322 operatio.
1460 5255 1580 5310 Ideo
1628 5271 2011 5328 consequenter

612 5332 673 5403 ἓ.
700 5335 836 5403 Aug.
866 5334 1061 5390 ibidem
1080 5352 1225 5392 num.
1254 5342 1307 5395 8.

506 5470 514 5478 .
549 5400 713 5483 “ﬁt:
742 5400 949 5483 ειᾎιιεο
983 5420 1000 5483 ἶ
1034 5404 1435 5483 ἢεεειυοωοάο
1462 5412 1644 5465 eadem
1685 5410 1810 5464 facit
1834 5424 1885 5466 et
1920 5415 2009 5466 Fi-

481 5469 616 5521 lius?
657 5479 713 5523 et
736 5469 922 5526 eadem
952 5480 1006 5523 et
1039 5469 1300 5528 similiter.
1342 5498 1358 5526 ι

551 5550 569 5573 ι
621 5537 895 5604 ﬂuensque
938 5547 1151 5594 sanctus
1176 5542 1509 5608 Augustinus,
1539 5549 1652 5598 loco
1686 5548 1865 5599 citato.

907 5632 1170 5688 Parnm.
1210 5630 1278 5689 (ἶ.

2106 1810 2314 1860 Patrem
2371 1809 2849 1860 demonstraturum
2895 1808 3026 1859 Filio
3059 1810 3186 1861 dicit
3220 1827 3335 1877 qua:
3367 1814 3641 1864 mirentur.

2105 1896 2163 1947 lit
2196 1912 2310 1962 qua“:
2336 1898 2516 1949 eadem
2548 1907 2723 1949 essent
2752 1897 2859 1956 illa,
2910 1914 3026 1948 nios
3065 1898 3236 1949 docuit
3274 1916 3283 1948 :
3318 1900 3458 1951 Sicut
3508 1903 3637 1951 enim

2107 1982 2261 2036 Pater
2281 1987 2490 2037 suscitat
2515 1998 2760 2047 mortuos,
2778 1989 2849 2037 sic
2867 1998 2911 2037 et
2938 1986 3103 2037 Filius
3125 2006 3246 2055 quos
3276 1990 3377 2040 rult
3403 1992 3641 2056 riri/tcut.

2103 2072 2384 2139 Exsequata
2438 2075 2603 2125 virtus
2640 2083 2720 2126 est
2771 2075 3097 2128 itulissimilis
3135 2093 3223 2144 per
3263 2089 3464 2131 natura:
3493 2079 3643 2148 μὴ..

2105 2174 2201 2227 per
2223 2170 2431 2213 natura:
2465 2162 2815 2227 indissitnilis]
2876 2165 3153 2223 unitatem,
3192 2177 3241 2217 et
3269 2169 3649 2221 demonstratio

2104 2267 2318 2317 operum
2353 2265 2452 2301 non
2489 2252 2831 2319 ignorationis
2882 2254 3157 2307 instructio
3186 2266 3288 2316 est,
3323 2260 3411 2310 Sed
3452 2267 3643 2313 nostra:

2106 2336 2223 2389 fidei
2298 2354 2413 2405 qua:
2445 2338 2599 2407 512
2630 2356 2730 2391 non
2764 2339 2893 2393 Filio
2937 2343 3209 2395 scientiam
3263 2345 3639 2411 ignoratorutn,

2104 2430 2197 2482 sed
2230 2430 2380 2483 nobis
2418 2430 2802 2483 confessionem
2839 2433 3128 2486 nativitatis
3161 2435 3375 2488 invexit.
3422 2436 3643 2489 Demon-

2105 2528 2275 2571 strare
2303 2520 2439 2571 enim
2459 2520 2774 2580 Patrem,cst
2811 2536 2901 2587 per
2930 2521 3115 2573 Filium
3137 2522 3308 2577 facere
3338 2539 3453 2591 quae
3479 2527 3636 2578 factu-

2108 2625 2198 2662 rus
2224 2620 2321 2663 est.
2353 2608 2479 2661 Nam
2512 2609 2707 2674 majora
2732 2626 2888 2677 opera
2922 2620 3041 2661 sunt
3066 2614 3379 2664 resurrectio
3412 2622 3642 2665 mortuo-

2108 2711 2220 2747 rum
2249 2711 2364 2762 quze
2391 2697 2487 2747 erit
2527 2697 2577 2747 in
2602 2697 2887 2748 novissimo
2916 2697 3020 2760 die,
3044 2714 3197 2765 quam
3225 2700 3374 2752 istius
3397 2700 3646 2768 languen-

2107 2792 2175 2836 tis
2201 2784 2419 2843 sanitas,
2475 2784 2561 2850 qui
2612 2784 2805 2837 Christi
2853 2787 3011 2838 verbo
3046 2796 3262 2839 sanatus
3292 2798 3389 2839 est.
3440 2788 3515 2843 Ex
3543 2805 3648 2858 quo

2107 2881 2227 2925 nata
2252 2881 2332 2925 est
2378 2872 2530 2937 lmjus
2571 2874 2779 2925 occasio
2817 2881 2925 2927 tota
2972 2878 3264 2941 sermonis;
3296 2879 3418 2932 dicit
3461 2879 3600 2934 enim
3632 2900 3641 2931 :

2110 2960 2175 3014 Ut
2200 2978 2286 3014 ros
2308 2962 2580 3013 miremini.
2614 2981 2629 3010 ι
2679 2960 2694 2998 τ
2724 2962 2786 3015 Et
2813 2964 2911 3017 hoc
2938 2964 3157 3032 difficile
3173 2977 3253 3019 est
3283 2969 3481 3032 videre,
3512 2985 3643 3038 quo-

2108 3050 2263 3103 modo
2293 3058 2540 3116 tanquam
2572 3053 2933 3118 temporaliter
2978 3053 3113 3108 Filio
3158 3065 3421 3110 comtcrno
3469 3059 3641 3128 aliqua

2105 3140 2485 3193 demonstraret
2513 3149 2743 3194 aeternus
2770 3140 2944 3201 Pater,
2969 3145 3142 3197 omnia
3171 3148 3356 3201 scienti
3385 3164 3499 3216 quae.
3527 3161 3647 3203 sunt

2103 3228 2239 3295 apud
2281 3226 2511 3281 Patrem.
2554 3227 2681 3293 Qua:
2724 3240 2846 3283 sunt
2896 3240 3071 3286 tamen
3115 3233 3200 3287 illa
3248 3237 3484 3304 majora?
3535 3239 3642 3292 Hoc

2100 3318 2241 3369 enim
2270 3316 2421 3371 facile
2447 3328 2526 3371 est
2554 3318 2858 3387 intelligere.
2894 3319 3039 3373 Sicut
3068 3312 3200 3375 enim
3255 3322 3429 3389 Pater,
3452 3328 3644 3399 inquit,

2102 3405 2313 3456 suscitat
2334 3416 2561 3457 mortuos
2578 3416 2623 3457 et
2654 3405 2891 3472 ririficat,
2919 3408 2991 3459 sic
3014 3420 3060 3460 et
3087 3408 3256 3463 Filius
3279 3428 3406 3481 quas
3440 3414 3542 3465 rult
3569 3416 3642 3466 vi-

2103 3491 2291 3557 riﬁcat.
2337 3491 2527 3557 Majora
2555 3507 2679 3560 ergo
2713 3504 2835 3545 sunt
2880 3510 3037 3562 opera
3085 3509 3321 3555 mortuos
3367 3504 3642 3563 suscitare,

2104 3593 2260 3645 quam
2315 3578 2587 3647 languidos
2630 3595 2836 3633 sanare.
2892 3583 2995 3636 Sed
3042 3588 3169 3639 sicut
3216 3589 3426 3639 suscitat
3490 3586 3646 3642 Pater

2105 3678 2329 3719 mortuos
2356 3680 2401 3720 et
2445 3670 2686 3736 ririﬁcat,
2733 3673 2804 3723 sic
2826 3682 2870 3724 et
2910 3672 3075 3727 Filius
3100 3677 3351 3744 quosrult
3402 3677 3640 3745 ririﬁcat.
3708 3719 3713 3725 .

2107 3754 2217 3806 Non
2248 3757 2379 3809 alios
2406 3773 2532 3825 ergo
2562 3758 2738 3823 Pater,
2796 3764 2926 3817 alios
2948 3765 3109 3818 Filius
3151 3785 3161 3816 :
3207 3768 3295 3820 sed
3339 3768 3513 3821 onmia
3553 3784 3644 3840 per

2107 3844 2272 3911 ipsum
2295 3863 2307 3908 ;
2364 3847 2503 3913 ipsos
2533 3848 2710 3918 itaque
2736 3851 2901 3906 Filius
2926 3870 3056 3923 quos
3093 3863 3145 3907 et
3170 3854 3321 3909 Pater
3356 3875 3368 3912 :
3394 3858 3513 3924 quia
3538 3874 3640 3912 non

2106 3936 2231 3998 alia,
2287 3954 2393 3989 nec,
2422 3940 2591 4001 aiiler,
2653 3943 2742 3995 sed
2767 3944 2875 3997 lta'c
2896 3943 3063 3997 Filius
3107 3947 3339 3999 similiter
3381 3949 3523 4015 facit.
3571 3950 3642 4003 lla

2107 4024 2259 4090 plane
2304 4025 2691 4097 intelligendum
2719 4039 2815 4090 cst,
2862 4042 2914 4084 ct
2944 4032 3013 4085 ita
3039 4035 3319 4088 tenendum
3352 4052 3365 4089 :
3394 4038 3484 4090 sed
3532 4054 3637 4093 mc-

2111 4123 2358 4174 mcnlote,
2384 4118 2503 4185 quin
2536 4116 2701 4172 Filius
2729 4138 2852 4190 quos
2884 4122 2983 4173 rult
3034 4124 3273 4191 e'riﬁcat.
3328 4124 3524 4179 Tercle
3560 4126 3644 4178 hic

2107 4216 2234 4268 ergo
2259 4218 2359 4256 non
2374 4205 2537 4255 solum
2552 4216 2859 4271 potestatem
2876 4208 3013 4271 Filii,
3038 4225 3218 4263 verum
3232 4211 3388 4265 etiam
3407 4213 3641 4265 volunta-

2034 4326 2082 4383 υ
2110 4300 2214 4342 tem
2242 4288 2386 4359 μιεη
2405 4300 2457 4342 et
2480 4294 2799 4347 voluntatem
2817 4296 3029 4366 Patris].
3055 4297 3221 4350 Filius
3235 4313 3365 4365 quos
3390 4300 3497 4351 vult
3521 4301 3645 4352 vivi-

2111 4375 2251 4442 ficat,
2303 4388 2354 4431 et
2379 4378 2534 4433 Pater
2580 4397 2710 4449 quos
2736 4384 2845 4435 vult
2900 4385 3127 4438 vivificat
3161 4404 3172 4437 :
3203 4395 3255 4438 et
3288 4387 3427 4455 ipsos
3457 4387 3642 4450 Filius,

2110 4480 2241 4534 quos
2266 4476 2318 4518 et
2345 4466 2498 4521 Pater
2527 4488 2537 4520 :
2571 4486 2630 4522 ac
2652 4486 2745 4540 per
2772 4474 2869 4526 hoc
2906 4475 3084 4528 eadem
3124 4475 3293 4529 Patris
3312 4484 3363 4529 et
3397 4476 3515 4531 Filii
3547 4477 3641 4549 [et]

2108 4570 2340 4629 potestas
2366 4572 2445 4613 cst
2479 4572 2531 4616 ct
2564 4565 2820 4625 voluntas,
2846 4588 2861 4616 ι
2890 4568 3070 4620 eadem
3108 4584 3315 4636 quoque
3344 4570 3448 4621 vita
3488 4578 3539 4622 et
3570 4570 3642 4622 vi-

2110 4648 2337 4701 viticatio
2362 4659 2707 4703 mortuorum.
2741 4652 2803 4703 Et
2829 4654 2942 4705 ideo
2967 4655 3089 4705 dicit
3120 4673 3129 4704 :
3162 4653 3306 4706 Sicut
3342 4645 3497 4707 Pater
3530 4672 3641 4709 sus-

2110 4736 2229 4785 citat
2258 4746 2504 4796 mortuos,
2523 4746 2567 4788 et
2590 4738 2808 4805 viri/ica!
2837 4756 2962 4807 quos
2993 4741 3117 4802 rult,
3148 4742 3221 4794 sic
3246 4754 3289 4794 et
3325 4742 3495 4798 Filius
3518 4761 3644 4813 quos

2108 4825 2213 4877 vult
2263 4826 2507 4892 riviﬁcat.
2559 4826 2669 4882 Non
2694 4830 2833 4882 enim
2863 4830 2992 4883 alios
3020 4831 3194 4893 Pater,
3227 4834 3358 4887 alios
3386 4820 3645 4887 Filiusvi-

2109 4911 2310 4974 vilieat;
2344 4913 2432 4967 sed
2471 4930 2571 4967 una
2604 4924 2834 4982 potestas
2869 4932 3023 4971 uuam
3050 4918 3451 4973 vivificationem
3482 4919 3641 4981 facit;

2108 5014 2222 5065 qua:
2246 5000 2402 5053 etiam
2425 5011 2657 5070 potestas
2685 5018 2788 5055 uno
2815 5004 3013 5056 honore
3040 5006 3345 5060 honoranda
3379 5015 3459 5058 est
3508 5006 3640 5075 [Al.,

2108 5086 2444 5156 veneranda].
2471 5087 2535 5140 Et
2557 5087 2673 5140 ideo
2696 5100 3073 5155 consequenter
3093 5090 3359 5157 sulzjunxit
3386 5132 3396 5144 .

2177 5174 2333 5228 Vsus.
2375 5174 2465 5235 2%,
2494 5175 2583 5228 23.
2635 5204 2703 5214 —
2737 5172 2893 5225 Pater
2915 5178 3048 5228 enirn
3079 5193 3179 5230 non
3219 5178 3426 5244 judicat
3472 5197 3641 5249 quem-

2107 5277 2278 5328 quum,
2310 5262 2399 5315 sed
2422 5277 2569 5313 omne
2590 5261 2844 5328 judicium
2867 5262 3003 5314 dedit
3030 5261 3189 5326 Filio,
3213 5277 3265 5316 ut
3287 5283 3459 5319 omnes
3485 5270 3641 5318 hono-

2175 5349 2199 5386 ἀ
2261 5350 2335 5401 Ex
2362 5349 2419 5401 S.
2468 5349 2602 5416 Aug.
2638 5349 2817 5402 Tract.
2842 5367 2951 5411 xix,
2980 5367 3126 5404 num.
3155 5353 3201 5405 l.

2180 5430 2201 5454 ο
2246 5417 2339 5468 Ms.
2382 5435 2399 5465 ι
2456 5414 2586 5479 Quia
2616 5432 2712 5469 nec
2738 5416 2891 5471 Pater
2913 5420 3167 5473 minorem
3196 5421 3371 5483 habet,
3401 5437 3499 5474 nec
3526 5439 3643 5476 nia.

2105 5485 2269 5549 jorcm
2309 5484 2397 5535 Dei
2426 5484 2624 5537 Filius:
2656 5500 2841 5537 cum...
2882 5508 2899 5531 ι
2988 5500 2991 5501 ⁷

2183 5556 2197 5587 ί
2244 5552 2314 5601 lix
2347 5552 2403 5600 S.
2437 5554 2567 5618 Aug.
2599 5552 2773 5605 'l'ract.
2815 5570 2922 5611 sis,
2945 5570 3090 5605 ntnn.
3116 5555 3168 5617 4,
3194 5555 3244 5607 5.

3246 5648 3323 5708 26
