4266 6208
643 335 736 387 κιι

1458 320 1514 371 Β.
1558 319 1616 371 F.
1658 318 1875 372 ALBINI
1919 319 2046 374 SEU
2087 318 2355 374 ALCUIN-l
2395 317 2672 374 OPERUM
2710 315 2886 370 PARS
2924 316 2964 372 ll

3734 318 3840 372 812

647 437 840 501 riﬁccnt
864 430 1073 495 Fitimu,
1098 434 1226 483 sicut
1248 430 1585 498 honoriﬁcam
1602 426 1828 482 Patrem.
1862 427 1963 493 Qui
1985 430 2189 481 uouho-
2218 434 2262 489 Α
2363 417 2518 481 Vens.
2557 428 2901 482 ‘26.——Amen
2938 445 3084 482 auten
3122 422 3234 492 dico
3258 431 3415 493 vobis,
3455 429 3575 498 quia
3614 432 3700 496 qui
3732 446 3839 486 ωτ-

647 523 879 591 uoriﬁcat
910 519 1139 583 Patrem,
1177 537 1276 573 non
1302 520 1605 588 honoriﬁcat
1641 518 1857 572 Filium.
1897 518 2053 572 Pater
2079 534 2183 572 non

643 609 840 676 iudicat
875 625 1212 679 quemquam,
1266 610 1389 677 quia
1429 607 1604 661 Patris
1633 622 1865 675 persona
1918 608 2183 661 hominem

647 712 749 751 non
784 699 1031 768 suscepit,
1062 714 1159 751 nec
1197 700 1248 750 in
1279 698 1477 766 judicio
1501 697 1764 751 videbitur
1791 716 1803 750 :
1829 698 1922 752 sed
1959 697 2071 752 sola
2096 698 2185 751 Fi-

648 787 700 838 lii
739 801 982 854 persona,
1032 786 1085 839 in
1110 800 1171 839 ea
1200 784 1364 838 forma
1391 801 1506 854 qua:
1524 786 1760 855 judicata
1790 795 1873 840 est
1898 784 2111 853 injuste,
2132 794 2184 839 et

645 876 782 941 juste
801 873 1055 940 judiiabit
1084 875 1226 927 vivos
1273 890 1335 927 ac
1365 883 1620 928 mortuos.
1669 873 1775 928 Nec
1830 876 1971 928 enim
2020 876 2183 929 Filius

647 963 909 1016 videbitur
936 962 1204 1029 injudicio
1234 965 1283 1016 in
1310 979 1371 1016 ea
1404 974 1589 1016 natura
1630 979 1730 1031 qua
1760 966 2183 1019 consubstantia-

647 1053 704 1105 lis
734 1060 815 1106 εει
845 1053 951 1105 Deo
972 1052 1137 1113 Patri,
1185 1053 1277 1106 sed
1300 1053 1351 1104 iu
1386 1068 1444 1106 ea
1479 1068 1581 1120 qua
1612 1054 2075 1107 consubstantialis
2102 1063 2183 1108 est

646 1145 821 1205 matri,
866 1152 919 1196 ει
956 1145 1111 1197 homo
1154 1142 1326 1196 factus
1347 1152 1447 1197 est.
1503 1144 1578 1197 Ita
1629 1144 2025 1212 intelligendum
2055 1153 2177 1197 est:

649 1230 803 1281 Pater
830 1247 929 1282 non
946 1231 1148 1297 judimt
1177 1247 1500 1300 quemquam,
1527 1231 1615 1283 sed
1654 1247 1799 1284 omne
1813 1231 2071 1299 judicium
2094 1232 2183 1286 de-

644 1316 715 1371 dit
766 1318 941 1381 Filio;
997 1308 1135 1372 acx'si
1190 1319 1456 1373 diceretur
1496 1337 1508 1371 :
1546 1319 1755 1373 Patrem
1798 1333 1953 1373 nemo
1984 1320 2183 1375 videbit

645 1409 695 1459 in
710 1407 913 1474 judicio
943 1408 1179 1460 vivorum
1203 1415 1256 1459 et
1279 1418 1622 1469 mortuorum,
1649 1408 1938 1462 sedomnes
1958 1408 2178 1472 Filium;

644 1498 765 1563 quia
800 1506 853 1550 et
904 1497 1040 1550 ﬁlius
1090 1497 1317 1550 hominis
1346 1506 1445 1559 εει,
1498 1506 1555 1550 ιιι
1593 1499 1761 1566 possit
1810 1506 1864 1551 et
1916 1499 1982 1551 ab
2003 1498 2181 1566 impiis

643 1589 830 1651 videri,
886 1604 1005 1642 cum
1032 1596 1084 1641 et
1113 1588 1187 1641 illi
1235 1589 1484 1641 videbunt
1525 1590 1576 1641 in
1624 1603 1778 1657 quem
1824 1598 2177 1658 pupugerunt.

646 1680 793 1742 Quod
817 1692 884 1731 ne
905 1678 1167 1746 conjicere
1214 1677 1388 1744 potius
1426 1693 1583 1746 quam
1611 1686 1791 1746 aperte
1820 1678 2181 1732 demonstrare

2286 517 2401 569 bum
2424 534 2590 571 meum
2615 518 2779 582 audit,
2802 529 2847 571 ct
2873 520 3030 571 credit
3052 520 3118 580 ei,
3147 521 3234 589 qui
3269 519 3405 573 misit
3440 536 3539 583 me,
3577 521 3727 574 habet
3764 521 3843 576 vi-

2284 614 2388 657 tam
2413 616 2677 669 aeternam,
2700 616 2743 659 et
2776 608 2827 659 in
2848 606 3107 675 judicium
3144 624 3245 660 non
3280 608 3462 663 veniet.
3500 608 3588 660 sed
3624 609 3840 662 transiet

2283 712 2314 746 a
2358 704 2518 746 morte
2559 694 2625 745 ad
2652 695 2823 746 vitam.
2873 694 2985 747 Non
3026 710 3164 749 nunc
3192 696 3402 758 transit,
3426 693 3538 761 jam
3562 696 3775 749 transiit
3807 712 3839 750 a

2284 789 2456 834 morte
2495 782 2544 833 in
2583 782 2762 834 vitam.
2803 782 2867 835 Et
2893 783 2993 836 hoc
3020 783 3295 847 attendite,
3323 785 3410 853 qui
3440 784 3641 838 verbum
3667 801 3837 839 meum

2282 872 2427 923 audit
2451 887 2469 924 :
2495 879 2549 925 et
2576 886 2678 924 non
2711 872 2844 926 dixit
2870 889 2882 925 :
2912 874 3083 927 credit
3117 875 3280 938 mihi;
3309 874 3423 940 sed,
3450 878 3611 929 credit
3637 879 3716 941 ei,
3749 879 3840 947 qui

2281 960 2417 1013 misit
2456 977 2552 1013 me.
2602 961 2829 1015 Verbum
2859 978 2986 1032 ergo
3023 964 3140 1017 Filii
3168 965 3366 1027 audiat,
3396 968 3447 1018 in
3472 966 3627 1020 Patre
3657 968 3842 1023 credat

2283 1046 2434 1117 [Ms.,
2458 1058 2505 1100 et
2532 1048 2686 1117 Aug.,
2717 1057 2775 1102 ut
2794 1049 2937 1103 Patri
2965 1051 3190 1123 credat].
3231 1051 3405 1118 Quare
3431 1054 3661 1108 Verbum
3692 1057 3839 1109 audit

2282 1144 2451 1201 tuum,
2482 1138 2724 1191 etcredit
2751 1138 2906 1193 alteri
2934 1140 2955 1191 ’ἔ
2996 1139 3179 1195 Nonne
3212 1157 3332 1195 cum
3363 1143 3580 1197 verbum
3612 1144 3839 1212 alicujus

2281 1224 2546 1287 audimus,
2565 1224 2736 1278 eidem
2759 1226 2975 1280 verbum
2999 1227 3285 1296 profcrenli
3306 1231 3595 1293 credimus,
3615 1230 3833 1301 loquen—
3888 1237 3892 1240 ’

2280 1310 2332 1362 di
2362 1312 2510 1365 nobis
2536 1311 2691 1367 ﬁdem
2720 1317 3213 1384 accommodamus?
3259 1318 3393 1383 Quid
3423 1333 3550 1386 ergo
3576 1319 3742 1373 voluit
3761 1321 3840 1375 di-

2280 1413 2422 1463 cere,
2456 1400 2543 1469 qui
2574 1402 2777 1455 uerbum
2804 1419 2970 1455 meum
3007 1406 3173 1468 audit,
3212 1416 3257 1459 et
3298 1408 3457 1458 credit
3488 1410 3553 1469 ei,
3585 1410 3671 1476 qui
3700 1411 3859 1463 misit-

2280 1504 2378 1551 me,
2408 1489 2506 1542 nisi
2531 1490 2653 1557 quia
2683 1493 2905 1545 verbum
2930 1493 3044 1562 ejus
3064 1504 3147 1548 est
3171 1495 3221 1548 in
3250 1496 3367 1549 me?
3396 1495 3462 1548 Et
3482 1497 3601 1564 quis
3622 1506 3719 1561 est,
3746 1496 3837 1566 qui

2280 1575 2425 1628 audit
2464 1577 2662 1629 verbum
2703 1595 2888 1643 meum,
2921 1582 3045 1644 nisi,
3074 1583 3162 1651 qui
3202 1584 3350 1637 audit
3400 1588 3522 1637 me?
3555 1584 3735 1656 [Aug.:
3773 1586 3841 1640 Et

2281 1664 2406 1733 quid
2446 1672 2547 1727 est,
2594 1667 2739 1718 audit
2774 1669 2977 1721 verbum
3020 1686 3207 1731 meum,
3244 1672 3343 1725 nisi
3373 1673 3519 1726 audit
3546 1688 3630 1725 me
3647 1673 3691 1745 ?]
3736 1673 3836 1740 Qui

645 1767 936 1828 videamur,
984 1744 1299 1833 proferimus
1326 1744 1557 1834 ejusdem
1593 1744 1798 1820 Domini
1836 1774 2037 1820 certam
2065 1781 2181 1818 ma-
2216 1744 2257 1802 Β
2284 1754 2452 1806 credit
2477 1754 2535 1807 i"
2560 1770 2663 1817 me,
2691 1757 2861 1811 credit
2880 1761 3041 1821 etiam
3065 1760 3112 1814 εί
3143 1761 3231 1828 (11Ιί
3258 1763 3402 1814 mis“
3422 1777 3505 1815 me
3530 1780 3542 1813 τ
3567 1748 3691 1831 ἑΙιιί³
3714 1778 3836 1816 cum

646 1855 992 1924 nil'estamque
1008 1854 1344 1917 sententiam,
1374 1870 1474 1921 qua
1488 1855 1993 1922 ostendimusipsam
2024 1854 2185 1908 fuisse

643 1961 853 1998 causam
880 1953 936 1998 ut
958 1944 1155 1997 diceret
1187 1961 1198 1995 :
1232 1940 1389 1995 Pater
1410 1959 1509 1995 non
1523 1942 1727 2011 judicat
1748 1958 2070 2013 quemquam,
2097 1943 2186 1995 sed

644 2052 790 2087 omne
807 2034 1063 2102 judicium
1101 2032 1237 2084 dedit
1282 2029 1439 2092 Filio,
1491 2032 1613 2098 quia
1667 2030 1827 2098 judex
1877 2030 2046 2085 forma
2091 2030 2182 2084 ﬁlii

646 2123 871 2176 hominis
898 2120 1187 2190 apparebit.
1243 2118 1369 2184 Qua:
1418 2118 1583 2171 forma
1636 2134 1740 2172 non
1763 2126 1843 2173 est
1867 2119 2063 2183 Patris,
2094 2120 2184 2173 sed

643 2212 782 2276 Filii,
838 2226 934 2264 nec
964 2210 1070 2281 {ea}
1115 2208 1233 2261 Filii
1280 2209 1329 2260 in
1355 2223 1457 2277 qua
1501 2208 1718 2277 mqualis
1760 2217 1839 2263 est
1876 2209 2041 2271 Patri,
2094 2210 2185 2263 sed

649 2301 700 2351 in
726 2315 827 2367 qua
856 2299 1028 2353 minor
1044 2306 1125 2351 εει
1148 2296 1305 2352 Patre
1347 2314 1359 2348 :
1392 2305 1451 2348 ut
1478 2295 1547 2348 sit
1568 2297 1620 2349 in
1642 2296 1839 2363 judicio
1869 2297 2186 2364 conspicuus

647 2389 797 2443 bonis
842 2396 897 2442 et
923 2387 1095 2441 malis.

719 2475 783 2532 Ut
811 2494 981 2531 omnes
1030 2478 1365 2545 honori/irent
1399 2474 1612 2540 Filium,
1667 2476 1797 2529 sicut
1843 2476 2184 2545 honoriﬁcam

653 2571 882 2625 Patrem.
908 2568 1009 2633 Qui
1030 2584 1131 2621 non
1155 2568 1458 2635 honoriﬁcat
1488 2565 1717 2627 Patrem,
1753 2583 1854 2618 non
1879 2566 2183 2633 honoriﬁcat

651 2660 865 2716 Filium.
900 2678 917 2709 ι
957 2671 981 2699 ι
1009 2658 1144 2725 Quid
1183 2665 1263 2711 est
1288 2657 1427 2710 enim
1452 2655 1799 2711 honoriﬁcare
1822 2656 2051 2722 Patrem,
2084 2658 2183 2711 nisi

651 2754 787 2821 quod
814 2753 1002 2807 haheat
1034 2749 1256 2805 Filium?
1290 2749 1444 2802 Aliud
1474 2756 1553 2803 est
1599 2750 1740 2804 enim
1765 2766 1883 2804 cum
1922 2752 2015 2804 tibi
2041 2767 2185 2805 com—

654 2841 928 2899 mendatur
952 2838 1092 2892 Deus
1129 2838 1250 2905 quia
1289 2837 1426 2890 Deus
1475 2844 1573 2900 est,
1614 2847 1667 2891 et
1706 2838 1869 2901 aliud,
1924 2854 2043 2892 cum
2092 2839 2185 2891 tibi

653 2928 1051 2983 commendatur
1083 2926 1224 2979 Deus
1263 2926 1381 2993 quia
1411 2924 1569 2977 Pater
1613 2934 1711 2978 est.
1750 2924 1881 2979 Cum
1919 2926 2011 2978 tibi
2048 2925 2188 2978 Deus

652 3016 773 3088 quia
802 3014 941 3068 Deus
965 3021 1046 3068 εει
1067 3013 1483 3076 commendatur,
1532 3020 1741 3066 creator
1791 3012 1884 3065 tibi
1920 3027 2187 3065 commen-

2286 1847 2357 1900 illi
2398 1849 2585 1913 credit,
2626 1852 2843 1904 verbum
2884 1851 3062 1921 [Aug.,
3100 1852 3285 1924 verbo]
3322 1855 3437 1923 ejus
3477 1856 3675 1919 credit;
3716 1873 3837 1911 eum

2286 1946 2459 1990 autem
2489 1939 2707 1991 verbum
2733 1940 2847 2008 ejus
2874 1942 3061 2005 credit,
3090 1943 3216 1995 mihi
3246 1943 3434 2007 credit,
3456 1945 3580 2013 quia
3606 1946 3834 1999 Verbum

2284 2026 2460 2081 Patris
2485 2043 2583 2096 ego
2612 2044 2748 2083 sum.

2297 2187 2300 2191 λ
2353 2117 2380 2156 δ
2411 2116 2523 2171 Non
2555 2120 2697 2172 enim
2739 2122 2989 2176 transiret
3014 2123 3079 2177 de
3104 2134 3275 2178 morte
3304 2126 3370 2179 ad
3400 2128 3581 2190 vitam,
3607 2129 3705 2181 nisi
3731 2128 3841 2196 pri-

2284 2220 2370 2259 mo
2396 2216 2537 2259 esset
2566 2209 2615 2259 in
2640 2216 2829 2271 morte,
2870 2219 2926 2263 et
2957 2226 3059 2265 non
3099 2224 3242 2267 esset
3279 2215 3331 2267 in
3373 2216 3499 2268 vita.
3544 2215 3675 2270 Cum
3710 2233 3839 2287 ergo

2287 2296 2556 2349 transierit
2579 2296 2631 2348 in
2660 2298 2842 2362 vitam,
2871 2313 2973 2353 non
3002 2302 3106 2354 erit
3128 2304 3178 2355 in
3204 2312 3395 2357 morte.
3446 2304 3683 2360 Mortuus
3705 2321 3835 2375 ergo

2282 2392 2417 2448 erat,
2438 2393 2492 2437 et
2512 2385 2719 2449 revixit,
2743 2387 2993 2455 perierat,
3015 2398 3070 2442 et
3090 2391 3334 2445 inventus
3351 2401 3431 2445 est
3450 2392 3600 2461 (Luc.
3616 2410 3704 2457 xv,
3721 2395 3830 2459 32).

2283 2473 2369 2527 Fit
2408 2474 2627 2543 proinde
2652 2476 2775 2545 jam
2815 2479 3053 2545 quadam
3088 2483 3427 2546 resurrectio,
3470 2493 3525 2537 et
3562 2466 3835 2539 transeunt

2282 2567 2521 2620 homines
2550 2581 2579 2619 a
2607 2576 2777 2621 morte
2804 2568 3032 2637 quadam
3053 2571 3118 2623 ad
3134 2574 3413 2640 quamdam
3434 2575 3628 2639 vitam;
3648 2590 3678 2627 a
3699 2591 3831 2629 mor-

2286 2662 2335 2706 te
2362 2652 2684 2707 infidelitatis
2711 2655 2777 2708 ad
2816 2657 2978 2710 vitam
3020 2658 3168 2721 ﬁdei;
3204 2676 3234 2712 a
3273 2653 3442 2714 morte
3478 2661 3730 2717 falsitatis
3765 2665 3831 2718 ad

2283 2745 2445 2798 vitam
2472 2746 2739 2809 veritatis;
2775 2761 2805 2798 a
2844 2757 3010 2801 morte
3048 2750 3341 2816 iniquitatis
3377 2750 3442 2804 ad
3484 2752 3643 2803 vitam
3678 2751 3835 2818 justi-
3916 2822 3919 2823 ν

2287 2836 2388 2887 tiae.
2424 2835 2518 2888 Est
2540 2850 2667 2904 ergo
2701 2844 2757 2889 et
2792 2836 2890 2889 ista
2926 2836 3102 2906 [Aug.,
3136 2846 3192 2890 et
3220 2839 3320 2891 ista
3355 2839 3616 2909 quaedam]
3659 2855 3837 2893 resur-

2286 2922 2453 2975 rectio
2481 2932 2827 2976 mortuorum.
2864 2923 3082 2993 Aperiat
3108 2925 3248 2980 illam
3273 2925 3498 2996 plenius,
3524 2936 3580 2981 ει
3599 2928 3836 2982 lucescat

2288 3012 2457 3076 nobis,
2482 3023 2537 3066 ut
2559 3017 2736 3084 etrapit.
2762 3037 2780 3067 ι

651 3070 823 3169 datur,
866 3103 1197 3172 omnipotens
1219 3102 1311 3156 tibi
1348 3100 1765 3163 commendatur,
1826 3099 2041 3169 spiritus
2062 3100 2179 3168 qui-
2210 3070 2254 3131 δ
2356 3101 2511 3153 \‘nns.
2550 3070 3054 3159 25.1-Amen‘ameu
3074 3106 3187 3159 dico
3208 3107 3363 3170 vobis,
3384 3109 3505 3175 quia
3530 3109 3657 3160 venit
3682 3110 3836 3169 liora,

651 3197 769 3249 dem
809 3193 989 3265 [Aug.,
1024 3192 1259 3262 quidam]
1289 3206 1544 3253 summus,
1580 3198 1830 3252 arternus,
1887 3189 2182 3251 invisibilis,

2283 3198 2329 3240 et
2358 3206 2488 3241 nunc
2518 3200 2611 3253 est,
2636 3192 2838 3261 quando
2870 3194 3056 3246 mortui
3078 3195 3287 3248 audient
3310 3212 3477 3249 vocem
3499 3195 3621 3249 Filii
3644 3197 3761 3259 Dei,
3784 3208 3833 3250 et

654 3280 1095 3337 incommutabilis
1137 3280 1231 3333 tibi
1268 3279 1700 3333 commendatur:
1730 3292 1850 3331 cum
1904 3292 2031 3329 vero
2089 3278 2185 3329 tibi
2282 3281 2371 3346 qui
2400 3279 2674 3343 audierint,
2702 3282 2879 3335 vivent.
2928 3282 3037 3338 Hoc
3073 3286 3346 3354 proprium
3374 3296 3454 3340 est
3480 3287 3709 3355 piorum,
3743 3289 3834 3354 qui

652 3372 810 3425 Pater
844 3368 965 3439 quia
995 3374 1143 3435 pater
1183 3375 1263 3419 est
1291 3365 1706 3429 commendatur,
1749 3363 1882 3417 nihil
1921 3364 2016 3416 tibi
2045 3362 2186 3416 aliud

656 3474 813 3530 quam
846 3468 897 3512 et
926 3457 1090 3511 Filius
1116 3456 1528 3517 commendatur,
1563 3455 1687 3522 quia
1724 3454 1881 3507 Pater
1926 3469 2039 3511 non
2085 3454 2185 3506 dici

650 3555 847 3621 potest,
873 3545 915 3599 si
938 3544 1129 3598 Filium
1184 3558 1286 3595 non
1314 3543 1497 3604 habet;
1534 3543 1668 3596 sicut
1690 3558 1787 3596 nec
1806 3541 1993 3606 Filius,
2018 3542 2061 3595 si
2091 3541 2189 3593 Pa-

655 3649 788 3692 trem
810 3652 913 3691 non
965 3636 1142 3688 habet.
1189 3631 1293 3684 Sed
1319 3645 1385 3683 ne
1421 3630 1557 3684 forte
1590 3631 1801 3683 Patrem
1828 3631 2040 3697 quidem
2094 3630 2189 3682 ho-

654 3727 898 3782 uorillces
939 3733 1189 3792 tanquam
1225 3719 1494 3787 majorem,
1545 3720 1732 3773 Filium
1790 3736 1914 3774 vero
1940 3730 2186 3790 tanquam

658 3820 931 3881 minorem,
972 3823 1028 3868 ut
1050 3816 1195 3867 dicas
1237 3812 1363 3865 mihi
1397 3830 1408 3863 :
1444 3811 1739 3865 Honoriiico
1788 3810 2028 3873 Patrem;
2081 3811 2190 3863 scio

656 3909 796 3963 enim
836 3907 975 3977 quod
1003 3906 1194 3959 habeat
1215 3903 1429 3964 Filium,
1454 3910 1505 3954 et
1534 3916 1637 3955 non
1674 3916 1793 3954 erro
1817 3902 1868 3953 in
1900 3901 2071 3953 Patris
2098 3917 2190 3954 no-

658 3998 819 4060 mine,
871 4010 973 4048 non
991 3994 1133 4045 enim
1166 3993 1377 4043 Patrem
1418 3988 1653 4055 intelligo
1691 3987 1803 4041 sine
1830 3987 1985 4051 Filio,
2032 3988 2194 4041 hono-

659 4085 805 4139 riﬁco
849 4091 1023 4135 tamen
1053 4086 1107 4131 et
1135 4077 1324 4129 Filium
1367 4085 1612 4144 tanquam
1656 4076 1909 4129 minorem
1940 4093 1953 4127 :
1979 4076 2194 4144 corrigit

662 4185 710 4228 te
740 4174 849 4242 ipse
869 4170 1047 4231 Filius,
1078 4176 1130 4221 et
1154 4175 1362 4221 revocat
1393 4164 1489 4237 [te]
1523 4166 1702 4219 dicens
1731 4185 1741 4218 :
1774 4164 1838 4217 Ut
1886 4181 2058 4217 omnes
2102 4166 2193 4217 Iw—

662 4260 923 4327 noriﬁceut
946 4256 1159 4319 Filium,
1192 4272 1293 4310 non
1322 4255 1555 4318 inferius,
1588 4255 1677 4308 sed
1700 4257 1830 4308 sicut
1851 4253 2194 4320 honoriﬁcam

2286 3368 2363 3421 sic
2390 3368 2611 3422 audiunt
2636 3371 2701 3423 de
2726 3373 3085 3427 incarnatione
3114 3373 3247 3441 ejus,
3274 3385 3332 3428 ut
3356 3377 3579 3429 credant
3602 3378 3725 3443 quia
3749 3377 3835 3427 Fi-

2286 3456 2389 3508 lius
2422 3456 2511 3509 Dei
2550 3465 2651 3519 est,
2682 3458 2731 3510 id
2760 3467 2859 3522 est,
2891 3460 2967 3531 sic
2996 3475 3118 3513 eum
3146 3470 3361 3530 propter
3381 3478 3437 3515 se
3465 3462 3662 3517 factum
3692 3465 3834 3516 acci-

2286 3546 2435 3613 piunt
2457 3547 2712 3599 minorem
2738 3547 2894 3602 Patre
2922 3551 2973 3603 in
2997 3549 3166 3603 forma
3194 3553 3353 3615 servi,
3384 3562 3441 3604 ut
3464 3554 3685 3606 credant
3707 3556 3830 3621 quia

2285 3634 2503 3702 :equalis
2530 3645 2612 3689 est
2636 3637 2779 3689 Patri
2813 3639 2863 3691 in
2894 3637 3060 3693 lorma
3095 3639 3206 3692 Dei.
3246 3640 3739 3715 Etideosequitur,
3780 3652 3835 3694 et

2287 3723 2387 3776 hoc
2410 3724 2577 3792 ipsum
2602 3727 2975 3780 commendans
3002 3728 3161 3780 dicit:
3189 3726 3369 3795 (Vsas’.
3397 3726 3485 3795 26)
3532 3726 3673 3780 Sicut
3698 3731 3833 3780 enim

2289 3815 2449 3869 Pater
2468 3814 2616 3867 habet
2644 3816 2797 3866 vitam
2826 3817 2880 3866 in
2899 3817 3185 3883 semetipso,
3217 3817 3289 3868 ita
3308 3816 3450 3868 dedit
3475 3826 3522 3868 et
3552 3814 3689 3867 Filio
3715 3834 3837 3885 gra-

2289 3904 2414 3955 tiam
2445 3901 2590 3972 [Ms.,
2619 3902 2799 3974 vitam]
2826 3904 3008 3957 habere
3036 3905 3089 3957 in
3119 3907 3400 3976 semetipso.
3432 3924 3449 3957 t
3485 3917 3505 3943 ε
3534 3906 3683 3971 Quod
3706 3922 3834 3975 ergo

2291 3993 2384 4056 ait,
2435 3991 2588 4044 Dedit
2638 3991 2774 4045 Filio
2820 3994 2971 4045 vitam
3018 3995 3201 4047 habere
3238 3996 3289 4046 in
3332 3996 3617 4062 semetipso,
3654 3995 3832 4047 brevi-

2293 4092 2374 4137 ter
2417 4084 2585 4138 dicam
2618 4082 2848 4136 :Genuit
2890 4082 3101 4144 Filium,
3145 4084 3307 4136 vitam
3352 4084 3405 4136 in
3435 4098 3493 4135 se
3531 4081 3829 4135 habentem.

2292 4179 2472 4247 Neque
2492 4179 2633 4244 enim
2660 4185 2775 4231 erat
2803 4178 2915 4230 sine
2935 4176 3061 4237 vita,
3090 4184 3144 4230 et
3167 4175 3372 4243 accepit
3396 4174 3574 4234 vitam,
3616 4174 3706 4227 sed
3742 4176 3836 4226 na-

2294 4271 2487 4324 scendo
2513 4272 2619 4322 vita
2646 4278 2745 4321 εει.
2792 4268 2947 4320 Pater
2972 4267 3078 4320 vita
3103 4274 3188 4319 est
3217 4282 3321 4319 non
3361 4266 3641 4327 nascendo,
3668 4263 3840 4317 Filius

662 4348 887 4404 Patrem.
946 4346 1046 4412 Qui
1092 4361 1209 4414 ergo
1240 4360 1339 4396 non
1362 4343 1663 4409 honorificat
1704 4340 1919 4405 Filium,
1964 4360 2055 4396 nec
2092 4342 2186 4396 Pa-
2221 4382 2272 4439 Ι)
2296 4359 2346 4412 vi

2148 4361 2186 4396 α’
2221 4382 2272 4439 Ι)
2296 4359 2402 4412 vita
2439 4368 2521 4410 est
2556 4357 2836 4411 nascendo.
2883 4356 3040 4409 Pater
3075 4355 3138 4408 de
3179 4355 3320 4408 nullo
3357 4364 3525 4424 patre,
3567 4354 3730 4407 Filius
3769 4353 3833 4406 de

660 4432 785 4495 trem
808 4436 1142 4505 honori/ient,
1160 4435 1246 4505 qui
1266 4434 1403 4485 misit
1427 4432 1591 4483 illum.
1642 4432 1773 4499 Ego,
1799 4432 1994 4498 inquis,
2035 4430 2196 4495 majo-

662 4546 772 4585 rem
799 4530 1051 4582 honorem
1072 4523 1190 4575 volo
1211 4522 1334 4575 dare
1362 4519 1525 4582 Patri,
1555 4519 1808 4572 minorem
1830 4518 1980 4572 Filio.
2006 4518 2081 4572 Ibi
2099 4520 2195 4573 tol-

664 4619 750 4686 lis,
787 4620 1040 4671 honorem
1080 4611 1245 4673 Patri,
1296 4609 1384 4663 ubi
1427 4610 1681 4662 minorem
1732 4609 1826 4661 das
1870 4607 2023 4661 Filio.
2058 4608 2194 4673 Quid

664 4708 803 4767 cnim
830 4708 922 4761 tibi
946 4706 1086 4759 aliud
1110 4704 1314 4758 videtur
1341 4702 1439 4756 ista
1468 4701 1722 4755 sententia
1761 4699 1937 4769 [Aug.,
1976 4700 2047 4752 ita
2077 4712 2196 4753 sen-

666 4794 873 4867 tiendi],
917 4794 1019 4848 nisi
1044 4792 1165 4861 quia
1185 4792 1343 4844 Pater
1371 4789 1621 4857 mqualem
1657 4787 1755 4840 sibi
1805 4786 1993 4841 Filium
2042 4802 2196 4856 gene-

665 4900 786 4942 rare
824 4890 915 4937 aut
939 4880 1104 4935 noluit
1150 4888 1239 4932 aut
1278 4894 1378 4931 non
1417 4876 1621 4945 potuit?
1661 4874 1718 4926 Si
1740 4873 1924 4936 noluit,
1973 4874 2193 4939 invidit;

667 4972 820 5047 513
850 4973 891 5027 Si
917 4986 1019 5029 non
1049 4968 1237 5040 potuit,
1278 4966 1484 5019 defecit.
1511 4964 1623 5017 Non
1649 4978 1774 5031 ergo
1791 4964 1953 5025 vides,
1976 4965 2097 5032 quia
2125 4965 2196 5018 ita

668 5072 748 5127 est
771 5061 1098 5120 sentiendum
1133 5077 1144 5111 :
1184 5056 1283 5113 Ubi
1306 5053 1482 5127 [Aug.,
1512 5052 1633 5122 quia
1654 5052 1726 5105 ita
1747 5052 2039 5116 sentiendo,
2086 5052 2197 5123 ubi]

670 5155 920 5224 majorem
930 5155 1181 5212 honorem
1201 5151 1277 5206 vis
1298 5150 1423 5203 dare
1448 5148 1607 5210 Patri,
1638 5147 1705 5200 ibi
1722 5146 2202 5202 escontumeliosus

672 5245 724 5302 in
746 5243 976 5299 Patrem.
1016 5240 1240 5295 Proinde
1267 5237 1343 5290 sic
1370 5234 1659 5289 honoriﬁca
1692 5232 1911 5297 Filium,
1942 5236 2202 5301 quomodo

673 5328 988 5387 honorifica:
1013 5327 1245 5383 Patrem,
1298 5326 1341 5379 si
1365 5324 1441 5383 vis
1463 5323 1813 5385 honoriﬁcam
1840 5330 1895 5381 et
1919 5322 2109 5375 Filium
2149 5331 2203 5375 et

676 5420 902 5474 Patrem.

744 5558 769 5584 ι
793 5546 849 5614 ξ
874 5550 1005 5614 Aug.
1038 5544 1137 5598 loc.
1170 5546 1260 5614 cit.
1293 5556 1436 5614 num.
1460 5541 1512 5603 ϐ,
1540 5540 1590 5592 7.

746 5614 771 5652 δ
811 5613 884 5666 Ex
917 5609 973 5665 SI
1014 5614 1141 5682 Aug.
1178 5611 1276 5665 loc.
1314 5610 1403 5663 cit.
1445 5625 1588 5664 num.
1625 5609 1675 5665 8.

2293 4452 2401 4505 Deo
2426 4446 2623 4499 Patre-
2645 4444 2798 4499 Pater
2824 4454 3040 4514 propter
3075 4444 3258 4498 Filium
3295 4454 3393 4506 est,
3430 4444 3591 4497 Filius
3620 4456 3746 4495 vero
3779 4449 3834 4493 et

2292 4536 2431 4607 quod
2458 4526 2665 4605 [Filius]
2689 4542 2789 4596 est,
2818 4541 3030 4602 propter
3051 4532 3260 4586 Patrem
3288 4542 3401 4595 est;
3432 4542 3485 4584 et
3507 4530 3647 4598 quod
3673 4537 3772 4591 est,
3800 4544 3832 4582 a

2292 4628 2449 4681 Patre
2474 4632 2574 4679 εει.
2620 4623 2733 4675 Hoc
2759 4638 2885 4688 ergo
2906 4623 3075 4677 dixit:
3108 4620 3275 4673 Vitam
3306 4620 3423 4672 dedi
3456 4619 3613 4683 Filio,
3648 4630 3701 4672 ut
3741 4621 3837 4671 Ita-
3875 4646 3889 4657 ο

2295 4715 2559 4767 bereteam
2594 4710 2966 4781 in‘semetipso,
2996 4716 3249 4776 tanquam
3288 4708 3486 4762 diceret
3510 4726 3522 4760 :
3545 4708 3703 4761 Pater
3742 4710 3833 4775 qui

2294 4808 2377 4854 est
2401 4800 2508 4851 vita
2539 4799 2590 4850 in
2612 4797 2911 4864 semetipso,
2935 4796 3111 4863 genuit
3133 4795 3344 4861 Filium,
3367 4797 3455 4865 qui
3474 4805 3614 4851 esset
3638 4798 3744 4849 vita
3778 4796 3831 4849 in

2295 4888 2595 4955 semetipso.
2618 4885 2718 4937 Pro
2745 4898 2809 4937 eo
2837 4884 2994 4945 enim,
3021 4885 3156 4951 quod
3185 4886 3382 4954 genuit,
3411 4885 3577 4937 voluit
3612 4882 3833 4956 intelligi

2295 4976 2452 5029 dedit.
2502 4974 2773 5040 Tanquam
2818 4972 2861 5026 si
2906 4973 3115 5027 cuidam
3159 4974 3451 5026 diceremus
3490 4989 3502 5021 :
3545 4970 3695 5041 Dedit
3740 4971 3834 5023 tibi

2297 5064 2433 5116 Deus
2458 5077 2592 5115 esse.
2625 5081 2642 5112 ι
2687 5060 2936 5129 Sequitur
2962 5062 3101 5113 enim
3127 5069 3181 5114 et
3207 5061 3364 5113 dicit:

2367 5151 2525 5207 Vsus.
2563 5150 2809 5203 27.—Et
2835 5149 2971 5202 dedit
2996 5150 3041 5201 ei
3064 5157 3355 5215 potestatem
3376 5148 3541 5216 facere
3553 5148 3829 5217 judicium,

2297 5242 2419 5311 quia
2448 5238 2614 5294 Filius
2638 5240 2856 5298 hominis
2884 5247 2976 5290 est.
3010 5237 3142 5290 Puto
3169 5237 3296 5290 nihil
3324 5253 3440 5291 εεεε
3466 5235 3833 5300 manifestius;

2301 5342 2421 5381 nam
2450 5328 2572 5394 quia
2597 5328 2762 5381 Filius
2785 5326 2878 5383 Dei
2901 5334 3004 5389 est,
3030 5325 3242 5393 aequalis
3264 5334 3344 5379 est
3364 5324 3542 5385 Patri;
3570 5339 3672 5376 non
3696 5323 3836 5379 acci-

2302 5416 2381 5484 pit
2406 5415 2538 5469 hanc
2562 5423 2876 5485 potestatem
2898 5412 3153 5482 judicium
3177 5413 3426 5473 faciendi,
3458 5412 3547 5467 sed
3566 5412 3734 5466 habet
3764 5413 3835 5465 il-

2376 5562 2396 5587 ε
2436 5550 2511 5603 Ex
2548 5550 2755 5613 eodem,
2794 5564 2934 5605 num.
2980 5548 3058 5603 1⁸5.
3150 5538 3155 5543 ’
