4266 6268
419 463 520 515 Si?)

1211 457 1607 514 exsertum.
1649 487 1712 495 ——
1751 442 2099 510 COMMENT.
2141 453 2204 505 l.\'
2246 450 2431 507 ιυειλ.
2478 482 2543 490 .-
2580 451 2705 503 LIB.
2745 449 2828 503 ιιι.

3508 449 3608 501 ille

417 575 519 626 lam
568 588 685 626 c.:m
738 571 892 625 Patre
940 572 991 623 in
1019 566 1245 624 occulto.
1294 567 1500 635 Accipit
1556 573 1732 618 autem
1785 562 1925 615 illam
1947 602 1960 622 ,
1990 566 2037 622 Α
2066 558 2384 614 resurrectio
2420 561 2747 621 animarum,
2784 559 2884 611 ista
2918 573 3140 625 sequens
3170 562 3483 612 n-snrrertio
3510 564 3613 613 erit

418 673 477 717 ιιι
497 663 617 716 boni
643 661 723 714 vel
748 662 871 715 mali
902 677 1022 715 eum
1050 660 1260 714 videant
1282 658 1631 725 iudicantem,
1657 655 1780 722 quia
1828 652 1966 706 ﬁlius
2062 667 2364 720 corporum.
2387 650 2486 715 Qui
2506 667 2632 704 vero
2652 651 2702 703 in
2727 651 2825 703 hac
2844 651 3013 719 prima
3037 652 3284 719 resurgit,
3309 652 3359 703 in
3381 654 3613 706 secunda

418 749 645 802 hominis
671 756 770 802 est.
809 748 953 801 Visio
982 748 1174 815 quippe
1210 746 1300 798 ﬁlii
1346 743 1573 798 hominis
1605 742 1886 794 exhibetur
1913 749 1967 792 et

419 836 591 889 malis.
640 835 771 889 Nam
798 836 932 889 visio
958 834 1140 887 forma:
1162 834 1251 887 Dei
1280 848 1382 886 non
1411 832 1509 885 nisi
1541 830 1749 883 mundis
1774 829 1931 881 corde
1950 867 1964 889 ,

419 927 542 995 quia
571 925 670 994 ipsi
692 925 855 977 Deum
879 923 1127 978 videbunt
1156 919 1364 989 (Matth.
1401 936 1451 982 v,
1483 919 1557 987 8).
1609 919 1663 971 ld
1700 928 1802 982 est,
1841 919 1967 973 solis

419 1015 541 1081 piis,
584 1026 808 1081 quorum
856 1011 1119 1064 dilectioni
1162 1011 1263 1063 hoe
1311 1009 1478 1077 ipsum
1520 1008 1797 1076 promittit,
1843 1007 1965 1074 quia

420 1104 663 1157 ostemlet
703 1102 928 1170 seipsum
961 1090 1187 1154 illistt
1221 1101 1337 1152 ideo
1371 1100 1487 1151 vide
1522 1098 1644 1166 quid
1683 1107 1965 1165 sequatur:

424 1194 605 1262 (Vens.
628 1193 716 1261 28)
744 1190 913 1244 Nolite
938 1192 1117 1243 mirari
1155 1191 1268 1252 hoc,
1298 1189 1485 1257 inquit.
1521 1188 1654 1252 Quid
1678 1204 1772 1239 nos
1793 1187 1968 1255 prohi-

430 1284 515 1333 tet
541 1279 755 1334 mirari?
780 1279 880 1331 nisi
901 1277 1024 1330 illud
1048 1278 1186 1345 quo]
1222 1292 1407 1330 revera
1435 1277 1661 1329 miratur
1683 1277 1855 1328 omnis
1882 1274 1970 1341 qui

426 1385 527 1424 non
558 1368 831 1437 intelligit?
856 1376 915 1420 ut
938 1368 1056 1421 ideo
1078 1367 1277 1419 diceret
1304 1364 1512 1418 Patrem
1552 1365 1757 1418 dedisse
1792 1363 1840 1416 ei
1877 1377 1971 1431 po-

427 1466 670 1513 testatem
701 1455 955 1524 judicium
1001 1456 1195 1518 facere,
1243 1456 1492 1524 quoniam
1532 1454 1698 1507 Filius
1745 1454 1973 1506 hominis

423 1556 523 1613 est,
552 1562 674 1603 cum
712 1547 879 1616 magis
914 1548 1065 1615 quasi
1099 1547 1201 1599 hoc
1246 1554 1646 1613 exspectaretur
1684 1553 1742 1597 ut
1778 1543 1977 1595 diceret

427 1637 555 1709 [Αι.,
588 1635 901 1707 judicaret],
945 1636 1193 1705 quoniam
1229 1633 1393 1687 Filius
1434 1634 1523 1687 Dei
1562 1642 1660 1686 est.
1711 1632 1815 1685 Sed
1852 1632 1974 1698 quia

422 1729 614 1782 Filium
643 1726 735 1781 Dei
763 1726 1049 1781 secundum
1077 1726 1128 1779 id
1165 1724 1304 1793 quod
1340 1724 1390 1776 in
1428 1722 1596 1776 forma
1636 1722 1725 1775 Dei
1760 1721 1977 1789 requalis

423 1828 504 1872 est
532 1818 675 1872 Patri
708 1817 889 1871 videre
927 1816 1088 1882 iniqui
1129 1830 1231 1867 non
1271 1823 1509 1881 possunt,
1545 1820 1788 1881 oporteat
1824 1810 1973 1880 [.lls.,

2066 750 2303 810 resurget
2328 740 2394 793 ad
2423 740 2660 807 gloriam.
2713 739 2810 804 Qui
2845 754 2967 791 vero
2995 739 3047 791 in
3079 740 3175 792 hac
3205 740 3371 807 prima
3400 755 3499 792 non
3532 756 3615 796 re—

2065 828 2253 896 surgit,
2286 827 2336 879 in
2375 828 2607 880 secunda
2644 836 2819 880 tamen
2858 836 3116 894 resurget,
3156 827 3247 880 sed
3281 829 3347 900 ad
3380 837 3611 896 mutam.

2069 918 2356 985 Utramque
2384 918 2509 971 facit
2534 918 2671 970 Deus
2692 932 2788 985 per
2813 918 3100 971 Christum.
3148 920 3247 984 Qui
3279 920 3361 971 hic
3389 922 3615 987 resurgit

2067 1022 2162 1074 per
2180 1021 2301 1060 eum
2321 1047 2335 1071 ,
2366 1008 2436 1061 ibi
2465 1016 2705 1075 resurget
2732 992 2805 1060 ad
2818 1023 2958 1059 eum.
3003 1007 3102 1073 Qui
3132 1009 3215 1062 hic
3240 1023 3335 1076 per
3361 1027 3479 1061 rum
3511 1027 3613 1062 non

2070 1098 2315 1166 resurgit,
2354 1114 2448 1150 nec
2487 1097 2558 1150 ibi
2598 1100 2662 1151 ad
2700 1112 2821 1149 eum
2860 1106 3113 1166 resurget.
3155 1119 3171 1146 ι
3214 1111 3237 1135 ει
3267 1098 3401 1150 liora
3441 1109 3614 1153 autem

2070 1202 2210 1240 nunc
2237 1195 2337 1248 est,
2382 1196 2438 1239 ut
2476 1196 2753 1256 resurgant
2790 1188 3011 1247 mortui;
3042 1189 3170 1241 hora
3197 1190 3298 1242 erit
3319 1190 3369 1242 iu
3398 1189 3499 1242 line
3528 1207 3619 1242 sm—

2072 1276 2195 1338 culi,
2224 1286 2275 1329 ut
2308 1286 2583 1345 resurgant
2605 1277 2818 1330 mortui.
2866 1278 2967 1331 Sed
3011 1289 3291 1348 resurgunt
3324 1279 3501 1350 [.ilugu
3542 1298 3623 1332 re-

2072 1365 2312 1435 surgant]
2350 1382 2487 1419 nunc
2523 1366 2575 1418 in
2615 1375 2808 1428 mente,
2854 1375 2976 1420 tunc
3014 1367 3062 1419 in
3100 1382 3278 1419 carne.
3326 1367 3624 1436 Rrsurgant

2075 1470 2213 1506 nunc
2237 1455 2287 1507 in
2317 1463 2490 1507 mente
2528 1470 2622 1523 per
2657 1456 2873 1507 verlmm
2915 1456 3027 1519 Dei,
3063 1456 3250 1511 Filium
3289 1456 3379 1510 Dei
3409 1476 3419 1509 :
3445 1474 3621 1511 I't‘Sllr-

2074 1554 2196 1609 gent
2225 1555 2347 1596 tunc
2380 1546 2428 1596 in
2464 1560 2621 1596 carne
2648 1560 2741 1611 per
2772 1544 2998 1596 \"crlntm
3028 1545 3117 1597 Dei
3138 1586 3152 1607 ,
3184 1561 3397 1599 carnem
3430 1546 3624 1600 l'aclmu

2075 1636 2240 1687 ﬁlium
2271 1636 2517 1688 hominis.
2562 1634 2741 1702 Neque
2779 1636 2919 1687 enim
2947 1637 3010 1689 ad
3032 1635 3285 1704 judicium
3313 1637 3550 1689 vivorum
3575 1647 3629 1688 rt

2078 1734 2402 1777 mortuorum
2427 1725 2584 1777 Pater
2606 1726 2714 1793 ipse
2743 1734 2992 1777 venturus
3017 1735 3125 1787 est;
3157 1741 3252 1779 uec
3279 1735 3452 1779 tamen
3485 1741 3628 1779 rure-

2079 1816 2155 1866 dit
2183 1831 2211 1866 a
2240 1815 2371 1866 Filio
2410 1815 2600 1867 Pater:
2631 1815 2894 1882 quomodo
2927 1830 3052 1882 ergo
3089 1832 3190 1869 non
3229 1817 3339 1884 ipse
3376 1826 3629 1870 venturus

424 1906 650 1977 oportet]
688 1914 863 1959 autem
898 1913 954 1958 et
990 1904 1223 1971 judicem
1266 1903 1506 1955 vivorum
1540 1910 1595 1955 et
1627 1907 1975 1963 mortuorum,
2011 1890 2053 1948 Β
2079 1906 2200 1957 est?
2241 1904 2363 1970 quia
2408 1920 2516 1956 non
2568 1904 2676 1971 ipse
2713 1905 2974 1958 videbitur
3019 1906 3068 1958 in
3100 1906 3319 1974 judicio.
3370 1907 3633 1960 Videbunt

426 2011 544 2048 eum
563 2010 742 2048 coram
761 2009 824 2047 eo
839 1992 1239 2062 judicabantur,
1258 1992 1451 2061 etjusti
1474 1992 1687 2045 videant
1703 2000 1757 2044 et
1779 1991 1939 2059 iniqui
1961 2008 1974 2053 ;

431 2083 624 2147 Nolite,
658 2084 847 2150 inquit,
876 2082 969 2134 hoc
998 2081 1199 2133 mirari.
1227 2081 1407 2150 (Vsus.
1437 2079 1550 2147 29.)
1594 2080 1851 2144 Quoniam
1896 2096 1975 2132 re-

429 2174 531 2226 niet
559 2173 703 2235 hora,
735 2174 791 2225 in
814 2188 918 2242 qua
946 2187 1118 2224 omnes
1142 2171 1228 2239 qui
1257 2172 1311 2223 in
1337 2171 1674 2223 monumentis
1710 2180 1857 2232 sunt,
1886 2187 1977 2222 au-

427 2266 568 2320 dient
593 2282 760 2320 vocem
789 2267 937 2334 ejus:
964 2273 1009 2317 et
1045 2263 1335 2332 procedent,
1359 2264 1446 2331 qui
1475 2263 1605 2315 bona
1640 2262 1883 2329 fecerunt,
1925 2264 1978 2313 in

426 2358 849 2409 resurrectionem
887 2357 1019 2416 vita,
1048 2355 1133 2417 qui
1170 2370 1285 2406 vero
1323 2352 1461 2405 mala
1491 2362 1769 2420 gesserunt,
1812 2353 1863 2404 iu
1906 2368 1981 2404 rc-

428 2447 793 2499 surrectionem
812 2445 1022 2513 judicii.
1066 2444 1146 2497 Ad
1173 2444 1273 2496 hoc
1307 2456 1434 2511 ergo
1464 2440 1739 2510 oportebat
1771 2450 1830 2493 ut
1863 2441 1981 2494 ideo

430 2534 696 2601 acciperet
724 2532 865 2585 illam
889 2538 1224 2599 potestatem,
1248 2527 1406 2597 515
1424 2529 1546 2595 quia
1581 2526 1720 2579 ﬁlius
1755 2526 1983 2579 hominis

431 2631 543 2686 est,
562 2631 633 2696 ,ιιι
662 2627 995 2689 resurgentes
1025 2633 1209 2672 omnes
1236 2618 1473 2671 viderent
1498 2631 1617 2668 cum
1649 2616 1700 2668 in
1728 2615 1900 2667 forma
1929 2615 1980 2666 in

431 2728 536 2780 qua
562 2712 727 2765 videri
753 2709 820 2763 ab
852 2709 1097 2762 omnibus
1129 2716 1322 2776 potest,
1353 2707 1442 2760 sed
1469 2706 1552 2757 alii
1594 2705 1658 2758 ad
1693 2705 1984 2757 damnatio-

434 2814 576 2861 nem,
614 2798 703 2850 alii
744 2797 810 2849 ad
850 2796 1011 2848 vitam
1053 2803 1325 2847 :eternam.
1370 2794 1496 2857 Qua:
1537 2801 1619 2845 est
1661 2800 1835 2844 autem
1877 2792 1983 2845 vita

435 2900 653 2951 aeterna,
702 2890 799 2941 nisi
836 2888 923 2941 illa
956 2888 1090 2940 visio
1129 2902 1246 2954 quae
1286 2902 1387 2938 non
1428 2884 1733 2937 conceditur
1771 2883 1985 2951 impiis?

434 2976 505 3029 Ut
531 2986 830 3045 cognoscant
853 2986 918 3039 te,
944 2976 1133 3043 inquit,
1164 2991 1321 3028 unum
1349 2990 1518 3026 verum
1545 2972 1728 3034 Deum,
1758 2982 1805 3024 et
1838 2988 1983 3041 quem

438 3066 619 3117 misisti
654 3065 831 3117 Iesum
863 3065 1116 3117 Christum
1156 3064 1333 3133 (Joan.
1365 3079 1495 3125 xvii,
1522 3061 1595 3131 5).
1636 3061 1907 3125 Quomodo
1932 3070 1987 3113 et

441 3155 609 3221 ipsum
645 3152 822 3205 iesum
852 3152 1150 3214 Christum,
1196 3153 1294 3205 nisi
1332 3150 1771 3219 quemadmodum
1822 3164 1981 3201 unum

2080 1991 2129 2044 in
2154 2007 2310 2060 quem
2340 2002 2760 2061 conipunxerunt
2796 1992 2973 2060 (Joan.
3016 2010 3126 2053 XIX,
3167 1996 3276 2063 37).
3321 1994 3508 2048 Forma
3546 1996 3629 2048 illa

2076 2081 2179 2133 erit
2198 2081 2378 2150 judex,
2413 2095 2530 2148 qua:
2555 2081 2701 2133 stetit
2726 2083 2823 2135 sub
2846 2080 3057 2149 judice;
3090 2082 3173 2134 illa
3199 2081 3455 2150 judicatit
3475 2124 3488 2145 ,
3513 2098 3629 2151 qua:

2074 2169 2305 2236 judicata
2336 2179 2416 2223 est
2449 2189 2459 2221 :
2488 2168 2719 2235 iudicata
2760 2179 2840 2222 est
2870 2172 3009 2224 enim
3042 2173 3238 2239 inique,
3262 2170 3630 2239 jndicahitju-

2220 2260 2364 2313 Talis
2388 2260 2661 2328 apparebit
2680 2260 2858 2329 judev.
2891 2262 3060 2328 qualis
3083 2262 3242 2315 videri
3270 2264 3437 2330 possit
3472 2273 3524 2316 et
3562 2266 3630 2317 ab

2078 2349 2177 2411 eis,
2208 2364 2341 2416 quos
2369 2358 2717 2402 coronatnrus
2736 2359 2838 2410 est,
2863 2361 2915 2401 et.
2942 2349 3010 2402 ah
3037 2351 3115 2403 eis
3137 2366 3269 2418 quos
3288 2352 3633 2406 damnaturus

2079 2447 2178 2491 est.
2207 2459 2223 2487 ι
2271 2438 2546 2491 Distinctio
2570 2447 2650 2491 est
2681 2439 2816 2491 inter
2842 2440 2966 2492 illud
2988 2443 3203 2501 verbum
3230 2443 3368 2509 quod
3388 2444 3635 2511 superius

2081 2524 2233 2585 dixit,
2262 2525 2397 2592 quod
2429 2526 2615 2576 mortui
2647 2526 2853 2578 (mdical
2884 2542 3045 2579 uocem
3092 2527 3218 2579 Fifii
3263 2528 3377 2592 Dei,
3410 2539 3469 2582 et
3504 2532 3639 2583 inter

2084 2612 2206 2664 illud
2245 2614 2383 2680 quo]
2418 2613 2505 2665 hic
2544 2613 2652 2665 ait:
2680 2615 2808 2666 renit
2848 2616 2996 2677 hora,
3030 2617 3083 2668 iu
3124 2633 3421 2685 quaomnes
3457 2620 3547 2687 qui
3585 2621 3639 2673 in

2084 2702 2419 2754 monumentis
2456 2711 2593 2763 sunt,
2623 2702 2832 2754 audient
2870 2719 3034 2755 rocem
3076 2702 3205 2755 Filii
3238 2703 3354 2756 Dei.
3398 2705 3470 2759 11ιὶ
3516 2721 3639 2762 vero

2083 2793 2155 2844 ait
2180 2810 2192 2842 :
2220 2792 2449 2855 audient,
2493 2793 2542 2845 id
2577 2801 2677 2855 est,
2715 2792 2981 2845 obedient.
3026 2792 3144 2847 ideo
3186 2795 3283 2846 ista
3322 2798 3639 2850 resurrectio

2084 2881 2249 2933 estad
2279 2882 2461 2941 vitam,
2491 2881 2574 2933 an
2604 2896 2727 2934 vero
2758 2896 2873 2948 quae
2899 2881 3076 2935 futura
3105 2892 3207 2945 est,
3243 2884 3308 2937 de
3344 2898 3447 2951 qua
3486 2886 3637 2945 dicit.
3694 2920 3695 2923 η

2084 2970 2293 3023 audient
2317 2988 2483 3023 uocem
2513 2970 2637 3022 Filii
2667 2970 2781 3035 Dei,
2807 2972 3017 3025 audient
3043 2982 3098 3025 ut
3121 2984 3399 3043 resurgant
3418 2974 3639 3042 adjtnli-

2084 3060 2255 3121 ciam;
2293 3074 2393 3112 nou
2430 3060 2575 3112 addit
2608 3060 2691 3112 hic
2712 3060 2779 3114 ad
2819 3061 2999 3122 vitam,
3040 3062 3160 3129 quia
3202 3077 3386 3117 omnes
3425 3066 3490 3117 ad
3531 3066 3639 3135 glo-

2089 3150 2220 3201 riam
2244 3164 2347 3201 non
2374 3157 2667 3215 resurgent,
2698 3149 2789 3202 sed
2821 3150 2969 3203 multi
2999 3151 3065 3203 ad
3100 3167 3330 3218 pennam.
3380 3154 3501 3207 Ideo
3541 3156 3635 3206 al-

440 3211 621 3296 verum
650 3243 831 3305 Deum,
859 3243 947 3310 qui
967 3211 1210 3296 ostendet
1228 3258 1284 3295 se
1302 3211 1470 3311 ipsum
1492 3241 1614 3303 illis,
1642 3256 1743 3292 non
1766 3254 1983 3307 quomo—
2009 3211 2053 3270 Ο
2085 3236 2218 3288 didit
2240 3237 2310 3288 de
2336 3235 2509 3287 futura
2529 3211 2925 3293 resurrectione
2950 3258 2961 3291 :
2993 3211 3261 3304 Qui-bona
3299 3243 3548 3311 fecerunt,
3586 3246 3637 3298 in

437 3331 584 3383 dese
608 3330 852 3383 ostendet
872 3331 1030 3383 etiam
1060 3330 1335 3398 puniendis
1385 3330 1435 3381 in
1475 3329 1641 3381 forma
1682 3326 1771 3380 ﬁlii
1814 3325 1983 3379 homi-

434 3420 541 3473 nis.
591 3418 889 3472 Secundum
920 3426 1096 3470 autem
1124 3418 1262 3470 illam
1291 3418 1543 3471 visionem
1573 3416 1741 3468 bonus
1768 3422 1868 3477 cst,
1897 3429 1981 3466 se-

432 3507 667 3559 cundum
696 3521 853 3573 quam
883 3506 1136 3583 visionem
1166 3506 1301 3581 Deus
1332 3514 1545 3573 apparet
1573 3504 1780 3556 mundis
1802 3504 1982 3564 corde,

434 3612 741 3664 quanquam
769 3596 919 3665 [Hs.,
944 3595 1224 3665 quomodo]
1252 3594 1421 3649 bonus
1456 3596 1594 3647 Deus
1632 3594 1790 3647 Israel
1829 3594 1987 3646 rectis

344 3728 350 3734 .
434 3685 618 3737 corde.
660 3686 880 3748 Quando
916 3694 1093 3736 autem
1123 3684 1353 3749 judicem
1402 3684 1651 3737 videbunt
1687 3684 1842 3746 mali,
1882 3696 1984 3734 nou

441 3774 521 3826 eis
546 3774 807 3826 videbitur
829 3774 1015 3834 bonus,
1041 3772 1162 3839 quia
1191 3776 1291 3822 non
1315 3772 1378 3824 ad
1402 3785 1521 3823 eum
1552 3771 1853 3838 gaudebunt
1872 3784 1988 3821 cor-

445 3862 529 3923 de,
556 3862 650 3915 sed
680 3870 803 3916 tunc
828 3878 883 3915 se
912 3862 1160 3930 plangent
1185 3875 1369 3913 omnes
1399 3861 1565 3912 tribus
1594 3868 1748 3912 terra:
1770 3875 1783 3910 :
1808 3860 1857 3911 in
1892 3875 1988 3911 nu-

447 3966 591 4003 mero
620 3952 794 4017 itaque
827 3950 1024 4020 [Forte,
1058 3949 1259 4019 utique]
1288 3950 1541 4003 malorum
1566 3950 1800 4003 omnium
1829 3958 1883 4002 et
1910 3949 1988 4000 in-

448 4040 694 4092 ﬁdelium.
724 4040 947 4108 Propter
977 4043 1076 4093 hoc
1098 4041 1254 4093 etiam
1278 4041 1350 4093 illi
1374 4042 1465 4109 qui
1492 4056 1611 4093 eum
1640 4042 1848 4093 dixerat
1877 4057 1986 4093 ma-

445 4131 665 4199 gistrum
688 4130 902 4193 bonum,
930 4145 1170 4198 quaerens
1196 4129 1262 4181 ab
1282 4130 1641 4183 eoeonsilium
1659 4116 1990 4198 consequen-

444 4222 525 4273 die
563 4222 681 4275 vita
718 4231 948 4283 :etcrnm,
992 4221 1291 4288 respondit:
1316 4219 1453 4283 Quid
1496 4236 1573 4271 me
1610 4220 1892 4288 interrogas
1928 4222 1990 4273 de

445 4310 617 4361 bona?
662 4309 826 4361 Nemo
865 4310 1024 4361 bonus
1058 4310 1158 4360 nisi
1185 4325 1314 4359 unus
1344 4308 1478 4359 Deus
1505 4307 1651 4375 (Luc.
1682 4323 1835 4369 xuii,
1878 4308 1985 4376 19).

443 4397 575 4449 Cum
605 4405 658 4449 et
689 4399 951 4451 hominem
982 4398 1085 4450 alio
1118 4397 1231 4450 loco
1260 4397 1400 4450 dicat
1436 4398 1629 4447 bonum
1668 4396 1777 4463 ipse
1820 4395 1991 4446 Domi-

448 4498 547 4536 nus
575 4500 587 4535 :
615 4482 785 4535 Bonus
825 4486 995 4545 homo,
1036 4485 1224 4551 inquit,
1269 4484 1331 4535 de
1374 4484 1505 4535 bona
1542 4484 1779 4534 thesauro
1820 4481 1987 4533 cordis

372 4638 377 4641 ν
448 4572 529 4623 sui
554 4569 744 4639 profert
772 4572 921 4633 bona,
945 4582 989 4622 et
1016 4571 1182 4622 malus
1211 4571 1361 4623 homo
1384 4571 1447 4622 de
1467 4570 1603 4623 malo
1624 4571 1859 4621 thesauro
1880 4585 1989 4620 cor-

448 4658 528 4710 dis
565 4660 645 4709 sui
681 4658 871 4726 profert
907 4658 1044 4709 mala
1080 4657 1286 4726 (Matth.
1327 4673 1423 4719 xu,
1456 4655 1566 4723 35).
1612 4655 1715 4708 Sed
1751 4656 1875 4721 quia
1906 4655 1990 4707 ille

450 4746 611 4796 vitam
637 4753 887 4797 aeternam
912 4746 1198 4812 qinerebat,
1237 4744 1339 4796 vita
1378 4750 1551 4796 autem
1586 4751 1784 4795 acterna
1819 4752 1899 4793 est
1937 4742 1988 4793 in

452 4836 538 4887 illa
559 4835 1018 4901 contemplatione,
1042 4850 1140 4900 qua
1166 4850 1263 4888 non
1287 4834 1350 4887 ad
1372 4848 1581 4902 ptenam
1603 4824 1810 4885 videtur
1830 4830 1987 4891 Deus,

450 4922 541 4978 sed
569 4922 633 4975 ad
662 4921 906 4987 gaudium
929 4936 1210 4989 supernum
1233 4922 1248 4990 [
1258 4922 1381 4985 51s.,
1405 4918 1800 4989 sempiternum]
1826 4937 1837 4969 :
1863 4917 1994 4969 duas

451 5008 539 5063 hic
566 5008 978 5062 resurrectiones
1002 5008 1113 5075 ipse
1139 5010 1389 5061 Dominus
1412 5007 1652 5061 Christus
1681 5009 1731 5061 in
1763 5010 1847 5061 his
1874 5022 1989 5059 ver-

452 5096 535 5151 bis
556 5096 707 5150 nobis
727 5096 1068 5150 demonstrat.
1107 5094 1337 5147 Primam
1366 5110 1481 5161 quae
1505 5096 1558 5149 in
1586 5096 1689 5149 ﬁde
1714 5105 1797 5150 est
1816 5111 1989 5149 resur-

452 5189 621 5257 gendo
648 5203 677 5241 a
708 5189 958 5257 peccatis,
993 5188 1057 5240 de
1083 5202 1185 5253 qua
1215 5187 1291 5239 ait
1314 5204 1325 5237 :
1351 5186 1511 5239 Amen
1533 5205 1680 5242 mn
1700 5190 1813 5242 dico
1835 5192 1989 5252 robis,

450 5272 572 5341 quia
609 5282 740 5323 venit
766 5274 918 5335 hora,
952 5285 997 5325 et
1034 5290 1169 5326 nunc
1213 5282 1308 5333 est,
1340 5272 1397 5323 in
1419 5288 1530 5341 qua
1564 5276 1751 5326 mortui
1786 5277 1992 5327 audient

450 5376 620 5412 vocem
646 5358 771 5410 Filii
809 5358 921 5412 Dei.
968 5361 1200 5415 Alteram
1238 5361 1324 5414 ubi
1363 5363 1472 5413 ait:
1498 5361 1656 5413 Amen
1690 5380 1839 5417 amen
1876 5366 1991 5417 dico

452 5448 609 5511 vobis,
638 5449 759 5517 quia
795 5449 951 5501 veniet
984 5449 1132 5511 hara,
1166 5451 1225 5503 in
1260 5466 1362 5519 qua
1399 5465 1571 5502 omnes
1606 5451 1693 5517 qui
1728 5453 1782 5503 in
1815 5470 1993 5507 monu-

452 5538 635 5589 mentis
667 5546 818 5597 sunt,
853 5536 1060 5589 audient
1095 5554 1262 5591 occasu
1301 5536 1426 5589 Filii
1467 5538 1575 5588 Dei.
1618 5537 1705 5589 Illa
1744 5540 1889 5605 prior
1916 5550 1996 5595 est

529 5717 549 5742 ο
588 5704 644 5755 S.
682 5706 812 5770 Aug.
855 5708 954 5759 loc.
997 5707 1087 5759 cit.
1128 5722 1271 5759 uuln.
1312 5708 1391 5759 lﬁ.

2087 3326 2501 3377 resurrectionem
2528 3327 2674 3390 riter;
2698 3328 2786 3397 qui
2812 3328 2948 3381 mala
2969 3341 3197 3398 egerunt,
3229 3332 3281 3384 in
3306 3335 3635 3386 resurrectio-

2085 3431 2197 3466 nem
2236 3415 2435 3478 iudicii,
2477 3415 2528 3468 id
2562 3422 2662 3479 est,
2700 3419 3069 3481 damnationis,
3107 3422 3228 3489 quia
3268 3421 3354 3474 hic
3382 3421 3638 3487 judicium

2086 3520 2180 3571 pro
2201 3520 2353 3572 pinna
2374 3507 2572 3571 posuit.
2616 3506 2761 3560 Tunc
2785 3508 2889 3561 erit
2914 3510 3091 3562 ultima
3122 3510 3237 3578 pala
3261 3508 3411 3577 [Ms.,
3435 3512 3633 3581 palea],

2086 3608 2203 3658 quae
2234 3602 2446 3659 separat
2476 3592 2641 3647 bonos
2667 3609 2697 3646 a
2737 3596 2905 3655 malis,
2939 3597 3171 3651 triticmn
3201 3614 3230 3651 a
3259 3601 3444 3667 paleis.
3489 3603 3635 3657 Tum:

2088 3679 2237 3730 ibunt
2256 3680 2407 3746 impii
2439 3680 2487 3732 in
2517 3681 2688 3747 ignem
2714 3692 2991 3747 :rternum,
3021 3686 3147 3754 justi
3189 3698 3363 3742 autem
3390 3690 3441 3744 in
3474 3692 3632 3744 vitam

2088 3776 2356 3821 aeternam.
2400 3768 2649 3836 Sequitur
2676 3780 2890 3825 autem:
3436 3835 3444 3843 ,
3548 3760 3564 3781 ῃ

2161 3855 2315 3908 Vens.
2356 3858 2528 3909 50.—-
2544 3857 2662 3909 Non
2707 3860 2913 3927 possum
2954 3878 2985 3914 a
3030 3880 3109 3915 me
3147 3864 3255 3931 ipso
3292 3866 3461 3932 facere
3490 3872 3637 3936 quiil-

2088 3958 2261 4009 quam,
2288 3944 2375 3995 sed
2399 3944 2528 3996 sicut
2556 3946 2734 4009 audio,
2760 3948 2963 4015 judico,
2996 3960 3042 4003 et
3064 3952 3324 4020 judicium
3353 3972 3521 4008 meum
3548 3959 3640 4025 ju—

2087 4038 2223 4080 stum
2242 4040 2334 4081 est.
2379 4030 2638 4085 Fortassis
2660 4033 2775 4087 ideo
2800 4035 2950 4099 dixit,
2982 4052 3084 4090 non
3108 4053 3322 4105 possum
3351 4056 3381 4093 a
3410 4057 3494 4096 me
3527 4044 3639 4112 ipso

2093 4121 2266 4173 facere
2280 4122 2591 4189 quidquam,
2613 4126 2763 4192 quasi
2784 4127 3001 4180 dixisset
3024 4146 3038 4180 ε
3062 4128 3103 4181 Α
3130 4145 3213 4182 me
3235 4131 3347 4199 ipso
3368 4148 3471 4186 non
3496 4150 3632 4192 sum,

2090 4214 2180 4265 sed
2210 4228 2238 4265 a
2266 4213 2440 4267 Patre.
2483 4214 2640 4267 Pater
2665 4215 2807 4270 enim
2836 4230 2865 4268 a
2893 4216 3034 4269 nullo
3055 4216 3159 4270 alio
3180 4228 3280 4279 est,
3304 4219 3468 4273 Filius
3494 4224 3635 4275 enim

2090 4304 2297 4357 aPatre
2339 4314 2437 4358 est.
2483 4305 2604 4359 Ideo
2650 4305 2781 4358 dixit
2807 4324 2817 4356 :
2843 4302 2985 4359 Sicut
3026 4305 3213 4368 audio,
3255 4307 3469 4375 judico,
3512 4314 3635 4379 quia

2085 4410 2252 4447 muni
2273 4411 2405 4462 opus
2430 4406 2514 4449 est
2533 4395 2724 4457 Patris,
2750 4405 2803 4449 et
2819 4395 2957 4460 Filii,
2980 4404 3035 4449 et
3057 4396 3286 4464 Spiritus
3306 4400 3496 4453 sancti.
3524 4401 3637 4453 Sic-

2091 4492 2148 4534 ut
2176 4483 2341 4543 audit,
2368 4481 2608 4549 judicat;
2638 4485 2785 4538 audit
2820 4484 3062 4538 videlicet
3089 4498 3184 4552 per
3231 4486 3485 4539 unitatem
3516 4489 3639 4540 sub-

2090 4572 2297 4625 stantia:
2332 4582 2385 4624 et
2420 4574 2793 4641 proprietatem
2825 4574 3076 4627 scientiae.
3122 4574 3457 4649 Nonjadicat
3494 4590 3525 4628 a
3565 4592 3642 4629 sc-

2094 4662 2338 4729 metipso,
2381 4662 2505 4728 quia
2552 4677 2655 4716 non
2700 4671 2781 4716 est
2821 4678 2852 4715 a
2897 4664 3196 4731 semetipso.
3241 4664 3400 4718 Pater
3447 4665 3643 4734 quippe

2094 4751 2239 4803 solus
2274 4751 2337 4803 de
2370 4751 2476 4803 alio
2507 4765 2610 4803 non
2650 4760 2749 4813 est,
2784 4751 2953 4805 Filius
2983 4769 3012 4804 a
3038 4752 3195 4805 Patre
3221 4754 3429 4821 genitus
3454 4763 3556 4816 est,
3578 4758 3645 4807 ut

2094 4838 2344 4891 diximus.
2378 4837 2462 4889 Ah
2489 4838 2604 4904 ipso
2627 4840 2767 4891 enim
2799 4839 2947 4891 audit
2972 4847 3025 4891 et
3052 4840 3233 4903 Filius,
3255 4855 3283 4891 a
3308 4843 3643 4910 quo'geuitus

2094 4940 2193 4991 est,
2222 4932 2343 4997 quia
2372 4945 2476 4983 non
2495 4938 2578 4983 est
2605 4946 2634 4982 a
2665 4945 2721 4984 se
2749 4932 2882 4998 ipso,
2910 4930 3000 4985 sed
3027 4932 3093 4984 ab
3120 4933 3226 4995 illo,
3255 4947 3285 4985 a
3309 4947 3415 5001 quo
3437 4935 3646 5002 genitus

2092 5032 2192 5076 est.
2241 5023 2284 5074 Δ
2322 5038 2431 5089 quo
2456 5022 2528 5075 illi
2556 5031 2637 5075 est
2668 5022 3028 5091 intelligentia,
3066 5022 3222 5093 515
3252 5025 3319 5078 ab
3348 5024 3437 5076 illo
3462 5025 3645 5093 utique

2093 5119 2148 5162 et
2180 5111 2421 5163 scientia.
2457 5111 2537 5164 Ab
2574 5110 2663 5163 illo
2700 5111 2861 5177 igitur
2891 5111 3156 5165 audientia
3182 5150 3197 5173 ,
3240 5126 3359 5179 qua
3395 5113 3525 5166 nihil
3561 5124 3644 5166 est

2093 5200 2236 5251 aliud
2261 5215 2418 5267 quam
2444 5200 2682 5253 scientia.
2714 5199 2895 5253 Potest
2926 5215 3136 5269 quoque
3170 5202 3271 5254 hoc
3300 5201 3471 5269 ipsum
3500 5206 3640 5270 quod

2096 5289 2248 5347 dixit.
2288 5290 2417 5343 sicut
2453 5290 2627 5350 audio.
2652 5288 2848 5355 judico,
2880 5290 2945 5342 de
2971 5290 3312 5344 humanitatis
3341 5300 3531 5345 natura
3561 5294 3642 5345 in-

2097 5376 2280 5446 telligi,
2322 5392 2480 5444 quam
2522 5376 2614 5429 Dei
2662 5375 2827 5429 Filius
2872 5390 2936 5429 ex
2982 5378 3185 5446 virgine
3219 5381 3461 5450 sumpsit.
3509 5380 3643 5434 Cum

2102 5473 2283 5532 ageret
2302 5464 2367 5518 de
2390 5464 2774 5517 resurrectione
2800 5464 3112 5528 animarum,
3143 5482 3247 5521 non
3282 5468 3506 5529 dicebat,
3542 5483 3640 5519 aa-

2102 5552 2204 5606 dio.
2244 5553 2336 5605 sed
2369 5553 2567 5613 judico.
2608 5554 2775 5631 ᾼιιάιο
2805 5553 2967 5618 ειιίιιι,
3004 5563 3253 5623 tanquam
3290 5556 3643 5625 praecipientis
