4266 6230
666 374 782 433 ’8ἴό

1494 380 1556 440 Β.
1596 387 1655 439 F.
1694 387 1907 439 ALBINI
1948 386 2074 442 SEU
2113 386 2381 441 ALCUINI
2414 384 2686 441 OPERUM
2721 385 2893 440 PARS
2929 388 2969 441 ll

683 489 856 544 Patris
896 491 1190 560 imperium.
1233 494 1350 548 Jam
1381 510 1505 565 ergo
1537 498 1671 551 sicut
1711 498 1893 559 homo,
1931 497 2066 550 sicut
2102 512 2206 566 quo
2236 502 2277 555 Α
2309 496 2377 549 lio
2418 510 2533 548 suo.
2576 496 2642 548 Et
2686 498 2791 563 scio
2833 499 2954 566 quia
2992 500 3330 551 testimonium
3374 499 3485 567 ejus
3533 514 3700 551 rerum
3747 509 3841 551 est.

684 579 851 644 major
875 590 955 633 est
982 580 1167 646 Pater;
1189 584 1295 651 jam
1321 601 1386 638 ex
1419 585 1585 639 forma
1610 588 1766 649 servi,
1797 602 1900 640 non
1939 602 2002 639 ex
2044 588 2210 637 l’orma

686 667 795 719 Dei.
837 667 981 721 Sicut
1002 670 1176 733 audio,
1199 672 1401 738 judico,
1440 682 1486 725 et
1516 674 1775 740 judicium
1817 689 1984 725 meum
2015 673 2212 739 justum

683 765 775 807 est.
812 755 959 809 Unde
980 764 1061 810 est
1081 758 1336 825 judicium
1354 758 1551 825 justum
1576 760 1844 812 hominis?
1869 759 2000 823 Quia
2032 758 2209 825 sequi-

686 856 805 897 tur:
832 844 952 898 Non
995 862 1169 915 quam
1212 834 1541 903 voluntatem‘
1561 864 1745 912 meam,
1789 848 1876 900 sed
1910 845 2213 899 voluntatem

682 932 793 1000 ejus
818 934 906 1003 qui
930 934 1066 987 misit
1091 951 1189 988 me.
1230 935 1332 990 lsta
1358 936 1558 1000 missio,
1583 936 1875 989 iucarnatio
1895 944 1975 988 est
1998 933 2211 994 Christi,

682 1038 799 1090 qua:
833 1024 900 1077 ad
926 1024 1027 1079 hoc
1051 1023 1190 1080 facta
1214 1033 1295 1079 est
1319 1034 1378 1079 ιιι
1400 1033 1618 1094 paterna
1642 1025 1884 1078 voluntas
1912 1025 1966 1077 in
1993 1024 2213 1077 salutem

681 1114 897 1168 humani
918 1115 1127 1183 generis
1150 1130 1247 1185 per
1271 1129 1389 1168 eum
1418 1114 1727 1170 elﬁceretur.
1752 1114 1972 1168 Videtur
1993 1112 2134 1166 enim
2163 1111 2215 1163 in

685 1204 787 1257 hoc
811 1203 928 1257 loco
953 1218 1019 1257 ex
1056 1205 1140 1259 his
1171 1205 1345 1259 verbis
1380 1204 1669 1259 Salvatoris
1707 1205 1893 1263 nostri,
1931 1203 2061 1256 velle
2098 1217 2218 1256 eum

682 1290 953 1346 insinuare
985 1292 1137 1346 nobis
1173 1293 1304 1346 duas
1335 1302 1552 1346 naturas
1585 1294 1635 1345 in
1678 1307 1735 1345 se
1772 1307 1907 1355 esse,
1949 1298 2001 1343 et
2039 1303 2217 1342 veram

684 1377 878 1432 habere
904 1366 1155 1442 anim‘am,
1186 1380 1238 1432 in
1268 1395 1369 1448 qua
1397 1380 1505 1434 sola
1534 1380 1773 1450 voluntas
1798 1387 1881 1432 est
1908 1377 2055 1449 μη,
2086 1379 2219 1430 solet

682 1466 924 1520 voluntas
945 1468 1116 1539 esse];
1145 1480 1260 1536 qua:
1295 1470 1453 1523 etiam
1494 1476 1637 1522 tanta
1672 1466 2039 1536 conjunctione
2076 1481 2219 1518 com-

679 1553 845 1606 .mista
872 1563 951 1607 est
978 1554 1255 1618 divinitati,
1285 1564 1344 1609 ut
1372 1564 1477 1609 tota
1508 1555 1750 1609 voluntas
1777 1555 1829 1607 in
1862 1568 1922 1606 ea
1964 1552 2217 1621 spiritalis

683 1640 858 1705 fuerit,
900 1657 1001 1696 non
1038 1644 1296 1706 animalis,
1338 1645 1389 1698 id
1425 1653 1524 1708 est,
1574 1644 1819 1697 carnalis.
1860 1643 1993 1695 Nam
2035 1657 2219 1697 consc-

2312 582 2477 636 Omne
2506 599 2709 647 verum,
2734 599 2764 636 a
2787 586 3006 641 veritate
3036 602 3215 641 verum
3241 596 3322 642 est
3348 606 3359 639 :
3388 589 3526 665 Deus
3542 589 3681 641 enim
3706 590 3844 642 reri-

2313 682 2392 724 Ias
2421 681 2520 725 est.
2568 673 2634 726 Et
2669 674 2920 741 quidquid
2961 691 3141 730 verum
3177 686 3277 741 est,
3317 694 3346 731 a
3387 678 3493 731 Deo
3529 693 3709 731 verum
3742 685 3842 731 est.

2317 775 2334 806 ι
2369 768 2393 795 ι
2423 758 2593 825 Atque
2624 760 2675 812 id
2704 762 3057 815 testimonium
3088 764 3238 827 dixit,
3264 765 3388 832 quid
3410 765 3513 817 sit:
3540 764 3725 833 Opera,
3766 766 3846 817 itt-

2309 848 2442 916 quit,
2486 864 2599 917 qua:
2644 865 2731 917 ego
2780 849 2933 915 facio,
2980 854 3319 906 testimonium
3352 854 3610 922 perhibent
3646 854 3708 906 de
3743 871 3840 906 me.

2310 934 2507 988 Deinde
2531 933 2786 999 adiunxit,
2820 934 2885 988 Et
2908 940 3245 992 testimonium
3272 941 3493 1008 perhibet
3521 942 3583 992 de
3615 958 3718 1005 me,
3754 942 3845 1009 qui

2311 1025 2444 1076 misit
2468 1041 2545 1076 me
2569 1020 2743 1076 Pater.
2784 1025 3002 1093 Ipsaque
3030 1042 3188 1095 opera
3216 1043 3332 1096 quae
3361 1027 3516 1092 facit,
3550 1045 3577 1080 a
3608 1029 3761 1082 Patre
3788 1044 3846 1080 se

2311 1113 2574 1181 accepisse
2607 1112 2749 1166 dicit.
2791 1114 3169 1168 Testimonium
3199 1130 3323 1184 ergo
3359 1116 3634 1184 perhibent
3658 1129 3839 1183 opera,

2312 1204 2667 1257 testimonium
2688 1205 2925 1272 perhibet
2942 1205 3099 1259 Pater
3122 1207 3211 1274 qui
3235 1207 3375 1259 misit
3393 1221 3534 1259 eum.
3570 1205 3849 1259 Perhibuit

2311 1292 2539 1347 Joannes
2575 1294 2929 1348 testimonium
2974 1296 3036 1349 de
3076 1296 3287 1350 Christo
3329 1307 3575 1363 tanquam
3610 1296 3845 1354 lucerna,

2309 1397 2417 1434 non
2452 1380 2516 1433 ad
2552 1383 2810 1435 sanandos
2847 1380 3031 1451 [Aug.,
3066 1384 3353 1455 satiandos]
3388 1384 3585 1437 amicos
3608 1424 3621 1446 ,
3653 1384 3741 1436 sed
3777 1383 3847 1434 ad

2312 1467 2706 1522 confundendos
2744 1470 3002 1523 inimicos.
3059 1469 3171 1524 Jam
3196 1464 3358 1526 antea
3391 1472 3693 1540 pradictum
3729 1480 3847 1523 erat

2315 1570 2344 1606 a
2380 1570 2599 1623 persona
2648 1555 2819 1610 Patris
2859 1570 2873 1608 :
2909 1553 3097 1610 Parari
3145 1558 3404 1611 lucernam
3446 1556 3648 1611 Christo
3692 1572 3851 1619 meo;

2312 1644 2555 1698 Inimicos
2585 1646 2695 1713 ejus
2722 1646 2932 1697 induam
2962 1646 3283 1712 confusione,
3313 1638 3464 1715 super
3487 1648 3652 1715 ipsum
3682 1656 3853 1697 autem

3744 386 3846 440 816
3947 391 3952 393 ’

681 1741 903 1797 quem"
932 1731 1241 1801 εαῦἱυηιίιτ
2315 1736 2512 1805 ﬂorebit
2550 1736 2881 1802 sanctiﬁcatio
2924 1753 3033 1789 mea
3061 1735 3226 1806 (Psal.
3271 1753 3447 1799 cxxxr,
3478 1738 3560 1799 Π,
3591 1736 3695 1805 l8).
3728 1736 3855 1788 Esto

757 1821 913 1873 Vens.
950 1820 1192 1876 5L—Si
1232 1838 1323 1889 ego
1362 1821 1701 1873 testimonium
1753 1821 1986 1889 perhibeo
2031 1821 2093 1873 de
2137 1836 2216 1872 me
2247 1807 2289 1860 ’Β
2318 1818 2564 1892 tanquam
2596 1824 2647 1876 in
2676 1831 2827 1876 nocte
2852 1825 3074 1892 positus,
3105 1825 3371 1878 attendisti
3403 1827 3453 1878 in
3484 1826 3769 1886 lucernam,
3798 1815 3855 1877 et

682 1909 812 1977 ipso,
840 1910 1178 1962 testimonium
1206 1925 1372 1962 meum
1394 1926 1494 1962 non
1521 1920 1593 1961 est
1623 1925 1810 1962 verum.
1847 1909 1997 1961 Sicut
2018 1908 2070 1961 in
2094 1923 2219 1961 con-
2318 1913 2539 1965 miratus
2560 1928 2617 1966 es
2636 1912 2991 1974 lucernam,et
3010 1914 3281 1967 exsultasti
3310 1915 3375 1967 ad
3405 1915 3577 1967 lumen
3607 1914 3855 1967 lucernre.

670 1996 1023 2063 sequentibus
1045 1997 1175 2049 dixit
1198 2011 1212 2049 :
1239 1996 1298 2050 Si
1334 1996 1563 2065 glori/ica
1591 2012 1669 2049 me
1694 1997 1878 2063 ipsum,
1908 1995 2074 2065 gloria
2107 2011 2221 2049 mea
2319 2001 2422 2055 Sed
2443 2001 2531 2054 illa
2553 2000 2759 2054 lucerna
2781 2002 2906 2054 dicit
2929 2016 3047 2055 esse
3069 2003 3254 2065 solem,
3278 2004 3329 2056 in
3352 2018 3455 2070 quo
3472 2003 3733 2056 exsultare
3753 2002 3848 2056 dc-

685 2088 813 2142 uihil
836 2098 941 2153 est;
966 2088 1054 2142 sed
1078 2090 1164 2159 qui
1176 2090 1323 2151 misit
1352 2104 1428 2141 me
1458 2087 1635 2149 Pater,
1675 2089 1778 2156 ipse
1814 2103 1891 2139 me
1925 2086 2174 2155 glorificat
2203 2101 2220 2138 :
2318 2092 2473 2152 beas;
2499 2096 2553 2141 et
2578 2088 2817 2156 quamvis
2844 2084 3027 2142 ardeat
3055 2091 3106 2142 in
3134 2099 3307 2153 nocte,
3330 2091 3467 2145 diem
3496 2100 3549 2145 te
3584 2091 3731 2160 jubet
3763 2106 3857 2144 ex-

687 2178 765 2231 sic
786 2185 840 2231 et
867 2179 954 2231 hic
974 2178 1169 2231 dictum
1191 2184 1271 2231 est
1293 2196 1306 2229 :
1334 2176 1393 2231 Si
1419 2194 1510 2246 ego
1538 2177 1878 2229 testimonium
1902 2177 2135 2245 perhibeo
2159 2176 2222 2227 de
2317 2185 2575 2246 spectare.
2616 2177 2729 2231 Non
2753 2193 2897 2243 ergo,
2933 2180 3055 2245 quia
3081 2179 3221 2231 illius
3244 2180 3469 2233 hominis
3500 2180 3853 2233 testimonium

687 2283 765 2319 me
792 2267 916 2335 ipso,
945 2267 1283 2320 testimonium
1310 2282 1477 2319 meum
1499 2283 1600 2319 non
1632 2277 1703 2318 est
1738 2282 1929 2318 verum.
1971 2266 2036 2318 Et
2072 2264 2224 2333 paulo
2321 2267 2477 2336 [Αυρ.
2500 2307 2515 2330 ,
2555 2265 2896 2336 testimonio]
2943 2282 3048 2320 non
3075 2277 3190 2320 erat
3234 2274 3384 2336 Opus.
3449 2268 3578 2321 Nam
3628 2278 3685 2321 ut
3731 2269 3855 2337 quid

688 2362 842 2422 post:
870 2352 971 2417 Qui
1002 2354 1137 2407 misit
1163 2369 1242 2405 me
1270 2353 1444 2414 Pater,
1486 2353 1592 2420 ipse
1626 2352 1967 2404 testimonium
2000 2350 2221 2419 perhibet

688 2444 892 2495 deme.
937 2441 1089 2495 Nunc
1135 2442 1190 2494 in
1235 2454 1291 2494 se
1324 2448 1566 2494 naturam
1609 2440 1834 2494 hominis
1868 2440 2220 2500 demonstrat;

692 2546 831 2586 nunc
859 2532 911 2584 in
938 2531 1031 2584 Dei
1057 2531 1331 2599 majestate
1367 2528 1620 2597 aequalem
1664 2545 1720 2583 se
1756 2527 2015 2596 signiﬁcat
2050 2526 2222 2587 Patri;

693 2636 831 2676 nunc
860 2621 1113 2675 unitatem
1146 2620 1246 2674 sibi
1281 2620 1567 2674 divinitatis
1596 2634 1715 2672 cum
1741 2620 1847 2672 Deo
1874 2618 2029 2671 Patre
2053 2617 2223 2669 vindi—

693 2727 852 2776 cans,
888 2726 1029 2765 nunc
1062 2710 1398 2778 fragilitatem
1426 2710 1667 2762 humanae
1708 2707 1882 2761 carnis
1912 2705 2223 2766 ostendens;

696 2814 833 2852 nunc
855 2798 1149 2852 doctrinam
1172 2812 1408 2855 suamse
1440 2812 1543 2853 non
1578 2797 1772 2858 dicere,
1813 2810 1954 2848 nunc
1987 2794 2228 2849 volunta-

694 2895 802 2939 tem
830 2899 977 2938 suam
1003 2899 1060 2938 se
1082 2899 1184 2938 non
1220 2899 1453 2954 quatrere
1479 2903 1492 2938 :
1516 2901 1654 2958 nunc
1684 2885 2041 2937 testimonium
2076 2897 2226 2936 suum

696 2989 877 3029 verum
902 2989 1005 3028 nou
1031 2988 1165 3037 esse,
1195 2990 1336 3029 nunc
1366 2990 1547 3028 verum
1585 2988 1701 3027 esse
1736 2972 2057 3041 signiﬁcans.
2098 2969 2229 3022 Nam

697 3064 782 3118 hic
806 3064 913 3117 ait:
939 3062 997 3118 Si
1022 3080 1111 3132 ego
1134 3064 1475 3117 testimonium
1499 3062 1730 3132 perhibeo
1756 3062 1819 3115 de
1843 3077 1921 3114 me
1942 3062 2069 3129 ipso,
2092 3059 2230 3111 testi-

697 3152 925 3206 monium
947 3168 1122 3205 meum
1142 3168 1249 3205 non
1287 3162 1360 3206 est
1393 3168 1597 3215 verum;
1632 3160 1684 3206 et
1721 3150 1872 3219 paulo
1908 3156 2025 3217 post
2050 3165 2062 3199 :
2087 3146 2153 3199 Et
2184 3146 2228 3199 si

697 3257 788 3309 ego
823 3243 1163 3295 testimonium
1194 3241 1429 3309 perhibeo
1461 3241 1523 3293 de
1546 3257 1655 3303 me,
1694 3255 1864 3292 verum
1897 3248 1969 3290 est
2002 3236 2229 3290 testimo-

700 3331 844 3383 nium
865 3345 1049 3389 meum.
1091 3329 1360 3394 Quomodo
1387 3344 1513 3398 ergo
1537 3344 1640 3383 non
1671 3327 1821 3397 [Ms.,
1849 3325 2009 3397 nunc]
2037 3336 2119 3381 est
2144 3340 2233 3377 ve-

699 3434 818 3473 rum
838 3418 1190 3473 testimonium
1216 3426 1385 3482 tuum,
1410 3418 1648 3480 Domine,
1679 3417 1779 3471 nisi
1806 3414 2090 3470 secundum
2131 3412 2235 3466 fra-

700 3507 958 3575 gilitatem
983 3507 1195 3561 carnis?
1234 3506 1364 3561 Nam
1388 3516 1439 3562 et
1468 3506 1594 3561 illud
1619 3507 1758 3574 quod
1782 3505 1948 3558 dixit:
1977 3503 2096 3557 Non
2126 3504 2234 3556 veni

704 3598 872 3665 facere
896 3596 1201 3650 uoluntatem
1224 3613 1405 3660 nteant,
1432 3606 1485 3651 et
1510 3595 1677 3649 Filius
1701 3613 1733 3648 α
1752 3611 1805 3649 se
1829 3592 1956 3648 nihil
1977 3601 2137 3663 potest
2161 3592 2237 3659 {a-

704 3703 835 3750 cere,
858 3694 911 3739 et
937 3686 1038 3738 alia
1065 3686 1224 3737 multa
1252 3683 1578 3750 huiusmodi;
1607 3699 1723 3751 quae
1752 3683 1930 3737 omnia
1954 3698 2057 3736 non
2093 3681 2237 3733 inﬁr-

711 3783 855 3830 mant
882 3775 1099 3836 Filium,
1126 3779 1294 3843 neque
1316 3773 1647 3841 depreciant,
1668 3788 1771 3826 nec
1795 3788 1822 3825 a
1852 3771 2010 3825 Patre
2043 3769 2236 3836 disjun-

706 3874 835 3932 gunt
861 3882 872 3915 :
902 3863 1155 3930 siquidem
1186 3871 1237 3913 et
1272 3862 1382 3916 haec
1412 3862 1528 3915 ideo
1560 3868 1680 3915 sunt
1716 3861 1899 3930 posita,
1930 3869 1987 3912 ut
2010 3874 2131 3911 vera
2160 3858 2237 3910 in-

710 3956 946 4008 carnatio
979 3962 1242 4007 noscatur.
1286 3952 1415 4007 Nam
1449 3954 1587 4021 quod
1621 3952 1747 4005 dicit
1786 3970 1797 4002 :
1841 3950 1950 4018 Ego
1986 3951 2049 4001 de
2082 3947 2236 4000 Patre

710 4043 858 4104 exivi,
897 4058 987 4108 ego
1022 4042 1077 4093 in
1117 4041 1268 4093 Patre
1290 4080 1305 4103 ,
1344 4049 1390 4093 et
1425 4039 1582 4092 Pater
1615 4040 1667 4090 in
1704 4054 1820 4099 me;
1857 4053 1946 4105 ego
1993 4044 2039 4087 et
2085 4034 2240 4087 Pater

719 4145 877 4181 unum
904 4144 1099 4187 sumus,
1124 4137 1170 4179 et
1193 4128 1279 4195 qui
1308 4144 1384 4179 me
1410 4128 1562 4189 videt,
1582 4128 1710 4179 uidet
1737 4136 1782 4179 et
1808 4126 2041 4187 Patrem;
2071 4134 2116 4177 et
2144 4124 2240 4176 sic-

721 4226 775 4268 ut
826 4215 981 4269 Pater
1010 4217 1217 4268 suscitat
1253 4224 1494 4278 mortuos,
1530 4224 1577 4267 et
1612 4215 1844 4282 uiviﬁcat,
1881 4215 1953 4266 ita
1989 4222 2035 4266 et
2074 4212 2240 4266 Filius

717 4320 841 4374 quos
879 4304 983 4357 vult
1018 4304 1231 4371 viri/ictu
1253 4320 1274 4355 :
1296 4318 1414 4356 vera
1457 4302 1569 4370 ejus
1606 4303 1850 4357 divinitas
1884 4303 2237 4371 approbatur:

2319 2356 2638 2415 mitteretur,
2697 2355 2739 2407 si
2789 2370 2892 2408 non
2937 2364 3055 2409 erat
3085 2359 3256 2423 opus?
3315 2357 3417 2411 Sed
3456 2373 3522 2410 ne
3554 2360 3605 2411 in
3645 2358 3854 2412 lucerna

2321 2440 2631 2510 [remaneat]
2678 2442 2853 2503 homo,
2904 2450 2958 2495 et
3004 2442 3178 2496 lumen
3227 2443 3452 2498 lucernze
3494 2445 3590 2498 sibi
3622 2444 3856 2498 sufﬁcere

2320 2531 2645 2586 arbitretur:
2676 2530 2791 2581 ideo
2820 2530 3070 2582 Dominus
3093 2545 3192 2584 nec
3215 2531 3481 2584 lucernam
3514 2531 3654 2584 illam
3680 2546 3856 2599 super-

2322 2615 2476 2669 ﬂuam
2504 2616 2631 2669 dicit
2657 2615 2835 2677 fuisse,
2864 2631 2961 2669 nec
2990 2625 3161 2670 tamen
3186 2617 3313 2670 dicit
3348 2618 3400 2671 in
3430 2619 3640 2672 lucerna
3667 2617 3851 2672 debere

2323 2703 2480 2772 516
2516 2718 2806 2755 remanere.
2848 2702 2983 2755 Dicit
3023 2704 3161 2756 aliud
3199 2704 3551 2757 testimonium
3590 2704 3852 2774 Scriptura

2321 2791 2432 2851 Dei,
2456 2791 2542 2843 ubi
2570 2791 2749 2857 utique
2770 2785 2906 2843 Deus
2922 2792 3187 2858 perhibuit
3206 2793 3561 2846 testimonium
3580 2793 3710 2847 Filio
3732 2809 3854 2854 suo;

2322 2872 2376 2932 et
2403 2881 2454 2933 in
2486 2880 2572 2932 illa
2615 2879 2885 2946 Scriptura
2926 2877 3090 2932 Judaai
3128 2895 3271 2947 spem
3309 2892 3608 2947 posuerant,
3655 2882 3707 2935 in
3746 2882 3862 2951 lege

2323 2968 2523 3021 scilicet
2544 2968 2655 3029 Dei,
2672 2957 2971 3018 ministrata
2999 2967 3099 3019 sibi
3126 2981 3219 3034 per
3243 2953 3452 3036 Moysen
3476 2968 3725 3021 famulum
3746 2970 3858 3023 Dei.

2328 3055 2659 3116 Scrutamini,
2687 3054 2874 3122 inquit,
2901 3052 3215 3122 Scripturam
3244 3055 3420 3124 (Joan.
3454 3073 3533 3117 tu,
3563 3057 3649 3118 39,
3674 3056 3778 3123 ιο),
3809 3056 3862 3108 in

2329 3160 2430 3213 qua
2456 3159 2549 3197 vos
2571 3143 2766 3210 putatis
2786 3143 2945 3194 vitam
2967 3150 3215 3194 aeternam
3236 3143 3449 3196 habere.
3488 3143 3601 3209 Ipsa
3627 3143 3864 3195 testimo-

2329 3232 2472 3284 nium
2504 3229 2744 3298 perhibet
2766 3228 2954 3291 deme,
2978 3236 3030 3279 et
3053 3242 3155 3279 non
3178 3228 3334 3285 vultis
3360 3228 3539 3279 venire
3578 3227 3643 3280 ad
3685 3241 3768 3279 me
3805 3236 3865 3279 ut

2328 3320 2486 3391 vitam
2513 3317 2766 3371 habeatis.
2806 3314 2938 3379 Quid
2963 3330 3055 3368 vos
3074 3316 3272 3384 putatis
3299 3317 3492 3368 habere
3514 3316 3566 3368 in
3592 3314 3862 3381 Scriptura

2338 3408 2497 3460 vitam
2529 3405 2811 3457 aeternam?
2845 3402 3018 3470 ipsum
3049 3394 3369 3471 interrogate
3399 3404 3480 3455 cui
3510 3403 3750 3471 perhibet
3786 3410 3864 3453 te-

2330 3491 2648 3552 stimonium,
2678 3496 2732 3542 et
2756 3489 3027 3565 intelligite
3049 3503 3165 3555 qua:
3189 3490 3258 3543 sit
3284 3489 3388 3541 vita
3416 3496 3631 3542 :eterna.
3659 3489 3724 3541 Et
3740 3488 3860 3555 quia

2329 3588 2542 3651 propter
2566 3578 2776 3647 Moysen
2798 3578 3106 3632 videbantur
3128 3577 3305 3648 [Aug.,
3336 3577 3601 3649 volebant]
3627 3578 3865 3645 repudia-

2334 3683 2389 3720 re
2413 3667 2678 3721 Christum
2704 3674 2953 3733 tanquam
2983 3666 3339 3719 adversarium
3350 3666 3621 3753 )nstitutis
3652 3673 3705 3717 et
3730 3678 3865 3733 pra-

2332 3757 2516 3824 ceptis,
2542 3770 2658 3822 qua:
2683 3754 2886 3823 Moyses
2911 3754 3141 3816 tradidit,
3170 3754 3353 3808 rursus
3378 3754 3587 3807 eosdem
3612 3754 3719 3822 ipse
3739 3767 3865 3807 con—

2334 3845 2492 3897 vincit
2519 3853 2767 3909 tanquam
2794 3842 2858 3894 de
2883 3841 2983 3893 alia
3012 3841 3245 3905 lucerna,
3276 3842 3454 3895 dicens
3479 3860 3490 3893 :

2918 3948 3139 4003 CAPUT
3173 3950 3258 4003 Xl.

2333 4032 2586 4092 Joannem
2614 4039 2871 4109 lucernam
2901 4038 3139 4107 appellat.
3173 4037 3380 4109 Patrem
3405 4057 3628 4109 qupque,
3658 4051 3704 4093 et
3730 4035 3868 4092 Scri-

2402 4117 2580 4176 pturas
2608 4108 2669 4158 de
2699 4123 2751 4159 se
2774 4108 3115 4176 testimonium
3144 4107 3423 4176 perhibere.
3454 4107 3671 4176 Judwos
3692 4123 3744 4160 se
3766 4123 3868 4176 non

2360 4176 2364 4180 “
2403 4173 2698 4242 recipientes
2741 4184 3013 4227 uenientem
3044 4175 3098 4227 in
3134 4173 3330 4227 nomine
3369 4173 3542 4242 Patris
3564 4215 3578 4236 ,
3622 4175 3789 4242 alium'
3815 4175 3870 4228 in

2406 4241 2607 4294 nomine
2625 4258 2723 4293 suo
2745 4252 3005 4293 uenturum
3030 4251 3330 4308 recepturos.
3360 4241 3434 4293 De
3455 4258 3507 4293 se
3527 4251 3695 4295 autem
3725 4241 3870 4311 Moy-

2406 4326 2495 4361 sen
2518 4311 2777 4376 scripsisse
2805 4317 3034 4360 testatur.
3166 4312 3167 4315 “

716 4392 838 4464 quia
855 4392 1338 4446 voluntasPatriset
1353 4391 1489 4455 Filii,
1506 4390 1609 4444 unit
1622 4392 1876 4459 operatio,
1890 4406 1992 4443 una
2017 4390 2241 4456 denique
2273 4413 2319 4467 υ
2410 4396 2568 4448 Vens.
2604 4396 2796 4449 35-56.
2816 4425 2883 4433 ——
2901 4394 3001 4447 Vos
3031 4397 3237 4448 misistis
3266 4396 3332 4447 ad
3357 4395 3628 4460 Joannem,
3656 4408 3703 4450 et
3730 4397 3871 4461 testi-

716 4484 904 4551 gratia,
930 4482 1215 4548 eademque
1236 4482 1542 4549 gubernatio
1563 4490 1661 4541 est,
1690 4481 1827 4533 sicut
1848 4479 2098 4549 magister
2119 4491 2243 4545 gen-

720 4570 854 4619 tium
883 4567 1031 4619 docet
1057 4566 1127 4619 ita
1155 4566 1424 4619 scribens:
1450 4562 1629 4616 Gratia
1658 4562 1812 4627 vobis,
1851 4574 1898 4615 et
1933 4579 2037 4631 paa:
2072 4579 2103 4615 α
2138 4563 2241 4615 Deo

728 4651 880 4706 Patre
901 4661 1088 4715 nostro,
1116 4661 1163 4703 et
1187 4650 1403 4703 Domino
1429 4648 1553 4703 Iesu
1580 4648 1780 4702 Christo
1806 4649 1971 4719 (Rom.
2001 4664 2036 4711 ι,
2067 4649 2139 4714 7).

792 4742 947 4797 Vens.
985 4739 1305 4813 ,ὄλ-ΛΕΜ
1340 4748 1412 4793 est
1446 4741 1533 4808 qui
1565 4739 1902 4791 testimonium
1936 4739 2155 4807 perhibet
2183 4740 2245 4792 de

724 4847 824 4883 me.
858 4830 915 4889 In
948 4819 1282 4897 sequentibus
1314 4829 1543 4883 ostendit
1575 4830 1693 4897 quis
1728 4829 1796 4881 sit
1829 4829 1915 4882 ille
1949 4830 2116 4893 alius,
2155 4830 2242 4896 qui

725 4915 1077 4969 testimonium
1116 4917 1353 4982 perhibet
1387 4915 1454 4971 de
1484 4931 1572 4977 se,
1605 4917 1694 4971 ubi
1727 4917 1801 4969 ait
1827 4935 1839 4969 :
1867 4915 1968 4980 Qui
2001 4918 2133 4969 misit
2171 4931 2249 4966 me

730 4999 905 5065 Pater,
933 5002 1037 5069 ipse
1060 5003 1396 5056 testimonium
1419 5003 1643 5072 perhibet
1668 5004 1731 5055 de
1750 5019 1829 5058 me
1849 5003 2041 5072 (lacn.
2057 5017 2108 5063 v,
2135 5001 2244 5069 37).

728 5087 1104 5145 Testimonium
1127 5086 1294 5141 Patris
1314 5096 1397 5142 est
1421 5092 1485 5144 de
1506 5090 1638 5145 Filio
1663 5091 1719 5145 in
1737 5090 2016 5157 baptismo,
2039 5089 2127 5142 ubi
2147 5102 2247 5139 vox

728 5173 863 5228 facta
888 5183 968 5230 est
992 5175 1054 5245 de
1072 5174 1206 5230 casto
1226 5192 1239 5226 :
1260 5172 1360 5227 Hic
1378 5185 1449 5228 est
1471 5174 1635 5231 Filius
1654 5193 1793 5230 meus
1816 5174 2049 5248 dilectus,
2075 5176 2128 5227 in
2148 5191 2246 5243 quo

728 5262 850 5315 mihi
877 5260 998 5313 bene
1024 5260 1327 5329 complacuit
1355 5261 1495 5333 [Men
1539 5262 1843 5333 cet-placui]
1875 5262 2084 5332 (Matth.
2118 5276 2244 5323 xvu,

728 5345 805 5415 5).
857 5346 1042 5401 Simile
1082 5362 1287 5414 quoque
1336 5351 1688 5409 testimonium
1742 5350 1795 5401 in
1850 5358 2025 5402 monte
2064 5358 2245 5402 saneto

730 5434 993 5503 perhibuit
1015 5433 1191 5499 Pater,
1230 5436 1554 5503 audientibus
1583 5436 1748 5493 tribus
1780 5434 2043 5503 discipulis
2071 5434 2135 5492 de
2161 5436 2248 5491 Fi-

803 5592 826 5622 ·
868 5583 922 5637 S.
957 5582 1114 5657 Aug,
1152 5593 1303 5639 tract.
1339 5599 1493 5649 mn,
1533 5600 1674 5638 num.
1716 5586 1767 5651 2,
1802 5588 1852 5640 5.

2347 4483 2571 4534 monium
2598 4482 2847 4550 perhibuit
2873 4484 3089 4534 veritati.
3123 4482 3232 4550 Ego
3258 4493 3425 4535 autem
3455 4500 3553 4535 non
3582 4484 3643 4536 ab
3668 4484 3871 4536 homine
3899 4497 3909 4506 '

2345 4571 2538 4637 occipio
2576 4570 2949 4630 testimonium;
2982 4569 3070 4619 sed
3103 4569 3209 4619 hac
3243 4571 3372 4629 dico,
3396 4580 3449 4621 ut
3474 4586 3557 4621 vos
3586 4568 3712 4622 salvi
3736 4569 3868 4622 sitis.

2346 4655 2443 4708 Ille
2462 4664 2570 4707 erat
2593 4655 2799 4705 lucente
2824 4653 3006 4706 ardens
3026 4664 3071 4706 et
3097 4655 3285 4708 lucens.
3334 4654 3435 4707 Vos
3456 4664 3624 4707 autem
3644 4654 3872 4709 voluistis

2344 4742 2599 4795 exsultare
2623 4740 2689 4791 ad
2716 4740 2891 4792 horam
2917 4743 2969 4794 in
3001 4741 3163 4795 lucem
3186 4734 3315 4810 ejus.
3365 4742 3473 4810 Ego
3506 4753 3673 4795 autem
3713 4744 3874 4797 habeo

2346 4828 2684 4880 testimonium
2727 4828 2892 4896 majus
2935 4828 3154 4881 Joanne.
3207 4828 3398 4884 Omnes
3442 4832 3582 4884 enim
3634 4832 3875 4886 homines

2348 4916 2573 4967 luccrme
2600 4922 2742 4977 sunt,
2763 4916 2882 4981 quia
2902 4922 2955 4966 et
2976 4914 3178 4969 incendi
3204 4916 3377 4987 [.dug.,
3398 4912 3632 4987 accendi]
3654 4930 3875 4987 possunt

2345 5012 2399 5055 et
2414 5003 2694 5071 exstingui.
2726 5003 2791 5053 Et
2810 5002 3035 5072 lucem
3046 5005 3252 5071 quidem
3274 5020 3392 5059 cum
3421 5000 3871 5072 sapiunt,~luccnt.

2344 5098 2395 5143 et
2432 5090 2618 5157 spiritu
2652 5087 2866 5141 fervent.
2906 5088 3034 5142 Nam
3065 5098 3121 5142 et
3154 5092 3195 5143 si
3228 5090 3502 5154 ardebant,
3527 5099 3582 5146 et
3603 5092 3877 5150 exstincta:

2346 5185 2503 5238 sunt,
2541 5175 2696 5229 etiam
2739 5183 2939 5242 putent.
2975 5176 3379 5229 Permanserunt
3410 5186 3586 5232 autem
3612 5168 3884 5233 servi'Dci.

2346 5264 2572 5317 lucerna:
2594 5258 2743 5316 bona:
2768 5274 2829 5318 ex
2857 5263 2973 5316 oleo
2994 5264 3364 5318 misericordia:
3388 5264 3546 5330 illius,
3568 5282 3671 5319 non
3698 5281 3764 5318 ex
3794 5264 3877 5319 vi-

2349 5352 2493 5403 ribus
2527 5351 2652 5403 suis.
2702 5350 2879 5404 Gratia
2917 5351 3108 5419 quippe
3148 5351 3238 5405 Dei
3275 5354 3498 5422 gratuita
3520 5392 3534 5414 ,
3577 5344 3871 5408 illa‘oleum

2304 5488 2307 5491 ,
2352 5438 2676 5491 lucernarum
2721 5447 2818 5491 est.
2874 5435 2997 5491 Plus
3048 5441 3177 5491 enim
3225 5440 3326 5493 illis
3370 5440 3600 5493 omnibus
3643 5440 3877 5498 laboravi
