4266 6258
506 316 607 371 817

1301 313 1696 371 ΕλΕϋΕἰἸιὶΔ.
1736 342 1807 357 ο-
1841 310 2183 367 (ΣΟΜΜΕΝΤ.
2223 313 2288 365 ιΝ
2324 314 2508 368 JOAN.
2532 346 2597 354 —
2634 315 2758 368 LIB.
2798 313 2885 367 lll.‘

3568 311 3683 363 8l8‘

504 430 555 503 (l
578 430 694 485 Cor.
716 430 921 497 ΠΛΟ),
937 428 1254 497 aitqua-dam
1275 426 1600 481 lucernazet
1626 441 1689 480 ne
1710 421 1911 477 viribus’
1925 421 2035 474 suis
2062 424 2227 486 Aper
2270 421 2411 475 illum
2461 422 2653 475 habere
2701 421 2940 474 salutem.
2995 417 3178 471 Omnis
3215 415 3353 468 enim
3397 414 3668 484 Scriptura

505 519 690 575 ardere
717 518 999 581 videretur,
1028 516 1291 585 adiunxit:
1312 515 1430 568 Non
1443 530 1533 584 ego
1556 522 1740 573 autem,
1760 510 1846 565 sed
1871 510 2036 579 gratia

507 608 606 661 Dei
621 622 831 659 mecum.
876 604 1057 659 Omnis
1074 619 1197 672 ergo
1215 603 1465 671 propheta
1483 610 1603 654 ante
1620 598 1822 653 Domini
1847 597 2037 649 adven-

507 706 617 751 tum
648 696 858 751 lucerna
886 704 984 758 est,
1013 697 1076 749 de
1104 710 1206 762 quo
1233 693 1496 762 apostolus
1521 692 1707 746 Petrus
1730 691 1857 744 dicit
1880 704 1894 741 :
1922 686 2033 740 Ha-

507 785 676 838 bemus
705 784 965 836 certiorem
980 783 1327 851 propheticum
1345 795 1651 839 sermonem;
1682 778 1763 829 cui
1783 774 2038 841 benefaci-

507 872 573 924 tis
600 871 930 929 intendentes,
959 867 1384 939 quemadmodum
1412 864 1629 917 lucerna:
1655 862 1842 915 lucenti
1868 862 1921 913 in
1948 858 2037 912 ob-

506 974 657 1011 scuro
685 958 817 1020 loco,
852 956 1009 1009 donec
1045 956 1150 1009 dies
1191 954 1428 1018 lucescat,
1465 963 1509 1007 et
1548 952 1731 1021 lucifer
1760 952 1959 1008 oriatur
1986 950 2039 1001 in

506 1047 745 1099 cordibus
794 1046 968 1098 restris
1016 1043 1097 1113 (II
1148 1041 1286 1095 Petr.
1339 1056 1375 1105 ι,
1426 1042 1529 1112 l9).
1569 1034 1819 1095 Lucerna:
1867 1038 2040 1105 itaque

508 1134 795 1202 prophetxe,
837 1141 890 1184 et
924 1131 1095 1184 omnis
1137 1130 1405 1197 prophetia
1444 1144 1545 1181 una
1583 1142 1770 1195 magna
1805 1126 2035 1178 lucerna.

509 1222 641 1287 Quid
675 1221 915 1289 apostoli,
954 1235 1125 1273 nonne
1166 1219 1431 1273 lucernas?
1471 1218 1641 1271 Etiam
1678 1216 1776 1283 ipsi
1818 1215 2041 1267 lucerna!

510 1313 681 1381 plane.
726 1311 815 1364 Sol
846 1309 969 1380 [51s.
993 1319 1040 1363 et
1056 1307 1403 1379 Aug.,~solus]
1431 1308 1570 1361 enim
1600 1306 1706 1369 ille,
1731 1320 1834 1358 non
1868 1304 2039 1357 lucer-

510 1416 595 1452 na.
636 1399 745 1453 Non
769 1399 1072 1453 accenditur
1093 1406 1146 1452 et
1169 1398 1534 1467 exstinguitur,
1560 1396 1649 1449 sed
1675 1405 1755 1449 est
1782 1394 1866 1448 lux
1895 1406 2041 1453 vera,

507 1503 625 1555 quae
661 1488 915 1542 illuminat
948 1502 1156 1541 omnem
1195 1488 1461 1541 hominem
1480 1486 1786 1545 venientem
1819 1484 1869 1535 in
1906 1483 2043 1536 hunc

510 1576 778 1631 mundum.
835 1575 908 1628 De
942 1574 1141 1629 Joanne
1174 1576 1366 1629 dicitur
1394 1593 1405 1626 :
1433 1574 1553 1627 Non
1582 1583 1691 1626 erat
1729 1571 1815 1627 ille
1843 1571 2038 1632 lumen,

506 1662 596 1717 sed
646 1673 701 1717 ut
742 1665 1089 1720 testimonium
1122 1662 1397 1731 perhiberet
1438 1662 1499 1713 de
1532 1660 1720 1717 lwnine
1767 1659 1943 1727 (Joan.
1985 1675 2038 1721 ι,

2139 519 2316 565 sancta
2345 510 2702 564 testimonium
2732 508 2995 578 perhibuit
3022 505 3230 561 Christo
3247 544 3262 569 ,
3289 504 3397 558 sive
3423 517 3518 573 per
3542 503 3671 573 ligu-

2140 613 2243 659 ras,
2274 599 2382 651 sive
2405 604 2499 667 per
2525 597 2826 666 prephetas,
2851 594 2962 648 sive
2989 608 3082 661 per
3108 590 3409 661 angelorum
3436 590 3672 644 ntinistec

2139 684 2233 735 ria.
2276 684 2412 752 Ergo
2438 692 2490 736 et
2518 683 2721 751 Moyses
2754 679 3020 749 perhibuit
3051 677 3406 731 testimonium
3441 676 3671 740 Christo,

2138 778 2192 821 ct
2220 769 2449 830 Joannes
2481 769 2746 837 perhibuit
2772 765 3127 823 testimonium
3159 763 3388 828 Christo,
3416 774 3469 817 et
3496 765 3672 818 επιειί

2140 858 2421 925 prophctm,
2441 867 2489 910 et
2510 857 2729 925 apostoli
2751 855 3135 923 perhibuerunt
3148 851 3505 906 testimonium
3524 850 3675 907 Chri-

2141 954 2240 997 sto.
2292 947 2382 1003 llis
2413 948 2655 999 omnibus
2687 946 3004 999 testimoniis
3031 945 3283 1014 pneponit
3322 943 3673 997 testimonium

2140 1049 2357 1103 operum
2395 1049 2627 1098 suorum,
2664 1035 2783 1101 quia
2817 1049 2908 1103 per
2937 1034 3020 1086 illa
3053 1050 3153 1087 non
3182 1034 3283 1086 nisi
3325 1033 3460 1085 Deus
3492 1031 3671 1100 perhi-

2141 1124 2254 1175 buit
2282 1123 2638 1175 testimonium
2662 1122 2769 1175 tilio
2797 1138 2911 1176 suo.

2212 1212 2467 1265 \thnle.
2487 1241 2556 1249 —
2576 1211 2867 1264 Claritatem
2886 1212 2947 1264 ab
2968 1209 3251 1263 hominibus
3270 1226 3369 1263 non
3392 1210 3595 1280 recipio.
3618 1211 3674 1263 ll

2139 1309 2238 1361 est,
2284 1301 2488 1353 laudem
2536 1300 2815 1351 humanam
2853 1314 2953 1351 non
3002 1312 3199 1367 quam,
3245 1298 3365 1365 quia
3408 1312 3509 1350 non
3554 1298 3673 1349 veni

2142 1386 2454 1449 ministrari,
2483 1386 2574 1439 sed
2617 1386 2952 1447 ministrare;
3007 1386 3181 1447 idest,
3228 1399 3329 1438 non
3359 1385 3477 1437 veni
3507 1394 3561 1437 ut
3587 1384 3679 1437 ιιι)⁴

2141 1492 2323 1530 norem
2366 1476 2432 1530 ab
2483 1475 2783 1528 hominibus
2826 1475 3114 1541 aceipercm
3159 1474 3446 1535 carnalem,
3495 1473 3585 1532 sed
3624 1482 3681 1524 ut

2142 1566 2392 1619 honorem
2439 1562 2737 1616 hominibus
2780 1562 2958 1615 darem
3006 1560 3311 1627 spiritalem.
3363 1559 3679 1628 (νωθῆ.)

2144 1653 2246 1707 Sed
2275 1652 2481 1720 cognovi
2510 1667 2614 1713 vos,
2644 1650 2765 1718 quia
2806 1647 3125 1700 dilectionem
3164 1645 3258 1698 Dei
3284 1662 3383 1698 non
3413 1645 3604 1697 habetis
3629 1646 3681 1697 in

506 1751 647 1821 8,9).
673 1773 690 1801 ι
728 1751 1023 1806 DeChristo
1038 1740 1213 1804 autem
1237 1765 1251 1802 :
1280 1750 1407 1802 Erat
1438 1749 1527 1802 lux
1556 1766 1691 1813 vera,
1722 1766 1834 1818 qua:
1855 1748 2048 1801 illumi—
2080 1749 2123 1809 Β
2146 1743 2303 1796 vobis.
2337 1743 2459 1796 ideo
2484 1741 2813 1795 dilectionem
2844 1738 2935 1791 Dei
2964 1751 3068 1791 non
3093 1737 3409 1797 habuerunt.
3436 1735 3555 1803 quia
3571 1750 3681 1793 non

507 1848 595 1891 nat
612 1855 809 1891 omnem
827 1839 1079 1891 hominm
1099 1839 1371 1891 venientem
1390 1839 1443 1890 in
1462 1838 1593 1889 hunc
1614 1836 1879 1889 mundum.
1906 1834 2042 1899 Quid
2139 1832 2475 1885 crediderunt
2504 1830 2554 1882 in
2602 1843 2721 1883 eum
2761 1826 2990 1897 [Ms.,jn
3021 1824 3128 1895 eo],
3155 1826 3246 1894 qui
3279 1840 3382 1877 non
3427 1822 3575 1880 venit.
3604 1822 3683 1881 la-

504 1936 607 1991 est,
643 1926 779 1995 quod
811 1928 874 1981 de
905 1926 1169 1995 Apostolis
1205 1930 1314 1994 ipsa
1352 1926 1561 1987 Veritas
1584 1925 1744 1981 dicit?
1793 1922 1892 1976 Vos
1922 1924 2041 1975 estis
2137 1934 2258 1972 cere
2282 1918 2797 1977 voluntatemsuam,
2828 1914 2919 1967 sed
2956 1911 3522 1980 voluntatemejusqui
3543 1910 3685 1969 misit

410 2066 413 2067 ν
505 2014 598 2070 lus;
627 2018 803 2071 mundi
835 2016 1041 2085 (Matth.
1068 2032 1119 2080 v,
1150 2017 1250 2087 14).
1289 2016 1353 2068 Ει
1374 2014 1600 2069 Joannes
1625 2013 1711 2085 [Et
1732 2014 1794 2066 de
1818 2010 2039 2081 Joanne]
2137 2008 2302 2063 illum.
2331 2007 2450 2060 Ideo
2470 2005 2735 2072 sttbjunxit
2758 2018 2781 2059 :,
2800 2002 2979 2073 (Vens.
3006 2000 3097 2071 45)
3141 2001 3463 2071 qureniin
3483 2000 3685 2055 nomine

505 2105 861 2171 evangelista:
887 2105 1006 2158 Non
1044 2114 1150 2157 erat
1190 2103 1275 2156 ille
1301 2103 1491 2156 lumen.
1542 2100 1649 2155 Nec
1686 2100 1913 2155 Joannes
1950 2113 2044 2166 per

504 2207 562 2245 se
584 2200 699 2245 erat
729 2193 959 2254 lucerna,
991 2208 1089 2245 nec
1117 2192 1335 2259 apostoli
1362 2206 1456 2260 per
1486 2206 1543 2245 se
1578 2190 1767 2252 lumen,
1794 2189 1884 2242 sed
1914 2203 1943 2240 a
1969 2188 2045 2244 lu—

504 2280 643 2333 mine
664 2279 873 2334 Christo
897 2280 982 2333 illc
1004 2280 1237 2343 lucerna,
1260 2289 1312 2333 et
1332 2279 1405 2332 illi
1435 2278 1709 2331 illuminati
1745 2278 1809 2329 ab
1836 2291 1919 2337 eo,
1954 2278 2063 2343 qui.

502 2376 584 2420 est
608 2366 685 2420 sol
714 2382 869 2420 verus
895 2367 1071 2421 oriens
1092 2367 1143 2419 in
1166 2366 1412 2421 cordibus
1440 2365 1668 2420 ﬁdelium
1698 2361 1802 2435 [ΑΙ.
1828 2364 2045 2416 creden-

504 2455 678 2526 tium].
720 2456 828 2525 Ego
864 2468 1031 2509 autem
1060 2457 1217 2511 habeo
1251 2457 1590 2509 testimonium
1619 2455 1786 2523 majus
1821 2453 2040 2507 Joanne.

503 2541 670 2611 Opera
697 2544 849 2605 enim,
866 2544 1139 2605 quiadedit
1164 2544 1285 2593 mihi
1302 2542 1473 2605 Pater,
1502 2544 1609 2610 ipsa
1637 2558 1789 2611 opera
1815 2558 1928 2611 qua:
1954 2559 2049 2610 ego

502 2631 660 2699 facio,
698 2632 1037 2684 testimonimn
1078 2630 1334 2697 perhibent
1375 2630 1437 2681 de
1477 2645 1574 2690 me,
1615 2630 1736 2698 quia
1773 2626 1931 2681 Pater
1969 2646 2046 2680 me

502 2720 661 2777 misit.
703 2720 884 2789 (Vens.
915 2718 1028 2787 37.)
1066 2719 1129 2771 Et
1157 2720 1242 2788 qui
1279 2720 1427 2777 misit
1452 2734 1530 2771 me
1562 2716 1737 2779 Pater,
1776 2719 1881 2783 ipse
1904 2709 2051 2782 testi-

503 2807 727 2864 monium
748 2805 996 2875 perhibuit
1017 2805 1079 2857 de
1100 2821 1195 2857 me.
1221 2804 1474 2873 Superius
1494 2804 1625 2856 dixit
1647 2822 1658 2855 :
1686 2802 2045 2856 Testimonium

506 2909 608 2951 non
632 2895 824 2961 accipio
847 2893 909 2945 ab
931 2893 1150 2945 homine.
1203 2892 1297 2947 llic
1325 2908 1541 2947 causam
1573 2892 1759 2955 reddit,
1788 2906 1953 2959 quare
1980 2891 2047 2944 ab

506 2980 718 3033 homine
758 2982 1109 3033 testimonium
1139 2984 1579 3048 non.accrpisset,
1619 2982 1740 3049 quia
1779 2982 1936 3034 habet
1974 2989 2048 3033 te-

2145 2098 2313 2151 Patris
2336 2096 2456 2160 mei,
2480 2105 2525 2149 et
2566 2111 2665 2147 uon
2706 2092 2993 2161 suscepistis
3024 2107 3122 2143 me.
3156 2090 3221 2149 ,ιιι
3250 2097 3349 2153 est,
3375 2087 3685 2151 nonet-edi-

2140 2187 2292 2241 dis'is
2318 2187 2370 2238 in
2402 2200 2505 2249 me,
2540 2183 2661 2252 quia
2683 2181 2801 2235 ideo
2824 2180 2940 2233 veni
2969 2177 3117 2249 illa,
3141 2174 3431 2245 veniebam]
3462 2176 3513 2227 in
3532 2189 3685 2227 mun-

2140 2278 2284 2339 dum,
2319 2286 2375 2326 ut
2399 2273 2779 2342 glorilicaretur
2806 2285 2991 2324 nomen
3020 2267 3215 2321 Patris.
3244 2264 3298 2320 Si
3327 2264 3458 2317 alius
3481 2264 3673 2317 venerit

2140 2367 2193 2418 in
2222 2367 2419 2418 nomine
2447 2381 2560 2427 suo,
2602 2362 2744 2414 illum
2792 2360 3071 2429 accipietis.
3114 2358 3244 2424 Quis
3280 2366 3360 2411 est
3410 2355 3500 2425 qui
3543 2352 3686 2408 venit

2145 2455 2198 2507 in
2244 2454 2455 2507 nomine
2502 2467 2617 2513 suo,
2644 2450 2743 2503 nisi
2777 2448 2861 2502 ille
2888 2448 2976 2516 qui
3007 2446 3224 2516 gloriam
3246 2445 3513 2514 propriam
3544 2456 3685 2511 qua:-

2147 2546 2237 2608 rit,
2263 2553 2315 2597 et
2338 2558 2441 2597 non
2472 2543 2610 2595 illius
2648 2541 2736 2609 qui
2767 2540 2909 2593 misit
2938 2538 3123 2591 illum?
3147 2537 3274 2604 Quis
3294 2545 3373 2590 est
3395 2550 3551 2604 quem
3594 2548 3681 2586 ac-

2143 2633 2344 2699 cepturi
2386 2639 2541 2681 erunt
2579 2628 2762 2693 Judmi,
2802 2626 2901 2679 nisi
2934 2626 3338 2687 Antichristum,
3363 2623 3453 2692 qui
3500 2629 3685 2674 ventu-

2145 2738 2233 2773 rus
2259 2730 2337 2774 est
2362 2721 2579 2789 gloriam
2627 2718 2889 2785 propriam
2929 2718 3205 2785 quierere?
3238 2716 3302 2768 Et
3329 2714 3429 2768 hoc
3459 2712 3562 2766 erit
3587 2711 3688 2765 illis

2142 2824 2296 2878 paena
2342 2809 2561 2876 peccati,
2610 2808 2729 2874 quia
2777 2806 3055 2858 noluerunt
3091 2803 3298 2857 veritati
3349 2802 3584 2863 credere,
3632 2807 3688 2853 ut

2143 2897 2419 2951 crederent
2462 2894 2732 2948 mendacio
2784 2892 2932 2964 (51s.,
2976 2901 3029 2945 et
3069 2892 3282 2945 credent
3328 2886 3679 2957 mendacium]

2149 2984 2230 3056 (II
2263 2984 2434 3039 Thess.
2468 2985 2548 3055 ιι).

503 3070 805 3123 stimoaium
851 3070 1049 3135 Patris,
1090 3081 1145 3126 et
1181 3046 1418 3140 operum-
1439 3046 1734 3125 testimonia
1771 3086 1887 3140 qua:
1919 3079 2039 3125 sunt
2067 3064 2110 3126 C
2156 3046 2166 3056 ἱ
2204 3075 2357 3128 Vens.
2372 3046 2808 3143 Ηυξ-ρηοηιοάο
2825 3070 3025 3141 potestis
3041 3085 3126 3123 ros
3141 3046 3358 3131 credere,
3375 3066 3456 3137 qui
3474 3063 3687 3137 gloriam

504 3160 674 3229 majus
700 3174 853 3228 quam
890 3162 1177 3223 hominum.
1216 3162 1353 3231 Ergo
1387 3163 1498 3215 haec
1534 3162 1713 3215 missio
1751 3162 2041 3216 iucarnatio

501 3257 583 3303 est
619 3248 849 3314 Christi;
895 3252 1185 3305 incarnatio
1227 3266 1350 3304 vero
1386 3249 1600 3314 Christi,
1642 3250 1929 3320 redemptio
1962 3259 2043 3304 est

503 3351 710 3408 nostra;
742 3345 1028 3413 redemptio
1052 3361 1174 3399 vero
1205 3354 1384 3399 nostra
1410 3354 1491 3399 cst
1520 3346 1630 3413 ipsa
1660 3346 1897 3409 Veritas,
1928 3360 2043 3413 quae

502 3430 577 3482 ait
601 3428 825 3501 [Ms.,_in
856 3433 967 3505 ipsa
994 3434 1234 3496 veritate,
1257 3449 1359 3503 qua
1377 3432 1476 3502 ait]
1500 3451 1511 3485 :
1536 3432 1646 3501 Ego
1669 3434 1795 3492 veni,
1820 3442 1872 3483 ut
1894 3433 2044 3485 vitam

501 3518 741 3581 habeant,
764 3530 810 3571 et
833 3520 1177 3573 abundantius
1192 3522 1433 3573 habeant.
1475 3519 1753 3587 Subiunxit
1774 3534 1897 3572 vero
1924 3518 2045 3571 huic

504 3606 808 3660 testimonio
830 3607 1001 3662 Patris
1029 3609 1093 3663 de
1118 3609 1231 3677 ipso
1256 3608 1442 3671 Patre,
1474 3608 1611 3676 quod
1639 3606 1803 3660 Judaei
1828 3606 1904 3658 vel
1935 3621 2045 3656 ma-

504 3694 573 3765 gi,
612 3710 900 3764 omnesque
941 3696 1197 3760 infideles,
1235 3705 1509 3751 excmcatts
1547 3696 1807 3749 mentibus
1852 3694 2044 3747 verita-

505 3790 608 3835 tem
637 3783 925 3836 divinitatis
953 3799 1055 3837 non
1083 3794 1297 3853 possunt
1320 3786 1577 3853 accipere,
1608 3784 1820 3837 dicens:

574 3872 731 3925 Vens.
767 3872 1123 3944 38.—Neque
1166 3875 1297 3926 enim
1335 3890 1502 3926 vocem
1539 3873 1651 3940 ejus
1696 3874 1913 3925 audistis
1954 3891 2047 3925 uu-

503 3980 679 4033 quam,
708 3981 864 4034 neque
888 3966 1102 4034 speciem
1131 3964 1241 4033 ejus
1269 3964 1493 4030 uidistis;
1514 3975 1558 4019 et
1580 3965 1779 4019 verbum
1810 3966 1914 4034 ejus
1947 3983 2046 4019 non

477 4053 698 4107 'habetis
733 4056 785 4108 in
815 4055 948 4107 vobis
980 4065 1218 4109 manens.‘
1254 4055 1388 4110 Dicit
1422 4057 1688 4127 apostolus
1721 4075 1732 4110 :
1767 4056 1883 4109 Non
1912 4057 2044 4109 enim

505 4146 763 4199 attditorcs
793 4146 915 4215 legis
940 4147 1204 4215 iustiﬁcati
1233 4157 1368 4211 sunt,
1406 4148 1493 4200 sed
1536 4147 1753 4216 factores
1786 4146 1917 4199 rerbi
1951 4145 2044 4197 Dei

506 4234 679 4302 (Rom.
707 4252 763 4299 ιι,
800 4237 904 4304 l3).
948 4236 1003 4291 Id
1033 4246 1113 4291 est
1140 4237 1301 4291 Filius
1330 4238 1420 4292 Dei
1448 4247 1551 4291 nan
1582 4245 1757 4290 manet
1785 4237 1832 4288 in
1861 4218 2043 4289 eorum

505 4322 778 4384 cordibus,
806 4306 937 4390 tquia'
958 4338 1064 4376 non
1082 4331 1294 4377 servant
1319 4339 1435 4390 qua:
1460 4324 1694 4376 audiunt.
1741 4322 1888 4388 Quod
1918 4337 2042 4375 Vero

504 4411 579 4464 ait
608 4429 617 4461 :
652 4410 827 4481 Neque
860 4430 1025 4466 vocem
1058 4413 1168 4482 ejus
1202 4413 1415 4469 audistis
1440 4453 1454 4478 ,
1496 4430 1651 4483 neque
1686 4414 1898 4483 speciem
1929 4413 2040 4482 ejus

505 4499 721 4555 vidistis.
762 4500 818 4553 ln
863 4502 963 4577 hoc
996 4502 1223 4557 ostendit
1251 4504 1596 4558 subStantiam
1637 4503 1924 4558 divinitatis
1963 4505 2045 4571 in-

504 4587 1030 4657 comprehensibilem
1048 4610 1194 4659 esse,
1207 4603 1259 4648 et
1281 4594 1617 4657 invisibilem,
1646 4602 1697 4648 et
1725 4610 1903 4649 vocem
1929 4594 2045 4664 ejus

504 4694 608 4733 non
648 4680 947 4735 carnalibus
988 4682 1169 4736 audire
1210 4682 1364 4753 517
1400 4685 1633 4753 potuisse
1669 4686 1912 4750 auribus,
1949 4685 2041 4747 sed

503 4771 723 4837 spiritali
749 4770 1084 4839 intelligentia
1110 4786 1205 4838 per
1222 4762 1461 4842 igratiam
1500 4778 1667 4832 sancti
1704 4775 1930 4842 Spiritus
1963 4776 2037 4827 ine

505 4862 738 4932 telligere
759 4863 837 4916 vel
864 4838 1058 4924 amare,
1082 4838 1368 4915 secutidum
1390 4866 1528 4931 quod
1554 4838 1833 4933 unicuique
1860 4867 2038 4919 datum

503 4952 624 5003 erit.
669 4951 846 5021 (Vens.
878 4950 989 5022 39.)
1028 4950 1188 5015 Quia,
1216 4966 1363 5019 quem
1387 4952 1523 5005 misit
1550 4951 1635 5004 ille
1654 4992 1667 5015 ,
1694 4953 1809 5004 huic
1833 4969 1914 5005 vos
1940 4969 2041 5007 non

502 5039 726 5090 creditis.
775 5039 1086 5093 Ser'utamini
1128 5039 1436 5108 Scripturas,
1476 5041 1596 5109 quia
1640 5057 1722 5093 eos
1754 5041 1943 5109 putatis
1988 5043 2041 5095 in

503 5127 626 5195 ipsis
664 5128 815 5179 ritam
845 5139 1085 5181 trternam
1110 5130 1313 5193 habere,
1337 5140 1381 5183 et
1406 5128 1509 5183 illa
1540 5140 1656 5183 sunt
1682 5146 1794 5200 qua:
1816 5132 2040 5183 testimo-

506 5218 645 5269 nium
664 5217 920 5285 perhibent
948 5217 1011 5269 de
1037 5234 1135 5281 me,
1165 5218 1345 5288 (Vsus.
1373 5218 1461 5288 40)
1508 5228 1554 5273 et
1584 5236 1684 5272 non
1706 5218 1854 5272 vultis
1878 5222 2041 5287 venire

502 5302 569 5356 ad
597 5319 676 5357 me
701 5312 753 5356 ut
780 5304 932 5357 vitam
949 5303 1195 5358 habeatis.
1218 5305 1332 5359 Non
1349 5307 1508 5362 vultis
1522 5307 1719 5369 venire,
1736 5305 1785 5360 id
1807 5314 1905 5369 est,
1936 5321 2039 5361 non

503 5392 660 5445 vultis
687 5391 922 5455 credere,
952 5392 1075 5462 quia
1101 5394 1423 5462 impossibile
1442 5405 1523 5453 est
1542 5396 1656 5451 sine
1682 5396 1784 5451 ﬁde
1804 5396 1911 5449 Deo
1935 5398 2050 5464 pla-

503 5494 622 5534 cere
648 5478 828 5550 (Hebr.
859 5497 937 5544 XI,
962 5480 1037 5551 6).
1074 5482 1265 5537 Venire
1294 5493 1529 5540 nostrum
1551 5494 1631 5540 est
1658 5486 1723 5539 ad
1749 5484 2035 5548 Christum,

506 5570 557 5627 id
581 5580 679 5639 cst,
700 5573 917 5631 credere
938 5558 1083 5626 illum
1112 5588 1293 5626 verum
1317 5573 1507 5629 Filium
1533 5577 1643 5641 Dei,
1668 5584 1720 5631 et
1744 5592 1920 5632 veram
1944 5593 2039 5632 nos

2139 3166 2206 3218 ad
2228 3166 2437 3218 invicem
2450 3164 2674 3232 accipitis
2690 3179 2707 3226 ,'
2726 3173 2768 3214 et
2790 3162 3024 3231 gloriam,
3040 3176 3152 3230 qua,
3172 3169 3243 3214 est
3264 3178 3295 3212 (ι
3314 3158 3421 3212 solo
3444 3158 3568 3220 Deo,
3588 3174 3703 3215 non,

2138 3254 2411 3324 quwritis?
2456 3251 2903 3305 Considerandum
2945 3258 3027 3303 est
3057 3249 3309 3302 intentius
3344 3256 3595 3316 quantum
3622 3246 3691 3299 sit

2134 3343 2387 3411 jactantia
2425 3349 2476 3392 et
2498 3341 2737 3392 humana:
2762 3337 2929 3390 laudis
2952 3339 3169 3390 ambitio
3200 3338 3418 3401 malum,
3462 3352 3557 3408 pro
3585 3351 3691 3405 quo

2143 3432 2256 3503 ipsa
2280 3431 2487 3485 Veritas
2513 3430 2606 3491 ait,
2652 3428 2866 3482 credere
2903 3442 3005 3479 non
3048 3441 3202 3495 posse
3247 3426 3521 3501 quosdam,
3566 3428 3687 3495 quia

2142 3521 2410 3575 saecularis
2440 3520 2615 3589 gloria:
2639 3519 2811 3588 cupidi
2838 3526 3007 3583 erant.
3042 3516 3168 3582 Qua:
3192 3526 3273 3570 est
3296 3517 3539 3573 humana:
3573 3517 3688 3569 lau-

2138 3610 2223 3665 dis
2246 3611 2521 3680 cupiditas,
2548 3610 2649 3664 nisi
2690 3610 2929 3679 superba:
2954 3608 3144 3662 mentis
3177 3606 3373 3663 elatio?
3404 3606 3521 3660 Vult
3548 3607 3612 3661 de
3632 3622 3691 3661 se

2144 3705 2301 3756 homo
2328 3701 2599 3763 aestimari,
2632 3700 2769 3768 quod
2812 3699 2863 3754 in
2892 3712 2948 3751 se
2973 3698 3168 3753 habere
3192 3711 3296 3749 non
3323 3694 3517 3749 studet.
3544 3694 3692 3749 Alter

2144 3804 2225 3847 est
2251 3792 2489 3856 interius,
2526 3791 2659 3861 alter
2686 3789 2812 3849 loris
2834 3786 2984 3859 μη,
3014 3785 3176 3857 locas]
3205 3785 3371 3840 videri
3400 3783 3684 3839 desiderat.

2146 3884 2425 3940 llumilitas
2465 3882 2590 3936 vero
2614 3882 2833 3951 gloriam
2860 3878 3048 3949 quaerit
3090 3893 3119 3930 a
3142 3876 3253 3932 solo
3272 3877 3413 3937 ,Deo.
3441 3875 3685 3944 superbia

2146 3972 2560 4026 abhominibus.
2589 3969 2713 4029 lude
2756 3968 2983 4025 Joannes
3029 3966 3261 4036 Baptista
3295 3966 3360 4019 ab
3398 3966 3511 4035 ipsa
3537 3964 3689 4020 Veri-

2148 4070 2255 4115 tate
2279 4071 2387 4113 tam
2412 4060 2730 4113 excellenter
2752 4058 2991 4111 laudatus
3011 4065 3110 4120 est,
3135 4065 3194 4110 ut
3212 4071 3315 4109 non
3337 4063 3474 4109 esset
3491 4055 3693 4109 arundo

2145 4160 2298 4204 vento
2322 4151 2514 4219 agitata
2544 4148 2752 4219 (Matth.
2791 4164 2862 4209 rt,
2893 4147 2943 4215 7)
2970 4164 2981 4197 :
3026 4147 3147 4213 quia
3172 4160 3276 4217 non
3315 4146 3555 4199 humana:
3578 4145 3692 4198 lau-

2140 4238 2248 4302 dis,
2275 4253 2371 4290 nec
2406 4237 2601 4291 odiosa:
2643 4232 3042 4301 vituperationis
3066 4246 3193 4285 aura
3237 4230 3415 4296 ﬂante,
3444 4231 3688 4286 ﬂexibilis

2144 4327 2260 4382 luit.
2291 4326 2411 4380 ideo
2430 4325 2649 4395 gloriam
2668 4322 2851 4377 habuit
2874 4337 2902 4375 a
2930 4321 3037 4374 Deo
3061 4318 3291 4385 Christo,
3318 4321 3438 4389 quia
3462 4320 3680 4389 gloriam

2142 4435 2244 4472 non
2290 4416 2531 4487 quiesivit
2557 4415 2861 4469 humanam.
2906 4409 3202 4482 (Vt-135.45,
3232 4409 3344 4480 46.)
3394 4409 3563 4464 Nolite
3590 4427 3686 4479 pu-

2141 4506 2268 4571 tare,
2294 4508 2414 4577 quia
2438 4522 2526 4575 ego
2552 4492 2885 4557 accusaturus
2913 4502 3010 4554 sim
3046 4517 3132 4553 ros
3160 4500 3294 4571 apud
3318 4500 3545 4555 Patrem.
3571 4500 3685 4566 Est,

2140 4596 2226 4664 qui
2254 4605 2457 4648 accusat
2482 4610 2567 4646 vos
2614 4591 2831 4660 Moyses,
2864 4590 2925 4643 de
2955 4589 3096 4660 [Ms.,
3120 4589 3195 4662 in]
3215 4607 3313 4661 quo
3339 4608 3426 4645 vos
3467 4592 3689 4645 maxime

2139 4685 2370 4754 speratis.
2399 4683 2457 4736 Si
2482 4684 2613 4735 enim
2658 4680 2926 4733 crederetis
2968 4677 3153 4749 Hoysi,
3178 4680 3443 4735 crederetis
3471 4681 3689 4751 forsitan

2142 4786 2186 4829 et
2213 4774 2368 4837 mihi;
2411 4774 2471 4825 de
2512 4789 2589 4825 me
2628 4773 2761 4825 enim
2805 4770 2889 4823 ille
2930 4772 3151 4841 scripsit.
3190 4771 3311 4826 ldeo
3348 4787 3449 4826 non
3478 4786 3685 4831 accuso,

2142 4864 2263 4933 quia
2294 4877 2395 4915 non
2427 4862 2542 4914 vcni
2590 4862 2861 4925 damnare,
2904 4860 2995 4915 sed
3041 4860 3281 4924 salvare;
3332 4859 3533 4928 Moyses
3558 4872 3685 4911 vero

2143 4961 2374 5016 accusat,
2416 4952 2535 5019 quia
2580 4951 2832 5006 increduli
2868 4951 2998 5007 estis
3037 4950 3149 5004 voci
3191 4949 3345 5002 illius.
3392 4947 3463 4999 De
3491 4962 3574 5000 me
3600 4946 3687 4999 ille

2144 5044 2371 5113 scripsit,
2392 5045 2513 5097 dum
2536 5044 2610 5096 ait
2632 5060 2645 5095 :
2671 5042 2976 5109 Prophetam
3001 5040 3133 5093 vobis
3154 5036 3414 5091 suscitabit
3436 5035 3686 5089 Dominus

2142 5134 2278 5193 Deus
2311 5133 2373 5185 de
2398 5132 2646 5199 fratribus
2672 5129 2863 5187 vestris,
2893 5136 3132 5194 tanquam
3164 5142 3239 5177 me
3282 5126 3446 5194 ipsum
3468 5124 3686 5176 audietis

2142 5240 2257 5275 eum
2288 5222 2459 5292 (Deut.
2487 5235 2637 5280 xvm,
2670 5216 2760 5277 l5;
2788 5215 2957 5267 Actor.
2994 5232 3069 5275 ιιι,
3108 5214 3192 5275 22,
3218 5214 3328 5283 25).
3377 5214 3512 5279 Quid
3556 5228 3688 5266 vero

2140 5318 2405 5377 sequatur,
2452 5306 2721 5361 attendite.
2763 5303 2827 5356 Et
2865 5305 2959 5355 erit
2999 5304 3161 5357 omnis
3200 5304 3393 5366 anima,
3436 5318 3550 5372 qua:
3585 5318 3689 5357 non

2139 5400 2379 5453 obedierit
2413 5400 2676 5467 Propheta:
2700 5398 2795 5461 illi,
2827 5397 3245 5451 exterminabitur
3266 5396 3327 5450 de
3352 5394 3537 5466 populo
3563 5395 3682 5450 Dei.

2138 5489 2317 5555 (Vnus.
2344 5488 2453 5556 i7.)
2506 5488 2559 5541 Si
2598 5491 2731 5541 enim
2775 5489 2912 5542 illius
2950 5489 3132 5542 litteris
3177 5504 3279 5541 non
3303 5486 3530 5549 creditis,
3558 5501 3683 5555 quo-

2141 5582 2285 5636 modo
2326 5584 2447 5636 meis
2494 5581 2703 5634 credetis
2752 5581 2908 5635 verbis
2939 5583 2961 5634 ?
2993 5579 3254 5649 Quidquid
3303 5578 3441 5633 enim
3494 5578 3574 5631 lex
3625 5588 3677 5629 ct
