4152 6190
323 358 417 412 8⁴ὶ1

1127 349 1530 406 EXEGETICA.
1567 378 1636 389 ——
1670 349 2021 405 COMMENT.
2050 349 2114 402 ΙΝ
2141 348 2328 404 JUAN.
2364 378 2428 387 -—
2469 350 2593 402 LIB.
2634 349 2714 402 ιιι.

3428 350 3553 406 829'

320 474 625 528 sublevasse
654 469 833 523 oculos
876 467 1051 531 Iesus,
1079 476 1133 519 et
1177 466 1475 521 venientem
1516 467 1584 521 ad
1615 481 1675 521 se
1701 466 1877 521 multi-
1907 468 1951 527 Α
1981 468 2221 539 ﬁgurate,
2244 471 2336 524 sed
2355 470 2566 538 proprie
2591 444 3008 539 solusiinplevit.
3030 489 3045 519 ι
3086 470 3243 535 Puer,
3268 472 3357 541 qui
3382 472 3534 541 quin-

323 561 556 615 tudinem
588 558 779 612 vidisse
806 555 1134 626 perhibetur,
1158 555 1349 609 divina:
1387 555 1603 625 pietatis
1629 555 1882 610 indicium

318 659 401 704 est
429 666 443 702 :
470 650 595 718 quia
623 649 867 703 videlicet
896 648 1110 702 cunctis
1127 646 1194 700 ad
1224 662 1281 703 se
1304 648 1485 702 venire
1504 648 1881 716 qua:rentibus,

319 741 493 812 gratia
518 739 893 793 misericordi-.1:
920 739 1151 792 caelestis
1171 752 1452 791 occurrere
1473 739 1789 802 consuevit;
1816 748 1887 791 iet

322 846 388 884 ne
414 832 701 899 quaerendo
737 844 920 882 errare
947 830 1171 896 possint,
1212 828 1382 882 lucem
1410 828 1491 881 sui
1519 826 1736 895 spiritus
1760 842 1883 895 ape-

323 922 428 973 rire
455 918 790 972 currentibus
812 917 957 988 [Ms.,
988 916 1389 988 quaerentibus].
1420 915 1552 970 Nam
1586 916 1725 984 quod
1746 914 1881 969 oculi
1906 913 1911 919 ’

320 1003 446 1059 Iesu
491 1004 629 1059 dona
672 1004 900 1074 Spiritus
942 1004 1056 1073 ejus
1084 1009 1305 1073 mystice
1333 1005 1627 1072 designent,
1658 1012 1885 1058 testatur

324 1096 375 1147 in
406 1094 1000 1165 Apoca'ypsiJoannes,
1031 1094 1142 1163 qui.
1166 1095 1391 1165 ﬁgurate
1415 1086 1481 1149 de
1509 1095 1597 1148 illo
1622 1094 1844 1163 loquens
1869 1108 1882 1146 :

322 1182 390 1235 Et
419 1182 547 1246 vidi,
577 1184 768 1252 inquit,
799 1199 985 1251 agnum
1012 1194 1231 1236 stantem
1251 1194 1497 1244 tanquam
1521 1187 1764 1246 occisum,
1791 1183 1886 1235 Ita-

320 1273 517 1326 bentem
558 1290 751 1326 cornua
776 1285 986 1341 septem,
1011 1285 1057 1327 et
1086 1275 1265 1336 oculos
1302 1276 1634 1344 septent,‘qui
1656 1284 1777 1327 sunt
1805 1291 1885 1327 se-

319 1374 452 1433 ptem
478 1361 705 1433 Spiritus
732 1363 827 1417 Dei
848 1366 989 1418 missi
1012 1367 1288 1419 in‘omnem
1311 1377 1499 1419 terram
1526 1367 1705 1435 (Apoc.
1730 1381 1781 1429 v,
1807 1364 1881 1434 ϐ).

320 1452 472 1518 Quod
526 1460 737 1506 tentans
787 1452 1085 1521 Philippum
1145 1454 1420 1517 Dominus,
1474 1454 1629 1515 unde,
1691 1453 1884 1521 inquit,

318 1560 543 1597 ememus
595 1560 775 1612 panes,
827 1554 881 1596 ut
922 1543 1236 1596 manducent
1282 1545 1381 1606 hi;
1436 1544 1654 1613 provida
1704 1544 1886 1611 utique

318 1632 720 1700 dispensatione
762 1632 910 1697 facit,
941 1646 1045 1684 non
1076 1638 1133 1684 ut
1176 1631 1308 1699 ipse,
1352 1647 1470 1700 qua:
1497 1648 1600 1685 non
1644 1640 1889 1694 noverat,

318 1722 512 1783 discat,
544 1722 638 1776 sed
668 1730 727 1774 ut
754 1720 1026 1789 Philippus
1069 1720 1373 1774 tarditatem
1416 1736 1525 1775 sua:
1552 1721 1694 1783 ﬁdei,
1726 1736 1885 1789 quam

1982 576 2085 630 que
2130 576 2293 630 panes
2333 570 2388 615 et
2432 563 2562 616 duos
2592 558 2780 631 ‘pisces
2822 562 3022 625 habuit,
3076 578 3170 617 nec
3218 573 3393 618 tamen
3438 564 3537 620 hos

1982 651 2338 706 esurientibus
2381 652 2551 706 turbis
2600 653 2888 712 distribuit,
2941 653 3031 707 sed
3083 653 3303 707 Domino
3350 654 3529 708 distri-

1982 741 2220 795 buendos
2238 741 2448 805 obtulit,
2470 742 2691 811 populus
2709 751 2790 797 est
2808 742 3129 807 Judzcorum,
3147 743 3360 798 litterali
3380 759 3536 799 sensu

1983 833 2219 899 puerilis,
2253 833 2343 902 qui
2396 832 2790 902 Scripturarum
2833 833 2973 887 dicta
3012 836 3191 889 clausa
3238 851 3416 890 secum
3462 843 3538 890 te-

1984 921 2116 981 nuit,
2143 936 2261 989 quae
2294 931 2466 974 tamen
2494 921 2747 975 Dominus
2773 924 2823 975 in
2852 937 3012 976 carne
3034 938 3294 992 apparens
3313 923 3535 991 accepit,

1981 1017 2035 1063 et
2059 1010 2183 1077 quid
2208 1010 2349 1063 intus
2392 1011 2648 1065 haberent
2675 1014 2919 1067 utilitatis
2944 1029 3005 1067 ac
3029 1014 3331 1076 dulcedinis,
3360 1022 3537 1067 osten-

1984 1099 2096 1162 dit;
2129 1115 2284 1168 quam
2325 1099 2597 1169 multiplici
2641 1102 2860 1168 spiritus
2886 1104 3077 1170 gratia,
3122 1119 3237 1171 qua:
3282 1118 3447 1171 pauca
3476 1119 3538 1157 ac

1984 1187 2230 1255 despecta
2268 1188 2602 1252 videbantur,
2649 1189 2806 1258 520
2846 1191 3221 1255 cvuberarent,
3254 1191 3533 1261 patefecit;

1984 1284 2037 1327 ct
2064 1278 2176 1329 haec
2214 1291 2308 1345 per
2349 1277 2615 1346 apostolos
2658 1294 2799 1338 suos,
2840 1281 3300 1349 apostolorumquc
3328 1296 3537 1335 succes-

1984 1377 2149 1425 sores,
2178 1364 2382 1417 cunctis
2410 1365 2713 1418 nationibus
2733 1367 3077 1419 ministranda
3102 1368 3356 1435 porrexit.
3390 1368 3538 1422 Unde

1983 1450 2117 1503 bene
2146 1450 2235 1503 alii
2265 1452 2602 1520 evangelista:
2632 1453 2889 1515 referunt,
2933 1456 3056 1521 quia
3085 1471 3249 1524 panes
3280 1466 3332 1509 et
3371 1457 3541 1525 pisces

1985 1540 2237 1593 Dominus
2280 1540 2571 1609 discipulis,
2615 1541 2856 1609 discipuli
2902 1551 3079 1595 autem
3110 1544 3545 1597 ministraverunt

1984 1632 2155 1685 turbis
2187 1630 2399 1699 (Matth.
2441 1648 2566 1695 six;
2598 1630 2723 1684 Luc.
2755 1648 2841 1696 lx;
2892 1632 3057 1684 Marc.
3088 1636 3185 1699 vi).
3235 1633 3367 1686 Cum
3398 1636 3537 1687 enim

1983 1722 2333 1775 ministerium
2364 1723 2609 1775 humanze
2632 1722 2815 1775 salutis
2844 1722 3049 1775 initium
3074 1723 3367 1790 accepisset
3388 1737 3539 1775 enar-

317 1809 572 1879 magistro
601 1811 800 1864 sciente
839 1811 951 1878 ipsr.
974 1809 1262 1873 nesciebat,
1288 1816 1521 1863 tentatus
1546 1819 1816 1877 agnoscat,
1842 1817 1897 1863 et
1930 1793 1967 1849 η
1997 1812 2103 1864 rari
2133 1826 2229 1879 per
2253 1811 2551 1875 Dominum,
2578 1811 2644 1864 ab
2672 1812 2748 1865 eis
2785 1811 2873 1880 qui
2906 1811 3185 1865 audierunt
3213 1812 3264 1864 in
3294 1826 3390 1864 nos
3416 1826 3540 1865 con-

319 1898 576 1953 miraculo
596 1898 737 1952 facto
755 1900 996 1969 castiget.
1020 1897 1200 1967 Neque
1218 1899 1357 1953 enim
1379 1898 1622 1953 dubitare
1639 1898 1893 1953 debuerat

320 1998 583 2059 praesente
607 2003 787 2041 rerum
810 1998 1078 2051 creatore,
1104 1988 1193 2055 qui
1216 1986 1391 2040 educit
1417 2000 1607 2055 panem
1636 1986 1701 2039 de
1722 1994 1886 2049 terra,

316 2093 369 2132 et
397 2082 575 2133 vinum
603 2079 793 2150 [Beda,
831 2079 975 2149 vino]
1023 2080 1254 2133 Itetilicat
1298 2094 1393 2133 cor
1438 2079 1665 2133 hominis
1713 2078 1882 2149 (Psal.

320 2184 438 2230 cui,
464 2167 577 2233 l5),
602 2183 893 2237 paucorum
939 2169 1281 2223 denariorum
1307 2185 1470 2239 panes
1495 2168 1741 2224 sufﬁcere
1772 2177 1883 2223 tur-

326 2256 515 2335 barum
540 2257 793 2321 millibus,
843 2272 945 2311 non
980 2259 1185 2327 paucis,
1231 2268 1289 2312 ut
1336 2260 1696 2329 unusquisque
1740 2258 1887 2314 suill-

322 2346 528 2400 cienter
551 2349 835 2417 acciperet,
863 2357 917 2402 et
938 2347 1049 2415 jam
1081 2358 1354 2403 saturatus
1382 2350 1571 2404 abiret.

393 2436 550 2490 Vens.
582 2438 715 2491 8-H
731 2478 743 2491 .
767 2469 836 2477 —
864 2437 999 2492 Dicit
1023 2438 1071 2491 ei
1097 2455 1228 2491 unus
1249 2454 1311 2490 ex
1331 2438 1599 2508 discipulis
1624 2441 1756 2509 ejus,
1781 2442 1886 2495 An-

317 2523 471 2576 dreas
498 2523 662 2591 frater
705 2524 927 2579 Simonis
961 2525 1145 2579 Petri:
1195 2524 1291 2578 Est
1316 2542 1446 2595 puer
1490 2544 1623 2579 unus
1669 2529 1771 2592 hic,
1796 2530 1887 2597 qui

316 2612 468 2667 habet
491 2616 714 2684 quinque
749 2635 909 2685 panes
947 2617 1272 2679 hordeaceos,
1301 2627 1347 2669 et
1391 2617 1523 2669 duos
1563 2619 1744 2686 pisces.
1783 2616 1884 2671 Sed

316 2699 428 2760 htec
452 2703 576 2774 quid
601 2714 720 2757 sunt
746 2705 879 2757 inter
906 2715 1075 2758 tantos
1098 2705 1122 2757 Σ)
1146 2703 1283 2757 Dicit
1309 2720 1434 2773 ergo
1460 2704 1506 2757 ei
1539 2703 1731 2757 Iesus:
1779 2703 1885 2756 Fa-

318 2796 419 2848 cite
447 2794 677 2849 homines
704 2793 1041 2846 discumbere.
1076 2794 1205 2847 Erat
1253 2789 1423 2846 autem
1465 2793 1639 2861 fenum
1668 2791 1884 2845 multum

321 2886 375 2938 in
402 2884 533 2939 loco.
576 2885 953 2939 Discubuerunt
993 2900 1115 2953 ergo
1158 2886 1277 2947 viri,
1314 2902 1525 2938 numero
1560 2885 1709 2954 quasi
1736 2885 1885 2953 quin-

318 2990 419 3043 que
445 2974 628 3027 millia.
657 2975 860 3044 Accepit
889 2988 1007 3042 ergo
1046 2988 1203 3041 panes
1239 2972 1417 3035 Jesus,
1442 2983 1488 3026 et
1534 2990 1650 3027 cum
1689 2975 1884 3043 gratias

1990 1900 2258 1953 firmatum
2277 1908 2377 1955 est.
2404 1900 2646 1969 Quinque
2666 1900 2923 1969 siquidem
2944 1915 3125 1969 panes,
3149 1909 3204 1953 et
3221 1900 3351 1953 duos
3371 1900 3549 1967 pisces

1988 1987 2161 2057 fregit,
2206 1997 2261 2042 et
2300 1988 2570 2041 distribuit
2605 1988 2893 2057 discipulis,
2939 1988 3150 2055 quando
3196 1988 3399 2056 aperuit
3438 1987 3542 2039 illis

1984 2097 2218 2145 sensum,
2251 2088 2308 2134 ut
2337 2080 2688 2147 intelligerent
2712 2080 2888 2133 omnia
2915 2095 3033 2148 quo:
3056 2078 3251 2147 scripta
3275 2088 3453 2133 essent
3487 2079 3535 2130 in

1983 2167 2099 2237 lege
2140 2168 2327 2238 Moysi,
2354 2177 2410 2222 et
2452 2156 2752 2237 Prophetis,
2792 2175 2845 2221 et
2892 2166 3115 2221 Psalmis
3157 2167 3221 2220 de
3251 2168 3363 2235 ipso
3392 2166 3540 2235 (Luc.

1985 2260 2155 2328 xxiv).
2186 2259 2439 2328 Discipuli
2473 2268 2832 2328 apposuerunt
2868 2258 3054 2321 turbis,
3083 2258 3294 2328 quando
3317 2255 3540 2326 profecti

1984 2347 2402 2418 prindicaverunt
2428 2348 2622 2415 ubique
2652 2348 2874 2401 Domino
2902 2355 3238 2414 cooperante,
3268 2354 3322 2399 et
3348 2358 3543 2398 sermo-

1985 2454 2104 2493 nem
2130 2435 2476 2492 conﬁrmante
2517 2437 2859 2504 sequentibus
2886 2437 3050 2504 signis
3077 2434 3269 2502 (Marc.
3300 2451 3409 2497 xvi,
3430 2434 3540 2501 20).

1986 2532 2208 2593 Feuuni,
2236 2529 2288 2581 in
2315 2543 2419 2597 quo
2461 2527 2796 2580 discumbens
2822 2526 2975 2578 turba
3019 2525 3272 2589 reﬁcitur,
3298 2525 3547 2593 concupi-

1984 2620 2185 2674 scentia
2209 2617 2439 2673 carnalis
2460 2615 2789 2682 intelligitur,
2805 2630 2963 2683 quam
2988 2614 3195 2668 calcare
3216 2628 3278 2667 ac
3298 2628 3541 2682 premere

1982 2709 2139 2761 debet
2165 2709 2338 2760 omnis
2381 2695 2479 2776 qui
2502 2705 2826 2774 spiritalibus
2866 2704 3131 2758 alimentis
3178 2702 3357 2756 satiari
3403 2701 3540 2754 desi-

1985 2798 2153 2850 derat.
2188 2795 2369 2847 Omnis
2406 2796 2541 2847 enim
2578 2811 2700 2847 caro
2730 2794 2924 2861 fenum,
2952 2802 2998 2847 et
3028 2792 3193 2845 omnis
3234 2790 3397 2859 gloria
3427 2789 3539 2857 ejus

1984 2900 2226 2957 tanquam
2252 2887 2347 2953 ﬂos
2395 2884 2499 2951 feni
2539 2882 2691 2951 (Isai.
2724 2899 2807 2945 XL,
2839 2881 2914 2951 6).
2970 2882 3273 2935 Discumbat
3306 2894 3433 2948 ergo
3459 2894 3543 2932 su-

1986 2994 2077 3048 per
2104 2977 2306 3039 fenum,
2336 2973 2516 3027 ﬂorem
2554 2971 2655 3025 feni
2685 2979 2945 3048 conterat,
2977 2972 3151 3034 idest,
3184 2971 3407 3039 castiget
3430 2984 3543 3022 cur-

321 3063 526 3132 egisset,
553 3063 812 3117 distribuit
860 3059 1311 3116 discumbentibus.
1358 3059 1605 3114 Similiter
1642 3072 1689 3115 et
1716 3079 1780 3115 ea:
1805 3063 1882 3130 pi-
1927 3132 1955 3141 ε
1988 3087 2085 3141 pus
2109 3084 2283 3131 suum,
2314 3078 2367 3123 ei.
2403 3066 2643 3122 servituti
2672 3062 2916 3131 subjiciat
2952 3061 3003 3131 (1
3024 3060 3146 3115 Cor.
3178 3077 3254 3123 ιχ,
3287 3061 3377 3129 2⁸7)
3405 3078 3418 3124 ;
3452 3076 3537 3113 νο.

322 3153 516 3217 scibas,
564 3165 814 3223 quantum
866 3153 1121 3209 volebant.
1173 3151 1414 3222 Quinque
1469 3162 1645 3207 autem
1699 3169 1884 3223 panes,
1912 3132 1955 3191 ε
1988 3132 2217 3229 luptates
2235 3160 2415 3214 carnis
2433 3159 2659 3217 edomet,
2686 3156 2902 3209 luxuria»,
2925 3153 3059 3206 ﬂuxa
3083 3152 3383 3219 restringat,
3410 3153 3545 3218 quis-

323 3246 515 3313 quibus
540 3245 929 3299 multitudinem
967 3244 1145 3315 populi
1173 3246 1455 3309 saturavit,
1498 3246 1732 3313 quinque
1763 3253 1887 3298 sunt

325 3336 449 3391 libri
479 3336 665 3406 Moysi,
696 3334 889 3404 quibus
925 3335 1149 3402 spiritali
1197 3336 1466 3390 intellectu
1514 3335 1807 3404 patefactis,
1838 3343 1891 3388 et

328 3424 699 3478 abundantiori
732 3421 845 3489 jam
889 3436 1045 3475 sensu
1075 3423 1455 3491 multiplicatis,
1501 3426 1803 3478 auditorum
1832 3423 1891 3476 fi—

328 3515 523 3567 delium
552 3514 789 3580 quotidie
836 3512 995 3565 corda
1045 3510 1233 3564 reiicit.
1283 3512 1383 3577 Qui
1428 3512 1564 3566 bene
1609 3511 1889 3567 hordeacei

330 3603 493 3655 fuisse
538 3602 860 3665 referuntur,
906 3610 1120 3669 propter
1148 3601 1735 3654 nimirum’austeriora
1760 3601 1892 3670 legis

328 3691 523 3755 edicta,
551 3700 606 3745 et
632 3692 992 3758 integumenta
1020 3690 1207 3743 littera:
1235 3690 1503 3759 grossiora
1532 3688 1719 3758 [Beda,
1741 3705 1890 3758 gros—

331 3780 533 3850 sioris],
561 3798 679 3849 qua:
718 3781 1024 3834 interiorem
1057 3781 1455 3852 intelligentiam
1492 3781 1746 3851 spiritalis
1770 3797 1892 3837 sen-

333 3886 424 3924 sus
449 3871 600 3939 quasi
624 3869 904 3923 medullam
933 3869 1195 3924 uelabant.
1223 3872 1338 3926 Duo
1362 3882 1536 3926 autem
1557 3872 1732 3943 pisces
1759 3890 1893 3944 quos

334 3960 554 4023 addidit,
581 3958 973 4028 psalmistarum
997 3973 1103 4012 non
1133 3960 1566 4015 inconvenienter
1588 3971 1643 4015 et
1668 3964 1894 4033 propheo

330 4063 528 4108 tarum‘
555 4052 753 4120 scripta
797 4048 1117 4119 significant,
1157 4064 1383 4117 quorum
1413 4051 1503 4103 uni
1532 4053 1790 4116 canendo,
1818 4052 1894 4106 al-

333 4142 434 4194 teri
479 4138 665 4211 [Beda,
696 4154 925 4193 unum...
953 4136 1201 4209 alterum]
1229 4138 1613 4208 reolloquendo,
1649 4143 1759 4197 suis
1799 4159 1893 4197 au-

329 4231 592 4284 ditoribus
614 4229 792 4283 futura
819 4229 1041 4293 Christi,
1068 4236 1123 4284 et
1149 4228 1397 4284 Ecclesiae
1414 4242 1747 4286 sacramenta
1770 4246 1893 4286 nar-

332 4317 539 4371 rabant.
586 4316 653 4369 Et
676 4318 811 4371 bene
850 4332 947 4385 per
970 4317 1219 4384 aquatilia
1248 4318 1538 4373 animantia
1588 4320 1889 4388 ﬁgurantur

332 4408 471 4460 illius
495 4409 592 4461 πενί
634 4423 939 4477 przecones;
988 4408 1040 4459 in
1086 4422 1191 4476 quo
1235 4408 1457 4475 populus
1505 4408 1736 4462 ﬁdelium
1772 4410 1889 4463 sine

1990 3252 2111 3320 quis
2151 3250 2305 3319 panis
2340 3248 2442 3301 vivi
2486 3248 2631 3316 cupit
2673 3246 2930 3299 suavitate
2975 3242 3144 3305 refici,
3188 3241 3427 3310 quisquis
3456 3256 3525 3293 sit

1989 3355 2166 3409 perna:
2204 3339 2390 3408 gratim
2414 3337 2636 3406 dapibus
2673 3335 2937 3397 renovari,
2968 3348 3033 3386 ne
3074 3330 3252 3386 inﬁma
3278 3338 3537 3383 vetustate

1988 3429 2219 3490 deﬁciat,
2249 3436 2410 3479 amet.
2454 3427 2696 3493 Quinque
2732 3424 2893 3477 millia
2923 3424 3157 3475 virorum
3198 3421 3285 3490 qui
3325 3420 3541 3473 mandu-

1986 3524 2261 3577 caverunt,
2306 3513 2685 3582 perfectionem
2726 3514 2843 3565 vitae
2887 3528 3071 3566 eorum
3104 3512 3194 3580 qui
3240 3512 3400 3565 verbo
3428 3511 3545 3563 reli-

1986 3606 2199 3659 ciuntur
2228 3602 2415 3673 [Beda,
2462 3602 2839 3671 perfectionem
2879 3617 3086 3661 eorum,
3123 3602 3212 3669 qui
3240 3602 3401 3654 verbo
3427 3602 3544 3653 vittc

1987 3690 2339 3761 reficiuntur],
2379 3690 2665 3744 insinuant.
2708 3685 2951 3743 Virorum
2998 3689 3189 3756 quippe
3230 3689 3441 3741 nomine
3470 3705 3551 3741 so-

1991 3785 2099 3838 lent
2126 3783 2178 3836 in
2206 3781 2496 3852 Scripturis
2531 3780 2875 3849 perfectiores
2914 3779 3109 3845 quique
3146 3776 3384 3844 ﬁgurari,
3413 3791 3548 3844 qu0s

1991 3870 2221 3926 feminea
2251 3867 2501 3923 mollities
2531 3866 2673 3919 nulla
2698 3867 3023 3934 corrumpit:
3053 3863 3235 3932 quales
3258 3878 3376 3917 esse
3404 3866 3549 3941 cupit

1991 3974 2103 4023 eos,
2149 3959 2343 4029 quibus
2378 3956 2507 4011 dicit
2549 3955 2856 4024 apostolus:
2910 3952 3145 4023 l'igilate,
3174 3962 3303 4005 state
3342 3953 3393 4005 in
3419 3953 3543 4019 ﬁde,

1988 4043 2207 4104 viriliter
2234 4050 2390 4120 agite,
2418 4059 2463 4101 et
2504 4047 2865 4115 confortamini
2907 4046 2956 4113 (1
2988 4044 3109 4099 Cor.
3140 4061 3248 4108 xw,
3279 4045 3384 4115 13).
3435 4043 3547 4097 Mil—

1992 4139 2226 4193 lenarius
2269 4148 2447 4193 autem
2496 4153 2769 4199 numerus,
2808 4137 2941 4189 ultra
2988 4151 3146 4204 quem
3193 4135 3334 4189 nulla
3371 4141 3548 4189 nostra

1991 4229 2316 4295 computatio
2339 4226 2647 4287 succrescit,
2670 4226 3047 4293 plenitudinem
3076 4240 3251 4277 rerum
3274 4225 3339 4279 de
3360 4226 3552 4294 quibus

1993 4314 2169 4383 agitur
2213 4314 2451 4367 indicare
2498 4314 2790 4366 consuevit.
2842 4312 3094 4377 Quinario
3143 4328 3270 4367 vero
3324 4329 3546 4367 numero

1992 4403 2226 4470 quinque
2252 4400 2513 4454 notissimi
2541 4399 2778 4467 corporis
2827 4398 2989 4451 nostri
3034 4412 3221 4451 sensus
3244 4398 3549 4466 exprimun-

333 4498 485 4563 aquis
510 4458 756 4563 baptismi
784 4458 963 4550 vivere
999 4458 1519 4564 nullatenustposset.
1543 4516 1561 4547 ι
1611 4495 1767 4560 Sunt,
1798 4498 1887 4566 qui
1922 4458 1967 4518 υ
1994 4502 2098 4558 tur,
2136 4494 2281 4547 visus
2324 4491 2585 4555 videlicet,
2630 4490 2863 4552 auditus,
2891 4495 3093 4557 gustus,
3132 4487 3359 4541 olfactus
3385 4497 3439 4540 et
3470 4497 3547 4541 ta-

334 4595 541 4656 putant,
554 4588 686 4641 duos
712 4590 885 4655 pisces
905 4589 995 4657 qui
1018 4600 1261 4657 saporem
1282 4601 1499 4641 suavem
1519 4588 1643 4655 pani
1669 4588 1887 4651 dabant,
1912 4602 1915 4605 ‘

336 4681 469 4732 duas
512 4677 628 4731 illas
668 4694 923 4747 personas
960 4680 1281 4747 signiﬁcare,
1312 4678 1502 4747 quibus
1541 4678 1766 4748 populus
1805 4678 1891 4732 ille

338 4770 641 4841 regebatur,
670 4778 730 4822 ut
756 4783 849 4837 per
885 4784 977 4821 eas
1003 4770 1343 4831 consiliorum
1388 4769 1728 4823 moderamen
1755 4769 1894 4823 acci-

338 4871 506 4929 peret,
538 4860 737 4929 regiam
757 4857 958 4912 scilicet
979 4866 1033 4910 et
1054 4846 1435 4951 sacerdotalem
1457 4876 1471 4923 ;
1496 4861 1561 4913 ad
1582 4876 1717 4929 quas
1733 4862 1893 4913 etiam

340 4958 680 5004 sacrosancta
712 4947 795 5000 illa
827 4946 1005 4999 unctio
1045 4946 1379 5013 pertinebat;
1410 4963 1634 5015 quarum
1662 4947 1890 5003 ofﬁcium

339 5048 455 5091 erat
479 5037 785 5107 procellosis
814 5035 1055 5088 fluctibus
1074 5033 1416 5102 popularibus
1433 5050 1700 5102 nunquam
1724 5036 1891 5106 frangi

340 5139 502 5198 atque
550 5128 859 5197 corrumpi;
907 5135 961 5179 et
1001 5125 1257 5178 violentas
1310 5125 1585 5178 turbarum
1633 5128 1897 5180 contradi-

341 5221 546 5272 ctiones
592 5226 842 5282 tanquam
894 5216 1233 5269 adversantes
1278 5214 1445 5267 undas
1492 5228 1630 5282 saepe
1670 5216 1919 5269 disrum--

340 5325 491 5381 pere,
518 5308 779 5363 interdum
807 5306 887 5359 eis
913 5306 1171 5359 custodita
1198 5320 1292 5359 sua
1330 5304 1629 5369 integritate
1663 5304 1852 5357 cedere
1876 5318 1889 5365 ;

343 5416 561 5473 prorsus
599 5412 744 5452 more
773 5396 1017 5466 piscium,
1066 5404 1314 5463 tanquam
1340 5395 1391 5446 in
1422 5391 1711 5461 procelloso
1733 5392 1891 5453 mari,

349 5496 426 5547 sic
471 5494 522 5545 in
580 5488 879 5543 turbulenta
932 5484 1108 5556 populi
1163 5482 1617 5538 administratione
1667 5481 1888 5534 versari.

351 5588 669 5647 Qumtamen
698 5579 814 5630 dum
841 5588 1079 5644 persona:
1126 5573 1406 5626 Dominum
1445 5579 1680 5627 nostrum
1722 5570 1895 5639 pradi—

356 5672 648 5738 gnrabant;
692 5668 874 5721 ambas
919 5663 1058 5717 cnim
1104 5663 1244 5715 solus
1288 5663 1371 5715 ille
1412 5661 1679 5723 sustinuit,
1710 5668 1765 5711 et
1790 5676 1893 5712 non

1991 4582 2128 4637 eius.
2158 4583 2214 4636 ln
2238 4583 2431 4651 quibus
2461 4579 2679 4650 singulis
2696 4579 3002 4647 quicunque
3031 4577 3257 4630 viriliter
3280 4592 3453 4646 agere,
3493 4585 3550 4631 et

1992 4672 2277 4727 confortari
2302 4681 2565 4741 satagunt,
2604 4670 2797 4732 sobrie,
2823 4678 2877 4723 et
2909 4667 3073 4736 iuste,
3103 4677 3160 4723 et
3182 4670 3266 4738 pie
3300 4670 3545 4732 vivendo,

1994 4774 2052 4818 ut
2071 4762 2303 4817 caelestis
2327 4762 2596 4830 sapientiae
2624 4769 2924 4813 mereantur
2958 4758 3234 4813 dulcedine
3276 4760 3501 4813 recreari
3530 4776 3544 4822 ;

1995 4854 2048 4907 hi
2073 4851 2324 4905 nimirum
2353 4853 2584 4921 quinque
2602 4849 2835 4902 millibus
2855 4850 3113 4913 virorum,
3137 4863 3270 4917 quos
3296 4848 3545 4902 Dominus

1994 4942 2233 5011 mysticis
2282 4942 2506 5011 dapibus
2551 4940 2781 5003 satiavit,
2833 4940 3148 5007 figurantur.
3195 4938 3303 4992 Nec
3329 4945 3547 5006 praeter-

1991 5033 2222 5087 eundum
2257 5033 2398 5101 quod
2428 5030 2720 5085 refecturus
2749 5028 3132 5084 multitudinem
3178 5026 3376 5095 gratias
3416 5027 3542 5094 egit.

1994 5123 2113 5191 Egit
2145 5122 2337 5190 quippe
2381 5122 2599 5191 gratias,
2633 5130 2689 5173 ut
2715 5129 2769 5172 ct
2810 5135 2904 5171 nos
2944 5120 3007 5171 de
3033 5116 3293 5184 perceptis
3340 5114 3546 5168 cwlitns

1996 5214 2305 5267 muneribus
2347 5213 2543 5280 gratias
2591 5225 2799 5275 semper
2846 5222 2998 5275 agere
3047 5207 3277 5267 doceret,
3327 5213 3380 5257 et
3434 5206 3545 5273 ipse

1994 5311 2248 5369 quantum
2276 5301 2341 5354 de
2378 5298 2570 5351 nostris
2594 5296 2915 5365 profectibus
2941 5296 3250 5361 gratuletur,
3275 5294 3339 5347 de
3360 5306 3540 5349 nostra

1997 5390 2219 5461 spiritali
2252 5387 2533 5441 refectione
2557 5387 2798 5453 gaudeat,
2832 5384 3117 5437 intimaret.
3149 5383 3318 5436 Vultis
3345 5385 3540 5437 ctenim

2000 5492 2173 5539 nosse,
2199 5476 2409 5535 fratres,
2436 5483 2691 5541 quantum
2724 5471 2967 5525 Salvator
2989 5481 3167 5525 noster
3197 5480 3389 5524 nostra:
3417 5489 3546 5541 gau-

2001 5569 2121 5622 deat
2153 5564 2346 5618 saluti?
2376 5562 2565 5615 Narrat
2593 5560 2912 5629 evangelista
2957 5560 3147 5620 Lucas,
3178 5558 3385 5613 dedisse
3424 5576 3545 5615 eum

2002 5654 2270 5723 discipulis
2316 5660 2632 5719 potestatem
2671 5648 2902 5703 calcandi
2949 5663 3104 5716 supra
3148 5662 3356 5699 mnncm
3383 5646 3543 5701 Virtuv
