4152 6190
328 348 430 403 89.ἶί

1125 333 1523 391 EXEGETICA.
1555 361 1621 369 -—
1659 328 2002 384 COMMENT.
2046 326 2107 380 ΙΝ
2146 323 2332 380 JOAN.
2363 354 2428 363 -—
2458 321 2583 378 LIB.
2622 322 2702 377 Ill.

3413 322 3515 375 826

326 479 417 518 ms
440 460 589 520 |.Hs.,
608 453 841 525 sursum]
859 452 1026 521 pusito
1045 449 1156 504 solo
1182 450 1234 502 in
1255 440 1765 523 montemagnotqm
1788 440 1870 491 in-
1904 446 1944 497 Α
1976 433 2249 504 peraddito
2275 430 2401 502 μισ.
2427 441 2472 484 et
2496 432 2648 500 Aug.,
2676 429 2874 482 faciunt
2897 429 3079 498 viginti
3107 430 3355 498 quinque,
3386 447 3513 497 qna-

327 551 487 607 travit
508 551 561 603 in
578 547 830 601 interiora
845 543 966 600 veli.
982 540 1110 596 foris
1127 538 1319 608 populo
1339 537 1647 591 constituto.
1668 531 1773 586 Sed
1794 530 1870 582 vi-

330 642 548 708 deamus
576 636 702 706 quid
731 635 820 688 illo
842 634 977 686 intra
1001 630 1171 683 velum
1197 627 1429 682 caelestis
1452 620 1744 678 altitudinis
1764 632 1872 671 mo-

331 740 501 786 rante.
526 725 650 796 quid
669 723 905 792 discipuli
926 722 977 775 in
998 718 1237 774 navicula
1252 711 1618 786 patiebantur?
1637 707 1772 774 Quid
1791 714 1873 761 est

332 815 570 873 navicula
593 829 710 884 quze
726 827 754 865 a
772 810 1016 865 lluctibus
1026 807 1342 875 iactabatur,
1364 802 1466 856 nisi
1486 796 1744 860 Ecclesia,
1757 809 1872 863 quae

333 908 786 980 persecutionibus
807 905 1053 972 fatigatur
1069 908 1123 954 et
1142 899 1270 954 foris
1285 905 1339 951 et
1358 895 1529 950 intus?
1553 893 1702 946 Foris
1727 907 1757 944 a
1785 905 1875 958 pa-

334 1003 483 1070 ganis
518 1007 700 1068 aperta
738 993 1147 1065 persecutione:
1179 989 1320 1042 intus
1357 1002 1386 1039 a
1434 983 1580 1037 falsis
1626 980 1876 1034 fratribus

333 1086 538 1144 occulta
569 1085 848 1139 seditione.
875 1079 996 1134 Ideo
1021 1077 1222 1132 addidit
1253 1093 1266 1128 :

404 1177 561 1248 522
599 1175 764 1228 Vsus.
796 1171 890 1234 l6,
918 1170 1005 1222 l7.
1041 1197 1110 1207 --
1149 1165 1214 1219 Ut
1240 1174 1406 1218 autem
1431 1179 1543 1215 sero
1572 1159 1875 1229 factumest,

334 1247 700 1320 descenderunt
725 1256 963 1329 discipuli
988 1257 1099 1325 ejus
1126 1254 1193 1307 ad
1221 1267 1381 1313 mare,
1403 1260 1448 1303 et
1475 1266 1592 1302 cum
1617 1247 1879 1302 ascendis-

331 1363 444 1408 sent
467 1349 779 1410 nauiculam,
806 1352 1214 1400 veneruntvtrans
1240 1355 1380 1394 mare
1411 1338 1466 1390 in
1492 1335 1876 1404 Capharnaum.

338 1461 362 1498 ι
396 1455 422 1484 ι
452 1441 568 1496 Cito
591 1440 725 1494 dixit
751 1438 986 1498 linitum,
1015 1433 1154 1503 quod
1198 1440 1380 1500 postea
1419 1427 1615 1481 factum
1649 1433 1747 1478 est.
1790 1421 1882 1474 Ve—

333 1540 516 1587 nerunt
536 1539 679 1584 trans
702 1543 842 1582 mare
865 1527 916 1579 in
942 1524 1326 1594 Capharnaum.
1355 1517 1421 1570 Et
1447 1516 1602 1578 redit,
1641 1522 1700 1567 ut
1724 1526 1884 1580 expo-

333 1629 427 1676 nat
452 1619 715 1689 quomodo
738 1624 1014 1681 venerunt,
1039 1613 1162 1681 quia
1188 1625 1284 1681 per
1305 1617 1549 1676 stagnum
1579 1603 1885 1672 navigantes

335 1712 682 1766 transierunt.
728 1708 794 1761 Et
832 1721 952 1760 cum
993 1703 1300 1770 navigarent
1329 1697 1394 1750 ad
1423 1711 1543 1750 eum
1581 1695 1752 1748 locum
1781 1707 1886 1760 quo

1970 525 2179 578 dratum
2205 520 2550 592 quinarium].
2581 520 2688 575 Sed
2721 521 2843 576 huic
2879 521 2999 590 legi,
3035 530 3315 590 antequam
3344 521 3517 576 Evan-

1973 615 2163 685 gelium
2187 615 2418 676 veniret,
2447 614 2628 666 deerat
2655 609 2932 680 perfectio.
2969 610 3231 665 Perfectio
3262 619 3437 665 autem
3463 612 3517 666 in

1974 705 2184 758 senario
2232 717 2453 757 numero
2497 701 2982 769 comprehenditur.
3034 721 3050 751 ι
3105 699 3236 753 Nam
3281 701 3521 756 senarius

1974 806 2227 846 numerus
2260 790 2526 861 perfectus
2560 799 2671 853 est,
2711 797 2765 842 et
2801 789 3038 858 partibus
3075 790 3186 843 suis
3225 788 3525 856 implebitur

1975 879 2128 950 [ΗΜ
2174 877 2462 949 impletur}.
2505 879 2559 932 ιιι
2596 886 2703 941 est,
2737 893 2916 940 unum,
2959 878 3081 940 duo,
3112 887 3239 930 tres.
3272 876 3377 931 Nec
3407 877 3525 931 alia:

1973 979 2152 1039 partes
2193 970 2246 1024 in
2286 984 2350 1023 eo
2390 969 2612 1022 inveniri
2654 975 2890 1037 possunt,
2927 981 3022 1020 nec
3061 965 3159 1019 illae
3197 974 3374 1035 partes
3400 981 3524 1020 con-

1971 1065 2168 1133 juncta:
2197 1062 2335 1115 aliud
2373 1060 2500 1128 quid
2534 1058 2666 1129 [ΑΛ.
2714 1057 2936 1128 aliquid]
2981 1057 3243 1112 conﬁcere
3286 1065 3523 1127 possunt,

1978 1153 2080 1207 nisi
2105 1151 2370 1206 senarium
2400 1163 2697 1202 numerum.
2737 1146 3021 1215 Propterea
3051 1161 3143 1199 sex
3173 1146 3364 1202 diebus.
3390 1147 3530 1200 Deus

1980 1239 2233 1293 mundum
2261 1236 2502 1306 perfecit,
2534 1245 2585 1293 et
2624 1237 2855 1306 quinque
2893 1235 2987 1303 ipsi
3022 1250 3116 1303 per
3144 1249 3235 1288 sex
3277 1234 3528 1304 multipli-

1980 1339 2186 1394 cantur,
2215 1337 2273 1382 ut
2306 1329 2389 1383 lex
2425 1343 2520 1397 per
2551 1327 2893 1396 Evangelium
2921 1325 3285 1394 adimpleatur,
3318 1333 3374 1378 ut
3401 1325 3531 1379 ﬁant

1982 1421 2154 1474 sexies
2179 1420 2345 1487 quini,
2387 1419 2618 1487 triginta.
2655 1417 2733 1469 Ad
2774 1431 2865 1470 eos
2897 1431 3022 1484 ergo
3058 1415 3184 1486 [Al.,
3215 1414 3412 1485 igitur],
3443 1418 3532 1484 qui

1983 1510 2201 1579 implent
2240 1509 2430 1578 legem,
2460 1509 2602 1562 venit
2625 1507 2797 1560 Jesus.
2829 1506 2894 1558 Et
2917 1507 3179 1573 quomodo
3206 1507 3383 1560 venit?
3419 1505 3538 1560 Cal-

1983 1615 2109 1653 cans
2138 1598 2346 1660 ﬂuctus,
2376 1612 2564 1650 omnes
2594 1605 2828 1649 tumores
2865 1595 3045 1648 mundi
3079 1595 3178 1648 sub
3205 1596 3424 1663 pedibus
3446 1597 3537 1648 ba-

1986 1691 2134 1750 bens,
2161 1704 2344 1743 omnes
2371 1687 2708 1742 celsitudines
2737 1686 2912 1740 szrculi
2948 1701 3211 1754 premens.
3255 1705 3272 1735 ι
3309 1698 3327 1724 ε
3359 1687 3424 1740 Et
3463 1696 3540 1739 ta-

334 1819 426 1858 eos
450 1803 660 1857 venisse
683 1799 793 1867 jam
818 1798 969 1857 dixit,
1001 1791 1394 1863 recapitulantlo
1413 1777 1770 1855 exponitquid
1799 1797 1886 1836 ac-
1921 1773 1960 1829 Β
1991 1796 2109 1834 men
2137 1787 2294 1851 tanta:
2327 1787 2448 1832 sunt
2477 1777 2873 1838 tribulationes,
2907 1784 2963 1828 ut
2988 1776 3146 1827 etiam
3176 1775 3272 1842 ipsi
3307 1775 3394 1842 qui
3426 1790 3541 1828 cre-

335 1895 524 1948 eiderit
558 1910 572 1946 :
605 1894 788 1963 (Vsus.
825 1891 906 1958 l8)
941 1886 1180 1940 Tenebras
1197 1885 1311 1953 jam
1343 1881 1491 1948 facta
1514 1886 1678 1940 erant,
1701 1883 1746 1928 et
1787 1889 1888 1927 non

336 1992 542 2055 uenerat
563 1982 629 2034 ad
650 1981 770 2034 illos
791 1980 962 2033 Iesus.
993 1978 1138 2031 Mare
1159 1986 1327 2030 autem
1355 1982 1495 2028 vento
1523 1984 1704 2040 magno
1733 1968 1891 2036 ﬂante

305 2072 655 2154 ⁵αξιτειινςιεὺαι.
690 2072 876 2125 Merito
923 2072 1172 2130 tenebrae,
1220 2069 1342 2136 quia
1391 2066 1477 2118 lux
1513 2079 1614 2118 non
1655 2068 1886 2114 venerat.

339 2162 593 2218 Tenebras
610 2158 724 2226 jam
753 2161 905 2215 factm
931 2167 1102 2222 erant,
1131 2167 1184 2212 et
1211 2171 1314 2210 non
1337 2159 1554 2208 venerat
1581 2153 1647 2206 ad
1668 2151 1785 2204 illos
1807 2147 1893 2202 Je-

340 2268 458 2314 sus;
483 2251 626 2321 quia,
648 2256 904 2318 quantum
930 2248 1146 2317 propius
1165 2243 1368 2299 accedit
1395 2241 1512 2295 linis
1531 2238 1732 2299 mundi,
1749 2244 1894 2289 tanto

342 2343 705 2399 vehementius
731 2346 978 2395 crescunt
1007 2351 1239 2399 errores,
1269 2332 1616 2389 crebrescunt
1641 2338 1890 2386 terrores,

339 2435 537 2489 crescit
564 2430 832 2500 iniquitas,
855 2428 1048 2483 crescit
1068 2425 1368 2479 infidelitas.
1392 2422 1506 2476 Lux
1532 2419 1758 2486 denique
1779 2428 1894 2484 qua;

340 2525 578 2580 cbaritas
617 2523 752 2591 apud
804 2518 1061 2574 Joannem
1116 2516 1286 2584 ipsum
1343 2510 1722 2586 evangelistam
1766 2504 1898 2560 satis

343 2625 630 2686 aperteque
669 2619 1013 2671 monstratur,
1055 2608 1126 2660 ita
1161 2613 1218 2657 ut
1254 2603 1455 2656 diceret
1484 2617 1494 2650 :
1527 2598 1628 2662 Qui
1655 2596 1760 2648 odit
1791 2593 1899 2662 fra-

342 2683 469 2761 trem
497 2721 668 2766 suum,
691 2705 744 2756 in
771 2701 990 2756 tenebris
1014 2707 1085 2751 est
1107 2694 1156 2768 (Ι
1177 2694 1334 2749 Joan.
1360 2707 1418 2753 It,
1447 2688 1552 2755 ll),
1575 2683 1900 2740 creberrime

345 2796 698 2866 exstinguitur
719 2813 735 2843 ι
758 2790 1136 2860 refrigescente
1162 2782 1446 2843 charitate,
1477 2775 1776 2830 abundante
1800 2770 1900 2824 ini-

347 2889 568 2958 quitatc.
598 2884 699 2952 lpsi
726 2890 851 2936 sunt
881 2879 1070 2931 fluctus
1115 2886 1302 2928 navem
1348 2868 1625 2923 turbantes
1654 2880 1666 2913 :
1701 2870 1899 2928 tempe-

348 2948 460 3033 stas
479 2986 533 3032 et
550 2948 691 3029 venti
717 2971 977 3025 clamores
997 2973 1120 3020 sunt
1136 2960 1558 3016 maledictorum.
1582 2953 1705 3008 Inde
1727 2948 1901 3004 chari-

1987 1869 2235 1923 didcrunt
2284 1870 2336 1922 in
2371 1867 2580 1927 Jesum,
2630 1875 2684 1920 et
2727 1867 2816 1934 qui
2857 1875 3116 1919 conantur
3169 1878 3540 1934 perseverare.

1987 1969 2340 2028 expaveseant
2368 1974 2464 2012 nec
2493 1958 2619 2029 [Ms.
2651 1967 2696 2010 et
2732 1959 2887 2027 Aug.,
2924 1955 3012 2027 ne]
3043 1955 3305 2018 deﬁciant,
3332 1955 3546 2009 Christo

1989 2051 2178 2103 ﬂuctus
2213 2048 2450 2102 calcante
2486 2047 2684 2100 smculi.
2725 2046 2832 2099 Cur
2861 2047 3010 2099 timet
3038 2045 3389 2105 Christianus,
3420 2043 3544 2097 dum

1991 2139 2233 2194 Christus
2261 2136 2527 2207 loquitur?
2555 2131 2664 2204 Ego
2694 2151 2831 2198 sum,
2865 2133 3020 2186 nolite
3043 2133 3239 2185 timere.
3274 2130 3544 2198 Con/iditc,

1991 2245 2082 2297 ego
2112 2229 2205 2282 vici
2229 2226 2474 2281 mundum
2509 2223 2687 2293 (Joan.
2716 2221 2848 2292 xvn).

2023 2390 2030 2396 .
2063 2315 2224 2369 Vens.
2259 2314 2348 2367 2|.
2385 2344 2455 2352 —
2504 2311 2784 2366 Voluerunt
2809 2327 2926 2381 ergo
2951 2326 3064 2362 eum
3083 2309 3310 2376 accipere
3334 2308 3386 2360 in
3407 2305 3546 2360 navi.

1993 2393 2350 2472 Agnoscentes
2373 2416 2434 2454 ac
2459 2399 2766 2469 gaudentes,
2793 2399 2963 2453 securi
2991 2396 3134 2452 facti.
3161 2395 3228 2448 Et
3255 2395 3428 2448 statim
3451 2393 3547 2463 fuit

1996 2495 2139 2548 naris
2171 2492 2238 2544 ad
2265 2501 2485 2554 terram,
2529 2490 2581 2542 in
2609 2505 2762 2557 quam
2797 2488 2958 2540 ibant.
2993 2487 3185 2540 Factus
3222 2495 3303 2540 est
3339 2485 3456 2539 linis
3487 2485 3552 2537 ad

1998 2596 2225 2644 terram,
2264 2585 2329 2638 de
2370 2582 2586 2636 Ιιιιῐηὶιιο
2627 2581 2691 2634 ad
2737 2579 2994 2641 solidum,
3035 2577 3100 2632 de
3125 2578 3336 2630 turbato
3365 2575 3429 2630 ad
3463 2575 3554 2627 lir-

1999 2688 2172 2735 mum,
2206 2672 2270 2725 de
2313 2671 2505 2727 itinere
2551 2669 2616 2724 ad
2663 2668 2848 2732 linem,
2889 2687 2905 2717 ι
2938 2663 2988 2719 id
3023 2672 3131 2728 est,
3163 2664 3226 2718 ad
3264 2661 3551 2733 perfectam

2001 2761 2457 2832 tranquillitatem,
2494 2777 2610 2830 qme
2639 2777 2740 2814 non
2775 2759 2883 2813 erit
2929 2757 3028 2811 nisi
3067 2757 3118 2810 in
3156 2763 3312 2826 portu
3349 2762 3556 2806 :eternac

1999 2855 2316 2911 serenitatis.
2346 2852 2416 2905 lbi
2441 2861 2549 2905 tota
2569 2850 2822 2908 Charitas.
2855 2857 2909 2902 et
2949 2847 3088 2900 nulla
3127 2846 3411 2914 iniquitas,
3448 2853 3555 2897 tota

2001 2945 2252 3005 felicitas,
2293 2952 2346 2997 et
2379 2941 2521 2995 nulla
2562 2937 2924 3008 perturbatio,
2957 2937 3044 2990 ubi
3081 2937 3195 2989 sine
3228 2935 3330 2988 ﬁne
3373 2949 3558 3003 regna-

350 3022 460 3125 iasv
481 3022 961 3136 iefrigesciL—inde
1006 3056 1194 3110 ﬂuctus
1241 3055 1515 3119 augentur.
1567 3039 1902 3136 Turbabatur
1929 3108 1972 3136 η
1997 3037 2148 3099 bunt,
2165 3036 2254 3104 qui
2272 3034 2354 3088 hic
2371 3032 2755 3096 lortiterusque
2772 3027 2823 3080 in
2846 3024 3003 3078 linem
3027 3024 3146 3075 vita:
3172 3022 3555 3077 sutelaboraut.

353 3108 431 3125 ...ο
484 3108 799 3136 .-.ηυνυηη
844 3108 957 3114 ._-.-
1006 3108 1019 3110 -
1091 3108 1094 3109 ν
1312 3108 1340 3119 ν

351 3157 518 3218 navis,
550 3162 707 3208 vento
735 3165 925 3220 magno
953 3148 1108 3200 llmte
1134 3155 1279 3195 mare
1303 3133 1646 3204 exsurgebat;
1671 3127 1902 3183 tenebrae
1928 3108 1974 3169 (ἶ
2073 3147 2235 3200 γης.
2260 3144 2346 3206 3,2,
2373 3144 2474 3196 .25._
2495 3169 2564 3181 __
2600 3137 2772 3191 Amm
2797 3135 2880 3187 die
2903 3132 3052 3186 turba
3078 3145 3192 3200 qua,
3220 3128 3388 3183 “ab”
3414 3139 3559 3181 (mm

349 3241 684 3303 crescebant,
711 3236 1051 3305 intelligentia
1083 3227 1438 3288 minuebatur,
1471 3221 1718 3291 iniquitas
1745 3230 1902 3285 auge-

353 3337 527 3389 batur.
559 3329 759 3384 Tamen
790 3326 926 3378 inter
948 3323 1060 3375 haec
1080 3321 1254 3374 omnia
1285 3315 1437 3370 navis
1459 3313 1567 3367 ibat
1595 3309 1662 3364 ad
1688 3315 1901 3362 terram,

354 3419 687 3493 properabat,
714 3423 925 3485 portum
957 3408 1243 3479 quaarebat.
1273 3405 1345 3459 lta
1377 3404 1513 3456 inter
1532 3396 1711 3453 omnia
1738 3400 1906 3445 tenta—

358 3483 652 3565 incntorum
679 3483 889 3574 genera,
914 3497 1143 3552 Ecclesia
1170 3493 1405 3563 proﬁcit;
1436 3489 1662 3546 laborat,
1692 3483 1782 3536 sed
1803 3495 1905 3532 non

359 3601 632 3671 mergitur.
679 3573 949 3650 Christum
987 3595 1290 3657 exspectat,
1321 3582 1531 3652 quando
1569 3593 1664 3646 per
1693 3590 1812 3629 emn
1843 3573 1908 3625 ad

360 3699 568 3759 portum
598 3684 870 3755 perveniat
897 3674 1310 3747 tranquillitatis.

433 3750 615 3828 Vsus.-
635 3773 720 3833 l9,
757 3770 846 3824 20.
875 3799 942 3809 ——
965 3767 1093 3821 Cum
1120 3780 1239 3833 ergo
1269 3761 1618 3828 remigrasscnt
1642 3752 1811 3807 stadia
1833 3750 1907 3802 ri-

361 3867 488 3934 ginti
518 3864 739 3934 quinque
773 3868 862 3912 aut
903 3858 1133 3926 triginta,
1162 3854 1328 3907 uident
1363 3850 1539 3904 Iesum
1569 3842 1911 3899 ambulantem

361 3973 514 4026 super
551 3969 721 4016 mare,
765 3960 809 4004 et
849 3947 1136 4018 proximum
1175 3944 1292 3995 navi
1329 3941 1465 4008 ﬁeri.
1510 3937 1573 3990 Et
1614 3936 1911 3987 timuerunt.

367 4019 464 4100 Ille
515 4055 684 4098 autent
708 4043 829 4095 dicit
857 4039 966 4093 eis:
996 4035 1102 4106 Ego
1129 4049 1261 4094 sum,
1291 4029 1444 4082 nolite
1464 4027 1658 4079 timere.
1693 4041 1710 4072 ί
1734 4022 1766 4073 .b
1789 4019 1914 4073 Cre-

363 4135 737 4197 scuntl'lttctus,
754 4139 1015 4201 augentur
1039 4121 1284 4181 tenebris,
1303 4118 1525 4173 sreviunt
1546 4117 1912 4201 tempestates;

363 4228 454 4282 sed
487 4236 660 4280 tamen
690 4223 843 4277 navis
870 4217 1123 4278 ambulat,
1151 4215 1273 4283 quia
1303 4209 1392 4280 qui
1421 4198 1832 4277 perseveraverit
1863 4194 1914 4246 in

368 4317 547 4375 linem,
577 4315 657 4368 hic
693 4312 870 4366 salvus
906 4307 1011 4362 erit
1049 4304 1259 4375 (Matth.
1291 4316 1340 4358 x,
1369 4298 1478 4366 9.2).
1516 4293 1623 4345 Nec
1659 4289 1769 4356 ipse
1809 4290 1916 4337 sta-

365 4409 574 4462 diorum
597 4418 844 4461 numerus
857 4395 1272 4456 contemnendus
1291 4405 1407 4446 esse
1429 4387 1652 4439 videtur.
1669 4380 1732 4432 Et
1751 4387 1914 4445 quare

956 4483 1277 4554 evangelista
1307 4497 1319 4532 :
1348 4475 1512 4541 Quasi
1534 4469 1716 4527 stadiis
1736 4462 1914 4568 viginti
1943 4453 1990 4512 Ι)

287 4605 290 4607 ·
368 4558 589 4654 quinque
617 4595 704 4636 aut
739 4558 988 4651 triginta?
1016 4574 1290 4631 Sulliceret
1313 4570 1488 4623 dicere
1521 4583 1532 4616 :
1559 4561 1737 4632 viginti
1761 4558 1912 4627 quin-

369 4695 485 4749 que,
514 4687 605 4730 aut
635 4678 875 4744 triginta;
905 4674 1004 4727 nisi
1039 4668 1178 4742 quod
1206 4668 1302 4721 hos
1329 4673 1576 4718 numeros
1603 4650 1914 4710 azstimantis

371 4779 523 4823 voce,
546 4780 645 4817 non
671 4761 978 4813 allirmantis
999 4739 1215 4827 protulit
1239 4755 1378 4808 idem
1406 4746 1746 4818 evangelista.
1771 4739 1916 4806 Qua:-

373 4870 552 4909 ramus
571 4867 695 4921 ergo
711 4863 1001 4904 numerum.
1021 4845 1215 4920 Viginti
1240 4844 1470 4913 quinque
1492 4841 1629 4894 unde
1652 4843 1914 4896 constant,

373 4945 515 4996 unde
537 4943 698 4995 fiunt?
715 4941 786 4993 De
806 4939 1064 5008 quinario.
1084 4933 1366 5000 Quinarius
1387 4932 1472 4985 ille
1489 4944 1739 4982 numerus
1761 4928 1824 4981 ad
1845 4927 1919 4980 lc-

375 5051 400 5095 ει
421 5046 493 5081 πη
519 5031 761 5095 pertinet.
784 5027 884 5096 Ipsi
905 5033 1024 5088 sunt
1052 5024 1282 5091 quinque
1309 5021 1422 5073 libri
1455 5018 1637 5087 Moysi,
1670 5018 1766 5084 ipsi
1797 5024 1920 5070 sunt

374 5136 403 5185 ι,
451 5117 610 5183 inque
637 5117 868 5183 porticus
907 5114 977 5166 illi
1021 5112 1168 5183 [Ms.,
1204 5109 1325 5180 illae]
1356 5109 1626 5177 languidos
1647 5108 1920 5160 continen-

375 5219 472 5267 tc.,
507 5206 544 5274 ig
590 5205 603 5256 i
632 5203 864 5274 quinque
889 5217 1052 5269 panes
1076 5201 1306 5268 quinque
1336 5198 1494 5251 millia
1531 5197 1802 5251 hominum
1830 5213 1920 5264 pa-

328 5368 332 5371 ,
375 5305 583 5351 scentes
634 5293 771 5361 Ergo
798 5291 966 5357 legem
994 5289 1254 5358 signiﬁcat
1279 5302 1525 5342 numerus
1557 5287 1738 5356 viginti
1764 5287 1919 5354 quin-

377 5401 503 5455 quo,
525 5384 771 5452 quoniam
795 5381 1024 5448 quinque
1055 5396 1151 5448 per
1177 5381 1427 5449 quinque,
1453 5379 1501 5432 id
1525 5390 1624 5441 est,
1647 5378 1924 5447 quinquies

380 5477 541 5546 quini,
574 5474 774 5526 inv-lunt
801 5471 986 5540 viginti
1015 5473 1272 5538 quadrato
1301 5485 1536 5533 numero,
1567 5469 1808 5536 quinm-io
1833 5484 1921 5522 su-

451 5600 473 5624 ει
515 5584 570 5632 ς.
611 5583 952 5649 Augustinus,
985 5581 1082 5635 loc.
1116 5582 1202 5633 cit.
1229 5598 1372 5633 nunt.
1401 5581 1450 5633 Si.

454 5657 476 5692 ³*
519 5654 639 5706 Ibid.
671 5669 790 5704 lllllll
847 5651 895 5700 6.

2007 3251 2164 3296 mare,
2191 3234 2317 3288 vidit
2339 3232 2458 3301 quia
2484 3229 2590 3282 alia
2614 3223 2851 3281 navicula
2880 3239 2981 3276 non
3001 3232 3124 3275 esset
3148 3220 3216 3273 ibi
3239 3220 3338 3272 nisi
3367 3235 3491 3282 una,
3512 3229 3558 3270 et

2004 3324 2126 3392 quia
2165 3339 2264 3375 non
2303 3318 2578 3373 introiisset
2607 3315 2760 3368 Jesus
2793 3327 2909 3364 cum
2941 3308 3206 3378 discipulis
3242 3306 3347 3359 suis
3376 3305 3428 3357 in
3464 3321 3559 3356 na—

2005 3429 2134 3472 vem,
2165 3411 2252 3462 sed
2273 3408 2370 3460 soli
2399 3404 2637 3472 discipuli
2666 3404 2778 3470 ejus
2806 3398 3212 3453 abiissent.dlia’
3239 3411 3354 3449 vero
3380 3409 3560 3462 super-

2007 3481 2429 3552 uenerunt‘naues
2464 3511 2495 3546 a
2535 3492 2574 3544 Τ
2577 3490 2823 3552 iberiade,
2855 3489 3010 3556 juxta
3035 3487 3206 3540 locum
3233 3487 3317 3538 ubi
3347 3484 3563 3538 mandu—

2008 3598 2246 3642 carerunt
2274 3601 2475 3655 panem,
2505 3582 2699 3652 gratias
2721 3589 2926 3649 agentes
2946 3577 3073 3630 Deo.

2481 3731 2636 3801 523
2677 3727 2898 3784 CAPUT
2936 3725 3070 3780 Xlll.

2013 3867 2053 3919 Α
2086 3864 2244 3917 turbis
2268 3863 2532 3934 qutesitus,
2560 3869 2605 3934 et
2634 3860 2866 3934 inuentus
2891 3857 2964 3908 ait
2991 3871 3007 3907 :
3034 3851 3336 3933 Operamini
3364 3851 3563 3912 cibum,

2082 3951 2184 3988 non
2216 3922 2305 4002 qui
2331 3932 2483 4001 perit,
2508 3922 2599 4002 sed
2628 3929 2716 3998 qui
2732 3934 3018 4002 permanet
3038 3929 3089 3977 in
3112 3922 3273 4002 vitam
3292 3928 3544 4002 aeternam
3551 3961 3563 3973 .

2083 4004 2149 4056 Et
2169 3989 2351 4072 paneni
2373 4002 2435 4054 de
2461 3989 2596 4052 caelis
2632 3989 2684 4051 se
2709 3989 2831 4049 dicit
2860 4011 3053 4057 verum,
3091 3992 3346 4060 vitamque
3370 3989 3563 4042 mundi.

2083 4131 2243 4185 Vsus.
2282 4128 2369 4182 ﬁl.
2408 4158 2477 4166 —
2515 4125 2643 4180 Cum
2669 4142 2787 4194 ergo
2813 4125 3018 4178 vidisset
3051 4121 3199 4175 turba
3221 4161 3234 4183 ,
3267 4120 3388 4189 quia
3417 4119 3567 4173 Iesus

2014 4235 2115 4272 non
2145 4227 2274 4271 esset
2302 4217 2391 4279 ibi,
2417 4232 2575 4283 neque
2606 4213 2845 4281 discipuli
2867 4213 3000 4279 ejus,
3033 4198 3369 4263 ascenderunt
3399 4209 3451 4261 in
3479 4225 3570 4260 na-

2013 4307 2230 4369 viculas,
2255 4316 2300 4360 et
2322 4313 2562 4359 venerunt
2591 4305 2644 4355 in
2673 4301 3036 4369 Capharnaum
3065 4308 3345 4367 q—ua‘renles
3371 4299 3569 4351 Iesum.

2025 4413 2042 4445 t
2076 4394 2102 4434 ἀ
2132 4394 2458 4448 lnsinuatum
2484 4395 2567 4446 est
2595 4399 2768 4443 tamen
2799 4387 2902 4441 illis
2935 4395 3040 4439 tam
3070 4400 3316 4454 magnum
3346 4385 3576 4439 miracu-

2017 4487 2143 4560 lum.
2173 4484 2431 4539 Viderunt
2455 4484 2594 4537 enim
2624 4481 2764 4550 quod
2803 4478 3041 4548 discipuli
3079 4477 3173 4530 soli
3213 4476 3574 4531 ascendissent

2017 4577 2069 4630 in
2099 4591 2308 4640 navem,
2335 4584 2390 4630 et
2417 4575 2539 4643 quia
2572 4573 2720 4626 navis
2755 4587 2855 4623 non
2897 4577 3013 4622 erat
3050 4567 3138 4618 ibi.
3179 4567 3448 4619 Venerunt
3475 4583 3571 4619 au-

2018 4674 2123 4718 tem
2156 4664 2293 4727 inde,
2324 4673 2379 4718 et
2411 4678 2571 4716 naves
2600 4660 2750 4726 juxta
2793 4659 2962 4710 locum
2993 4656 3136 4708 illum
3170 4655 3255 4708 ttbi
3287 4656 3574 4710 manduca-

2017 4762 2208 4806 verunt
2239 4768 2447 4822 panem,
2488 4752 2538 4804 itt
2568 4748 2758 4816 quibus
2806 4761 2925 4798 eum
2976 4745 3142 4797 turbte
3186 4753 3382 4798 secutm
3428 4755 3571 4798 sunt.

2019 4846 2150 4899 Cum
2178 4845 2448 4915 discipulis
2471 4857 2594 4911 ergo
2621 4856 2722 4893 non
2754 4840 3068 4893 ascenderat
3099 4856 3110 4890 :
3144 4838 3250 4890 alia
3292 4840 3438 4890 navis
3468 4839 3572 4891 illic

2020 4953 2122 4990 non
2149 4946 2281 4989 erat.
2320 4935 2464 4991 Unde
2500 4931 2672 4986 subito
2711 4939 2856 4984 trans
2896 4946 3044 4984 mare
3078 4929 3248 4983 factus
3286 4937 3365 4980 est
3393 4926 3570 4988 Jesus,

2023 5029 2122 5080 nisi
2152 5028 2272 5095 quia
2306 5040 2463 5093 super
2491 5037 2635 5074 mare
2664 5021 2972 5085 ambulavit,
3003 5029 3060 5073 ut
3084 5017 3394 5074 miraculum
3423 5032 3573 5072 mon-

2022 5119 2248 5172 straret?
2273 5116 2334 5168 Et
2351 5130 2461 5168 rum
2485 5112 2789 5164 invenissent
2812 5129 2925 5164 eum
2941 5111 3120 5164 turbtr.
3139 5111 3270 5163 Ecce
3290 5119 3575 5176 prtesentat

2023 5223 2080 5261 se
2107 5208 2290 5269 turbis,
2327 5221 2355 5257 a
2399 5203 2590 5270 quibus
2617 5202 2728 5270 rapi
2758 5203 3034 5263 timuerat,
3064 5208 3117 5253 et
3151 5199 3202 5250 in
3233 5204 3464 5250 montem
3494 5198 3572 5249 fu-

2023 5306 2200 5365 gerat;
2232 5293 2445 5348 omnino
2471 5290 2794 5346 conlirmans
2818 5300 2871 5344 et
2907 5292 3176 5342 insinuans
3204 5285 3355 5340 nobis
3382 5285 3435 5338 in
3461 5303 3574 5356 my-

2020 5383 2180 5435 sterio
2217 5381 2355 5434 dicta
2394 5393 2510 5432 esse
2548 5378 2636 5431 illa
2677 5379 2893 5431 omnia:
2923 5385 2972 5430 et
3011 5373 3148 5428 facta
3179 5373 3230 5426 in
3267 5388 3460 5441 magno
3489 5390 3574 5426 sa-

2019 5479 2306 5532 cramento,
2335 5479 2392 5523 ut
2414 5469 2610 5538 aliquid
2631 5468 3005 5538 significarent.
3035 5463 3171 5517 Ecce
3197 5462 3348 5516 adest
3376 5462 3459 5515 illc
3482 5462 3569 5530 qui

2092 5594 2111 5616 ’ν’
2157 5579 2285 5631 Ibid.
2313 5594 2456 5630 num.
2487 5577 2537 5627 7.

2091 5649 2114 5685 τί
2242 5648 2372 5717 Aug.
2407 5648 2504 5700 loc.
2531 5646 2618 5697 cit.
2653 5657 2795 5695 num.
2823 5643 2873 5701 8,
2905 5643 2956 5703 υ,
2995 5640 3071 5690 10.
