4266 6208
656 311 758 360 827

1513 313 1569 364 ιι.
1612 290 1669 364 ιί.
1709 310 1928 364 ςιιιιιδι
1967 310 2095 362 sec
2136 307 2404 361 ALCLYINI
2442 307 2718 362 orntum
2756 304 2929 360 usus
2963 307 3023 359 ιι.

3752 301 3858 355 828

657 429 707 477 in
744 435 973 480 mentem
1013 426 1217 493 fugerat
1256 426 1462 483 turbas;
1506 438 1676 476 nonne
1709 438 1827 474 cum
1871 422 1997 489 ipsis
2036 420 2204 471 turtis
2234 434 2276 485 Α
2308 418 2492 469 mmini
2514 434 2615 469 non
2641 417 2808 469 cibum
2829 418 2914 483 qui
2934 418 3083 484 perit,
3108 416 3196 468 sed
3222 417 3310 478 qui
3330 424 3589 483 permanet
3618 414 3675 465 in
3701 416 3859 465 vitam

650 517 915 585 loquitur?
939 517 1093 569 modo
1123 525 1358 577 teneant,
1388 514 1542 567 modo
1573 530 1749 580 regem
1777 512 1988 564 faciant.

718 609 878 661 Vens.
918 607 1005 660 25.
1042 637 1109 645 —
1150 606 1213 658 lit
1252 622 1367 657 cum
1397 606 1702 656 invenissent
1730 620 1845 655 eum
1870 612 2013 654 trans
2041 618 2200 663 mare,

643 698 882 750 dixerunt
910 697 957 748 ei
979 713 996 748 :
1024 696 1202 756 llabbi,
1232 694 1439 763 quando
1463 694 1561 745 huc
1599 690 1815 744 venisti?
1841 691 1931 744 llle
1959 701 2079 758 post
2107 692 2203 741 mi-

646 788 807 839 raculi
834 796 1224 839 sacramentum
1244 825 1258 848 ,
1295 794 1347 837 et
1374 797 1671 835 sermonem
1707 782 1893 844 infert,
1924 788 1981 833 ut
2018 781 2059 833 si
2089 779 2198 832 ﬁeri

644 886 836 948 potest,
859 878 949 946 qui
982 877 1116 944 pasti
1143 884 1286 933 sunt,
1319 882 1625 941 pascantur,
1651 882 1706 925 et
1729 886 1953 938 quorum
1990 870 2203 921 satiavit

644 968 867 1034 panibus
890 975 1148 1021 ventrem,
1177 963 1333 1014 saliet
1353 961 1687 1013 sermonibus
1711 968 1959 1019 mentem,
1983 958 2075 1010 sed
2102 958 2198 1016 sic,

644 1066 699 1108 ut
724 1063 968 1122 captant;
995 1060 1049 1105 et
1088 1052 1131 1104 si
1173 1066 1274 1103 non
1303 1050 1547 1116 capiunt,
1574 1056 1787 1101 sumant
1815 1045 1954 1113 quod
1992 1046 2202 1112 capiant

644 1148 824 1214 ιδίας..
854 1152 1094 1197 sumatur
1115 1142 1254 1208 quod
1284 1156 1387 1193 non
1414 1137 1673 1206 cupiunt],
1701 1152 1766 1188 ne
1789 1134 2081 1203 fragmenta
2110 1147 2200 1201 pe-

643 1244 811 1289 reant.
830 1234 1101 1301 Loquatur
1121 1245 1247 1297 ergo
1268 1230 1538 1286 Dominus,
1555 1236 1609 1280 et
1628 1224 1903 1278 audiamus
1930 1220 2091 1292 [quod
2120 1236 2199 1273 se-

639 1324 841 1392 quitur]
862 1321 1075 1390 :(Vsns.
1097 1318 1185 1388 26)
1216 1316 1491 1385 Respondit
1512 1314 1685 1376 .Iesus,
1699 1323 1745 1365 et
1770 1314 1901 1364 dixit
1920 1312 1993 1363 eis
2009 1325 2027 1361 :
2045 1312 2199 1361 Amen

638 1431 789 1468 amen
816 1415 933 1466 dico
962 1412 1122 1471 vobis,
1148 1409 1377 1477 qurvritis
1406 1423 1504 1466 mc,
1521 1422 1621 1457 non
1652 1404 1774 1471 quia
1804 1401 2002 1454 vidistis
2030 1400 2197 1468 signa,

638 1508 726 1560 sed
748 1508 869 1575 quia
893 1500 1241 1557 manducastis
1264 1516 1326 1551 εχ
1346 1497 1563 1566 panibus
1589 1495 1797 1555 ttteis,et
1817 1490 2037 1544 saturati
2058 1498 2196 1540 estis.

640 1600 859 1665 Propter
887 1608 1101 1649 carnem
1140 1607 1222 1644 me
1257 1590 1523 1658 quan-itis,
1563 1602 1666 1639 non
1694 1592 1910 1651 propter
1935 1582 2197 1649 spiritum.

638 1689 808 1754 Quam
838 1685 985 1739 multi
1022 1700 1124 1737 non
1165 1688 1407 1750 qua'runt
1438 1678 1647 1735 .lesum,
1688 1676 1787 1728 nisi
1818 1684 1875 1725 ut
1904 1673 2007 1726 illis
2044 1672 2201 1724 faciat

2304 524 2334 558 ιι
2351 518 2565 558 lernam.
2595 505 2835 558 Carnalis
2859 506 3009 557 cibus
3033 504 3190 571 perit,
3220 501 3472 571 spiritalis
3494 515 3619 555 vero
3641 513 3859 569 perma-

2303 604 2413 654 tu-t,
2439 610 2595 661 quem
2625 592 2788 646 Filius
2812 593 3041 646 hominis
3065 592 3214 645 vobis
3242 591 3404 644 dabit.

2371 699 2531 770 524
2571 699 2722 751 llunc
2757 714 2878 767 ergo
2920 697 3078 751 Pater
3115 698 3421 767 signiﬁcavit
3461 694 3587 767 [Δὶ.
3612 696 3859 768 signavit]

2302 791 2459 842 Deus.
2494 809 2511 838 ι
2557 802 2581 828 ι
2612 789 2773 842 Istum
2813 788 2976 841 ﬁlium
3017 789 3245 842 hominis
3284 787 3444 841 nolite
3483 787 3858 856 sicaccipere,

2300 880 2449 947 quasi
2480 878 2612 931 alios
2648 877 2784 930 ﬁlios
2820 878 3074 937 hominis,
3112 878 3306 945 quibus
3334 878 3531 930 dictum
3566 886 3650 930 est
3678 894 3692 929 :
3730 875 3861 930 Filii

2300 980 2470 1020 autem
2500 968 2762 1019 hominum
2798 967 2852 1018 in
2877 968 3187 1033 protectione
3214 965 3419 1018 alarum
3444 976 3652 1019 tuarum
3677 984 3858 1037 spera-

2306 1057 2426 1108 bunt
2473 1054 2640 1123 (Psal.
2672 1057 2853 1124 xxxv).
2886 1055 2989 1108 Iste
3036 1055 3175 1108 ﬁlius
3215 1055 3445 1108 hominis
3495 1064 3861 1123 sequestratus

2298 1148 2527 1215 quadam
2555 1148 2722 1216 gratia
2752 1147 2843 1199 Dei
2873 1155 2957 1200 est
2984 1162 3015 1199 a
3045 1146 3255 1200 eazteris
3283 1145 3404 1201 ﬁliis
3428 1148 3726 1201 hominum.
3752 1145 3861 1202 Iste

2302 1234 2440 1287 [ilius
2486 1234 2736 1297 hominis,
2772 1234 3024 1301 exlceptus
3069 1251 3098 1287 a
3142 1249 3362 1288 numero
3392 1236 3685 1298 hominum,
3719 1236 3862 1291 lilius

2301 1325 2529 1379 hominis
2554 1334 2653 1378 est.
2681 1325 2783 1378 Iste
2811 1324 2950 1377 ﬁlius
2994 1323 3223 1377 hominis
3250 1333 3301 1377 et
3326 1322 3488 1376 Filius
3513 1324 3605 1377 Dei
3631 1334 3733 1388 est,
3761 1328 3860 1380 iste

2302 1415 2480 1473 homo,
2506 1416 2665 1466 etiam
2696 1414 2836 1467 Deus
2872 1421 2972 1466 est.
3005 1431 3023 1463 ι
3052 1411 3203 1467 Unde
3242 1422 3297 1466 et
3342 1413 3453 1481 ipsa
3496 1414 3702 1468 Veritas
3740 1432 3861 1483 qua:

2304 1514 2425 1556 tunc
2448 1504 2759 1570 loquebatur
2781 1504 2846 1557 ad
2874 1502 3084 1556 Judteos
3108 1512 3164 1556 et
3189 1519 3326 1557 nunc
3353 1504 3600 1557 omnibus
3629 1504 3864 1571 loquitur

2301 1607 2333 1660 p
2356 1608 2396 1643 Vr
2422 1592 2736 1660 evangeliea:
2758 1590 3152 1661 pmdicationis
3173 1592 3353 1656 verba,
3373 1600 3428 1645 et
3446 1593 3567 1661 quis
3586 1594 3655 1646 sit
3681 1603 3863 1648 osten-

2300 1682 2397 1742 dit,
2429 1698 2531 1735 non
2558 1682 2768 1749 qualem
2790 1696 2909 1735 esse
2937 1680 3147 1749 plurimi
3181 1689 3305 1734 tunc
3327 1681 3744 1742 aestimaverunt,
3778 1684 3861 1736 vel

638 1780 771 1829 bene
797 1774 1083 1827 secundum
1118 1772 1352 1838 tempus!
1382 1769 1530 1822 Alitis
1556 1767 1821 1834 negotium
1849 1763 2027 1823 habet,
2055 1776 2196 1829 qum—
2230 1770 2270 1825 Β
2299 1769 2458 1819 e;i-.un
2490 1783 2628 1821 nunc
2656 1770 2941 1823 testimant.
2980 1768 3264 1835 Sultjunsit
3309 1783 3433 1823 vero
3474 1788 3485 1822 :
3529 1769 3680 1822 Hunc
3723 1776 3858 1824 enim

637 1867 705 1918 rit
732 1864 1161 1917 intercessionem
1201 1860 1547 1918 clericorum;
1586 1857 1720 1907 alius
1757 1853 2015 1922 premitur
2049 1869 2076 1903 ιι
2105 1866 2197 1917 po-

637 1962 798 2012 tente,
832 1949 1025 2018 refugit
1051 1947 1199 2017 [Με.⁷
1230 1963 1258 1998 a
1282 1947 1577 2014 potentiore
1601 1942 1751 2011 legit)
1780 1943 1843 1995 ad
1870 1940 2190 2002 Ecclesium;

636 2039 772 2091 alius
799 2038 909 2090 vult
946 2053 1041 2104 pro
1070 2052 1131 2089 se
1159 2034 1463 2089 interveniri
1508 2034 1644 2101 apud
1673 2048 1793 2085 eum
1830 2040 2013 2084 contra
2038 2045 2194 2096 quem

642 2131 818 2200 [Attg.,
847 2128 985 2196 apud
1012 2125 1192 2196 quem]
1231 2140 1414 2193 partuu
1455 2122 1591 2175 valet
1626 2141 1638 2173 :
1675 2122 1760 2175 ille
1797 2123 1893 2182 sic,
1936 2121 2033 2171 iste
2072 2132 2197 2169 vero

636 2220 745 2282 sic;
780 2217 1027 2284 impletur
1046 2214 1281 2282 quotidie
1306 2213 1498 2264 talibus
1523 2210 1757 2262 Ecclesia
1793 2227 1803 2259 :
1835 2210 1917 2259 vix
1941 2207 2198 2275 quzrritur

632 2307 789 2362 Jesus
813 2315 1030 2374 propter
1054 2303 1254 2357 Jesum.
1286 2300 1528 2364 OnJ'ritis
1559 2316 1653 2356 me,
1695 2316 1795 2350 non
1834 2298 1955 2364 quia
2001 2296 2195 2349 vidistis

632 2398 799 2464 signa.
827 2394 915 2447 sed
946 2393 1067 2461 quia
1098 2390 1448 2444 manducustis
1473 2404 1536 2441 ex
1562 2389 1779 2456 panibus
1812 2387 1953 2438 meis.

709 2487 866 2539 Vens.
901 2484 989 2536 27.
1030 2512 1099 2521 —
1135 2480 1433 2550 Operatnini
1462 2495 1560 2531 non
1591 2478 1782 2538 cibum,
1816 2478 1903 2545 qui
1930 2476 2077 2544 perit,
2108 2477 2197 2527 sed

625 2577 717 2643 qui
733 2582 1011 2643 permanet
1039 2573 1091 2624 in
1118 2573 1273 2624 vitam
1297 2579 1563 2621 cateruam.
1591 2566 1841 2632 Qua-ritis
1868 2581 1951 2618 me
1981 2574 2198 2633 propter

631 2662 798 2719 aliud.
828 2664 1052 2729 quaerite
1085 2673 1168 2711 me
1204 2666 1421 2726 propter
1465 2672 1567 2709 me.
1609 2656 1851 2724 Scipsum
1889 2656 2031 2708 enim
2070 2655 2198 2707 insi-

628 2761 759 2806 nuat
794 2753 946 2806 istum
976 2750 1175 2811 cibum,
1204 2749 1294 2817 qui
1324 2747 1452 2817 ML,
1487 2745 1649 2816 quod]
1679 2748 1729 2799 in
1750 2746 2196 2812 consequentibus

631 2844 912 2903 illucescit,
938 2859 1086 2911 quem
1106 2840 1274 2892 Filius
1304 2842 1526 2891 hominis
1554 2838 1692 2890 dabit
1724 2838 1881 2890 vobis.
1912 2838 2197 2904 Exspecta-

634 2932 748 2995 has,
778 2932 956 2992 credo,
986 2932 1174 2983 iterum
1198 2944 1362 2997 panes
1382 2930 1721 2990 manducare,
1748 2930 1937 2981 iterum
1968 2929 2195 2981 discum-

631 3023 778 3085 bere,
811 3021 1001 3073 iterum
1032 3021 1281 3088 saginari.
1327 3018 1431 3072 Sed
1476 3019 1600 3088 [,tl.,
1646 3018 2010 3087 semetipsum]
2051 3018 2194 3070 dixe-

2300 1853 2435 1906 Dcus
2480 1853 2638 1907 Pater
2687 1855 2995 1924 signiﬁcavit
3051 1850 3194 1925 [Ms.,
3245 1855 3508 1926 signavit].
3564 1877 3581 1907 ι
3633 1857 3877 1926 Signare

2296 1946 2422 2011 quid
2445 1954 2549 2008 est,
2579 1946 2680 1997 nisi
2720 1947 2989 2013 proprium
3022 1946 3221 2013 aliquid
3261 1946 3490 2013 ponere?
3528 1946 3636 2001 lloe
3672 1957 3753 2000 est
3787 1950 3861 2001 si-

2298 2049 2481 2100 gnare,
2512 2049 2709 2102 ponere
2737 2035 2957 2102 aliquid,
2990 2035 3129 2102 quod
3161 2034 3312 2103 μὴ,
3343 2034 3471 2105 quo]
3500 2050 3604 2088 non
3632 2038 3858 2090 conluu-

2297 2124 2455 2175 datur
2491 2138 2611 2177 cum
2656 2124 2883 2176 cteteris.
2920 2124 3142 2191 Signare
3179 2133 3259 2177 est
3294 2124 3500 2191 signant
3530 2126 3603 2177 rei
3639 2118 3875 2193 ponere.—

2297 2212 2602 2280 Cuicunque
2648 2211 2723 2264 rei
2762 2212 2915 2278 ponis
2950 2213 3188 2280 signant,
3230 2211 3345 2265 ideo
3383 2212 3536 2281 ponis
3560 2214 3767 2282 signum
3794 2231 3861 2267 ne

2299 2298 2517 2353 confusa
2554 2314 2673 2353 cum
2704 2299 2822 2352 aliis
2845 2316 2875 2351 a
2898 2308 2948 2353 te
2970 2314 3073 2352 non
3100 2299 3265 2366 possit
3289 2300 3525 2368 agnosci.
3558 2299 3713 2353 Pater
3731 2317 3861 2370 ergo

2302 2410 2411 2447 rum
2450 2393 2690 2461 signavit.
2720 2393 2855 2457 Quid
2885 2401 2967 2446 est
3001 2394 3260 2461 signavit?
3291 2394 3563 2461 proprium
3608 2395 3859 2461 quiddam

2298 2481 2369 2533 illi
2401 2480 2562 2543 dedit,
2595 2495 2660 2551 ne
2688 2481 2896 2534 exteris
2921 2491 3323 2549 compararetur
3365 2482 3698 2546 hominibus,
3743 2485 3858 2537 ideo

2297 2570 2495 2625 dictum
2524 2579 2606 2624 est
2642 2589 2652 2621 :
2688 2568 2845 2623 Unxit
2870 2581 2917 2623 tc
2939 2569 3099 2635 Deus,
3124 2571 3259 2625 Deus
3285 2583 3403 2626 tuus
3428 2572 3538 2626 oleo
3557 2574 3855 2627 exsultatio-

2300 2660 2399 2723 nis,
2420 2676 2527 2728 prtv
2546 2659 2879 2728 participibus
2899 2661 3001 2713 tuis
3022 2660 3190 2730 (Psal.
3215 2678 3357 2726 xuv,
3384 2664 3459 2734 8).
3482 2664 3622 2734 Ergo
3647 2666 3856 2734 signare

2298 2750 2422 2818 quid
2445 2752 2561 2803 est?
2590 2761 2871 2819 exceptum
2896 2752 3123 2815 habere;
3150 2753 3250 2806 hoc
3282 2762 3365 2807 est
3386 2769 3494 2821 pra:
3513 2756 3860 2823 participibus

2300 2840 2420 2892 tuis.
2442 2839 2625 2907 Itaque
2646 2840 2829 2903 nolite,
2852 2840 3041 2907 inquit,
3065 2854 3151 2893 me
3172 2849 3531 2904 contemnere,
3572 2844 3694 2910 quia
3721 2843 3860 2898 ﬁlius

2299 2927 2528 2980 hominis
2555 2942 2695 2990 sum,
2722 2936 2777 2980 et
2805 2928 3025 2996 quaarite
3063 2944 3093 2981 a
3128 2942 3211 2981 me
3235 2928 3436 2991 cibum,
3465 2947 3565 2982 non
3592 2931 3679 3000 qui
3705 2932 3859 2999 perit,

2299 3018 2387 3071 sed
2415 3017 2503 3081 qui
2541 3029 2799 3086 permanet
2839 3019 2889 3070 in
2919 3019 3077 3070 vitam
3104 3028 3369 3071 trternam.
3408 3019 3495 3073 Sic
3532 3022 3673 3073 enim
3721 3019 3861 3074 ﬁlius

634 3121 734 3175 rat,
761 3112 929 3164 cibum
962 3128 1063 3163 non
1087 3113 1173 3178 qui
1202 3112 1354 3177 perit,
1382 3110 1469 3161 sed
1508 3110 1595 3177 qui
1638 3118 1896 3176 permanet
1943 3110 1993 3160 in
2036 3110 2191 3160 vitam
2216 3091 2264 3149 (ἶ
2294 3108 2523 3161 hominis
2564 3117 2785 3169 sum,ut
2838 3124 2940 3161 non
2993 3109 3093 3162 sim
3138 3124 3273 3162 unus
3301 3124 3364 3162 ex
3392 3108 3569 3172 vobis;
3608 3112 3685 3165 sic
3738 3127 3859 3166 sum

632 3210 896 3254 teternam.
913 3220 928 3248 ι
951 3199 1206 3266 Superius
1231 3199 1459 3250 diximus
1481 3213 1666 3250 navem
1687 3198 1971 3250 Ecclesium
1997 3197 2193 3251 Christi

631 3287 955 3358 signiﬁcare,
979 3303 1096 3356 qute
1122 3287 1523 3355 tempestatibus
1546 3287 1702 3352 hujus
1724 3287 1902 3340 smculi
1932 3288 2189 3349 turbatur,

632 3385 686 3430 et
715 3376 1019 3429 laborantes
1050 3376 1100 3427 in
1140 3389 1198 3428 se
1225 3382 1404 3442 portat
1439 3372 1589 3443 [bls.,
1623 3374 1673 3424 in
1704 3387 1767 3426 ea
1805 3367 2095 3444 hortatur],
2137 3384 2193 3427 ut

637 3463 863 3517 viriliter
886 3463 1146 3523 laborent,
1174 3462 1342 3515 donec
1378 3460 1624 3515 Christus
1655 3463 1969 3529 comprimat
2003 3462 2194 3517 ﬂuctus

631 3550 1077 3620 persecutionum,
1100 3558 1154 3603 et
1174 3550 1358 3603 reddat
1382 3550 1743 3603 serenitatem.
1767 3549 1863 3603 Hic
1884 3564 2007 3603 vero
2028 3551 2156 3603 dicit
2177 3570 2187 3596 τ

632 3642 805 3696 Altera
837 3641 918 3693 die
960 3642 1134 3701 turba,
1159 3657 1273 3708 qua:
1302 3640 1468 3691 stabat
1518 3650 1663 3691 trans
1709 3656 1870 3703 mare,
1915 3642 2037 3693 vidit
2068 3644 2190 3710 quia

631 3734 739 3785 alia
765 3731 1001 3783 navicula
1026 3747 1127 3782 non
1148 3741 1255 3783 erat
1279 3731 1347 3782 ibi
1371 3732 1470 3783 nisi
1493 3748 1614 3782 una.
1646 3730 1781 3795 Quid
1814 3741 1893 3785 est
1913 3732 2077 3785 altera
2108 3734 2190 3787 die

633 3822 843 3875 turbam
890 3830 1034 3875 stare
1080 3836 1239 3887 super
1293 3836 1470 3882 mare,
1522 3821 1621 3874 nisi
1667 3831 1785 3890 post
1828 3804 2189 3876 ascensionem

631 3913 829 3966 Christi
858 3913 1009 3964 turba
1042 3921 1188 3964 stans
1218 3911 1270 3962 in
1297 3911 1545 3977 operibus
1580 3911 1763 3975 benis,
1794 3928 1897 3966 non
1926 3912 2112 3980 jacens
2138 3915 2189 3967 in

634 4006 861 4059 terrenis
891 4006 1216 4071 volutabris,
1251 4006 1341 4059 sed
1379 4016 1692 4074 exspectans
1731 4009 1870 4062 unde
1910 4009 2085 4062 veniat
2124 4011 2190 4063 ad

632 4110 723 4148 eos
747 4092 933 4145 Jesus?
967 4094 1028 4145 Et
1058 4094 1145 4146 hic
1173 4109 1278 4147 una
1318 4096 1469 4149 navis
1504 4097 1717 4160 dicitur,
1742 4099 1878 4150 sicut
1910 4098 2056 4165 prius
2085 4113 2189 4150 una

634 4185 733 4237 luit
764 4185 998 4237 Ecclesia
1027 4183 1252 4249 Christi,
1292 4186 1342 4238 in
1373 4200 1474 4253 qua
1507 4186 1592 4239 ille
1632 4188 2039 4255 praesentialiter
2072 4203 2189 4241 cor-

633 4288 759 4340 pore
789 4274 1099 4325 versabatur
1125 4291 1136 4324 :
1162 4288 1297 4327 nunc
1318 4288 1527 4341 quoque
1553 4292 1654 4328 una
1675 4284 1777 4339 est,
1801 4290 1918 4344 quae
1947 4276 2190 4329 similiter

632 4364 685 4415 in
716 4378 807 4431 spe
844 4370 1113 4431 exspectat
1144 4362 1425 4416 adventum
1465 4364 1623 4419 illius.
1658 4366 1759 4419 Sed
1790 4367 1915 4434 quid
1940 4376 2021 4420 est
2047 4368 2186 4435 quod

635 4449 751 4501 alia:
778 4464 938 4529 naves
977 4458 1242 4502 venerunt
1275 4466 1304 4503 a
1346 4451 1644 4517 Tiberiade,
1682 4456 1780 4507 nisi
1816 4456 2185 4509 hatreticorum

555 4594 565 4607 ,
632 4540 1018 4595 conventicula.
1046 4557 1164 4609 qua:
1188 4538 1364 4594 Jesum
1393 4558 1494 4595 non
1524 4546 1728 4598 sincera
1769 4544 1870 4598 ﬁde
1909 4556 2182 4613 qumrunt;

634 4645 751 4698 qua:
778 4630 875 4682 sub
903 4630 1021 4683 dolo
1049 4630 1351 4684 calliditatis
1375 4647 1465 4684 sua
1495 4642 1759 4700 quaerunt,
1789 4650 1892 4685 non
1923 4650 2039 4701 qua:
2065 4643 2186 4687 sunt

631 4718 755 4773 Jesu
792 4717 1007 4789 (Philip.
1050 4736 1121 4782 ιι,
1153 4720 1261 4789 2l).
1307 4722 1453 4776 Unde
1491 4734 1873 4791 consequenter
1918 4725 2186 4792 respondit

632 4808 711 4861 eis
740 4807 893 4861 Jesus
920 4822 935 4860 :
968 4812 1125 4861 Amen
1150 4826 1296 4861 amen
1322 4811 1436 4863 dico
1473 4813 1610 4865 vobis
1629 4853 1644 4875 ,
1665 4814 1895 4882 quceritis
1929 4831 2007 4865 me
2027 4854 2041 4877 ,
2083 4831 2183 4868 non

629 4899 750 4966 quia
779 4898 976 4951 vidistis
1000 4899 1167 4965 signa,
1195 4899 1283 4951 sed
1309 4900 1429 4967 quia
1458 4901 1803 4955 manducastis
1841 4919 1905 4956 ea:
1939 4905 2175 4972 panibus,

630 4996 679 5038 et
701 4988 920 5039 saturati
941 4988 1082 5040 estis.
1108 4986 1184 5040 De
1211 4987 1310 5039 illis
1336 5003 1459 5041 vero
1481 4990 1569 5056 qui
1592 4992 1811 5042 saturati
1838 5001 1979 5055 sunt,
2004 4992 2054 5044 in
2077 4992 2180 5045 alio

631 5076 762 5129 dicit
790 5076 1113 5144 Evangelia:
1156 5075 1242 5130 Va;-
1278 5077 1437 5140 vobis,
1476 5080 1563 5148 qui
1605 5082 1825 5131 saturati
1870 5083 1989 5134 estis
2030 5082 2175 5151 (Luc.

631 5180 706 5227 νι,
734 5164 842 5233 25).
879 5164 951 5217 De
978 5166 1329 5219 esurientibus
1358 5184 1483 5221 vero
1514 5170 1633 5222 vita:
1665 5182 1852 5237 panem
1882 5180 1935 5222 et
1961 5169 2180 5236 justiti-.e

632 5256 1004 5321 cognationem,
1036 5255 1227 5309 dicitur
1268 5275 1278 5306 :
1322 5256 1465 5308 Beati
1512 5260 1597 5325 qui
1644 5260 1873 5313 esuriant
1912 5269 1957 5311 et
1998 5260 2178 5313 sitiunt

628 5343 885 5409 justitiam
914 5343 1121 5411 (Matth.
1157 5362 1206 5407 v,
1246 5345 1331 5413 6);
1364 5345 1431 5398 ad
1470 5361 1625 5413 quem
1662 5349 1836 5401 cibum
1869 5348 2179 5403 hortabatur

633 5446 723 5485 eos
754 5432 803 5484 in
832 5434 1070 5499 sequenti
1100 5450 1216 5486 mox
1244 5436 1486 5490 Christus
1522 5448 1763 5493 scrmone
1794 5440 1975 5495 dicens
2003 5459 2014 5492 :
2050 5440 2180 5509 0pc-

705 5636 730 5660 ά
767 5622 821 5674 S.
854 5626 983 5693 Aug.
1015 5626 1111 5681 loc.
1144 5629 1233 5682 t'll.
1263 5644 1405 5683 num.
1442 5630 1517 5683 ll.

2294 3198 2431 3251 ﬁlius
2458 3198 2707 3263 hominis,
2742 3208 2800 3251 ut
2828 3199 2966 3252 Deus
3014 3198 3173 3252 Pater
3211 3213 3295 3252 me
3329 3200 3580 3269 signaret.
3620 3200 3753 3267 Quid
3779 3218 3864 3257 est

2292 3288 2533 3355 signare?
2568 3289 2840 3355 proprium
2878 3288 3076 3356 aliquid
3122 3289 3248 3342 mihi
3278 3289 3428 3355 dare,
3458 3306 3563 3359 quo
3597 3307 3699 3345 non
3729 3308 3861 3347 con-

2293 3374 2540 3428 funderer
2559 3391 2678 3429 cum
2702 3390 2894 3444 genere
2917 3376 3171 3441 humano,
3194 3379 3284 3431 sed
3314 3394 3409 3447 per
3428 3395 3513 3434 me
3535 3380 3858 3437 liberaretur

2290 3478 2457 3533 genus
2487 3465 2795 3517 humanum.

2362 3554 2520 3608 Vens.
2559 3554 2645 3609 28.
2686 3585 2754 3593 —
2794 3554 3043 3609 Dixerunt
3072 3574 3189 3626 ergo
3218 3557 3288 3610 ad
3321 3574 3436 3612 eum
3476 3577 3492 3611 :
3533 3559 3671 3625 Quid
3695 3562 3857 3630 facie-

2290 3652 2423 3706 mus‘,
2456 3655 2508 3696 ut
2540 3660 2806 3712 operemur
2844 3662 2997 3714 opera
3028 3645 3167 3698 Dei?
3194 3646 3222 3685 ιι
3244 3640 3462 3700 Dixerat
3507 3649 3650 3702 enim
3698 3649 3802 3704 illis
3836 3670 3847 3702 :

2292 3731 2589 3799 Operamini
2613 3749 2805 3795 escam,
2830 3749 2931 3785 non
2948 3750 3063 3801 qua:
3088 3735 3241 3802 perit,
3264 3735 3353 3788 sed
3374 3752 3488 3805 qua:
3508 3747 3772 3806 permanet
3798 3741 3854 3792 in

2288 3820 2445 3871 vitam
2484 3828 2748 3871 a'ternant.
2780 3818 2918 3882 Quid
2955 3819 3238 3888 faciemus,
3268 3823 3548 3891 inquiunt?
3587 3826 3715 3892 quid
3754 3825 3853 3879 ob-

2288 3908 2571 3971 servando,
2597 3908 2697 3960 hoc
2724 3918 3044 3977 praeceptum
3067 3910 3287 3978 implere
3315 3913 3641 3979 poterimus?
3666 3913 3851 3982 (Vens.

2287 3994 2400 4063 29.)
2429 3995 2705 4066 Respondit
2732 3997 2884 4051 Iesus
2902 4037 2918 4063 ,
2948 4008 2995 4051 et
3019 3998 3151 4052 dixit
3180 4001 3251 4054 eis
3283 4017 3301 4053 :
3332 3999 3446 4052 Hoc
3475 4010 3545 4053 est
3581 4017 3706 4070 opus
3734 4002 3855 4067 Dei,
3925 4071 3929 4074 ~

2287 4097 2341 4139 ut
2366 4088 2583 4140 credatis
2613 4088 2667 4140 in
2690 4106 2807 4141 eum
2834 4106 2983 4158 quem
3008 4090 3143 4142 misit
3166 4088 3272 4142 ille.
3298 4089 3409 4143 Hoc
3428 4100 3511 4144 est
3550 4107 3679 4162 ergo
3703 4108 3856 4146 man-

2287 4178 2485 4232 ducare
2513 4177 2690 4231 cibum
2734 4192 2837 4231 non
2877 4179 2967 4247 qui
3013 4180 3178 4247 perit»,
3223 4179 3314 4233 sed
3359 4181 3449 4248 qui
3485 4191 3763 4250 permanet
3799 4184 3851 4235 in

2286 4277 2541 4321 aeternum
2564 4266 2713 4338 [.ils.,
2736 4267 2789 4320 in
2812 4267 2972 4320 vitam
2993 4268 3289 4340 aeternam].
3315 4271 3384 4325 Ut
3407 4272 3531 4340 quid
3545 4287 3705 4340 paras
3726 4272 3853 4325 der.-

2288 4366 2394 4409 tem
2424 4364 2479 4408 et
2505 4357 2775 4409 ventrem?
2810 4355 3008 4421 Crede,
3038 4366 3093 4412 et
3127 4360 3479 4414 manducasti.
3520 4360 3852 4415 Diseernitur

2290 4447 2503 4513 quidem
2529 4445 2596 4499 ab
2623 4446 2873 4515 operibus
2899 4447 3048 4513 ﬁdes,
3073 4451 3210 4503 sicut
3234 4449 3516 4517 Apostolus
3531 4448 3680 4515 dicit,
3694 4452 3850 4520 justi-

2288 4538 2437 4604 ﬁcari
2464 4537 2719 4589 hominem
2748 4555 2839 4607 per
2874 4539 3049 4606 ﬁdem,
3089 4542 3199 4593 sine
3244 4540 3476 4610 operibus
3523 4541 3646 4611 legis
3676 4544 3844 4613 (Rom.

2291 4645 2371 4689 tu,
2396 4627 2505 4696 28).
2544 4628 2612 4679 Et
2639 4637 2763 4679 sunt
2789 4642 2950 4695 opera
2987 4644 3105 4695 qua:
3134 4629 3381 4682 videntur
3416 4629 3550 4686 bona
3594 4635 3707 4687 sine
3744 4633 3847 4687 ﬁde

2289 4721 2507 4783 Christi,
2536 4729 2590 4774 et
2629 4736 2734 4775 non
2773 4730 2895 4774 sunt
2928 4720 3096 4785 bona,
3128 4723 3250 4790 quia
3288 4740 3392 4777 non
3444 4724 3747 4779 referuntur
3777 4726 3845 4778 ad

2288 4828 2408 4867 eum
2434 4810 2591 4864 ﬁnem
2611 4826 2673 4864 ex
2702 4826 2807 4880 quo
2834 4820 2956 4865 sunt
2982 4812 3159 4865 omnia
3192 4811 3350 4867 bona.
3380 4812 3526 4865 Finis
3559 4814 3693 4865 enim
3721 4812 3844 4883 legis

2291 4899 2523 4953 Christus
2550 4900 2617 4952 ad
2636 4900 2893 4968 justitiam
2918 4903 3054 4954 omni
3087 4903 3308 4955 credenti
3340 4902 3508 4970 (Rom.
3538 4918 3592 4964 x,
3620 4901 3697 4969 4).
3723 4902 3844 4959 Ideo

2292 4989 2459 5058 noluit
2500 4990 2799 5043 discernere
2844 4988 2997 5043 ﬁdem
3028 4990 3097 5043 ab
3130 5007 3290 5059 opere
3310 5030 3325 5053 ,
3355 4991 3447 5043 sed
3480 4991 3645 5059 ipsam
3684 4992 3851 5047 ﬁdem

2289 5078 2421 5130 dixit
2444 5093 2559 5133 esse
2587 5094 2737 5147 opus.
2766 5078 2880 5147 Ipsa
2900 5089 2981 5132 est
3010 5082 3151 5132 enim
3179 5079 3324 5139 ﬁdes,
3352 5094 3469 5147 qua:
3487 5096 3580 5149 per
3604 5082 3843 5136 dilectio-

2288 5184 2407 5222 nem
2436 5178 2685 5238 0peratur
2711 5168 2849 5237 (Gal.
2880 5184 2932 5232 ν,
2967 5169 3042 5237 6).
3081 5169 3189 5224 Nec
3221 5170 3353 5224 dixit
3386 5190 3399 5224 :
3434 5172 3547 5226 Hoc
3587 5182 3669 5226 est
3707 5186 3843 5241 opus

2285 5267 2548 5319 vestrum;
2580 5256 2673 5310 sed
2696 5257 2830 5309 dixit
2857 5275 2869 5309 ε
2912 5255 3025 5309 Hoc
3051 5269 3124 5322 est
3151 5276 3277 5329 Opus
3308 5261 3435 5324 Dei,
3462 5270 3521 5312 ut
3543 5260 3761 5314 credatis
3786 5262 3840 5315 in

2284 5364 2398 5401 eum
2426 5363 2573 5415 quem
2601 5348 2736 5399 misit
2761 5346 2867 5411 ille,
2894 5358 2947 5401 ut
2971 5352 3059 5419 qui
3088 5351 3360 5421 gloriatur,
3400 5354 3455 5405 in
3479 5351 3704 5406 Domino
3729 5354 3839 5423 glo—
3885 5402 3891 5409 .

2286 5440 2443 5491 rietur
2472 5436 2523 5507 (I
2553 5436 2672 5490 Cor.
2701 5454 2740 5501 ι,
2771 5438 2880 5509 517).
2911 5439 3045 5506 Quia
3089 5458 3215 5511 ergo
3257 5441 3517 5498 invitabat
3546 5458 3639 5498 eos
3675 5445 3740 5498 ad
3776 5443 3837 5495 ﬁ-

2359 5634 2383 5672 b
2422 5633 2637 5700 Ibidem,
2663 5650 2805 5687 num.
2839 5636 3033 5700 l2,13.
