4152 6232
285 307 395 362 829’

1076 294 1474 351 EXEGETICA.
1502 320 1573 334 —-
1609 289 1958 346 COMMENT.
1996 290 2063 343 1N
2098 291 2286 346 IOAN.
2317 322 2385 330 —
2414 292 2538 346 LIB.
2578 292 2640 345 111
2681 335 2684 338 .

3358 287 3462 342 830

284 427 422 485 dem,
450 417 520 470 illi
555 416 726 470 adhuc
764 409 1069 482 quaerebant
1099 409 1247 474 signa
1284 404 1498 477 quibus.
1522 404 1816 458 crederent.
1847 402 1892 475 Α
1919 402 2139 472 cipiens,
2163 404 2254 457 sed
2280 412 2457 457 tamen
2485 418 2668 457 carere
2699 404 2984 472 indigentia
3013 404 3224 467 volens;
3260 402 3360 464 Da,
3385 405 3458 457 in-

287 515 414 569 Vide
439 513 484 565 si
517 525 619 563 non
642 505 805 560 Iudaei
833 504 979 572 signa
1007 497 1216 567 petunt?
1235 495 1417 567 (Vens.
1440 492 1552 563 50.)
1573 491 1823 544 Dixerunt

281 622 400 675 ergo
428 604 495 667 ei,
516 600 651 672 quod
672 613 789 666 ergo
813 606 870 648 tu
892 591 1020 661 facis
1040 591 1260 658 signum,
1286 594 1339 637 ut
1364 584 1624 638 videamus
1647 590 1694 633 et
1715 596 1823 633 cre-

281 668 466 748 ddmus
499 668 625 744 tibi?
661 685 784 757 quid
824 681 1088 753 operaris?
1124 677 1385 729 Parumne
1423 679 1541 727 erat
1583 669 1721 757 quod
1757 668 1821 720 de

282 787 513 852 quinque
553 755 776 848 panibus
816 770 952 841 pasti
995 767 1146 822 sunt?
1171 764 1417 852 Sciebant
1452 760 1551 814 hoc
1569 755 1817 852 quidem,

282 843 374 927 sed
404 843 528 926 huic
693 877 883 917 manna
913 860 977 913 de
1010 854 1145 910 coelo
1169 849 1541 921 praeferebant.
1569 843 1819 898 Dominus

279 1144 429 1196 daret
455 1140 645 1201 cibum,
673 1152 773 1189 non
808 1132 894 1203 qui
916 1129 1062 1199 perit,
1090 1126 1178 1178 sed
1206 1123 1292 1194 qui
1314 1120 1462 1174 habet
1492 1119 1644 1171 vitam
1675 1123 1821 1203 teter:-

282 1246 401 1284 nam
427 1227 604 1299 [Aug.,
624 1224 711 1293 qui
736 1200 994 1291 permanet
1024 1214 1077 1267 in
1104 1213 1259 1266 vitam
1290 1204 1578 1299 internum].
1606 1200 1820 1299 ﬁliquid

279 1320 398 1387 plus
419 1290 758 1387 promittebat
774 1306 1024 1362 Dominus
1051 1315 1208 1371 quam
1233 1298 1453 1366 Moyses.
1468 1292 1582 1387 Per
1605 1290 1817 1387 Moysen

279 1380 471 1479 quippe
498 1401 902 1475 promittebatur
929 1408 1167 1465 regnum,
1197 1398 1251 1443 et
1281 1397 1419 1441 terra
1461 1382 1630 1479 ﬂuens
1656 1380 1738 1433 lac
1766 1386 1821 1432 et

280 1470 729 1562 mel-{temporalis
752 1503 852 1558 pax
870 1526 884 1550 ,
919 1480 1231 1537 abundantia
1262 1476 1507 1535 ﬁliorum,
1537 1470 1679 1525 salus
1702 1483 1820 1523 cor-

278 1588 442 1657 poris,
470 1560 739 1638 eticzetera
768 1577 943 1631 omnia
972 1570 1276 1640 temporalia
1299 1566 1532 1635 quidem,
1562 1563 1616 1615 in
1654 1560 1818 1657 ﬁgura

280 1650 452 1733 Limen
483 1672 759 1744 spiritalia,
788 1668 877 1738 qui
902 1664 1053 1736 [Ms.,
1082 1670 1135 1715 et
1169 1657 1313 1729 quia]
1340 1655 1505 1709 veteri
1540 1651 1738 1744 homini
1767 1650 1818 1703 in

276 1768 443 1822 veteri
496 1741 812 1818 testamento
862 1752 1265 1825 promittebatur
1316 1746 1494 1817 [Asg.,
1547 1741 1822 1811 promitte-
1854 1744 1893 1800 Β

278 1854 511 1925 bantur].
554 1847 906 1904 Attendcbant
949 1852 1122 1897 autem
1167 1838 1422 1909 promissa
1466 1849 1559 1904 per
1605 1832 1817 1925 Moysen

278 1944 408 2015 1.41.,
434 1919 530 2012 per
551 1938 819 1993 Christum
858 1929 1067 2000 Moysi],
1096 1935 1150 1981 et
1184 1925 1526 1979 attendebant
1561 1919 1818 1989 promissa

278 2012 289 2104 ί
312 2051 372 2088 er
388 2033 589 2088 Iesum.
610 2028 701 2081 1116
719 2025 928 2096 plenum
948 2029 1184 2074 ventrem
1212 2013 1550 2086 promittebat
1574 2012 1625 2064 in
1657 2019 1815 2067 terra,

276 2097 370 2177 sed
411 2122 585 2175 cibum
624 2116 799 2187 [Aug.,
828 2110 969 2181 cibo]
1006 2109 1097 2177 qui
1134 2106 1299 2177 perit;
1347 2104 1447 2157 iste
1482 2097 1822 2169 promittebat

276 2210 466 2271 cibum,
496 2223 600 2259 non
615 2205 705 2274 qui
726 2203 874 2271 perit,
904 2199 991 2253 sed
1016 2198 1101 2267 qui
1128 2202 1385 2266 permanet
1411 2192 1464 2244 in
1490 2191 1649 2244 vitam
1672 2198 1820 2242 teter-

280 2316 419 2353 nam.
461 2292 811 2349 Attendebant
843 2290 984 2343 enim
1035 2286 1160 2357 μμ,
1197 2292 1401 2347 autem;
1436 2298 1532 2335 ms.
1576 2290 1623 2334 et
1668 2282 1820 2348 Aug.,

280 2388 427 2459 cum]
456 2387 572 2455 plus
597 2381 1005 2453 promittentem,
1032 2384 1086 2429 et
1117 2374 1264 2442 quasi
1300 2372 1532 2425 nondum
1574 2367 1823 2423 videbant

281 2479 489 2547 majora
508 2473 807 2529 facientem.
835 2465 1183 2520 Attendebant
1207 2463 1386 2529 utique
1414 2461 1588 2529 qualia
1616 2460 1826 2513 fecisset

280 2570 505 2638 Moyses,
533 2574 588 2618 et
607 2563 778 2617 adhuc
806 2559 979 2627 aliqua
1007 2556 1206 2624 majora
1232 2553 1477 2606 volebant
1505 2550 1615 2602 ﬁeri
1645 2550 1711 2602 ab
1737 2564 1820 2610 eo,

276 2658 368 2725 qni
390 2664 498 2709 tam
524 2668 712 2723 magna
733 2648 1094 2721 pollicebatur.
1121 2643 1276 2708 Quid,
1307 2643 1565 2710 inquiunt,
1592 2640 1741 2707 facis,
1762 2648 1823 2721 ut

278 2718 544 2800 credamus
569 2718 698 2795 tibi?
724 2718 788 2794 Et
806 2747 863 2792 ut
881 2735 1151 2797 noveritis,
1172 2734 1294 2802 quia
1316 2730 1569 2784 miracula
1594 2728 1677 2782 illa
1701 2718 1824 2781 huic

280 2832 535 2889 miraculo
562 2829 959 2898 comparabant.
985 2836 1040 2880 et
1070 2826 1187 2879 ideo
1212 2823 1362 2892 quasi
1398 2821 1597 2889 majora
1622 2820 1719 2872 ista
1740 2819 1825 2887 ju-

280 2923 545 2983 dicabant,
570 2934 726 2987 quam
756 2916 880 2987 [Ms.
909 2925 955 2969 et
979 2918 1132 2983 Aug.,
1155 2911 1305 2982 quasi
1331 2912 1534 2965 minora
1556 2911 1655 2963 ista
1680 2902 1824 2978 judi-

282 3014 491 3077 cabant,
519 3008 657 3080 quae]
685 3024 801 3078 qum
828 3006 1056 3060 faciebat
1078 3003 1249 3066 Iesus,

1922 494 2055 563 quit,
2068 493 2219 558 mihi,
2237 494 2476 557 Domine,
2498 493 2562 546 de
2585 494 2683 546 hac
2698 509 2866 562 aqua;
2905 493 2982 547 sic
3007 502 3061 547 ct
3090 493 3200 556 isti,
3223 491 3462 556 Domine,

1920 582 1990 636 da
2036 582 2180 636 nobis
2202 598 2383 652 panem
2420 582 2695 651 bunc,,qui
2729 597 2824 636 nos
2860 582 3083 644 reﬁciat,
3106 597 3204 635 nec
3231 580 3460 636 deﬁciat.

2490 711 2713 766 CAPUT
2750 711 2885 765 XIV.

1918 800 2117 856 Panem
2139 804 2258 856 vitte
2287 819 2341 855 se
2373 802 2518 865 dicit,
2548 811 2594 854 et
2631 810 3003 853 resurrecturus
3031 800 3289 852 credentes
3316 800 3371 851 in
3411 817 3464 851 se

2448 873 2503 924 in
2528 870 2797 923 novissimo
2821 869 2921 921 die.

1990 957 2147 1012 Vnus.
2178 958 2265 1011 ‘55.
2295 960 2364 997 —'-
2388 957 2531 1010 Dixit
2553 975 2674 1026 ergo
2713 960 2783 1010 eis
2805 957 2996 1013 Iesus:
3026 956 3135 1025 Ego
3167 972 3283 1010 sum
3313 957 3462 1025 panis

1916 1046 2034 1098 vita'
2054 1043 2201 1116 [Ms.,
2231 1044 2413 1116 vivus].
2443 1045 2544 1110 Qui
2572 1048 2705 1098 venit
2731 1047 2800 1098 ad
2820 1062 2918 1109 me,
2949 1063 3053 1099 non
3075 1047 3282 1108 esuriet,
3303 1057 3351 1100 et
3376 1047 3465 1115 qui

1917 1135 2079 1188 credit
2104 1136 2158 1188 in
2180 1152 2396 1200 me,non
2420 1136 2555 1188 sitiet
2597 1151 2838 1204 unquam.
2880 1145 2905 1173 ι
2931 1132 3033 1197 Qui
3075 1136 3207 1186 venit
3242 1134 3311 1186 ad
3347 1151 3453 1195 me,

1918 1226 2021 1280 hoc
2046 1235 2128 1280 est
2147 1227 2289 1295 quod
2311 1226 2404 1289 ait,
2435 1235 2482 1279 et
2507 1227 2594 1293 qui
2620 1225 2780 1278 credit
2815 1225 2871 1276 in
2900 1240 2981 1275 me
3005 1242 3023 1276 :
3051 1233 3107 1277 et
3137 1225 3273 1291 quod
3296 1225 3431 1277 dixit
3448 1263 3463 1285 ,

1918 1330 2021 1366 non
2038 1316 2243 1378 esui-iet,
2263 1316 2362 1368 hoc
2387 1314 2780 1383 intelligendum
2811 1323 2913 1377 εει,
2940 1329 3041 1366 non
3063 1313 3197 1365 sitiet
3219 1328 3463 1380 unquam.

1918 1401 2155 1469 Utroque
2176 1402 2317 1456 enim
2345 1402 2431 1455 illa
2454 1401 2782 1467 signiﬁcatur
2833 1411 3030 1453 aeterna
3086 1399 3334 1463 satietas,
3378 1398 3463 1451 ubi

1918 1494 2058 1548 nulla
2080 1504 2164 1549 est
2184 1503 2410 1563 egestas.
2427 1492 2624 1547 Panem
2640 1491 2704 1545 de
2726 1491 2862 1545 ctnlo
2882 1489 3216 1551 desideratis,
3231 1499 3353 1543 ante
3379 1504 3471 1541 vos

1918 1583 2143 1646 habetis,
2170 1593 2350 1637 etnon
2382 1582 2731 1636 manducatis.
2769 1580 2947 1647 (Vens.
2972 1579 3082 1643 56).
3113 1576 3217 1631 Sed
3238 1579 3347 1631 dixi
3383 1596 3466 1631 vo-

1920 1674 2026 1736 bis,
2065 1675 2187 1743 quia
2215 1682 2263 1726 et
2294 1658 2487 1725 ridistii
2525 1687 2625 1735 me,
2648 1680 2696 1722 et
2724 1686 2825 1722 non
2852 1666 3140 1720 credidistis
3183 1664 3357 1734 (nam.
3382 1684 3463 1727 ιιι,

1919 1765 1995 1832 5).
2028 1762 2134 1819 Sed
2159 1778 2261 1817 non
2288 1763 2405 1816 ideo
2417 1776 2516 1831 ego
2539 1759 2783 1830 pupulum
2811 1757 3031 1828 perdidi.
3057 1755 3304 1824 Nunquid
3322 1758 3464 1811 enim

1919 1852 2201 1907 inﬁdelitas
2246 1862 2419 1906 vestra
2475 1852 2631 1906 ﬁdem
2685 1849 2779 1903 Dei
2821 1849 3133 1903 evaeuavit?
3184 1847 3469 1899 Videamus

1917 1943 2057 1997 enim
2105 1943 2245 2011 quod
2294 1944 2569 2010 sequitur:
2619 1941 2801 2010 (Vens.
2851 1938 2940 2003 37)
2988 1937 3151 1992 Omne
3200 1934 3336 2005 quod
3377 1936 3465 1986 dat

1919 2033 2042 2085 mihi
2065 2031 2240 2093 Pater,
2262 2030 2329 2082 ad
2356 2046 2433 2081 me
2464 2032 2645 2092 v‘eniet,
2674 2038 2720 2080 et
2740 2045 2856 2081 eum
2885 2028 2973 2097 qui
3004 2028 3136 2080 venit
3167 2026 3235 2093 ad
3262 2042 3339 2078 me
3365 2041 3465 2076 non

1918 2122 2119 2190 ejiciam
2157 2119 2317 2189 foras.
2348 2117 2511 2183 Quale
2532 2126 2615 2171 est
2654 2118 2779 2170 illud
2806 2118 2967 2179 intus,
2997 2117 3134 2179 unde
3160 2130 3262 2167 non
3291 2115 3468 2167 exitur

1920 2209 2098 2264 foras?
2126 2209 2367 2277 Magnum
2416 2205 2686 2277 penetrale
2713 2214 2765 2263 et
2794 2204 2945 2258 dulce
2974 2211 3254 2258 secretum.
3287 2201 3329 2255 Ο
3381 2217 3465 2254 εε-

1918 2309 2125 2355 eretum
2165 2300 2279 2353 sine
2305 2299 2480 2361 tudio,
2508 2298 2621 2351 sine
2650 2295 3000 2349 amaritudine
3024 2292 3285 2347 malarum
3325 2292 3473 2359 cogi-

1922 2392 2198 2453 tationum,
2226 2390 2339 2444 sine
2368 2388 2801 2457 interpellatione
2846 2387 3195 2441 tentationum
3235 2392 3288 2437 et
3320 2382 3462 2435 dolo-

1922 2481 2068 2533 rum!
2110 2479 2292 2533 Nonne
2318 2478 2441 2532 illud
2468 2487 2727 2531 secretum
2768 2485 2849 2530 est
2881 2490 2986 2544 quo
3013 2474 3233 2527 intrabit
3270 2471 3354 2526 ille
3379 2471 3464 2524 cui

1920 2556 2161 2642 dicturus
2192 2577 2274 2633 est
2316 2569 2491 2623 Deus:
2528 2567 2693 2637 Euge,
2718 2583 2859 2620 serve
2887 2566 3014 2619 bone
3044 2575 3088 2617 et
3112 2564 3298 2632 ﬁdelis,
3327 2565 3464 2615 intra
3536 2591 3540 2595 ε

1918 2658 1973 2709 in
2000 2657 2246 2724 gaudium
2276 2657 2484 2709 Domini
2513 2658 2589 2709 tui
2635 2656 2842 2726 (Matth.
2870 2670 2994 2719 xxv,
3024 2655 3146 2721 23)?
3179 2654 3242 2707 Et
3273 2672 3284 2705 :
3316 2652 3470 2713 Eum,

1918 2745 2006 2813 qui
2023 2744 2185 2796 veniet
2224 2744 2292 2795 ad
2316 2760 2414 2803 me,
2437 2761 2538 2797 non
2564 2746 2769 2813 ejiciam
2792 2746 2951 2811 foras.
2984 2745 3166 2814 (Vt-Ius.
3194 2743 3305 2812 58.)
3335 2742 3470 2807 Quia

1921 2830 2157 2883 descendi
2200 2830 2263 2882 de
2287 2829 2431 2893 caelo,
2459 2847 2561 2882 non
2590 2842 2643 2882 ut
2674 2830 2865 2897 faciam
2913 2831 3225 2883 voluntatem
3274 2846 3470 2891 meam,

1921 2921 2008 2974 sed
2033 2921 2144 2990 ejus
2184 2921 2272 2990 qui
2308 2921 2444 2973 misit
2480 2936 2576 2971 me.
2608 2918 2729 2971 Lleo
2772 2932 2900 2987 ergo
2943 2933 3064 2971 eum
3092 2917 3179 2984 qui
3210 2917 3384 2969 veniet
3407 2918 3473 2981 ad

1925 3018 1975 3064 te
2000 3026 2102 3064 non
2140 2994 2505 3085 ejicies‘foras,
2527 3009 2651 3075 quia
2668 3007 2983 3062 descendisti
3006 3005 3071 3060 de
3099 3005 3234 3059 cmlo
3261 3020 3361 3058 non
3396 2996 3473 3058 fa-
3534 2982 3551 2999 ’

354 3104 512 3156 Vens.
536 3078 731 3155 234.7—
765 3097 943 3150 Patres
967 3093 1144 3155 nostri,
1170 3092 1429 3159 inquiunt,
1460 3106 1651 3143 manna
1680 3105 1824 3140 man-
1851 3078 1895 3137 C
1924 3115 2047 3153 εει-ε

1924 3115 2047 3153 cere
2067 3078 2586 3161 voluntatemtuam,
2645 3096 2736 3151 sed
2762 3095 3087 3149 voluntatem
3131 3092 3244 3160 ejus
3286 3094 3376 3161 qui
3420 3102 3472 3146 te

281 3196 591 3247 ducaverunt
633 3193 688 3245 in
732 3190 948 3244 deserto.
998 3187 1102 3241 Sed
1148 3185 1272 3254 quid
1310 3192 1390 3236 est
1430 3180 1654 3235 manna?
1692 3180 1826 3233 forte

283 3283 644 3345 contemnitis;
675 3281 811 3335 sicut
847 3280 1099 3346 scriptum
1138 3284 1221 3330 est
1255 3293 1269 3327 :
1309 3273 1459 3326 Dedit
1494 3272 1597 3325 illis
1637 3289 1826 3325 manna

282 3370 612 3423 manducare.
638 3368 740 3421 Per
758 3367 966 3436 Moysen
996 3372 1170 3434 patres
1200 3363 1364 3416 nostri
1390 3376 1577 3431 panem
1606 3361 1669 3413 de
1694 3359 1828 3413 emlo

284 3465 620 3525 acceperunt,
648 3463 702 3508 et
728 3469 828 3507 non
867 3454 945 3506 eis
974 3454 1151 3505 datum
1189 3449 1317 3521 [31s.
1342 3459 1389 3503 et
1422 3452 1571 3517 Δίες..
1608 3445 1826 3515 dictum]

284 3555 365 3601 est
391 3562 419 3599 a
450 3546 626 3615 Moyse
653 3562 663 3597 :
690 3543 982 3611 Operamini
1003 3542 1190 3603 cibum,
1216 3541 1302 3609 qui
1328 3557 1429 3591 non
1459 3540 1612 3606 perit,
1629 3538 1718 3590 sed
1741 3537 1827 3605 qui

283 3645 542 3706 permanet
568 3636 621 3687 in
647 3634 799 3686 vitam
828 3640 1089 3693 wternam,
1120 3638 1171 3681 et
1197 3636 1251 3681 tu
1289 3642 1390 3680 non
1422 3627 1541 3679 talia
1569 3626 1825 3694 Operaris,

289 3727 466 3794 qualia
508 3726 729 3794 Moyses.
762 3723 934 3775 Panes
965 3721 1282 3773 hordeaceos
1311 3718 1397 3771 ille
1423 3734 1523 3770 non
1548 3717 1709 3780 dedit,
1738 3716 1830 3768 sed

224 3880 227 3881 ν
286 3833 478 3873 manna
504 3817 567 3870 de
591 3813 745 3884 525
766 3813 919 3866 etelo.
938 3812 1116 3881 (Vsus.
1140 3808 1350 3880 52,35.)
1368 3809 1503 3862 Dixit
1524 3824 1641 3878 ergo
1660 3808 1732 3861 eis
1745 3808 1833 3861 Je-

287 3925 376 3962 sns
411 3923 429 3959 :
465 3907 622 3959 Amen
652 3920 797 3957 amen
829 3902 949 3955 dico
967 3902 1132 3963 vobis,
1162 3919 1262 3954 non
1299 3900 1500 3969 Moyses
1533 3901 1667 3953 dedit
1698 3900 1831 3954 vobis

284 4014 466 4070 panem
492 3997 553 4049 de
580 3994 719 4053 coelo.
755 3994 843 4047 sed
873 3991 1030 4045 Pater
1055 4007 1195 4043 meus
1229 3990 1367 4042 dedit
1396 3991 1531 4042 vobis
1563 3984 1745 4059 panem
1770 3990 1832 4042 de

235 4098 245 4111 '
287 4088 432 4143 caelo.
474 4087 643 4139 Verus
680 4084 817 4137 enim
849 4082 996 4153 panis
1022 4089 1116 4144 est,
1147 4080 1234 4149 qui
1280 4079 1342 4131 de
1378 4078 1500 4132 ctelo
1551 4079 1829 4143 descendit,

284 4191 334 4233 et
366 4183 455 4231 dat
484 4179 637 4247 vitam
665 4174 876 4231 mundo.
922 4173 1090 4227 Verus
1128 4185 1254 4240 ergo
1294 4170 1380 4224 ille
1417 4168 1573 4239 panis
1602 4178 1704 4231 est,
1740 4169 1829 4236 qui

288 4271 379 4322 dat
417 4267 577 4319 vitam
625 4264 840 4330 mundo,
880 4269 935 4316 et
971 4263 1086 4329 ipse
1115 4261 1265 4315 cibus
1295 4267 1396 4323 est,
1428 4260 1491 4313 de
1528 4272 1632 4324 quo
1675 4257 1831 4325 paulo

290 4367 411 4413 ante
458 4356 661 4409 locutus
685 4369 799 4407 sum
842 4371 854 4404 :
903 4352 1197 4420 Operamini
1232 4351 1415 4411 cibum,
1438 4350 1529 4419 qui
1554 4365 1654 4401 non
1677 4349 1826 4417 perit,

289 4450 376 4499 sed
414 4446 500 4515 qui
536 4451 794 4514 permanet
838 4441 892 4493 in
937 4441 1089 4493 vitam
1132 4449 1395 4493 teternam.
1436 4435 1574 4505 Ergo
1616 4434 1827 4507 et‘illud

290 4551 481 4589 manna
525 4538 622 4587 hoc
664 4531 1017 4603 signiﬁcabat,
1062 4537 1115 4583 et
1162 4528 1245 4581 illa
1289 4527 1468 4581 omnia
1514 4526 1661 4597 signa
1712 4540 1828 4579 mea

292 4628 459 4676 erant.
485 4619 645 4687 Signa
666 4635 779 4673 mea
799 4621 1082 4684 dilexistis;
1105 4618 1245 4687 quod
1264 4616 1629 4687 signiﬁcabant
1652 4614 1828 4688 [Aug.,

294 4712 385 4781 qui
431 4708 865 4780 signiﬁcabatur],
913 4710 1267 4765 (contemnitis.
1306 4708 1419 4762 Non
1461 4723 1587 4777 ergo
1629 4707 1834 4777 Moyses

295 4800 438 4856 dedit
463 4812 650 4869 panem
677 4799 741 4849 de
776 4781 940 4859 coelo;X
982 4797 1118 4850 Deus
1152 4798 1243 4851 dat
1270 4814 1502 4867 panem;
1540 4798 1633 4852 sed
1676 4812 1833 4866 quem

297 4889 517 4961 panem?
543 4886 678 4941 forte
703 4885 931 4939 manna?
956 4900 1089 4948 non;
1120 4887 1211 4938 sed
1243 4902 1450 4953 panem,
1480 4902 1638 4954 quem
1672 4886 1833 4955 signi-

295 4983 474 5037 ﬁcavit
498 4996 711 5043 manna,
740 4980 911 5048 ipsum
939 4976 1137 5030 scilicet
1157 4976 1433 5030 Dominum
1452 4977 1650 5032 Iesum.
1679 4978 1835 5030 Pater

294 5090 438 5129 meus
462 5072 550 5124 dat
571 5073 707 5124 vobis
733 5086 914 5139 panem
936 5083 1125 5121 verum.
1152 5066 1309 5121 Panis
1334 5082 1490 5121 verus
1512 5068 1601 5121 Dei
1622 5075 1721 5131 est,
1745 5067 1833 5137 qui

296 5158 569 5217 descendit
586 5158 651 5211 de
671 5160 827 5223 caelo,
849 5166 905 5211 et
930 5158 1019 5211 dat
1040 5156 1197 5209 vitam
1227 5155 1437 5208 mundo.

367 5254 522 5306 Vsus.
553 5248 640 5303 54.
665 5278 735 5289 --
754 5248 1004 5301 Dixerunt
1029 5264 1146 5317 ergo
1170 5246 1236 5299 ad
1262 5262 1375 5297 eum
1395 5260 1413 5296 :
1438 5246 1675 5311 Domine,
1705 5264 1837 5302 sem-

296 5360 387 5413 per
406 5344 473 5396 da
502 5340 645 5395 nobis
666 5353 851 5407 panem
875 5337 1030 5388 hunc.
1057 5335 1325 5401 Quomodo
1341 5334 1530 5387 mulier
1559 5332 1713 5407 [illa]
1740 5336 1837 5390 Sa-

302 5433 582 5493 maritana,
609 5428 695 5483 cui
723 5427 925 5495 dictum
948 5432 1059 5487 est,
1101 5424 1202 5489 Qui
1228 5424 1401 5477 biberit
1425 5424 1488 5475 de
1522 5424 1619 5477 hac
1669 5443 1801 5494 aqua
1818 5465 1834 5487 ,

305 5528 403 5577 non
421 5522 552 5574 sitiet
578 5534 818 5586 unquam,
833 5514 1083 5569 continuo
1109 5514 1191 5567 illa
1221 5513 1502 5568 secundum
1533 5529 1725 5582 corpus
1750 5531 1837 5568 ac—

375 5649 399 5673 ι
442 5633 566 5687 Vide
603 5631 658 5685 S.
689 5630 823 5699 Aug.
848 5630 947 5683 loc.
987 5628 1258 5689 trit.,num.
1293 5625 1371 5688 l-i,
1409 5625 1487 5687 15,
1534 5626 1611 5687 lli,
1641 5626 1721 5687 I8.
1753 5626 1831 5678 l9.

1927 3191 2087 3244 misit.
2117 3190 2361 3258 Magnum
2388 3198 2780 3244 sacramentum
2820 3197 2923 3253 est,
2956 3187 3093 3257 quod
3121 3188 3231 3241 ait:
3262 3186 3362 3252 Qui
3385 3203 3466 3239 ve-

1926 3282 1999 3333 nit
2029 3281 2096 3333 ad
2125 3298 2203 3333 me
2232 3297 2332 3332 non
2369 3268 2577 3349 ejician
2620 3279 2781 3347 foras.
2833 3278 3057 3333 Causam
3092 3293 3216 3332 mox
3261 3276 3477 3346 subjun-

1926 3385 2054 3438 gens
2084 3368 2230 3438 [.lfs.,
2259 3363 2561 3439 subjunxit]
2577 3383 2741 3436 quare
2773 3370 2915 3422 loras
2942 3382 3045 3420 non
3071 3367 3287 3436 eiecerit
3307 3367 3372 3419 ad
3421 3381 3478 3419 se

1927 3459 2243 3516 venientem,
2277 3458 2329 3510 id
2381 3467 2493 3519 est,
2523 3460 2576 3510 in
2710 3460 3015 3512 credentem
3055 3458 3184 3512 dicit
3219 3457 3369 3529 [δίδη
3399 3459 3477 3511 di-

1925 3546 2106 3617 cens]:
2139 3547 2276 3610 Quia
2314 3563 2415 3598 non
2442 3548 2553 3597 reni
2592 3547 2761 3614 facere
2804 3546 3114 3599 voluntatem
3170 3564 3366 3613 meam,
3392 3546 3479 3599 sed

1925 3635 2235 3689 voluntatem
2257 3635 2369 3703 ejus
2397 3634 2483 3702 qui
2523 3635 2658 3687 misit
2686 3651 2782 3686 me.
2818 3654 2835 3684 ι
2866 3634 2994 3699 Quis
3025 3643 3105 3687 est
3131 3635 3221 3702 qui
3270 3635 3481 3703 cjicitur

1928 3729 2093 3792 foras,
2126 3726 2193 3780 de
2245 3724 2335 3803 ilio
2361 3724 2499 3779 dulci
2524 3734 2579 3778 et
2619 3726 2933 3779 suavissimo
2975 3732 3212 3787 secreto,
3256 3741 3361 3793 quo
3404 3727 3477 3778 in-

1927 3828 2069 3872 trare
2089 3815 2391 3887 pnncipitur
2431 3830 2613 3868 servus
2661 3814 2860 3869 faciens
2896 3814 3220 3868 voluntatem
3266 3814 3474 3867 Domini

1929 3908 2157 3971 sui,-nisi
2183 3905 2463 3976 superbus,
2491 3905 2591 3959 nisi
2621 3907 2795 3959 anima
2823 3906 2877 3959 in
2914 3921 2971 3979 se
2995 3906 3106 3975 ipsa
3135 3906 3406 3959 conﬁdens
3425 3916 3479 3957 et

1929 4014 2038 4052 sua:
2066 3995 2345 4065 potestatis
2368 4008 2484 4048 esse
2512 4009 2784 4063 quiet-ens,
2832 4010 2929 4050 nec
2955 4010 3073 4051 cum
3099 3994 3350 4065 propheta
3382 3995 3476 4046 ha—

1928 4086 2062 4140 bens
2116 4085 2336 4139 dicere:
2376 4083 2563 4137 Nonne
2614 4083 2717 4137 Deo
2765 4086 2939 4137 anima
2992 4100 3101 4138 mea
3148 4084 3374 4153 subjecta
3410 4093 3480 4135 est

1930 4172 2098 4253 (Psal.
2130 4171 2276 4241 ut)?
2312 4172 2501 4225 Anima
2554 4187 2677 4224 vero
2721 4187 2817 4239 per
2859 4172 3210 4226 humilitatem
3242 4173 3333 4225 Dei
3361 4173 3483 4226 sub-

1921 4266 2064 4333 jecta
2089 4262 2295 4330 gratiae,
2323 4275 2593 4328 nunquam
2622 4261 2865 4328 ejicietur
2888 4261 3055 4326 foras,
3082 4264 3171 4316 sed
3192 4314 3193 4317 η
3214 4265 3397 4333 intrat
3431 4265 3481 4316 in

1928 4350 2181 4418 gaudium
2223 4348 2433 4401 Domini
2476 4346 2570 4401 Dei
2598 4348 2698 4402 sui.
2736 4367 2754 4397 ι
2786 4347 2952 4419 Igitur
2975 4359 3030 4402 ut
3061 4364 3218 4402 causa
3249 4352 3481 4404 omnium

1897 4432 1905 4465 ⁵
1930 4442 2237 4495 morborum
2261 4432 2559 4501 curaretur,
2586 4438 2639 4491 id
2665 4447 2747 4492 est
2791 4439 3057 4507 superbia,
3086 4439 3355 4493 descendit
3385 4440 3483 4492 hu-

1931 4532 2150 4594 militas,
2181 4529 2232 4584 id
2261 4537 2362 4593 est,
2384 4527 2680 4582 humiliavit
2702 4543 2758 4581 se
2794 4527 2959 4581 Filius
2983 4527 3096 4581 Dei.
3119 4526 3255 4593 Quid
3302 4542 3487 4597 supcr-

1884 4669 1891 4679 .
1931 4623 2016 4678 his
2038 4623 2230 4677 homo?
2257 4622 2399 4676 Deus
2423 4619 2641 4675 humilis
2662 4629 2879 4690 propter
2903 4628 2954 4674 te
2984 4618 3155 4674 factus
3190 4628 3291 4675 est.
3317 4620 3487 4674 Pude-

1918 4724 2018 4769 ret
2044 4724 2096 4768 te
2144 4712 2371 4767 fortasse
2415 4711 2615 4766 imitari
2659 4710 2909 4764 humilem
2958 4710 3255 4775 hominem,
3299 4712 3487 4764 saltem

1936 4804 2148 4858 imitare
2165 4801 2416 4856 humilem
2432 4800 2617 4853 Deum.
2643 4799 2796 4853 Venit
2810 4799 2977 4853 Filius
2995 4799 3088 4853 Dei
3120 4800 3170 4853 in
3193 4800 3419 4859 homine,
3436 4809 3490 4851 et

1934 4896 2146 4951 humilis
2170 4894 2340 4948 factus
2357 4900 2439 4947 est
2462 4908 2476 4944 :
2499 4890 2808 4960 prmeipitur
2828 4892 2918 4946 tibi
2945 4901 3002 4945 ut
3026 4893 3100 4946 sis
3127 4891 3359 4953 humilis,
3380 4908 3485 4945 non

1935 4985 2027 5040 tibi
2054 4983 2357 5053 przeeipitur
2390 4988 2449 5035 ut
2466 4994 2531 5034 ex
2562 4980 2775 5032 homine
2803 4979 2968 5034 facias
2990 4980 3137 5051 [Ms.,
3160 4977 3277 5047 ﬁas]
3299 4993 3484 5046 pecus.

1931 5072 2021 5127 1116
2043 5073 2181 5126 Deus
2208 5070 2377 5123 factus
2402 5076 2484 5121 est
2512 5068 2690 5129 homo,
2715 5075 2768 5119 tu
2793 5069 2973 5131 homo,
3004 5080 3259 5135 cognosce
3283 5067 3404 5133 quia
3429 5084 3488 5121 es

1938 5164 2114 5218 homo.
2138 5163 2268 5215 Tota
2293 5158 2563 5213 humilitas
2593 5167 2682 5211 tua
2706 5167 2787 5212 est
2830 5167 2887 5210 ut
2913 5171 3197 5225 cognoscas
3230 5165 3297 5209 te.
3346 5158 3485 5225 Ergo

1939 5253 2062 5321 quia
2095 5249 2445 5305 humilitatem
2474 5246 2628 5301 docet
2650 5249 2811 5310 Deus,
2841 5246 3008 5300 dixit:
3039 5243 3160 5297 Non
3190 5246 3300 5297 veni
3322 5246 3491 5313 facere

1940 5340 2248 5393 voluntatem
2276 5350 2458 5395 meam,
2489 5335 2579 5388 sed
2626 5337 2736 5403 ejus
2764 5335 2851 5403 qui
2876 5349 2955 5385 me
2999 5333 3156 5383 misit.
3204 5331 3326 5385 "me
3350 5336 3489 5387 enim

1941 5425 2329 5482 commendatio
2378 5425 2687 5479 humilitatis
2713 5432 2811 5477 est.
2843 5422 3095 5491 Superbia
3126 5423 3318 5490 quippe
3365 5422 3489 5476 facit

1942 5518 2261 5571 voluntatem
2309 5528 2490 5577 suam,
2539 5513 2808 5566 humilitas
2847 5510 2971 5565 facit
3000 5510 3320 5565 voluntatem
3373 5513 3485 5564 Dei.
