4152 6206
778 321 870 373 831

780 431 902 481 Ideo
930 432 1014 496 qui
1045 429 1112 481 ad
1144 446 1219 480 me
1258 430 1462 487 eruerit,
1498 445 1595 477 non
1648 426 1850 489 eiiciam
1903 426 2062 492 foras.
2113 419 2320 486 Quare?
2352 422 2393 475 Α

779 515 911 579 Quia
944 533 1041 567 non
1072 518 1181 568 reui
1228 517 1393 582 facere
1421 514 1726 567 voluntatem
1766 528 1952 574 meum,
1978 511 2065 563 sed
2097 509 2323 563 uolunta-

775 613 872 655 tem
895 604 1005 670 ejus
1033 606 1120 672 qui
1147 621 1223 655 me
1254 605 1407 655 misit.
1442 602 1662 653 llumilis
1684 602 1822 661 veni,
1848 599 2199 653 humilitatem
2228 596 2320 649 do-

774 705 894 742 cere
926 691 1059 750 veni,
1088 689 1335 755 magister
1361 687 1670 740 humilitatis
1694 686 1829 737 veni.
1887 683 1984 749 Qui
2025 683 2091 735 ad
2122 698 2203 735 me
2235 698 2319 734 ve-

775 776 871 837 nit,
902 774 1060 843 526
1091 777 1453 842 incorporetur
1487 772 1649 842 μὴ,
1706 769 2101 840 iucorporatur]
2155 772 2315 832 mihi;

772 864 861 930 qui
892 863 956 914 ad
992 879 1071 919 ine
1102 864 1281 923 venit,
1338 864 1461 913 lium
1488 862 1551 913 lis
1590 860 1681 921 lit;
1725 860 1811 928 qui
1864 859 1990 911 mihi
2042 859 2321 910 azlhteserit

774 951 903 1023 [.41.,
930 952 1127 1013 aderit;
1186 950 1304 1011 .lls.,
1338 948 1615 1017 adlueret],
1646 949 1856 1002 humilis
1879 950 2013 1009 erit,
2064 949 2185 1016 quia
2216 962 2318 999 non

776 1044 932 1095 l‘aciet
962 1041 1279 1093 voluntatem
1308 1055 1477 1100 suam,
1504 1040 1595 1091 sed
1624 1039 1711 1091 Dei
1739 1057 1750 1091 :
1790 1050 1840 1091 et
1870 1038 1984 1091 ideo
2020 1054 2118 1089 non
2149 1037 2319 1104 ejicie-

773 1144 857 1183 tur
887 1133 1046 1197 foras,
1080 1132 1202 1199 quia
1220 1132 1416 1192 Adam,
1446 1146 1565 1183 eum
1593 1128 2034 1198 superbusesset,
2061 1126 2319 1195 profectus

771 1232 851 1274 est
888 1221 1048 1273 foras.
1088 1241 1105 1271 ι
1140 1220 1383 1272 Christus
1419 1229 1543 1271 vero
1584 1216 1793 1270 humilis
1845 1216 2031 1276 factus,
2062 1215 2320 1267 cxaltatus

769 1319 852 1362 est
877 1326 1031 1377 super
1050 1324 1205 1360 omne
1238 1323 1446 1368 nomen,
1477 1307 1613 1374 quod
1647 1306 1947 1357 nominatur
1972 1303 2051 1354 vel
2087 1304 2136 1355 in
2164 1304 2315 1364 cutio,

772 1397 852 1449 vel
887 1399 935 1448 in
970 1406 1106 1448 terra
1137 1395 1348 1463 (Philip.
1377 1396 1454 1461 ιι).
1492 1413 1507 1441 ι
1543 1394 1640 1458 Qui
1689 1395 1870 1446 doctor
1899 1394 2207 1445 humilitatis
2238 1409 2320 1445 ve—

774 1488 869 1549 nit,
902 1503 1001 1537 non
1033 1484 1204 1537 facere
1260 1484 1577 1535 voluntatem
1629 1499 1809 1538 suam,
1857 1481 1947 1535 sed
1998 1483 2317 1534 voluntatem

770 1573 882 1637 ejus
905 1575 992 1639 qui
1024 1574 1163 1625 misit
1202 1575 1342 1624 illum
1369 1590 1379 1622 :
1415 1572 1687 1623 veniamus
1718 1572 1780 1623 ad
1811 1586 1951 1632 eum,
1976 1571 2228 1622 intremus
2253 1570 2317 1621 ad

770 1676 912 1721 emn,
940 1660 1334 1725 incorporcmur
1360 1660 1430 1719 ei,
1463 1667 1518 1709 ut
1543 1673 1637 1709 nec
1669 1674 1764 1710 uos
1792 1656 2045 1710 faciamus
2076 1657 2315 1709 volunta—

1641 319 1694 369 Β.
1738 316 1794 369 1³.
1836 315 2055 368 ALBINI
2092 315 2215 367 SKL
2263 312 2524 366 .\l.l.L'l.\l
2566 311 2766 365 Ul’iiltl
2796 311 2839 361 .ll
2886 310 3057 363 PARS
3096 307 3151 360 il.
3827 307 3911 365 832

3001 413 3219 467 CAPlL'l‘
3263 413 3369 464 .\'\"-.

2424 528 2800 580 Murmurantes
2826 526 3075 578 I’hurisu'i
3099 524 3261 592 [ilium
3291 523 3476 591 Ioseph
3501 541 3611 577 eum
3648 525 3822 580 dicunt.
3861 529 3910 581 Et

2490 598 2593 664 ipse
2618 597 2748 647 inter
2772 596 2918 663 ptum
2943 608 3144 664 carnem
3164 608 3309 644 suam
3345 608 3527 664 panem
3547 609 3597 664 se
3615 594 3832 664 daturum
3849 598 3913 648 di-

2488 660 2556 716 cit
2599 682 2691 733 pro
2713 660 2885 716 mundi
2913 666 3034 713 vita.
3060 660 3323 713 Et‘cwtera
3346 660 3423 712 his
3439 660 3629 713 similia
3648 662 3844 730 plurima
3864 665 3913 717 de

2488 749 2618 801 pune
2643 742 2687 785 et
2708 748 2860 784 carne
2882 748 2974 782 sua
2998 739 3231 783 testatur.

2492 863 2645 915 \"Ens.
2676 862 2762 921 41,
2795 862 2871 913 1-3.
2906 891 2964 899 -
3004 860 3389 917 Jlurmuraruut
3417 859 3617 922 Judiri,
3643 871 3687 912 et
3713 861 3914 917 diremit

2418 955 2462 1004 ci
2492 969 2508 1004 :
2542 951 2637 1003 llic
2666 963 2737 1005 est
2768 952 2963 1021 [Jesus]
2993 952 3133 1017 [ilius
3180 951 3389 1019 Ioseph,
3411 950 3559 1019 cujus
3600 966 3685 1002 nos
3720 944 3915 1004 noiiuius

2418 1052 2610 1108 patrem
2640 1050 2686 1093 et
2726 1051 2957 1091 matrem.
2988 1039 3255 1102 Quomodo
3283 1054 3399 1107 ergo
3429 1038 3551 1091 dicit
3574 1039 3653 1090 hic
3674 1078 3686 1101 ,
3733 1040 3842 1107 quia
3867 1042 3917 1091 de

2420 1126 2541 1178 cocto
2567 1126 2843 1179 descendi?
2871 1125 2990 1179 Ideo
3040 1126 3436 1177 murmurabant
3462 1125 3582 1191 quia
3610 1126 3738 1178 hunc
3763 1140 3916 1194 panem

2420 1231 2521 1269 non
2550 1215 2928 1283 intelligebant,
2953 1216 3090 1314 quae
3112 1229 3299 1282 panem
3343 1229 3444 1265 non
3468 1213 3781 1276 esurietant,
3806 1213 3919 1266 hunc

2420 1320 2604 1372 panem
2636 1320 2737 1357 non
2761 1303 3025 1356 amabant.
3061 1303 3116 1355 Si
3156 1312 3390 1356 amarent
3417 1341 3432 1366 ,
3488 1304 3664 1369 utique
3685 1318 3780 1355 non
3805 1318 3920 1354 mur-

2421 1404 2704 1447 murarent.
2745 1413 2760 1439 σ
2788 1406 2812 1432 ιι
2841 1394 2961 1447 Ideo
2988 1409 3017 1447 a
3061 1410 3196 1462 pane
3222 1394 3422 1447 catlesti
3450 1392 3600 1461 longe
3627 1402 3799 1453 erant,
3846 1410 3921 1445 nec

2418 1499 2535 1534 eum
2562 1483 2760 1535 esurire
2791 1492 3064 1535 neverant.
3106 1482 3304 1533 Fauces
3355 1481 3529 1534 cordis
3570 1481 3923 1548 lauguidasha-

2421 1573 2630 1633 hebant,
2673 1571 2888 1623 auribus
2939 1570 3135 1637 apertis
3179 1570 3322 1622 surdi
3370 1578 3555 1621 erant:
3592 1568 3846 1629 videbant,
3884 1578 3922 1620 ct

2421 1662 2543 1713 αυεί
2565 1658 2792 1713 stabant.
2818 1658 2975 1712 Panis
3014 1660 3203 1727 quippe
3260 1659 3386 1721 iste,
3424 1658 3691 1713 interioris
3731 1658 3923 1710 hominis

737 1782 746 1797 ς
774 1762 876 1802 tem
903 1759 1155 1811 nostram,
1179 1752 1270 1803 sed
1303 1751 1621 1802 voluntatem
1647 1750 1735 1801 Dei
1760 1766 1771 1810 ;
1813 1759 1865 1801 et
1899 1764 1999 1801 non
2024 1764 2118 1801 nos
2145 1748 2318 1815 ejiciet
2351 1761 2391 1817 Β
2420 1749 2607 1814 (ιυαξνὶι
2631 1747 2858 1799 esuriem
2888 1764 2900 1798 :
2933 1747 3071 1799 unde
3092 1747 3194 1799 alio
3217 1748 3331 1798 loco
3353 1746 3479 1799 dicit
3503 1764 3515 1797 :
3549 1746 3712 1810 Beati,
3732 1746 3811 1814 qui
3832 1762 3923 1798 csu-

773 1842 930 1901 l‘oras,
960 1842 1087 1910 quia
1112 1842 1344 1895 mem‘ira
1368 1842 1480 1907 ejus
1516 1857 1713 1898 smnus,
1744 1842 1867 1908 quia
1893 1849 2050 1909 caput
2081 1849 2316 1894 nostrum

767 1946 882 1983 esse
911 1931 1071 1983 voluit
1099 1931 1335 1984 docendo
1358 1929 1721 1982 humilitatem.
1761 1949 1775 1979 ι
1812 1930 1888 1981 .-\~l
1938 1945 2092 1997 quem
2142 1930 2319 1981 venire

770 2038 870 2075 ιιοςι
906 2031 1079 2089 potest
1126 2022 1223 2073 nisi
1253 2020 1484 2082 humilis,
1512 2037 1539 2072 a
1572 2035 1675 2088 quo
1724 2034 1826 2072 non
1878 2021 2103 2072 mittitur
2140 2018 2315 2079 foras,

768 2114 867 2166 nisi
905 2112 1181 2182 superbus.
1572 2096 1575 2101 v

838 2206 995 2257 Vens.
1024 2208 1110 2258 59.
1140 2237 1207 2245 ——
1259 2205 1381 2257 "ire
1408 2217 1479 2259 est
1512 2207 1745 2259 roiuutas
1772 2208 1883 2274 ejus
1936 2208 2021 2274 qui
2065 2208 2200 2257 misit
2244 2222 2320 2258 me

769 2294 964 2356 Patris,
998 2307 1049 2347 ut
1076 2313 1220 2348 omne
1256 2297 1391 2364 quod
1420 2298 1559 2349 dedit
1588 2298 1709 2349 mihi
1747 2315 1845 2349 non
1892 2299 2100 2365 perdam
2144 2313 2206 2349 ea:
2230 2315 2317 2357 eo,

765 2385 852 2435 sed
877 2387 1168 2436 resuscitem
1197 2384 1324 2437 illud
1350 2387 1399 2437 iu
1426 2386 1698 2439 norissinio
1738 2386 1836 2438 die.
1876 2405 1890 2433 ι
1915 2385 2026 2454 Ipse
2049 2387 2132 2439 ille
2168 2388 2318 2440 datus

767 2480 865 2526 est.
899 2472 995 2537 Qui
1027 2484 1201 2528 servat
1243 2475 1614 2549 humilitatem,
1646 2476 1744 2528 hoc
1798 2477 2017 2543 accipit;
2073 2478 2160 2543 qui
2216 2492 2317 2529 non

768 2573 941 2615 servat
973 2561 1153 2633 [Aug.,
1178 2564 1290 2631 Ipse
1318 2564 1391 2615 illi
1425 2567 1577 2618 datus
1607 2574 1702 2622 est,
1733 2567 1820 2632 qui
1846 2576 2019 2619 servat
2048 2566 2317 2620 humilita-

767 2662 900 2713 tem;
945 2654 1083 2705 hunc
1138 2653 1364 2721 accipit:
1397 2654 1485 2721 qui
1533 2670 1634 2706 non
1658 2654 1878 2724 servat]
1930 2656 2313 2716 humilitatem,

768 2742 917 2809 longe
944 2750 1022 2792 est
1057 2757 1084 2793 a
1114 2742 1367 2810 magistro
1395 2743 1723 2796 humilitatis.
1768 2741 1830 2794 ι’(
1868 2761 2031 2805 omne,
2062 2744 2196 2811 quod
2225 2745 2311 2796 de-

767 2831 839 2881 dit
864 2831 985 2881 mihi
1015 2830 1189 2889 Pater,
1206 2848 1303 2883 non
1346 2833 1553 2899 perdam
1583 2848 1646 2884 ex
1678 2848 1754 2883 eo.
1791 2831 1879 2884 Sic
1905 2847 2005 2883 non
2031 2841 2111 2884 est
2134 2832 2315 2883 volun-

768 2929 847 2973 tas
871 2921 920 2973 iu
950 2928 1230 2987 conspectu
1261 2919 1431 2973 Patris
1456 2922 1614 2973 vestri
1682 2930 1738 2973 ut
1764 2930 1945 2989 pereat
1972 2937 2107 2974 unus
2128 2922 2190 2974 de
2216 2938 2313 2990 pu-

765 3011 897 3064 sillis
925 3011 1056 3063 istis.
1115 3010 1183 3062 De
1218 3012 1534 3065 tumentibus
1562 3018 1733 3079 potest
1782 3012 1974 3080 perire.
2007 3011 2068 3063 de
2111 3010 2313 3078 pusillis

2422 1838 2817 1892 riuutetsitiunt
2843 1840 3103 1907 justitiam
3128 1880 3141 1903 ,
3182 1838 3423 1908 quoniam
3454 1840 3547 1909 ipsi
3594 1840 3922 1892 saturabuntrr

2422 1927 2627 1998 (.llatth.
2657 1945 2708 1992 v,
2730 1930 2803 1998 6).
2837 1948 2852 1979 ι
2896 1930 3185 1984 Dixerunt:
3219 1929 3379 1998 Cujus
3407 1927 3565 2001 [nos]
3596 1929 3815 1983 novimus
3854 1946 3921 1997 pa-

2419 2028 2543 2069 trem
2571 2028 2617 2071 et
2657 2030 2889 2072 matrem.
2922 2020 3139 2074 Matrem
3169 2021 3406 2074 sciebant
3435 2030 3728 2083 terrenam,
3755 2028 3919 2088 pati-eiu

2422 2109 2721 2161 nesciebant
2764 2109 3065 2166 cmlestem:
3096 2109 3217 2177 quia
3268 2124 3294 2161 a
3326 2107 3481 2161 Patre
3507 2108 3709 2162 caelesti
3748 2104 3917 2160 attracti

2424 2213 2523 2251 non
2558 2197 2801 2261 fuerunt;
2833 2199 2969 2267 quod
2995 2214 3113 2251 mox
3142 2198 3251 2266 ipse
3270 2198 3521 2251 Dominus
3540 2198 3775 2267 sequenti
3796 2195 3920 2248 verbo

2422 2285 2662 2347 innotuit,
2693 2284 2873 2339 dicens
2901 2306 2911 2337 :
2953 2285 3135 2354 (Vens.
3164 2286 3250 2348 -13,
3282 2284 3370 2351 41)
3424 2283 3599 2338 Nolite
3644 2298 3921 2339 murmurare

2421 2375 2654 2427 inuicem.
2688 2374 2850 2427 Nemo
2884 2385 3046 2444 potest
3075 2376 3243 2426 renire
3287 2374 3353 2425 ad
3398 2391 3493 2437 me,
3525 2373 3627 2427 nisi
3656 2373 3828 2435 Pater,
3858 2370 3920 2438 qui

2421 2469 2557 2520 misit
2586 2485 2664 2519 me
2682 2508 2693 2526 .
2733 2468 2999 2519 attraxerit
3026 2484 3158 2519 eum.
3198 2464 3331 2531 Quid
3373 2474 3470 2525 est,
3505 2464 3671 2517 Nemo
3695 2472 3841 2534 potest
3866 2477 3920 2511 re-

2422 2556 2528 2607 nire
2572 2556 2640 2608 ad
2684 2572 2792 2618 me,
2846 2556 2945 2608 nisi
2976 2556 3095 2623 quia
3132 2561 3285 2608 nemo
3319 2562 3492 2623 potest
3529 2554 3746 2607 credere
3768 2553 3814 2605 in
3843 2564 3918 2607 me.

2420 2646 2516 2698 nisi
2542 2645 2714 2706 Pater,
2743 2645 2829 2714 qui
2868 2646 3001 2697 misit
3031 2661 3125 2701 me,
3168 2650 3432 2695 attraxerit
3457 2660 3569 2695 eum
3589 2644 3615 2695 .’
3665 2642 3752 2695 Ille
3780 2640 3920 2697 venit.

2417 2748 2572 2802 quem
2603 2733 2768 2801 gratia
2794 2732 2883 2785 Dei
2915 2733 3189 2801 pricvenit,
3215 2733 3297 2785 cui
3345 2747 3464 2785 cum
3503 2731 3765 2800 Propheta
3804 2728 3921 2799 527

2417 2825 2700 2877 dicamus:
2751 2820 3103 2874 Misericordia
3159 2820 3269 2889 ejus
3324 2820 3592 2888 prrcreniet
3656 2836 3734 2873 me
3780 2815 3934 2888 (Psal..

2418 2916 2583 2979 tvm).
2619 2913 2681 2964 Et
2710 2912 2898 2964 iterum
2926 2929 2937 2963 :
2968 2912 3317 2964 misericordia
3358 2912 3469 2979 ejus
3518 2913 3841 2983 subsequetur
3870 2926 3925 2961 me

2417 3002 2583 3071 (Psal.
2616 3002 2766 3065 xxii).
2800 3001 3091 3054 Prieveuiet
3124 2999 3272 3063 velle,
3301 2986 3655 3070 subsequetur
3689 3001 3921 3071 perlicere.

768 3097 895 3150 nihil
926 3097 1094 3163 perit;
1132 3097 1250 3164 quia
1284 3098 1378 3148 nisi
1414 3097 1618 3150 fueritis
1645 3098 1781 3150 sicut
1819 3097 2036 3165 pusillus
2067 3098 2186 3159 istc,
2211 3112 2311 3149 non
2345 3105 2385 3163 ρ
2422 3116 2436 3145 ι
2477 3094 2659 3148 Trahit
2684 3094 2841 3147 Pater
2888 3094 2953 3145 ad
2984 3092 3171 3145 Filium
3200 3107 3290 3145 eos
3317 3092 3405 3159 qui
3433 3099 3715 3160 propterea
3744 3088 3923 3144 credunt

766 3188 1030 3241 iutrahitis
1080 3187 1129 3237 in
1194 3202 1410 3253 regnum
1472 3187 1724 3239 cmlorum
1775 3185 1983 3256 (.llatth.
2037 3201 2195 3248 xvut,
2236 3185 2308 3252 4).

766 3275 946 3338 Omne,
975 3276 1108 3343 quod
1130 3275 1265 3326 dedit
1296 3276 1416 3327 mihi
1443 3274 1618 3336 Pater,
1648 3292 1745 3327 non
1795 3274 2000 3342 perdam
2033 3290 2093 3325 ex
2118 3290 2196 3335 c0,
2226 3275 2313 3325 sed

766 3365 1077 3417 resuscitubo
1106 3382 1193 3432 ego
1228 3380 1341 3415 eum
1368 3367 1418 3415 in
1447 3365 1716 3416 norissimo
1739 3365 1837 3415 die.
1869 3364 2050 3415 Videte
2067 3363 2312 3429 quemad-

768 3453 979 3504 modum
1014 3460 1062 3503 et
1092 3449 1177 3502 hic
1218 3452 1479 3519 geminam
1511 3451 1649 3503 illam
1699 3452 2135 3505 resurrectionem
2188 3451 2315 3504 deli-

766 3549 888 3593 neat
916 3538 1063 3609 [.lls.,
1091 3538 1334 3600 deliniet;
1359 3542 1513 3608 .~lug.,
1544 3539 1808 3607 deliueet].
1845 3539 1946 3602 Qui
1974 3541 2102 3591 reuit
2124 3539 2191 3590 ad
2214 3555 2312 3601 me,

770 3629 923 3681 modo
948 3627 1175 3696 resurgit
1208 3627 1417 3681 humilis
1448 3627 1617 3679 factus
1640 3627 1689 3678 in
1720 3628 1969 3679 memhris
2012 3628 2167 3690 meis;
2227 3627 2313 3691 sed

768 3716 1076 3768 resuscitabo
1104 3732 1215 3766 eum
1247 3716 1299 3766 in
1349 3717 1616 3769 norissimo
1646 3718 1727 3769 die
1758 3718 2042 3771 semiudum
2075 3734 2307 3771 carnem.

840 3807 991 3857 Vens.
1025 3805 1110 3857 40.
1140 3836 1207 3843 -
1238 3804 1363 3858 Herc
1384 3817 1455 3857 est
1474 3809 1607 3859 enim
1637 3807 1865 3859 roluutas
1894 3807 2063 3859 Putris
2088 3808 2183 3885 mei
2228 3808 2314 3874 qui

764 3897 897 3946 misit
940 3912 1036 3957 me,
1064 3907 1113 3946 ut
1149 3896 1312 3946 omnis
1341 3896 1427 3960 qui
1467 3895 1598 3946 ridet
1624 3893 1817 3945 Filium
1840 3904 1885 3945 et
1910 3895 2065 3946 credit
2095 3895 2145 3945 in
2167 3911 2278 3947 eum
2298 3934 2309 3951 ,

765 3984 945 4033 habent
973 3984 1125 4034 ritum
1154 3992 1415 4035 retentam.
1450 3981 1513 4033 Et
1543 3999 1631 4051 ego
1665 3983 1972 4035 resuscitnbo
2007 3999 2121 4035 eum
2142 3984 2193 4035 in
2225 4001 2311 4035 no-

762 4072 969 4121 tissimo
995 4071 1094 4121 die.
1122 4071 1374 4137 Superius
1395 4070 1522 4125 dixit
1552 4088 1562 4122 :
1598 4069 1699 4132 Qui
1722 4072 1865 4122 audit
1895 4071 2094 4123 verbum
2122 4088 2310 4131 meum,

763 4170 809 4208 ct
841 4160 997 4209 credit
1024 4159 1169 4225 eiqui
1194 4160 1325 4209 misit
1364 4175 1473 4219 me;
1514 4160 1668 4211 modo
1698 4169 1870 4211 autem
1901 4178 1911 4209 :
1941 4158 2041 4222 Qui
2068 4160 2191 4211 ridet
2222 4157 2310 4209 Fi-

764 4250 907 4309 lium,
931 4258 976 4298 et
1002 4250 1157 4300 credit
1182 4251 1231 4301 iu
1258 4266 1391 4301 eum.
1416 4249 1526 4302 Non
1552 4252 1703 4313 dixit,
1736 4252 1874 4304 videt
1906 4251 2092 4303 Filium
2117 4260 2168 4304 et
2193 4268 2309 4304 cre-

764 4337 839 4387 dit
870 4337 921 4387 in
950 4335 1156 4388 l‘atrein
1186 4355 1196 4388 :
1232 4338 1329 4389 hoc
1358 4347 1440 4389 est
1460 4339 1599 4390 enim
1625 4340 1838 4392 credere
1871 4341 1919 4389 in
1946 4339 2310 4407 Filium,qqu

2414 3186 2464 3237 in
2496 3185 2701 3244 Filium,
2734 3187 2855 3253 quia
2883 3202 3004 3240 eum
3033 3187 3265 3255 cogitant
3293 3186 3504 3239 Patrem
3553 3186 3749 3241 habere
3776 3184 3921 3238 Deum

2413 3272 2551 3325 Deus
2582 3274 2720 3326 enim
2740 3274 2898 3327 Pater
2918 3275 3171 3343 aequalem
3197 3274 3295 3327 sibi
3344 3277 3525 3344 genuit
3546 3275 3739 3331 Filium
3764 3290 3777 3327 :
3798 3282 3845 3328 et
3862 3272 3923 3340 qui

2413 3363 2605 3429 cogitat
2632 3371 2789 3431 atque
2816 3364 2865 3416 in
2891 3362 2991 3417 llde
3018 3378 3110 3417 sua
3152 3365 3312 3419 sentit
3349 3376 3402 3420 et
3427 3367 3663 3420 ruminat
3709 3364 3923 3435 aequalem

2412 3466 2528 3504 esse
2555 3451 2697 3504 Patri
2722 3468 2842 3504 eum
2891 3454 2941 3505 in
2972 3468 3135 3521 quem,
3180 3456 3366 3519 credit,
3398 3456 3567 3524 ipsum
3596 3458 3761 3511 trahit
3803 3456 3924 3510 Pater

2413 3540 2476 3592 ad
2508 3539 2717 3593 Filium.
2754 3560 2771 3591 ι
2802 3540 2900 3607 Qui
2952 3542 3090 3595 enim
3144 3544 3207 3597 de
3232 3543 3444 3597 Christo
3477 3544 3644 3608 dicit,
3702 3545 3807 3599 Non
3862 3550 3921 3596 est

2413 3626 2553 3682 Deus
2590 3644 2766 3693 verus,
2796 3645 2897 3684 non
2928 3631 3095 3683 trahit
3121 3646 3241 3684 eum
3270 3631 3447 3695 Pater,
3475 3633 3564 3687 sed
3586 3650 3683 3688 sua
3714 3644 3922 3704 perversa

2413 3715 2661 3781 cogitatio
2694 3717 2852 3768 trahit
2896 3731 3017 3769 eum
3046 3716 3256 3770 veritati
3302 3732 3405 3770 non
3434 3721 3755 3775 consentire.
3804 3738 3818 3769 ι
3858 3717 3925 3771 llle

2415 3813 2612 3857 tractus
2634 3813 2711 3857 est
2748 3821 2776 3857 a
2808 3805 2993 3867 Patre,
3045 3806 3134 3873 qui
3179 3807 3290 3860 ait:
3323 3807 3397 3860 Tu
3427 3825 3477 3862 es
3507 3809 3743 3865 Christus
3790 3808 3925 3863 Filius

2412 3892 2505 3944 Dei
2528 3894 2642 3945 viri.
2667 3892 2761 3945 Cui
2789 3894 3038 3948 Dominus
3069 3896 3236 3963 inquit
3265 3914 3276 3948 :
3313 3896 3497 3951 Beatus
3523 3915 3597 3959 es,
3624 3898 3804 3952 Simon
3823 3897 3925 3949 Bar-

2410 3980 2565 4040 Jona,
2591 3982 2710 4049 quia
2742 3997 2858 4033 caro
2883 3993 2927 4033 et
2955 3984 3162 4051 sanguis
3188 4000 3287 4035 non
3316 3984 3549 4037 revelavit
3572 3986 3681 4046 tibi,
3699 3986 3783 4039 sed
3802 3984 3927 4037 Pater

2411 4085 2547 4120 meus
2574 4070 2660 4136 qui
2685 4070 2736 4120 in
2758 4069 2891 4122 caelis
2912 4079 2983 4121 est
3002 4068 3209 4137 (Matth.
3253 4086 3361 4132 xvi,
3390 4071 3470 4134 16,
3509 4072 3613 4142 l7).
3654 4074 3754 4127 Ista
3807 4087 3927 4126 reve-

2412 4158 2536 4210 latio
2588 4158 2699 4225 ipsa
2756 4166 2836 4211 est
2889 4159 3155 4211 attractio.
3216 4157 3347 4210 Dum
3398 4161 3538 4213 enim
3583 4162 3753 4215 dixit:
3784 4161 3925 4215 Nemo

2407 4258 2564 4315 potest
2593 4247 2760 4299 venire
2782 4247 2848 4298 ad
2870 4264 2966 4309 me,
2995 4248 3093 4299 nisi
3118 4246 3275 4301 Pater
3292 4250 3378 4316 qui
3401 4264 3481 4305 me
3504 4250 3662 4312 misit,
3689 4246 3928 4304 attraxerit

2407 4353 2542 4397 eum,
2574 4338 2823 4389 continuo
2852 4338 3154 4405 subjunxit:
3190 4337 3255 4391 Et
3283 4355 3373 4407 ego
3404 4341 3714 4394 resuscitabo
3742 4356 3849 4393 cum
3882 4337 3926 4387 iu

763 4434 817 4477 et
842 4426 892 4476 in
924 4424 1150 4477 Patrem.
1180 4426 1309 4489 Quia
1349 4428 1477 4478 sicut
1512 4427 1657 4478 habet
1688 4430 1842 4479 vitum
1868 4427 2023 4478 Pater
2046 4430 2097 4479 in
2126 4439 2307 4480 semet-
2341 4436 2385 4490 ι)
2412 4424 2680 4475 novissimo
2726 4425 2826 4476 die.
2871 4424 3143 4479 Credendo
3176 4427 3315 4494 quod
3340 4436 3537 4495 sperat,
3561 4428 3761 4481 videbit
3811 4422 3927 4495 quod

764 4514 907 4579 ipso,
959 4514 1031 4565 sic
1058 4514 1195 4566 dedit
1244 4525 1287 4566 et
1318 4513 1457 4567 Filio
1507 4516 1660 4567 vitam
1715 4516 1898 4568 habere
1948 4517 1997 4568 in
2038 4518 2305 4583 semetipso

766 4602 942 4663 (Joan.
971 4618 1021 4659 v,
1048 4602 1153 4663 2(5).
1188 4601 1251 4653 L't
1278 4606 1462 4665 omnis,
1492 4608 1577 4672 qui
1629 4606 1757 4657 ridet
1791 4604 2015 4667 Filium,
2061 4615 2105 4656 et
2149 4605 2305 4657 credit

768 4691 821 4740 in
852 4707 985 4749 eum,
1012 4692 1191 4742 habeat
1229 4692 1381 4742 ritum
1437 4703 1695 4743 a'teruum.
1722 4693 1991 4745 Credcndo
2039 4703 2091 4745 et
2137 4703 2308 4746 trans-

761 4777 934 4829 eundo
963 4778 1027 4829 ad
1054 4779 1232 4838 vitam,
1267 4789 1511 4847 tanquam
1547 4780 1766 4847 primam
1794 4780 1932 4832 i.lain
1963 4782 2305 4834 resurrectio-

764 4880 883 4917 nem
911 4863 1086 4934 [.—lua.,
1121 4866 1285 4933 prima
1340 4868 1422 4919 illa
1457 4869 1884 4940 resurrectione].
1938 4870 2001 4922 Et
2030 4872 2149 4938 quia
2202 4885 2299 4922 non

764 4968 847 5004 est
895 4953 1041 5011 sola,
1088 4966 1133 5005 et
1167 4956 1475 5005 resuscitabo
1500 4994 1513 5015 ,
1566 4957 1752 5023 ittquit,
1784 4973 1897 5008 eum
1950 4960 1999 5010 in
2035 4960 2305 5010 novissimo

770 5042 868 5091 die.
898 5060 914 5091 ι
945 5042 1194 5108 Sequitur
1222 5062 1231 5094 :
1266 5044 1373 5111 Ego
1403 5061 1513 5096 sum
1542 5048 1685 5111 panis
1718 5048 1970 5113 rivus,qui
2000 5049 2061 5097 de
2085 5048 2203 5099 c0210
2217 5049 2303 5100 dc—

763 5129 951 5180 scendi.
984 5131 1103 5182 Ideo
1127 5134 1293 5197 panis.
1316 5134 1402 5200 qui
1428 5134 1560 5185 vita:
1596 5143 1647 5186 et
1668 5134 1782 5186 ideo
1811 5134 1934 5193 vita,
1955 5135 2150 5199 quiaile
2171 5136 2302 5188 corio

766 5220 1051 5281 descendit,
1071 5221 1274 5273 dicente
1306 5224 1416 5289 ipso
1442 5241 1452 5273 :
1488 5224 1595 5290 Ego
1623 5241 1732 5276 sum
1759 5225 1857 5285 ria,
1883 5226 2146 5283 reritas,et
2180 5226 2297 5277 vita.

766 5306 853 5358 llle
885 5318 964 5359 est
998 5312 1147 5375 panis
1179 5311 1714 5378 supersubstantialis,
1744 5314 1829 5379 qui
1874 5323 1929 5364 ut
1958 5314 2107 5366 nobis
2150 5313 2304 5365 detur

764 5397 997 5471 quotidie
1014 5397 1282 5463 deprecari
1305 5399 1571 5467 jubemur,
1589 5416 1707 5453 cum
1734 5402 1983 5455 Dominus
2018 5413 2196 5456 noster
2220 5402 2305 5457 Je-

767 5498 856 5535 sus
884 5485 1125 5539 Christus
1174 5503 1359 5555 panem
1390 5506 1445 5543 se
1479 5492 1683 5545 diccbat
1707 5493 1767 5543 de
1790 5493 1921 5545 cmlo
1951 5494 2302 5548 descendisse.

2412 4511 2581 4562 adhuc
2612 4525 2711 4563 non
2743 4511 2966 4564 videndo
2994 4511 3246 4576 credidit;
3292 4512 3631 4566 manducabit
3668 4513 3803 4581 quod
3829 4525 3928 4565 esu-

2411 4599 2516 4660 riit,
2545 4600 2819 4651 satiabitur
2844 4614 2907 4652 eo
2943 4600 3081 4667 quod
3117 4600 3247 4652 sitit.
3289 4598 3422 4653 Ubi?
3466 4600 3516 4651 in
3568 4600 3927 4655 resurrectione

2411 4698 2755 4741 mortuorum.
2772 4686 2901 4751 Quia
2917 4704 3004 4756 ego
3020 4688 3327 4740 resuscitabo
3349 4705 3461 4742 eum
3478 4690 3529 4743 in
3551 4694 3818 4746 novissimo
3839 4688 3923 4740 die.

2484 4777 2637 4828 Vnus.
2672 4776 2756 4828 45.
2789 4806 2857 4815 --
2887 4774 3139 4844 Scriptum
3184 4786 3254 4829 est
3297 4779 3431 4830 enim
3473 4780 3526 4831 in
3567 4778 3846 4848 prophetis:
3874 4772 3925 4824 Et

2409 4878 2554 4920 erunt
2598 4886 2767 4921 omnes
2819 4870 3059 4922 docibiles
3110 4870 3223 4923 Dei.
3281 4872 3454 4937 Quare
3501 4874 3600 4927 hoc
3636 4872 3759 4925 dicit
3798 4867 3923 4939 [Μεη

2412 4959 2571 5019 dixit;
2608 4960 2759 5026 Aug.,
2793 4958 2922 5033 dixi]
2954 4974 2986 5011 ο
3035 4957 3233 5012 Judzei?
3281 4962 3436 5016 Pater
3465 4976 3556 5015 vos
3593 4976 3694 5015 non
3730 4958 3919 5014 docuit:

2406 5047 2669 5113 quomodo
2700 5047 2917 5113 potestis
2943 5060 3024 5100 me
3044 5050 3392 5115 cognoscere?
3424 5047 3616 5102 Omnes
3643 5047 3782 5119 regni
3807 5046 3924 5100 illius

2408 5136 2647 5187 homines
2695 5134 2944 5188 docibiles
2972 5136 3061 5189 Dei
3089 5145 3262 5198 emat,
3288 5151 3389 5189 non
3425 5137 3491 5191 ab
3516 5136 3807 5191 hominibus
3850 5145 3924 5183 au-

2408 5224 2586 5285 diunt;
2620 5231 2671 5275 et
2700 5223 2742 5275 si
2767 5224 2833 5277 ab
2862 5225 3161 5277 hominibus
3188 5226 3425 5291 audiunt,
3460 5236 3633 5284 tamen
3680 5224 3812 5293 quod
3857 5220 3922 5271 in-

2409 5313 2646 5379 telligunt
2663 5314 2801 5367 intus
2817 5315 2988 5375 datur,
3015 5314 3157 5368 intus
3176 5325 3434 5379 coruscat,
3460 5318 3602 5371 intus
3616 5313 3881 5369 revelatur.
3902 5326 3917 5356 θ

2405 5402 2651 5457 Homines
2681 5402 2807 5457 foris
2828 5404 3041 5456 verbum
3074 5404 3262 5460 sonare
3285 5414 3527 5474 possunt,
3557 5403 3645 5458 sed
3670 5402 3720 5456 in
3749 5412 3919 5455 vanum

2405 5494 2662 5554 lahorant,
2685 5494 2783 5546 nisi
2809 5492 2948 5544 intus
2993 5492 3129 5546 Deus
3157 5493 3349 5547 docens
3376 5493 3576 5562 aperiat
3620 5506 3818 5547 sensus.
3847 5483 3922 5539 Ille

839 5607 858 5628 ιι
898 5597 1044 5660 Apud
1076 5611 1309 5652 sanctum
1339 5601 1716 5671 Augustinum,
1773 5613 1925 5657 tract.
1965 5620 2105 5668 xxvi,
2140 5621 2279 5659 num.
2332 5607 2373 5667 l,
2407 5606 2458 5669 Ei,

1773 5613 1925 5657 tract.
1965 5620 2105 5668 xui,
2140 5621 2279 5659 num.
2332 5607 2373 5667 l,
2407 5606 2458 5669 Ei,
2487 5608 2537 5669 li,
2562 5608 2614 5670 7,
2646 5608 2693 5665 9.
2733 5606 2813 5667 10,
2848 5605 2923 5669 ll,
2961 5606 3037 5667 1‘2,
3072 5607 3154 5670 15,
3187 5607 3362 5659 lii-9.0.
