4152 6186
286 376 388 431 8‘53

1085 354 1474 410 EXEGETICA.
1508 380 1572 389 ο-
1608 346 1950 403 ΟΟΜΜΕΝὙ.
1990 343 2052 395 IN
2092 341 2277 397 JOAN.
2319 369 2383 376 ι-
2422 336 2649 391 LIBJII.

3358 324 3457 380 834

286 491 367 536 est
394 476 485 533 Dei
514 472 771 533 docibilis,
802 482 956 536 quem
983 466 1120 519 Deus
1161 465 1301 517 intus
1330 459 1565 514 veritatis
1608 455 1820 509 instruit
1846 458 1893 515 Α
1919 462 2094 520 patres
2124 448 2437 509 inﬁdelium;
2469 452 2882 499 murmuratorcs
2911 448 3085 510 patres
3115 446 3466 492 murmurata

291 565 554 637 agnitione
580 566 633 613 et
661 570 858 610 amore.
889 552 1067 607 Omnis
1092 552 1176 620 qui
1204 550 1345 602 audit
1374 547 1517 618 (Ms,
1549 540 1766 613 audivit]
1795 559 1824 592 α

298 632 469 715 Patre,
497 661 544 703 et
562 648 760 709 didicit,
790 645 918 699 venit
948 643 1013 695 ad
1041 658 1135 693 me.
1160 638 1430 705 Quomodo
1456 635 1617 688 trahit
1641 632 1827 684 Pater?

297 741 538 797 Docendo
561 737 806 798 delectat,
821 749 923 787 non
946 731 1306 785 necessitatem
1333 725 1677 794 imponendo;
1707 720 1829 788 quia

296 846 452 889 nemo
491 828 802 884 necessitate
824 822 1007 883 credit,
1036 820 1127 873 sed
1155 818 1436 871 voluntate.
1484 814 1649 866 Filius
1692 813 1831 866 dirc—

298 925 409 985 ltat,
435 920 590 973 Pater
637 915 886 974 docebat;
932 912 1087 964 homo
1123 908 1211 976 qui
1264 905 1556 965 videbatur,
1588 900 1834 967 loqueba-

299 1022 409 1071 tur,
432 1009 521 1064 sed
542 1013 600 1058 ut
625 1004 763 1057 Deus
795 1003 847 1055 in
870 1000 1027 1055 corde
1053 995 1312 1050 audientis
1347 992 1569 1045 interius
1589 988 1831 1041 docebat.

302 1097 423 1151 Ideo
452 1091 721 1161 subiunxit
748 1108 760 1141 :

302 1233 310 1239 .
373 1182 529 1235 Vsus.
559 1178 645 1232 46.
668 1206 735 1217 -
758 1174 877 1229 Non
902 1173 1022 1242 quia
1046 1170 1251 1223 Patrem
1273 1168 1395 1221 vidit
1415 1166 1707 1235 quisquam,
1736 1163 1834 1214 nisi

305 1273 351 1324 is
375 1272 462 1339 qui
490 1279 559 1322 est
588 1285 620 1319 a
653 1266 779 1327 Deo,
809 1264 889 1316 hic
931 1260 1055 1312 uidit
1083 1259 1308 1311 Patrem.
1332 1256 1501 1309 Nolite
1525 1261 1708 1323 putare
1740 1251 1838 1303 Pa-

300 1338 439 1411 trem
466 1369 580 1409 esse
606 1351 863 1406 visibilem
892 1348 1071 1410 vobis;
1098 1358 1279 1398 inemo
1327 1343 1460 1395 vidit
1479 1341 1710 1401 Patrem,
1742 1338 1839 1390 nisi

297 1447 355 1499 vis
373 1444 463 1512 qui
488 1452 569 1496 est
592 1457 623 1495 a
651 1440 786 1503 Deo;
819 1438 903 1492 bic
940 1436 1071 1489 vidit
1110 1434 1337 1487 Patrem.
1389 1431 1499 1499 Ego
1527 1444 1642 1482 sum
1678 1442 1708 1479 a
1740 1425 1841 1477 Pa-

300 1542 407 1594 tre,
432 1539 487 1585 et
506 1531 622 1583 ideo
634 1529 841 1581 Patrem
865 1525 1036 1579 video.
1075 1542 1092 1573 ι
1126 1521 1261 1587 Quid
1287 1529 1368 1574 est
1393 1528 1565 1572 autem
1594 1531 1687 1570 vos
1706 1516 1843 1568 trahi

308 1637 338 1673 a
367 1619 541 1677 Patre.
570 1617 671 1670 nisi
700 1615 903 1668 discere
928 1628 956 1665 a
981 1611 1172 1664 Patre?
1196 1609 1330 1675 Quid
1358 1617 1440 1661 est
1465 1608 1667 1661 discere
1695 1620 1724 1657 a
1747 1605 1847 1657 Pa~

302 1723 408 1771 tre,
442 1710 540 1763 nisi
564 1707 743 1761 audire
769 1705 977 1758 Patrem
1015 1700 1139 1771 [Μσ.
1162 1740 1175 1764 ,
1217 1715 1246 1751 a
1266 1697 1476 1767 Patre]?
1506 1697 1571 1749 Et
1613 1695 1738 1762 quid
1766 1703 1846 1747 est

1930 540 2089 608 rum].
2114 538 2243 590 Nam
2293 536 2356 589 de
2404 549 2461 588 re
2503 532 2641 591 nulla
2678 532 2846 599 magis
2876 531 3037 583 Deum
3077 527 3354 581 offendisse
3386 526 3471 577 ille

1928 629 2149 698 populus
2167 627 2340 679 dictus
2359 632 2457 685 est,
2481 637 2636 690 quam
2664 629 2847 673 contra
2887 619 3049 672 Deum
3076 614 3470 678 murniuraiido.

1931 719 2050 771 Istco
2083 726 2136 770 et
2164 715 2413 768 Dominus
2437 727 2528 765 eos
2551 711 2729 762 volens
2774 708 3050 761 ostendere
3090 705 3268 758 talium
3301 704 3433 755 ﬁlios
3461 744 3472 760 ,

1933 808 2055 862 hinc
2080 807 2142 857 ad
2175 803 2321 875 [Ms..
2359 803 2487 869 hinc,
2509 809 2660 852 caute
2697 796 2808 867 eos]
2850 812 2940 849 eos
2974 796 3149 862 cmpit,
3177 792 3312 856 Quid
3343 809 3477 844 mur-

1934 894 2149 947 muratis
2177 893 2229 943 in
2274 890 2502 949 invicem,
2538 893 2971 945 murmuratores,
3006 882 3097 935 ﬁlii
3129 886 3478 933 murmurato-

1936 983 2087 1036 rum?
2116 980 2298 1033 Patres
2323 979 2473 1031 ῑεεδιτὶ
2500 992 2687 1028 manna
2713 974 3143 1026 manducaverunt
3164 1009 3176 1029 ,
3222 979 3266 1020 Pl
3296 968 3481 1019 ntortui

1936 1080 2093 1124 sunt:
2123 1085 2226 1123 non
2255 1067 2377 1135 quia
2409 1064 2603 1117 malum
2630 1072 2746 1116 erat
2801 1075 2990 1115 manna
3012 1100 3024 1121 ,
3075 1058 3166 1111 sed
3194 1056 3315 1124 quia
3350 1054 3483 1107 male

1941 1160 2409 1214 manducaverunt.
2452 1173 2468 1204 ι

2011 1267 2167 1319 Vens.
2196 1264 2279 1317 530.
2304 1260 2497 1313 ο--Ηὶε
2523 1270 2593 1312 est
2629 1259 2797 1325 punis,
2826 1256 2912 1325 qui
2956 1255 3018 1306 de
3046 1252 3169 1305 cado
3195 1249 3472 1302 descendit.

1948 1375 1964 1405 ι
2000 1355 2147 1407 liunc
2169 1366 2356 1421 panem
2386 1348 2702 1418 signiﬁcavit
2730 1360 2920 1397 manna
2942 1383 2955 1403 ,
3010 1342 3147 1395 hunc
3175 1354 3362 1407 panem
3416 1337 3485 1388 si-

1943 1444 2156 1515 gniﬁcat
2182 1442 2346 1493 altare
2378 1439 2491 1491 Dei.
2522 1436 2861 1489 Sacramenta
2889 1432 2993 1485 illic
3024 1428 3185 1501 [Μδη
3217 1425 3334 1495 illa]
3376 1423 3487 1477 lue»
3527 1431 3530 1433 ‘

1945 1514 2102 1585 runt;
2136 1531 2186 1583 in
2214 1528 2378 1597 signis
2421 1526 2627 1578 diversa
2657 1532 2814 1585 sunt;
2869 1522 2920 1573 in
2952 1536 3006 1572 re
3034 1534 3135 1586 qua
3188 1514 3489 1584 signiﬁcan-

1945 1630 2033 1674 tur
2059 1617 2204 1690 [Ms.,
2234 1632 2349 1684 quia
2375 1609 2750 1683 signiﬁcatur],
2800 1610 2947 1678 paria
2994 1616 3133 1660 sunt.
3180 1603 3487 1672 Apostoluni

1949 1708 2103 1761 audi:
2139 1704 2279 1757 Nolo
2309 1704 2466 1763 enim,
2491 1700 2679 1767 inquit,
2710 1714 2793 1750 vos
2842 1698 3076 1764 ignorare
3104 1693 3288 1760 fratres
3312 1730 3325 1751 ,
3373 1690 3490 1758 quia

308 1800 537 1853 audirea
558 1798 735 1857 Patre,
757 1794 857 1847 nisi
883 1793 1066 1845 audire
1086 1792 1313 1844 Verbum
1336 1788 1525 1847 Patris,
1552 1787 1602 1840 id
1631 1785 1843 1839 estme?
1878 1794 1920 1850 Β
1944 1803 2112 1861 patres
2135 1791 2295 1843 nostri
2315 1804 2485 1840 omnes
2534 1786 2624 1838 sub
2655 1784 2782 1835 nube
2810 1784 3050 1849 fuerunt,
3096 1788 3141 1831 et
3180 1794 3350 1830 omnes
3397 1792 3486 1844 per

318 1888 390 1940 Ne
416 1887 550 1940 forte
575 1899 700 1953 ergo
725 1897 845 1937 cum
885 1882 1002 1935 dico
1024 1880 1172 1933 vobis
1194 1894 1207 1931 :
1250 1877 1428 1931 Omnis
1455 1879 1542 1945 qui
1590 1875 1786 1928 audivit
1815 1891 1845 1926 a

322 1973 474 2025 Patre
502 1981 547 2022 et
571 1970 789 2031 didicit,
838 1968 1025 2021 dicatis
1071 1966 1208 2032 apud
1236 1980 1369 2017 vos:
1420 1964 1524 2017 Sed
1579 1977 1846 2030 nunquam

320 2061 543 2111 vidimus
568 2057 796 2119 Patrem,
824 2055 1083 2123 quomodo
1110 2062 1284 2106 autem
1336 2053 1541 2105 discere
1584 2051 1849 2118 potuimus

322 2166 350 2198 ιι
377 2146 627 2199 Patre?A
656 2144 853 2212 meipso
894 2143 1087 2195 audite.
1132 2141 1251 2193 Non
1303 2140 1423 2207 quia
1478 2138 1684 2190 Patrem
1726 2136 1846 2189 vidit

308 2238 604 2307 quisquam,
633 2240 719 2288 sed
765 2234 851 2305 qui
898 2241 970 2287 est
997 2249 1028 2283 (ι
1054 2230 1178 2293 Deo,
1207 2230 1287 2281 hic
1318 2228 1439 2281 ridit
1470 2227 1696 2285 Patrem.
1743 2226 1851 2298 Ego

324 2326 444 2379 novi
468 2308 694 2386 Patrem,
727 2324 793 2375 ab
828 2322 917 2375 illo
941 2336 1088 2383 sum;
1131 2320 1221 2373 sed
1246 2318 1508 2385 quomodo
1535 2318 1752 2371 verbum
1785 2318 1851 2370 ab

326 2412 425 2471 illo.
443 2409 591 2478 cujus
628 2417 710 2462 est
762 2408 978 2460 verbum
1004 2424 1015 2457 :
1045 2421 1147 2459 non
1189 2404 1328 2472 quod
1355 2411 1506 2478 sonat
1530 2411 1584 2455 et
1631 2403 1849 2465 transit,

323 2500 416 2553 sed
442 2472 579 2565 quod
608 2502 784 2548 manet
816 2508 934 2546 cum
962 2494 1167 2569 dicente
1189 2532 1202 2553 ,
1255 2499 1309 2545 et
1350 2472 1512 2543 trahit
1533 2489 1849 2542 audientem.

280 2616 284 2620 ~
327 2588 597 2656 Sequitur:
624 2584 804 2654 (Vens.
829 2582 915 2651 47)
946 2583 1104 2634 Amen
1142 2596 1291 2634 ainen
1316 2581 1430 2633 dico
1454 2580 1614 2643 vobis,
1642 2582 1728 2647 qui
1748 2595 1855 2631 cre-

324 2675 399 2726 dit
436 2676 489 2726 in
534 2688 634 2735 me,
659 2670 807 2723 habet
854 2674 1007 2722 vitam
1052 2678 1310 2721 cateruam.
1356 2668 1607 2721 Revelare
1653 2683 1710 2721 se
1760 2684 1852 2721 vo-

330 2762 444 2823 luit,
475 2761 601 2829 quid
634 2768 808 2814 esset:
838 2773 960 2811 nam
987 2757 1293 2824 compendio
1322 2758 1496 2811 dicere
1518 2758 1724 2824 potuit:
1755 2755 1853 2821 Qui

330 2849 494 2901 credit
519 2848 570 2900 in
591 2861 695 2910 me,
722 2846 878 2899 habet
901 2859 1001 2897 me.
1026 2844 1138 2914 Ipse
1166 2844 1306 2897 enim
1328 2842 1577 2897 Christus
1604 2858 1759 2896 verus
1778 2852 1859 2896 est

332 2937 488 2998 Deus,
515 2946 566 2989 et
596 2935 696 2987 vita
723 2943 939 2988 :eterna.
971 2932 1069 2999 Qui
1094 2947 1219 3000 ergo
1250 2934 1415 2986 credit
1438 2934 1489 2986 in
1517 2949 1617 2995 me,
1651 2933 1817 3001 inquit
1842 2972 1854 2994 ,
1905 2936 1913 2945 ’

334 3024 374 3075 it
395 3022 459 3077 ad
488 3035 590 3086 me,
618 3030 672 3075 et
707 3023 796 3088 qui
829 3022 870 3073 it
896 3022 959 3075 ad
986 3036 1091 3085 me,
1112 3021 1269 3074 habet
1291 3036 1393 3074 me.
1420 3020 1555 3085 Quid
1578 3028 1659 3074 est
1682 3032 1857 3077 autem

1946 1895 2086 1931 mare
2114 1878 2454 1934 transierunt,
2506 1885 2548 1925 et
2582 1888 2751 1923 omnes
2789 1872 2841 1922 iu
2893 1869 3066 1936 Moyse
3093 1867 3337 1933 baptisati
3375 1876 3490 1915 sunt

1946 1970 1999 2021 in
2023 1970 2150 2021 nube
2176 1976 2221 2018 et
2255 1967 2307 2017 in
2335 1965 2488 2023 muri,
2519 1972 2561 2014 et
2587 1976 2759 2012 autnes
2809 1958 3035 2011 canalem
3077 1971 3243 2007 escam
3286 1954 3493 2021 spiritu-

1947 2055 2044 2107 lem
2092 2052 2525 2104 manducarerunt
2568 2046 2614 2114 (1
2660 2045 2779 2098 (Ior.
2835 2062 2886 2106 κ,
2925 2044 2940 2094 l
2980 2044 3128 2111 seq.).
3190 2039 3491 2107 Spiritalcm

1947 2142 2145 2209 utique,
2175 2155 2275 2192 non
2312 2135 2656 2207 corporalem.
2706 2133 2942 2185 Alteram
2979 2131 3160 2203 {.‘iugq
3206 2126 3491 2197 spiritalem

1947 2231 2129 2300 utique
2176 2230 2458 2284 eamdem:
2493 2243 2613 2279 nam
2662 2221 2995 2293 corporalem
3047 2215 3320 2283 alteram],
3373 2215 3495 2282 quia

1950 2320 2024 2373 illi
2048 2334 2261 2381 manna,
2292 2332 2386 2370 nos
2422 2314 2561 2367 aliud
2590 2332 2601 2365 ε
2634 2313 2922 2380 spiritalem
2974 2320 3099 2361 vero
3149 2318 3306 2375 quam
3365 2317 3490 2365 nos;

1950 2410 2042 2463 sed
2063 2407 2213 2475 |.lls.,
2241 2406 2312 2476 et]
2338 2414 2510 2473 patres
2555 2402 2742 2464 nostri,
2772 2416 2873 2454 non
2922 2406 3098 2467 patres
3128 2396 3354 2458 illorum,
3383 2396 3498 2462 qui-

1952 2499 2050 2551 bus
2075 2510 2171 2548 nos
2206 2494 2404 2547 similes
2431 2506 2610 2544 sumus
2629 2530 2649 2552 ,
2697 2505 2799 2541 non
2843 2489 3035 2556 quibus
3061 2485 3132 2538 illi
3162 2483 3361 2537 similes
3389 2481 3500 2535 fuc-

1954 2596 2094 2642 runt.
2115 2584 2211 2637 Hic
2234 2593 2305 2636 est
2335 2597 2451 2650 ergo
2476 2581 2622 2649 panis
2648 2580 2709 2629 de
2737 2576 2856 2629 cado
2884 2575 3209 2634 descendens,
3229 2580 3281 2623 ut
3308 2571 3353 2624 si
3382 2570 3497 2640 quis

1953 2690 2015 2726 es:
2042 2676 2149 2742 ipso
2173 2672 2573 2731 manducauerit,
2602 2685 2701 2721 non
2748 2669 3017 2719 moriatur.
3055 2664 3157 2717 Sed
3181 2666 3328 2731 quod
3344 2662 3502 2730 perti-

1955 2774 2044 2815 net
2070 2764 2135 2816 ad
2161 2764 2410 2815 virtutem
2464 2759 2811 2820 sacramenti,
2853 2774 2954 2810 non
2978 2757 3118 2828 quod
3165 2754 3395 2824 pertinet
3428 2749 3493 2802 ad

1956 2851 2159 2905 visibile
2188 2856 2604 2910 sacramentum;
2633 2848 2721 2915 qui
2756 2847 3040 2899 manducat
3084 2845 3242 2903 intus,
3289 2858 3390 2895 non
3422 2841 3502 2893 t‘o-

1957 2941 2056 3001 ris;
2087 2940 2174 3007 qui
2210 2938 2489 2990 mamlucat
2515 2937 2566 2988 in
2595 2936 2751 2988 corde
2776 2973 2793 2998 ,
2844 2950 2944 2987 non
2978 2934 3067 3001 qui
3090 2930 3281 3000 premit
3330 2931 3500 2983 dente.

1958 3028 2137 3096 (Vsus.
2154 3027 2212 3078 5|
2228 3028 2265 3094 .)
2283 3024 2391 3093 Ego
2416 3040 2529 3077 sum
2550 3025 2698 3093 panis
2717 3025 2877 3083 vivus,
2902 3023 2988 3091 qui
3018 3023 3079 3075 de
3101 3020 3223 3074 caelo
3248 3017 3501 3071 descendi.

326 3109 527 3163 .habere
550 3108 665 3161 me?
687 3106 891 3160 Habere
922 3108 1081 3160 vitam
1112 3117 1383 3160 aeternam.
1406 3107 1626 3161 Mortem
1656 3123 1858 3162 assum-
1884 3109 1927 3168 C
1958 3115 2077 3168 ldeo
2102 3117 2139 3166 v;

1958 3115 2077 3168 ldeo
2102 3114 2269 3176 vivus,
2309 3113 2432 3179 quia
2467 3112 2531 3164 de
2554 3111 2687 3164 cmlo
2709 3110 2995 3164 descendit.
3024 3108 3096 3161 De
3132 3107 3265 3162 c0210
3291 3107 3507 3159 descen-

333 3196 437 3265 psit
461 3196 564 3249 vita
588 3206 802 3257 eterna,
826 3203 879 3249 et
905 3196 1036 3249 mori
1057 3194 1248 3258 voluit;
1280 3194 1373 3249 sed
1397 3195 1461 3249 de
1489 3203 1597 3257 tuo,
1626 3209 1659 3248 o
1682 3196 1856 3259 homo,

336 3303 439 3341 non
467 3288 533 3342 de
562 3302 656 3341 suo
680 3304 694 3339 :
724 3288 925 3355 accepit
949 3301 978 3339 a
1009 3293 1079 3349 te,
1107 3286 1195 3355 ubi
1229 3294 1524 3340 moreretur
1549 3302 1642 3356 pro
1670 3296 1737 3340 te.
1759 3287 1861 3339 As-

335 3376 555 3445 sumpsit
581 3374 710 3446 [Αι.,
731 3373 967 3445 Accepit]
997 3362 1128 3443 ergd
1155 3376 1260 3428 vita
1289 3384 1531 3437 mortem,
1562 3384 1621 3428 ut
1646 3377 1750 3428 vita
1774 3390 1863 3429 oc-

334 3466 533 3519 cideret
558 3474 798 3518 mortem.
817 3464 945 3517 Nam
969 3464 1077 3536 qui,
1095 3465 1281 3527 credit,
1308 3465 1498 3537 inquit,
1516 3466 1673 3518 habet
1699 3466 1861 3517 vitam

336 3561 621 3616 aeternam;
659 3568 764 3605 non
791 3568 907 3620 qua:
932 3546 1092 3621 patet,
1125 3554 1216 3607 sed
1240 3567 1355 3620 quae
1379 3554 1522 3606 latet.
1565 3555 1679 3607 Vita
1723 3555 1863 3607 enim

339 3654 556 3706 aeterna,
587 3643 815 3715 Verbum
849 3642 903 3696 in
941 3643 1196 3711 principio
1240 3644 1377 3709 apud
1411 3644 1573 3696 Deum
1619 3652 1771 3703 erat,
1813 3652 1865 3694 et

341 3733 479 3785 Deus
494 3739 608 3784 erat
638 3716 881 3794 Verbum,
913 3738 976 3803 et,
993 3736 1109 3783 erat
1147 3730 1253 3781 vita
1279 3728 1365 3781 lux
1406 3729 1693 3782 hominum.
1736 3727 1865 3781 Mori

336 3822 504 3882 venit,
529 3820 621 3874 sed
648 3820 803 3873 tertia
826 3819 909 3873 die
935 3820 1241 3874 resurrexit.

408 3909 566 3961 Vens.
596 3907 682 3970 48,
708 3907 796 3960 49.
816 3936 885 3946 —
909 3907 1021 3975 Ego
1050 3922 1184 3971 sum,
1208 3907 1394 3977 inquit,
1431 3908 1577 3976 panis
1618 3908 1749 3960 vitta.
1808 3908 1870 3960 Et

338 3997 480 4051 unde
502 3996 576 4050 illi
605 3996 942 4065 superbiant?
979 3996 1182 4058 Patres,
1211 3996 1395 4062 inquit,
1420 3998 1570 4048 vestri
1592 3998 1871 4049 manduca-

336 4080 518 4139 uerunt
544 4098 752 4149 manna,
777 4093 825 4137 et
848 4085 1035 4136 mcrtui
1057 4094 1193 4136 sunt.
1209 4082 1381 4148 Quare
1404 4072 1870 4146 manducaverunt,

336 4184 395 4227 et
444 4162 653 4227 mortui
680 4172 835 4226 sunt?
862 4170 993 4237 Quia
1044 4171 1183 4240 quod
1228 4170 1503 4232 videbant,
1549 4170 1868 4224 credebant:

342 4263 479 4329 quod
509 4276 612 4315 non
630 4261 892 4322 videbant,
908 4276 1012 4314 non
1042 4260 1417 4329 intelligebant.
1447 4260 1568 4313 Ideo
1592 4270 1767 4327 patres
1789 4276 1874 4315 ve-

342 4351 437 4403 stri
456 4388 471 4411 ,
506 4349 627 4417 quia
642 4348 839 4401 similes
863 4350 993 4402 estis
1017 4348 1244 4401 illorum.
1261 4347 1703 4400 Manducaverunt
1732 4349 1873 4416 Moy-

1959 3205 2037 3258 dit
2053 3213 2105 3257 et
2139 3217 2353 3265 manna,
2376 3201 2467 3255 sed
2493 3215 2682 3253 manna
2715 3199 2897 3253 umbra
2920 3208 3052 3260 erat,
3075 3198 3172 3252 ista
3196 3196 3387 3249 veritas
3406 3202 3505 3248 est.

1961 3294 2141 3361 (Vens.
2164 3291 2273 3362 52.)
2305 3290 2360 3345 Si
2386 3276 2500 3360 quis
2522 3291 2903 3343 manducarerit
2924 3305 2986 3341 ex
3004 3289 3098 3340 hoc
3124 3302 3272 3355 pane,
3306 3286 3431 3336 riret
3454 3284 3506 3335 in

1959 3389 2238 3441 wternum;
2267 3387 2313 3429 et
2342 3378 2490 3445 panis
2516 3391 2664 3446 quem
2681 3364 2782 3441 ego
2832 3375 2987 3437 dabo,
3016 3389 3135 3425 caro
3160 3388 3271 3424 mea
3317 3379 3388 3422 est
3416 3386 3506 3437 pro

1960 3468 2136 3520 mundi
2164 3468 2284 3519 vita.
2315 3465 2426 3519 Hoc
2453 3464 2663 3533 quando
2683 3472 2897 3531 caperet
2923 3478 3067 3523 caro,
3097 3461 3235 3529 quod
3259 3460 3390 3523 dixit
3416 3475 3505 3527 pa-

1962 3573 2081 3611 nem
2103 3557 2347 3610 carnem?
2380 3556 2604 3609 Vocatur
2631 3568 2775 3617 caro,
2805 3552 2945 3621 quod
2998 3567 3101 3605 non
3155 3551 3296 3618 capit
3334 3532 3457 3603 cai'o
3490 3565 3503 3600 :

1962 3654 2015 3699 et
2038 3647 2154 3699 ideo
2186 3646 2352 3713 magis
2388 3659 2489 3697 non
2542 3645 2682 3710 capit
2725 3657 2881 3704 caro,
2937 3642 3058 3710 quia
3096 3649 3315 3692 vocatur
3362 3654 3504 3693 caro.

1964 3732 2075 3786 Hoc
2102 3733 2243 3785 enim
2282 3732 2687 3796 exhorruerunt,
2716 3730 2814 3783 hoc
2845 3728 3207 3782 assimulatum
3250 3726 3400 3798 ιλιι,
3428 3742 3504 3778 as-

1965 3821 2279 3882 similatum;
2312 3820 2466 3889 Aug.,
2492 3819 2555 3873 ad
2576 3835 2634 3874 se
2680 3817 2923 3888 multum]
2953 3834 3071 3873 esse
3116 3818 3381 3878 dixerunt,
3411 3817 3509 3868 hoc

1966 3924 2070 3962 non
2092 3922 2244 3976 posse
2267 3906 2377 3959 ﬁeri
2407 3914 2740 3975 putaverunt.
2769 3898 2903 3958 Caro
2931 3922 3041 3958 mea
3077 3914 3171 3967 est,
3203 3903 3390 3971 inquit,
3418 3919 3511 3971 pro

1968 3995 2145 4047 mundi
2172 3994 2295 4046 vita.
2319 3992 2523 4065 Norunt
2546 3992 2724 4046 ﬁdeles
2755 4008 2948 4061 corpus
2974 3992 3204 4055 Christi,
3252 3992 3296 4044 si
3327 4004 3516 4058 corpus

1968 4081 2165 4136 Christi
2188 4095 2304 4134 esse
2329 4096 2433 4134 non
2460 4081 2745 4149 negligunt.
2777 4080 2934 4133 Fiant
2962 4096 3153 4150 corpus
3178 4080 3375 4135 Christi
3400 4119 3416 4143 ,
3470 4079 3515 4132 si

1971 4172 2149 4224 volunt
2178 4170 2355 4223 vivere
2382 4171 2444 4223 de
2469 4170 2653 4237 spiritu
2684 4168 2898 4222 Christi.
2961 4170 3032 4223 De
3087 4171 3271 4239 spiritu
3317 4170 3514 4226 Christi

1972 4278 2075 4315 non
2095 4261 2245 4325 vivit,
2276 4260 2377 4327 nisi
2410 4274 2601 4327 corpus
2624 4258 2838 4314 Christi.
2882 4279 2900 4311 ο
2931 4258 3161 4329 Quisque
3186 4262 3363 4315 vivere
3384 4262 3510 4321 vult.

1972 4350 2155 4403 credat
2181 4349 2232 4400 in
2256 4346 2542 4408 Christum,
2580 4346 2861 4399 manducet
2890 4346 3198 4415 spiritaliter
3225 4348 3516 4416 spiritalem

346 4455 431 4493 ses
448 4448 495 4492 et
516 4438 709 4501 Aaron,
731 4446 785 4491 et
814 4437 990 4492 caeteri
1028 4436 1196 4490 sancti
1222 4440 1311 4503 qui
1365 4435 1578 4489 luerunt
1606 4437 1656 4489 in
1682 4407 1872 4505 populo
1899 4407 1948 4466 θ
1973 4438 2165 4491 cibum.
2191 4436 2561 4505 lncorporetur
2604 4436 2813 4504 corpori
2856 4407 3074 4499 Christi,
3098 4407 3279 4490 ct'non
3302 4419 3371 4491 sit
3417 4455 3514 4507 pu-

348 4543 554 4589 manna,
586 4536 635 4581 et
666 4543 768 4581 non
797 4536 916 4581 sunt
946 4526 1158 4589 mortui,
1193 4526 1314 4593 quia
1358 4526 1663 4593 spiritaliter
1689 4523 1870 4579 visibi-

346 4614 452 4665 lem
471 4614 642 4666 cibum
668 4614 1063 4679 intellexerunt,
1119 4613 1422 4684 spiritaliter
1459 4614 1696 4667 esuriunt
1722 4612 1869 4683 [.lls.,

350 4697 695 4767 esurierunt];
738 4720 755 4750 ι
786 4701 871 4753 alii
898 4717 1022 4754 vero
1072 4703 1516 4755 manducaverunt
1550 4709 1603 4754 et
1629 4715 1871 4769 perman-

352 4796 534 4842 serunt
566 4788 616 4840 in
643 4788 976 4855 indelitate;
1008 4792 1144 4845 sicut
1158 4790 1321 4844 Judzei
1349 4792 1624 4863 audierunt
1661 4791 1875 4858 loquen-

354 4887 458 4930 tem
479 4876 863 4937 Christum,sed
888 4894 990 4932 non
1017 4880 1322 4947 spiritaliter
1343 4880 1502 4933 verba
1529 4878 1643 4946 ejus
1677 4880 1879 4933 intelle-

355 4975 570 5031 xerunt;
603 4966 720 5020 ideo
748 4966 879 5019 dixit
899 4967 1013 5020 eis:
1046 4967 1226 5022 Patres
1255 4970 1403 5022 vestri
1444 4970 1877 5021 manducaverunt

354 5068 542 5105 manna
565 5055 617 5106 in
636 5052 855 5118 deserto,
881 5061 928 5106 et
965 5052 1123 5121 528
1149 5058 1334 5107 mortui
1358 5066 1495 5108 sunt.
1528 5055 1638 5119 Qua
1679 5063 1845 5109 morte
1863 5094 1877 5113 .

356 5140 456 5195 nisi
486 5140 837 5195 inﬁdelitatis?
873 5142 1004 5195 Nam
1046 5144 1304 5195 communi
1331 5138 1514 5197 'morte
1534 5142 1723 5198 mortui
1761 5152 1885 5195 sunt

353 5241 407 5285 et
433 5227 597 5283 sancti
621 5227 711 5293 qui
750 5225 961 5282 fuerunt
987 5230 1122 5283 inter
1166 5244 1276 5283 eos.
1314 5228 1434 5283 ldco
1475 5232 1700 5300 signavit
1728 5230 1878 5300 [Ms.,

354 5312 686 5385 signiﬁcavit]
710 5312 960 5368 Dominus
984 5316 1067 5369 bis
1110 5315 1281 5372 verbis
1312 5323 1533 5368 mortem
1558 5317 1844 5386 spiritalem
1864 5356 1878 5379 ,

356 5419 459 5457 non
485 5402 766 5457 carnalem.
797 5418 816 5451 ι
853 5400 1037 5455 Patres
1073 5417 1200 5472 ergo
1250 5403 1485 5462 istorum,
1512 5403 1564 5455 id
1589 5414 1702 5465 est,
1760 5404 1881 5458 mali

352 5496 528 5555 patres
553 5490 831 5552 malorum,
870 5487 1102 5541 inﬁdeles
1121 5499 1318 5557 patres,
1344 5490 1576 5544 inﬁdeles
1592 5506 1884 5549 murmura-

360 5586 516 5640 torcs,
537 5585 711 5645 patres
732 5587 1172 5633 murmuratorum
1198 5576 1319 5647 [.lls.
1360 5588 1407 5631 et
1438 5580 1562 5647 Aug.
1592 5620 1604 5642 ,
1655 5582 1885 5637 inﬁdeles

1977 4526 2168 4579 tridum
2194 4528 2506 4587 membrum,
2534 4526 2675 4595 quod
2707 4526 2937 4581 resecari
2981 4537 3248 4580 mereatur
3271 4527 3402 4597 [ΑΛ.
3431 4529 3519 4581 de-

1974 4610 2137 4683 beat].
2164 4612 2245 4667 Sit
2270 4613 2565 4681 pulchrum,
2590 4614 2658 4666 sit
2683 4629 2887 4676 sanum,
2916 4614 2986 4666 sit
3014 4622 3192 4681 aptum
3220 4616 3377 4682 capiti
3400 4630 3513 4667 suo.

1976 4699 2155 4767 (Vsus.
2320 4701 2611 4769 Litigabant
2640 4717 2757 4768 ergo
2784 4698 2960 4752 Juda'i
2995 4700 3061 4751 ad
3105 4701 3316 4752 invicem
3346 4702 3519 4753 dicen-

1975 4796 2047 4838 tes
2074 4800 2092 4835 :
2128 4785 2397 4850 Quomodo
2421 4797 2580 4855 potest
2618 4790 2701 4840 hic
2730 4788 2871 4840 nobis
2893 4804 3096 4841 carnem
3122 4805 3268 4841 suam
3292 4789 3415 4841 dare
3450 4790 3516 4840 ad

1976 4874 2429 4927 manducandum?
2460 4896 2476 4923 ε
2516 4876 2815 4943 Litigabant
2838 4877 3017 4943 utique
3045 4879 3109 4930 ad
3136 4878 3377 4940 invicem,
3396 4894 3521 4946 quo-

1976 4962 2116 5014 niam
2141 4976 2328 5028 panem
2352 4962 2643 5013 concordim
2667 4976 2769 5013 non
2792 4962 3167 5031 intelligebant,
3184 4980 3280 5017 nec
3309 4980 3519 5020 sumere

1978 5049 2221 5101 volebant
2247 5044 2269 5099 ε’
2291 5063 2409 5101 nam
2440 5050 2528 5117 qui
2560 5051 2877 5103 mandmant
2908 5051 3061 5107 talem
3090 5066 3299 5119 panem,
3329 5069 3430 5105 non
3461 5055 3521 5107 li-

1978 5140 2145 5209 tigant
2173 5139 2239 5192 ad
2286 5140 2538 5202 invicem;
2587 5141 2835 5207 quoniam
2874 5157 3007 5194 unus
3040 5143 3191 5210 panis
3216 5159 3375 5196 unum
3406 5160 3521 5198 cor-

1979 5245 2078 5297 pr...
2098 5230 2247 5283 multi
2268 5244 2467 5290 sumus,
2494 5239 2545 5282 et
2567 5245 2664 5297 per
2684 5231 2827 5284 hunc
2856 5230 2983 5286 facit
3007 5233 3145 5285 Deus
3174 5234 3329 5287 unius
3355 5238 3521 5288 moris

1978 5316 2217 5370 habitare
2242 5317 2293 5371 in
2321 5316 2473 5369 domo
2501 5314 2551 5384 (1
2580 5314 2701 5368 Cor.
2727 5332 2780 5379 ς,
2802 5318 2898 5381 l7;
2929 5316 3075 5370 Psal.
3098 5335 3258 5382 uvis,
3282 5319 3519 5389 7).Qucti

1978 5418 2153 5462 autem
2179 5410 2247 5462 ad
2268 5409 2489 5462 invicem
2520 5409 2787 5478 litigantes
2826 5418 3085 5479 qua:an
3114 5410 3377 5478 quomodo
3402 5427 3519 5479 pos-

1981 5498 2048 5551 sit
2077 5496 2328 5550 Dominus
2355 5511 2569 5553 carnem
2608 5512 2755 5550 suam
2804 5500 2931 5553 dare
2957 5500 3022 5552 ad
3057 5499 3476 5554 manducandum
3504 5542 3517 5561 ,

1984 5602 2084 5637 non
2116 5586 2291 5638 statim
2316 5584 2471 5639 edunt
2491 5578 2665 5655 (Anq,
2699 5584 2959 5654 audiunt],
2980 5586 3069 5640 sed
3094 5587 3263 5639 adhuc
3292 5588 3371 5641 cis
3394 5590 3520 5643 dici—
