  <div class='ocr_page' id='page_1' title='image "/cluster/home/n/w/nwhite01/storage/ocr_20150623/100/uva.x000827058/425.png"; bbox 0 0 4152 6222; ppageno 0'>
   <div class='ocr_carea' id='block_1_1' title="bbox 700 370 2340 457">
    <p class='ocr_par' dir='ltr' id='par_1_1' title="bbox 700 370 2340 457">
     <span class='ocr_line' id='line_1_1' title="bbox 700 370 2340 457; baseline -0.009 -2"><span class='ocrx_word' id='word_1_1' title='bbox 700 370 809 457; x_wconf 66' lang='lat'><strong>833</strong></span> <span class='ocrx_word' id='word_1_2' title='bbox 1505 399 1569 452; x_wconf 66' lang='grc' dir='ltr'><strong>Β.</strong></span> <span class='ocrx_word' id='word_1_3' title='bbox 1607 396 1666 451; x_wconf 76' lang='lat' dir='ltr'><strong>r.</strong></span> <span class='ocrx_word' id='word_1_4' title='bbox 1701 395 1919 451; x_wconf 57' lang='grc' dir='ltr'>Λωίδι</span> <span class='ocrx_word' id='word_1_5' title='bbox 1958 392 2087 448; x_wconf 75' lang='lat' dir='ltr'><strong>seu</strong></span> <span class='ocrx_word' id='word_1_6' title='bbox 2126 390 2340 445; x_wconf 75' lang='lat' dir='ltr'><strong>ALcm:</strong></span> 
     </span>
    </p>
   </div>
   <div class='ocr_carea' id='block_1_2' title="bbox 2239 370 3879 457">
    <p class='ocr_par' dir='ltr' id='par_1_2' title="bbox 2239 385 3879 444">
     <span class='ocr_line' id='line_1_2' title="bbox 2239 385 3879 444; baseline -0.002 0"><span class='ocrx_word' id='word_1_7' title='bbox 2239 390 2393 444; x_wconf 66' lang='lat' dir='ltr'><strong>Illel</strong></span> <span class='ocrx_word' id='word_1_8' title='bbox 2431 386 2709 443; x_wconf 70' lang='grc' dir='ltr'>θρεκωι</span> <span class='ocrx_word' id='word_1_9' title='bbox 2745 386 2920 439; x_wconf 70' lang='lat' dir='ltr'><strong>PARS</strong></span> <span class='ocrx_word' id='word_1_10' title='bbox 2956 385 3015 437; x_wconf 79' lang='lat' dir='ltr'><strong>lt.</strong></span> <span class='ocrx_word' id='word_1_11' title='bbox 3785 386 3879 440; x_wconf 65' lang='lat'><strong>336</strong></span> 
     </span>
    </p>
   </div>
   <div class='ocr_carea' id='block_1_3' title="bbox 706 488 3881 580">
    <p class='ocr_par' dir='ltr' id='par_1_3' title="bbox 706 488 3881 580">
     <span class='ocr_line' id='line_1_3' title="bbox 706 488 3881 580; baseline -0.005 -16"><span class='ocrx_word' id='word_1_12' title='bbox 706 520 795 564; x_wconf 90' lang='lat' dir='ltr'><strong>tur</strong></span> <span class='ocrx_word' id='word_1_13' title='bbox 821 528 833 562; x_wconf 91' lang='lat'>:</span> <span class='ocrx_word' id='word_1_14' title='bbox 863 508 1045 580; x_wconf 79' lang='lat' dir='ltr'><strong>(Vens.</strong></span> <span class='ocrx_word' id='word_1_15' title='bbox 1091 508 1179 578; x_wconf 66' lang='grc'><strong>54)</strong></span> <span class='ocrx_word' id='word_1_16' title='bbox 1208 508 1370 561; x_wconf 74' lang='lat' dir='ltr'><strong>Amen</strong></span> <span class='ocrx_word' id='word_1_17' title='bbox 1397 523 1543 559; x_wconf 84' lang='lat' dir='ltr'><strong>amen</strong></span> <span class='ocrx_word' id='word_1_18' title='bbox 1572 506 1686 557; x_wconf 82' lang='lat' dir='ltr'><strong><em>dico</em></strong></span> <span class='ocrx_word' id='word_1_19' title='bbox 1713 505 1869 565; x_wconf 73' lang='lat' dir='ltr'><strong>vobis,</strong></span> <span class='ocrx_word' id='word_1_20' title='bbox 1904 503 2003 555; x_wconf 75' lang='lat' dir='ltr'><strong>nisi</strong></span> <span class='ocrx_word' id='word_1_21' title='bbox 2029 501 2245 553; x_wconf 74' lang='lat' dir='ltr'><strong>mandu-</strong></span> <span class='ocrx_word' id='word_1_22' title='bbox 2276 506 2319 563; x_wconf 72' lang='grc' dir='ltr'>Α</span> <span class='ocrx_word' id='word_1_23' title='bbox 2347 496 2466 549; x_wconf 71' lang='lat' dir='ltr'><strong>liter</strong></span> <span class='ocrx_word' id='word_1_24' title='bbox 2493 494 2608 561; x_wconf 87' lang='lat' dir='ltr'><strong>ejus</strong></span> <span class='ocrx_word' id='word_1_25' title='bbox 2631 507 2861 554; x_wconf 83' lang='lat' dir='ltr'><strong>carnem,</strong></span> <span class='ocrx_word' id='word_1_26' title='bbox 2890 491 3013 545; x_wconf 86' lang='lat' dir='ltr'><strong>licet</strong></span> <span class='ocrx_word' id='word_1_27' title='bbox 3033 488 3321 544; x_wconf 82' lang='lat' dir='ltr'><strong>camaliter</strong></span> <span class='ocrx_word' id='word_1_28' title='bbox 3356 499 3410 546; x_wconf 81' lang='lat' dir='ltr'><strong>et</strong></span> <span class='ocrx_word' id='word_1_29' title='bbox 3455 492 3735 549; x_wconf 77' lang='lat' dir='ltr'><strong>visibiliter</strong></span> <span class='ocrx_word' id='word_1_30' title='bbox 3773 502 3881 564; x_wconf 88' lang='lat' dir='ltr'><strong>p:e-</strong></span> 
     </span>
    </p>
   </div>
   <div class='ocr_carea' id='block_1_4' title="bbox 700 593 2246 662">
    <p class='ocr_par' dir='ltr' id='par_1_4' title="bbox 700 593 2246 662">
     <span class='ocr_line' id='line_1_4' title="bbox 700 593 2246 662; baseline -0.006 -10"><span class='ocrx_word' id='word_1_31' title='bbox 700 617 764 652; x_wconf 75' lang='lat' dir='ltr'><strong>ea</strong></span> <span class='ocrx_word' id='word_1_32' title='bbox 776 600 940 653; x_wconf 78' lang='lat' dir='ltr'><strong>veritis</strong></span> <span class='ocrx_word' id='word_1_33' title='bbox 964 615 1167 652; x_wconf 83' lang='lat' dir='ltr'><strong>carnem</strong></span> <span class='ocrx_word' id='word_1_34' title='bbox 1189 595 1316 650; x_wconf 78' lang='lat' dir='ltr'><strong>Filii</strong></span> <span class='ocrx_word' id='word_1_35' title='bbox 1341 597 1577 658; x_wconf 77' lang='lat' dir='ltr'><strong>hominis,</strong></span> <span class='ocrx_word' id='word_1_36' title='bbox 1596 606 1642 648; x_wconf 81' lang='lat' dir='ltr'><strong>et</strong></span> <span class='ocrx_word' id='word_1_37' title='bbox 1660 594 1883 647; x_wconf 69' lang='lat' dir='ltr'><strong>bibet-itis</strong></span> <span class='ocrx_word' id='word_1_38' title='bbox 1907 595 2016 662; x_wconf 82' lang='lat' dir='ltr'><strong>ejus</strong></span> <span class='ocrx_word' id='word_1_39' title='bbox 2039 593 2246 661; x_wconf 82' lang='lat' dir='ltr'><strong>sangui-</strong></span> 
     </span>
    </p>
   </div>
   <div class='ocr_carea' id='block_1_5' title="bbox 702 681 2245 754">
    <p class='ocr_par' dir='ltr' id='par_1_5' title="bbox 702 681 2245 754">
     <span class='ocr_line' id='line_1_5' title="bbox 702 681 2245 754; baseline -0.006 -12"><span class='ocrx_word' id='word_1_40' title='bbox 702 705 841 754; x_wconf 77' lang='lat' dir='ltr'><strong>nem,</strong></span> <span class='ocrx_word' id='word_1_41' title='bbox 867 705 965 742; x_wconf 81' lang='lat' dir='ltr'><strong>non</strong></span> <span class='ocrx_word' id='word_1_42' title='bbox 986 687 1233 741; x_wconf 73' lang='lat' dir='ltr'><strong>habebitis</strong></span> <span class='ocrx_word' id='word_1_43' title='bbox 1256 687 1412 739; x_wconf 77' lang='lat' dir='ltr'><strong>vitam</strong></span> <span class='ocrx_word' id='word_1_44' title='bbox 1453 685 1504 736; x_wconf 85' lang='lat' dir='ltr'><strong>in</strong></span> <span class='ocrx_word' id='word_1_45' title='bbox 1524 684 1682 737; x_wconf 73' lang='lat' dir='ltr'><strong>nobis.</strong></span> <span class='ocrx_word' id='word_1_46' title='bbox 1702 682 1984 747; x_wconf 78' lang='lat' dir='ltr'><strong>Quomodo</strong></span> <span class='ocrx_word' id='word_1_47' title='bbox 2035 681 2245 748; x_wconf 82' lang='lat' dir='ltr'><strong>quidem</strong></span> 
     </span>
    </p>
   </div>
   <div class='ocr_carea' id='block_1_6' title="bbox 706 769 2249 850">
    <p class='ocr_par' dir='ltr' id='par_1_6' title="bbox 706 769 2249 850">
     <span class='ocr_line' id='line_1_6' title="bbox 706 769 2249 850; baseline -0.006 -20"><span class='ocrx_word' id='word_1_48' title='bbox 706 777 860 830; x_wconf 89' lang='lat' dir='ltr'><strong>detur</strong></span> <span class='ocrx_word' id='word_1_49' title='bbox 885 775 1060 850; x_wconf 80' lang='lat' dir='ltr'><strong>[Aug.,</strong></span> <span class='ocrx_word' id='word_1_50' title='bbox 1084 772 1289 844; x_wconf 77' lang='lat' dir='ltr'><strong>edatur]</strong></span> <span class='ocrx_word' id='word_1_51' title='bbox 1310 784 1363 826; x_wconf 87' lang='lat' dir='ltr'><strong>et</strong></span> <span class='ocrx_word' id='word_1_52' title='bbox 1390 774 1632 841; x_wconf 80' lang='lat' dir='ltr'><strong>quisnam</strong></span> <span class='ocrx_word' id='word_1_53' title='bbox 1685 772 1870 825; x_wconf 90' lang='lat' dir='ltr'><strong>modus</strong></span> <span class='ocrx_word' id='word_1_54' title='bbox 1924 770 1993 823; x_wconf 87' lang='lat' dir='ltr'><strong>sit</strong></span> <span class='ocrx_word' id='word_1_55' title='bbox 2028 769 2249 822; x_wconf 88' lang='lat' dir='ltr'><strong>mandu-</strong></span> 
     </span>
    </p>
   </div>
   <div class='ocr_carea' id='block_1_7' title="bbox 704 858 2247 931">
    <p class='ocr_par' dir='ltr' id='par_1_7' title="bbox 704 858 2247 931">
     <span class='ocr_line' id='line_1_7' title="bbox 704 858 2247 931; baseline -0.005 -16"><span class='ocrx_word' id='word_1_56' title='bbox 704 864 859 917; x_wconf 87' lang='lat' dir='ltr'><strong>candi</strong></span> <span class='ocrx_word' id='word_1_57' title='bbox 885 864 1040 917; x_wconf 91' lang='lat' dir='ltr'><strong>istum</strong></span> <span class='ocrx_word' id='word_1_58' title='bbox 1063 876 1270 931; x_wconf 90' lang='lat' dir='ltr'><strong>panem,</strong></span> <span class='ocrx_word' id='word_1_59' title='bbox 1290 861 1573 929; x_wconf 71' lang='lat' dir='ltr'><strong>ignoratis:</strong></span> <span class='ocrx_word' id='word_1_60' title='bbox 1602 867 1965 912; x_wconf 69' lang='lat' dir='ltr'><strong>verumtamen</strong></span> <span class='ocrx_word' id='word_1_61' title='bbox 1981 858 2080 910; x_wconf 88' lang='lat' dir='ltr'><strong>nisi</strong></span> <span class='ocrx_word' id='word_1_62' title='bbox 2103 872 2247 909; x_wconf 90' lang='lat' dir='ltr'><strong>man-</strong></span> 
     </span>
    </p>
   </div>
   <div class='ocr_carea' id='block_1_8' title="bbox 708 946 2244 1014">
    <p class='ocr_par' dir='ltr' id='par_1_8' title="bbox 708 946 2244 1014">
     <span class='ocr_line' id='line_1_8' title="bbox 708 946 2244 1014; baseline -0.005 -10"><span class='ocrx_word' id='word_1_63' title='bbox 708 952 1025 1005; x_wconf 89' lang='lat' dir='ltr'><strong>ducaveritis</strong></span> <span class='ocrx_word' id='word_1_64' title='bbox 1057 965 1271 1004; x_wconf 89' lang='lat' dir='ltr'><strong>carnem</strong></span> <span class='ocrx_word' id='word_1_65' title='bbox 1308 949 1399 1002; x_wconf 82' lang='lat' dir='ltr'><strong>ﬁlii</strong></span> <span class='ocrx_word' id='word_1_66' title='bbox 1437 948 1667 1003; x_wconf 82' lang='lat' dir='ltr'><strong>hominis</strong></span> <span class='ocrx_word' id='word_1_67' title='bbox 1702 956 1758 1001; x_wconf 87' lang='lat' dir='ltr'><strong>et</strong></span> <span class='ocrx_word' id='word_1_68' title='bbox 1801 947 1916 1014; x_wconf 90' lang='lat' dir='ltr'><strong>ejus</strong></span> <span class='ocrx_word' id='word_1_69' title='bbox 1937 946 2244 1013; x_wconf 88' lang='lat' dir='ltr'><strong>sanguinem</strong></span> 
     </span>
    </p>
   </div>
   <div class='ocr_carea' id='block_1_9' title="bbox 708 1035 2245 1104">
    <p class='ocr_par' dir='ltr' id='par_1_9' title="bbox 708 1035 2245 1104">
     <span class='ocr_line' id='line_1_9' title="bbox 708 1035 2245 1104; baseline -0.003 -12"><span class='ocrx_word' id='word_1_70' title='bbox 708 1039 964 1104; x_wconf 89' lang='lat' dir='ltr'><strong>biberitis,</strong></span> <span class='ocrx_word' id='word_1_71' title='bbox 990 1054 1093 1092; x_wconf 90' lang='lat' dir='ltr'><strong>non</strong></span> <span class='ocrx_word' id='word_1_72' title='bbox 1124 1039 1331 1092; x_wconf 77' lang='lat' dir='ltr'><strong>habetis</strong></span> <span class='ocrx_word' id='word_1_73' title='bbox 1356 1039 1519 1091; x_wconf 88' lang='lat' dir='ltr'><strong>vitam</strong></span> <span class='ocrx_word' id='word_1_74' title='bbox 1538 1038 1589 1090; x_wconf 90' lang='lat' dir='ltr'><strong>in</strong></span> <span class='ocrx_word' id='word_1_75' title='bbox 1614 1037 1763 1091; x_wconf 83' lang='lat' dir='ltr'><strong>vobis</strong></span> <span class='ocrx_word' id='word_1_76' title='bbox 1784 1049 1829 1088; x_wconf 79' lang='grc' dir='ltr'><strong>ιι.</strong></span> <span class='ocrx_word' id='word_1_77' title='bbox 1856 1036 1981 1090; x_wconf 68' lang='lat' dir='ltr'><strong>Hmc</strong></span> <span class='ocrx_word' id='word_1_78' title='bbox 2010 1051 2113 1088; x_wconf 90' lang='lat' dir='ltr'><strong>non</strong></span> <span class='ocrx_word' id='word_1_79' title='bbox 2144 1035 2245 1088; x_wconf 86' lang='lat' dir='ltr'><strong>ita—</strong></span> 
     </span>
    </p>
   </div>
   <div class='ocr_carea' id='block_1_10' title="bbox 707 1125 2247 1198">
    <p class='ocr_par' dir='ltr' id='par_1_10' title="bbox 707 1125 2247 1198">
     <span class='ocr_line' id='line_1_10' title="bbox 707 1125 2247 1198; baseline -0.001 -18"><span class='ocrx_word' id='word_1_80' title='bbox 707 1142 809 1195; x_wconf 85' lang='lat' dir='ltr'><strong>que</strong></span> <span class='ocrx_word' id='word_1_81' title='bbox 843 1126 1022 1198; x_wconf 77' lang='lat' dir='ltr'><strong>[Aug.,</strong></span> <span class='ocrx_word' id='word_1_82' title='bbox 1050 1127 1255 1198; x_wconf 89' lang='lat' dir='ltr'><strong>utique]</strong></span> <span class='ocrx_word' id='word_1_83' title='bbox 1279 1128 1624 1182; x_wconf 78' lang='lat' dir='ltr'><strong>cadaveribus</strong></span> <span class='ocrx_word' id='word_1_84' title='bbox 1648 1167 1662 1189; x_wconf 95' lang='lat'><strong>,</strong></span> <span class='ocrx_word' id='word_1_85' title='bbox 1720 1126 1809 1179; x_wconf 90' lang='lat' dir='ltr'><strong>sed</strong></span> <span class='ocrx_word' id='word_1_86' title='bbox 1851 1126 2147 1181; x_wconf 77' lang='lat' dir='ltr'><strong>viventibus</strong></span> <span class='ocrx_word' id='word_1_87' title='bbox 2175 1125 2247 1179; x_wconf 88' lang='lat' dir='ltr'><strong>lo—</strong></span> 
     </span>
    </p>
   </div>
   <div class='ocr_carea' id='block_1_11' title="bbox 706 1198 2247 1283">
    <p class='ocr_par' dir='ltr' id='par_1_11' title="bbox 706 1198 2247 1283">
     <span class='ocr_line' id='line_1_11' title="bbox 706 1198 2247 1283; baseline -0.002 -15"><span class='ocrx_word' id='word_1_88' title='bbox 706 1218 983 1283; x_wconf 87' lang='lat' dir='ltr'><strong>quebatur.</strong></span> <span class='ocrx_word' id='word_1_89' title='bbox 1011 1216 1159 1270; x_wconf 88' lang='lat' dir='ltr'><strong>Unde</strong></span> <span class='ocrx_word' id='word_1_90' title='bbox 1192 1232 1257 1269; x_wconf 89' lang='lat' dir='ltr'><strong>ne</strong></span> <span class='ocrx_word' id='word_1_91' title='bbox 1292 1198 1447 1270; x_wconf 79' lang='lat' dir='ltr'><strong>istam</strong></span> <span class='ocrx_word' id='word_1_92' title='bbox 1475 1216 1637 1269; x_wconf 89' lang='lat' dir='ltr'><strong>vitam</strong></span> <span class='ocrx_word' id='word_1_93' title='bbox 1667 1214 2013 1283; x_wconf 85' lang='lat' dir='ltr'><strong>intelligentes</strong></span> <span class='ocrx_word' id='word_1_94' title='bbox 2035 1215 2099 1267; x_wconf 90' lang='lat' dir='ltr'><strong>de</strong></span> <span class='ocrx_word' id='word_1_95' title='bbox 2148 1214 2247 1266; x_wconf 81' lang='lat' dir='ltr'><strong>bac</strong></span> 
     </span>
    </p>
   </div>
   <div class='ocr_carea' id='block_1_12' title="bbox 699 1304 1589 1373">
    <p class='ocr_par' dir='ltr' id='par_1_12' title="bbox 699 1304 1589 1373">
     <span class='ocr_line' id='line_1_12' title="bbox 699 1304 1589 1373; baseline 0 -15"><span class='ocrx_word' id='word_1_96' title='bbox 699 1322 763 1359; x_wconf 77' lang='lat' dir='ltr'><strong>re</strong></span> <span class='ocrx_word' id='word_1_97' title='bbox 792 1307 1076 1373; x_wconf 87' lang='lat' dir='ltr'><strong>litigarent,</strong></span> <span class='ocrx_word' id='word_1_98' title='bbox 1100 1314 1313 1359; x_wconf 88' lang='lat' dir='ltr'><strong>secutus</strong></span> <span class='ocrx_word' id='word_1_99' title='bbox 1332 1304 1589 1373; x_wconf 81' lang='lat' dir='ltr'><strong>adjunxit.</strong></span> 
     </span>
    </p>
   </div>
   <div class='ocr_carea' id='block_1_13' title="bbox 781 1391 2248 1462">
    <p class='ocr_par' dir='ltr' id='par_1_13' title="bbox 781 1391 2248 1462">
     <span class='ocr_line' id='line_1_13' title="bbox 781 1391 2248 1462; baseline -0.003 -14"><span class='ocrx_word' id='word_1_100' title='bbox 781 1393 939 1462; x_wconf 75' lang='lat'><strong>529</strong></span> <span class='ocrx_word' id='word_1_101' title='bbox 960 1393 1122 1455; x_wconf 70' lang='lat' dir='ltr'><strong>Vsus.</strong></span> <span class='ocrx_word' id='word_1_102' title='bbox 1142 1392 1310 1445; x_wconf 85' lang='lat'><strong>55.-—</strong></span> <span class='ocrx_word' id='word_1_103' title='bbox 1337 1391 1439 1457; x_wconf 76' lang='lat' dir='ltr'><strong>Qui</strong></span> <span class='ocrx_word' id='word_1_104' title='bbox 1460 1394 1736 1447; x_wconf 73' lang='lat' dir='ltr'><strong>manducet</strong></span> <span class='ocrx_word' id='word_1_105' title='bbox 1768 1409 1929 1446; x_wconf 81' lang='lat' dir='ltr'><strong>meam</strong></span> <span class='ocrx_word' id='word_1_106' title='bbox 1954 1408 2179 1453; x_wconf 76' lang='lat' dir='ltr'><strong>carnem,</strong></span> <span class='ocrx_word' id='word_1_107' title='bbox 2200 1399 2248 1443; x_wconf 88' lang='lat' dir='ltr'><strong>et</strong></span> 
     </span>
    </p>
   </div>
   <div class='ocr_carea' id='block_1_14' title="bbox 700 1480 2250 1548">
    <p class='ocr_par' dir='ltr' id='par_1_14' title="bbox 700 1480 2250 1548">
     <span class='ocr_line' id='line_1_14' title="bbox 700 1480 2250 1548; baseline -0.001 -16"><span class='ocrx_word' id='word_1_108' title='bbox 700 1480 829 1532; x_wconf 80' lang='lat' dir='ltr'><strong>bibit</strong></span> <span class='ocrx_word' id='word_1_109' title='bbox 846 1497 1011 1533; x_wconf 87' lang='lat' dir='ltr'><strong>meum</strong></span> <span class='ocrx_word' id='word_1_110' title='bbox 1026 1481 1343 1548; x_wconf 71' lang='lat' dir='ltr'><strong>sanguinem,</strong></span> <span class='ocrx_word' id='word_1_111' title='bbox 1357 1480 1503 1533; x_wconf 81' lang='lat' dir='ltr'><strong>habet</strong></span> <span class='ocrx_word' id='word_1_112' title='bbox 1519 1482 1670 1534; x_wconf 77' lang='lat' dir='ltr'><strong>vitam</strong></span> <span class='ocrx_word' id='word_1_113' title='bbox 1686 1491 1947 1534; x_wconf 77' lang='lat' dir='ltr'><strong>wteraaat.</strong></span> <span class='ocrx_word' id='word_1_114' title='bbox 1960 1480 2109 1534; x_wconf 80' lang='lat' dir='ltr'><strong>Hanc</strong></span> <span class='ocrx_word' id='word_1_115' title='bbox 2120 1493 2250 1547; x_wconf 85' lang='lat' dir='ltr'><strong>ergo</strong></span> 
     </span>
    </p>
   </div>
   <div class='ocr_carea' id='block_1_15' title="bbox 700 1567 2249 1635">
    <p class='ocr_par' dir='ltr' id='par_1_15' title="bbox 700 1567 2249 1635">
     <span class='ocr_line' id='line_1_15' title="bbox 700 1567 2249 1635; baseline 0.001 -16"><span class='ocrx_word' id='word_1_116' title='bbox 700 1583 810 1621; x_wconf 82' lang='lat' dir='ltr'><strong>non</strong></span> <span class='ocrx_word' id='word_1_117' title='bbox 837 1568 1013 1630; x_wconf 83' lang='lat' dir='ltr'><strong>habet,</strong></span> <span class='ocrx_word' id='word_1_118' title='bbox 1037 1567 1127 1635; x_wconf 91' lang='lat' dir='ltr'><strong>qui</strong></span> <span class='ocrx_word' id='word_1_119' title='bbox 1152 1568 1309 1620; x_wconf 89' lang='lat' dir='ltr'><strong>istum</strong></span> <span class='ocrx_word' id='word_1_120' title='bbox 1324 1582 1513 1635; x_wconf 81' lang='lat' dir='ltr'><strong>panem</strong></span> <span class='ocrx_word' id='word_1_121' title='bbox 1527 1582 1631 1621; x_wconf 84' lang='lat' dir='ltr'><strong>non</strong></span> <span class='ocrx_word' id='word_1_122' title='bbox 1658 1585 1777 1623; x_wconf 88' lang='lat' dir='ltr'><strong>man</strong></span> <span class='ocrx_word' id='word_1_123' title='bbox 1800 1570 1958 1630; x_wconf 88' lang='lat' dir='ltr'><strong>&#39;ucat,</strong></span> <span class='ocrx_word' id='word_1_124' title='bbox 1973 1583 2069 1622; x_wconf 91' lang='lat' dir='ltr'><strong>nec</strong></span> <span class='ocrx_word' id='word_1_125' title='bbox 2092 1569 2249 1621; x_wconf 83' lang='lat' dir='ltr'><strong>istum</strong></span> 
     </span>
    </p>
   </div>
   <div class='ocr_carea' id='block_1_16' title="bbox 706 1656 2250 1726">
    <p class='ocr_par' dir='ltr' id='par_1_16' title="bbox 706 1656 2250 1726">
     <span class='ocr_line' id='line_1_16' title="bbox 706 1656 2250 1726; baseline -0.002 -16"><span class='ocrx_word' id='word_1_126' title='bbox 706 1658 1015 1726; x_wconf 84' lang='lat' dir='ltr'><strong>sanguinem</strong></span> <span class='ocrx_word' id='word_1_127' title='bbox 1035 1657 1198 1719; x_wconf 85' lang='lat' dir='ltr'><strong>bibit;</strong></span> <span class='ocrx_word' id='word_1_128' title='bbox 1216 1670 1339 1709; x_wconf 85' lang='lat' dir='ltr'><strong>nam</strong></span> <span class='ocrx_word' id='word_1_129' title='bbox 1358 1657 1704 1724; x_wconf 79' lang='lat' dir='ltr'><strong>temporalem</strong></span> <span class='ocrx_word' id='word_1_130' title='bbox 1726 1658 1888 1709; x_wconf 80' lang='lat' dir='ltr'><strong>vitam</strong></span> <span class='ocrx_word' id='word_1_131' title='bbox 1904 1658 2016 1711; x_wconf 86' lang='lat' dir='ltr'><strong>sine</strong></span> <span class='ocrx_word' id='word_1_132' title='bbox 2036 1656 2142 1718; x_wconf 85' lang='lat' dir='ltr'><strong>illo,</strong></span> <span class='ocrx_word' id='word_1_133' title='bbox 2167 1664 2250 1708; x_wconf 86' lang='lat' dir='ltr'><strong>ut-</strong></span> 
     </span>
    </p>
   </div>
   <div class='ocr_carea' id='block_1_17' title="bbox 706 1746 2250 1816">
    <p class='ocr_par' dir='ltr' id='par_1_17' title="bbox 706 1746 2250 1816">
     <span class='ocr_line' id='line_1_17' title="bbox 706 1746 2250 1816; baseline -0.003 -14"><span class='ocrx_word' id='word_1_134' title='bbox 706 1763 916 1816; x_wconf 86' lang='lat' dir='ltr'><strong>cunque</strong></span> <span class='ocrx_word' id='word_1_135' title='bbox 952 1746 1194 1802; x_wconf 77' lang='lat' dir='ltr'><strong>homines</strong></span> <span class='ocrx_word' id='word_1_136' title='bbox 1242 1746 1294 1800; x_wconf 91' lang='lat' dir='ltr'><strong>in</strong></span> <span class='ocrx_word' id='word_1_137' title='bbox 1333 1747 1433 1800; x_wconf 88' lang='lat' dir='ltr'><strong>hoc</strong></span> <span class='ocrx_word' id='word_1_138' title='bbox 1462 1748 1673 1811; x_wconf 62' lang='lat' dir='ltr'><strong>saeculo,</strong></span> <span class='ocrx_word' id='word_1_139' title='bbox 1716 1748 1805 1816; x_wconf 89' lang='lat' dir='ltr'><strong>qui</strong></span> <span class='ocrx_word' id='word_1_140' title='bbox 1852 1762 1957 1801; x_wconf 88' lang='lat' dir='ltr'><strong>non</strong></span> <span class='ocrx_word' id='word_1_141' title='bbox 1995 1755 2117 1801; x_wconf 90' lang='lat' dir='ltr'><strong>sunt</strong></span> <span class='ocrx_word' id='word_1_142' title='bbox 2154 1761 2250 1815; x_wconf 90' lang='lat' dir='ltr'><strong>per</strong></span> 
     </span>
    </p>
   </div>
   <div class='ocr_carea' id='block_1_18' title="bbox 2349 581 3883 653">
    <p class='ocr_par' dir='ltr' id='par_1_18' title="bbox 2349 581 3883 653">
     <span class='ocr_line' id='line_1_18' title="bbox 2349 581 3883 653; baseline 0.002 -17"><span class='ocrx_word' id='word_1_143' title='bbox 2349 592 2457 637; x_wconf 86' lang='lat' dir='ltr'><strong>mat</strong></span> <span class='ocrx_word' id='word_1_144' title='bbox 2499 581 2787 653; x_wconf 88' lang='lat' dir='ltr'><strong>[dentibus]</strong></span> <span class='ocrx_word' id='word_1_145' title='bbox 2831 588 3218 635; x_wconf 76' lang='lat' dir='ltr'><strong>sacramentum</strong></span> <span class='ocrx_word' id='word_1_146' title='bbox 3248 584 3486 649; x_wconf 87' lang='lat' dir='ltr'><strong>corporis</strong></span> <span class='ocrx_word' id='word_1_147' title='bbox 3534 593 3590 638; x_wconf 91' lang='lat' dir='ltr'><strong>et</strong></span> <span class='ocrx_word' id='word_1_148' title='bbox 3620 588 3883 653; x_wconf 68' lang='lat' dir='ltr'><strong>sanguinis</strong></span> 
     </span>
    </p>
   </div>
   <div class='ocr_carea' id='block_1_19' title="bbox 2346 668 3882 740">
    <p class='ocr_par' dir='ltr' id='par_1_19' title="bbox 2346 668 3882 740">
     <span class='ocr_line' id='line_1_19' title="bbox 2346 668 3882 740; baseline 0 -15"><span class='ocrx_word' id='word_1_149' title='bbox 2346 671 2572 735; x_wconf 84' lang='lat' dir='ltr'><strong>Christi;</strong></span> <span class='ocrx_word' id='word_1_150' title='bbox 2602 671 2694 723; x_wconf 91' lang='lat' dir='ltr'><strong>sed</strong></span> <span class='ocrx_word' id='word_1_151' title='bbox 2738 668 2905 737; x_wconf 85' lang='lat' dir='ltr'><strong>magis</strong></span> <span class='ocrx_word' id='word_1_152' title='bbox 2942 676 3098 721; x_wconf 65' lang='lat' dir='ltr'><strong>tantae</strong></span> <span class='ocrx_word' id='word_1_153' title='bbox 3144 670 3216 722; x_wconf 88' lang='lat' dir='ltr'><strong>rei</strong></span> <span class='ocrx_word' id='word_1_154' title='bbox 3245 679 3635 726; x_wconf 82' lang='lat' dir='ltr'><strong>sacramentum</strong></span> <span class='ocrx_word' id='word_1_155' title='bbox 3663 674 3730 725; x_wconf 83' lang='lat' dir='ltr'><strong>ad</strong></span> <span class='ocrx_word' id='word_1_156' title='bbox 3749 672 3882 740; x_wconf 79' lang='lat' dir='ltr'><strong>judi-</strong></span> 
     </span>
    </p>
   </div>
   <div class='ocr_carea' id='block_1_20' title="bbox 2346 754 3884 830">
    <p class='ocr_par' dir='ltr' id='par_1_20' title="bbox 2346 754 3884 830">
     <span class='ocr_line' id='line_1_20' title="bbox 2346 754 3884 830; baseline 0.001 -16"><span class='ocrx_word' id='word_1_157' title='bbox 2346 763 2486 815; x_wconf 86' lang='lat' dir='ltr'><strong>cium</strong></span> <span class='ocrx_word' id='word_1_158' title='bbox 2516 761 2614 815; x_wconf 82' lang='lat' dir='ltr'><strong>sibi</strong></span> <span class='ocrx_word' id='word_1_159' title='bbox 2661 761 2945 812; x_wconf 79' lang='lat' dir='ltr'><strong>manducat</strong></span> <span class='ocrx_word' id='word_1_160' title='bbox 2986 767 3039 811; x_wconf 89' lang='lat' dir='ltr'><strong>ct</strong></span> <span class='ocrx_word' id='word_1_161' title='bbox 3079 754 3228 823; x_wconf 87' lang='lat' dir='ltr'><strong>bibit,</strong></span> <span class='ocrx_word' id='word_1_162' title='bbox 3267 760 3387 828; x_wconf 85' lang='lat' dir='ltr'><strong>quia</strong></span> <span class='ocrx_word' id='word_1_163' title='bbox 3414 761 3719 817; x_wconf 84' lang='lat' dir='ltr'><strong>immundus</strong></span> <span class='ocrx_word' id='word_1_164' title='bbox 3759 778 3884 830; x_wconf 70' lang='lat' dir='ltr'><strong>pra:-</strong></span> 
     </span>
    </p>
   </div>
   <div class='ocr_carea' id='block_1_21' title="bbox 2347 848 3885 921">
    <p class='ocr_par' dir='ltr' id='par_1_21' title="bbox 2347 848 3885 921">
     <span class='ocr_line' id='line_1_21' title="bbox 2347 848 3885 921; baseline 0.002 -17"><span class='ocrx_word' id='word_1_165' title='bbox 2347 851 2569 918; x_wconf 85' lang='lat' dir='ltr'><strong>sumpsit</strong></span> <span class='ocrx_word' id='word_1_166' title='bbox 2605 850 2670 903; x_wconf 84' lang='lat' dir='ltr'><strong>ad</strong></span> <span class='ocrx_word' id='word_1_167' title='bbox 2713 848 2911 903; x_wconf 84' lang='lat' dir='ltr'><strong>Christi</strong></span> <span class='ocrx_word' id='word_1_168' title='bbox 2938 849 3188 903; x_wconf 78' lang='lat' dir='ltr'><strong>accedere</strong></span> <span class='ocrx_word' id='word_1_169' title='bbox 3224 861 3574 915; x_wconf 81' lang='lat' dir='ltr'><strong>sacramenta,</strong></span> <span class='ocrx_word' id='word_1_170' title='bbox 3608 869 3730 921; x_wconf 76' lang='lat' dir='ltr'><strong>quze</strong></span> <span class='ocrx_word' id='word_1_171' title='bbox 3758 855 3885 908; x_wconf 86' lang='lat' dir='ltr'><strong>alius</strong></span> 
     </span>
    </p>
   </div>
   <div class='ocr_carea' id='block_1_22' title="bbox 2348 936 3880 1010">
    <p class='ocr_par' dir='ltr' id='par_1_22' title="bbox 2348 936 3880 1010">
     <span class='ocr_line' id='line_1_22' title="bbox 2348 936 3880 1010; baseline 0.003 -17"><span class='ocrx_word' id='word_1_172' title='bbox 2348 939 2525 1010; x_wconf 75' lang='lat' dir='ltr'><strong>[Aug.,</strong></span> <span class='ocrx_word' id='word_1_173' title='bbox 2547 955 2663 1007; x_wconf 73' lang='lat' dir='ltr'><strong>qua:</strong></span> <span class='ocrx_word' id='word_1_174' title='bbox 2692 936 2902 1007; x_wconf 86' lang='lat' dir='ltr'><strong>aliquis]</strong></span> <span class='ocrx_word' id='word_1_175' title='bbox 2930 953 3031 991; x_wconf 91' lang='lat' dir='ltr'><strong>non</strong></span> <span class='ocrx_word' id='word_1_176' title='bbox 3074 938 3229 1005; x_wconf 82' lang='lat' dir='ltr'><strong>digne</strong></span> <span class='ocrx_word' id='word_1_177' title='bbox 3256 942 3434 1003; x_wconf 80' lang='lat' dir='ltr'><strong>sumit,</strong></span> <span class='ocrx_word' id='word_1_178' title='bbox 3472 944 3575 996; x_wconf 85' lang='lat' dir='ltr'><strong>nisi</strong></span> <span class='ocrx_word' id='word_1_179' title='bbox 3604 945 3700 1010; x_wconf 87' lang='lat' dir='ltr'><strong>qui</strong></span> <span class='ocrx_word' id='word_1_180' title='bbox 3746 960 3880 997; x_wconf 85' lang='lat' dir='ltr'><strong>mun-</strong></span> 
     </span>
    </p>
   </div>
   <div class='ocr_carea' id='block_1_23' title="bbox 2347 1026 3888 1097">
    <p class='ocr_par' dir='ltr' id='par_1_23' title="bbox 2347 1026 3888 1097">
     <span class='ocr_line' id='line_1_23' title="bbox 2347 1026 3888 1097; baseline 0.003 -16"><span class='ocrx_word' id='word_1_181' title='bbox 2347 1029 2444 1081; x_wconf 90' lang='lat' dir='ltr'><strong>dus</strong></span> <span class='ocrx_word' id='word_1_182' title='bbox 2471 1036 2573 1090; x_wconf 88' lang='lat' dir='ltr'><strong>est,</strong></span> <span class='ocrx_word' id='word_1_183' title='bbox 2600 1028 2665 1080; x_wconf 89' lang='lat' dir='ltr'><strong>de</strong></span> <span class='ocrx_word' id='word_1_184' title='bbox 2686 1027 2882 1095; x_wconf 89' lang='lat' dir='ltr'><strong>quibus</strong></span> <span class='ocrx_word' id='word_1_185' title='bbox 2908 1026 3099 1079; x_wconf 86' lang='lat' dir='ltr'><strong>dicitur</strong></span> <span class='ocrx_word' id='word_1_186' title='bbox 3132 1045 3144 1079; x_wconf 91' lang='lat'>:</span> <span class='ocrx_word' id='word_1_187' title='bbox 3172 1027 3319 1079; x_wconf 74' lang='lat' dir='ltr'><strong>Beati</strong></span> <span class='ocrx_word' id='word_1_188' title='bbox 3347 1031 3535 1082; x_wconf 79' lang='lat' dir='ltr'><strong>munde</strong></span> <span class='ocrx_word' id='word_1_189' title='bbox 3558 1033 3742 1094; x_wconf 78' lang='lat' dir='ltr'><strong>corde,</strong></span> <span class='ocrx_word' id='word_1_190' title='bbox 3770 1050 3888 1097; x_wconf 75' lang='lat' dir='ltr'><strong>quo-</strong></span> 
     </span>
    </p>
   </div>
   <div class='ocr_carea' id='block_1_24' title="bbox 2348 1114 3465 1187">
    <p class='ocr_par' dir='ltr' id='par_1_24' title="bbox 2348 1114 3465 1187">
     <span class='ocr_line' id='line_1_24' title="bbox 2348 1114 3465 1187; baseline 0.004 -20"><span class='ocrx_word' id='word_1_191' title='bbox 2348 1116 2486 1168; x_wconf 76' lang='lat' dir='ltr'><strong>uiam</strong></span> <span class='ocrx_word' id='word_1_192' title='bbox 2509 1117 2605 1183; x_wconf 80' lang='lat' dir='ltr'><strong>ipsi</strong></span> <span class='ocrx_word' id='word_1_193' title='bbox 2632 1115 2793 1167; x_wconf 88' lang='lat' dir='ltr'><strong>Deum</strong></span> <span class='ocrx_word' id='word_1_194' title='bbox 2812 1114 3049 1167; x_wconf 82' lang='lat' dir='ltr'><strong>videbunt</strong></span> <span class='ocrx_word' id='word_1_195' title='bbox 3071 1114 3280 1183; x_wconf 72' lang='lat' dir='ltr'><strong>(Matth.</strong></span> <span class='ocrx_word' id='word_1_196' title='bbox 3309 1134 3358 1179; x_wconf 91' lang='lat' dir='ltr'><strong>v,</strong></span> <span class='ocrx_word' id='word_1_197' title='bbox 3391 1119 3465 1187; x_wconf 81' lang='lat'><strong>8).</strong></span> 
     </span>
    </p>
   </div>
   <div class='ocr_carea' id='block_1_25' title="bbox 2416 1204 3885 1276">
    <p class='ocr_par' dir='ltr' id='par_1_25' title="bbox 2416 1204 3885 1276">
     <span class='ocr_line' id='line_1_25' title="bbox 2416 1204 3885 1276; baseline 0.003 -15"><span class='ocrx_word' id='word_1_198' title='bbox 2416 1208 2575 1261; x_wconf 77' lang='lat' dir='ltr'><strong>Vens.</strong></span> <span class='ocrx_word' id='word_1_199' title='bbox 2598 1206 2686 1261; x_wconf 76' lang='lat'><strong>58.</strong></span> <span class='ocrx_word' id='word_1_200' title='bbox 2710 1234 2781 1245; x_wconf 93' lang='lat'><strong><em>—</em></strong></span> <span class='ocrx_word' id='word_1_201' title='bbox 2805 1204 2952 1258; x_wconf 77' lang='lat' dir='ltr'><strong>Sicut</strong></span> <span class='ocrx_word' id='word_1_202' title='bbox 2993 1206 3132 1257; x_wconf 79' lang='lat' dir='ltr'><strong>misit</strong></span> <span class='ocrx_word' id='word_1_203' title='bbox 3158 1223 3258 1271; x_wconf 80' lang='lat' dir='ltr'><strong>me,</strong></span> <span class='ocrx_word' id='word_1_204' title='bbox 3287 1208 3480 1276; x_wconf 82' lang='lat' dir='ltr'><strong>inquit,</strong></span> <span class='ocrx_word' id='word_1_205' title='bbox 3511 1211 3688 1263; x_wconf 72' lang='lat' dir='ltr'><strong>viveres</strong></span> <span class='ocrx_word' id='word_1_206' title='bbox 3716 1211 3885 1275; x_wconf 83' lang='lat' dir='ltr'><strong>Pater,</strong></span> 
     </span>
    </p>
   </div>
   <div class='ocr_carea' id='block_1_26' title="bbox 2347 1294 3889 1371">
    <p class='ocr_par' dir='ltr' id='par_1_26' title="bbox 2347 1294 3889 1371">
     <span class='ocr_line' id='line_1_26' title="bbox 2347 1294 3889 1371; baseline 0.003 -22"><span class='ocrx_word' id='word_1_207' title='bbox 2347 1307 2391 1349; x_wconf 90' lang='lat' dir='ltr'><strong>et</strong></span> <span class='ocrx_word' id='word_1_208' title='bbox 2412 1314 2503 1366; x_wconf 85' lang='lat' dir='ltr'><strong>ego</strong></span> <span class='ocrx_word' id='word_1_209' title='bbox 2533 1298 2642 1350; x_wconf 74' lang='lat' dir='ltr'><strong>vivo</strong></span> <span class='ocrx_word' id='word_1_210' title='bbox 2670 1305 2873 1366; x_wconf 79' lang='lat' dir='ltr'><strong>propter</strong></span> <span class='ocrx_word' id='word_1_211' title='bbox 2916 1294 3140 1371; x_wconf 80' lang='lat' dir='ltr'><strong>Patrem.</strong></span> <span class='ocrx_word' id='word_1_212' title='bbox 3167 1295 3231 1348; x_wconf 77' lang='lat' dir='ltr'><strong>Et</strong></span> <span class='ocrx_word' id='word_1_213' title='bbox 3269 1299 3357 1366; x_wconf 78' lang='lat' dir='ltr'><strong>qui</strong></span> <span class='ocrx_word' id='word_1_214' title='bbox 3402 1300 3685 1353; x_wconf 68' lang='lat' dir='ltr'><strong>manducet</strong></span> <span class='ocrx_word' id='word_1_215' title='bbox 3713 1318 3813 1365; x_wconf 81' lang='lat' dir='ltr'><strong>me,</strong></span> <span class='ocrx_word' id='word_1_216' title='bbox 3846 1316 3889 1355; x_wconf 80' lang='lat' dir='ltr'><strong>et</strong></span> 
     </span>
    </p>
   </div>
   <div class='ocr_carea' id='block_1_27' title="bbox 2344 1385 3891 1457">
    <p class='ocr_par' dir='ltr' id='par_1_27' title="bbox 2344 1385 3891 1457">
     <span class='ocr_line' id='line_1_27' title="bbox 2344 1385 3891 1457; baseline 0.005 -22"><span class='ocrx_word' id='word_1_217' title='bbox 2344 1387 2451 1453; x_wconf 82' lang='lat' dir='ltr'><strong>ipse</strong></span> <span class='ocrx_word' id='word_1_218' title='bbox 2502 1387 2623 1439; x_wconf 82' lang='lat' dir='ltr'><strong>vivit</strong></span> <span class='ocrx_word' id='word_1_219' title='bbox 2663 1394 2867 1455; x_wconf 83' lang='lat' dir='ltr'><strong>propter</strong></span> <span class='ocrx_word' id='word_1_220' title='bbox 2914 1399 3011 1436; x_wconf 85' lang='lat' dir='ltr'><strong>me.</strong></span> <span class='ocrx_word' id='word_1_221' title='bbox 3065 1385 3175 1437; x_wconf 81' lang='lat' dir='ltr'><strong>Non</strong></span> <span class='ocrx_word' id='word_1_222' title='bbox 3218 1386 3370 1438; x_wconf 88' lang='lat' dir='ltr'><strong>enim</strong></span> <span class='ocrx_word' id='word_1_223' title='bbox 3398 1386 3563 1441; x_wconf 85' lang='lat' dir='ltr'><strong>Filius</strong></span> <span class='ocrx_word' id='word_1_224' title='bbox 3606 1391 3891 1457; x_wconf 82' lang='lat' dir='ltr'><strong>participa—</strong></span> 
     </span>
    </p>
   </div>
   <div class='ocr_carea' id='block_1_28' title="bbox 2348 1472 3891 1543">
    <p class='ocr_par' dir='ltr' id='par_1_28' title="bbox 2348 1472 3891 1543">
     <span class='ocr_line' id='line_1_28' title="bbox 2348 1472 3891 1543; baseline -0.001 -17"><span class='ocrx_word' id='word_1_225' title='bbox 2348 1475 2491 1528; x_wconf 83' lang='lat' dir='ltr'><strong>tione</strong></span> <span class='ocrx_word' id='word_1_226' title='bbox 2513 1475 2690 1528; x_wconf 86' lang='lat' dir='ltr'><strong>Patris</strong></span> <span class='ocrx_word' id='word_1_227' title='bbox 2717 1476 2775 1525; x_wconf 81' lang='lat' dir='ltr'><strong>tit</strong></span> <span class='ocrx_word' id='word_1_228' title='bbox 2806 1472 3009 1535; x_wconf 81' lang='lat' dir='ltr'><strong>melior,</strong></span> <span class='ocrx_word' id='word_1_229' title='bbox 3038 1473 3127 1539; x_wconf 85' lang='lat' dir='ltr'><strong>qui</strong></span> <span class='ocrx_word' id='word_1_230' title='bbox 3170 1474 3251 1526; x_wconf 79' lang='lat' dir='ltr'><strong>est</strong></span> <span class='ocrx_word' id='word_1_231' title='bbox 3286 1484 3443 1528; x_wconf 76' lang='lat' dir='ltr'><strong>nauis</strong></span> <span class='ocrx_word' id='word_1_232' title='bbox 3469 1476 3724 1543; x_wconf 72' lang='lat' dir='ltr'><strong>aequalis;</strong></span> <span class='ocrx_word' id='word_1_233' title='bbox 3763 1474 3891 1526; x_wconf 90' lang='lat' dir='ltr'><strong>sicut</strong></span> 
     </span>
    </p>
   </div>
   <div class='ocr_carea' id='block_1_29' title="bbox 2347 1562 3887 1632">
    <p class='ocr_par' dir='ltr' id='par_1_29' title="bbox 2347 1562 3887 1632">
     <span class='ocr_line' id='line_1_29' title="bbox 2347 1562 3887 1632; baseline -0.002 -15"><span class='ocrx_word' id='word_1_234' title='bbox 2347 1564 2679 1632; x_wconf 80' lang='lat' dir='ltr'><strong>participatio</strong></span> <span class='ocrx_word' id='word_1_235' title='bbox 2711 1562 2830 1616; x_wconf 80' lang='lat' dir='ltr'><strong>Filii</strong></span> <span class='ocrx_word' id='word_1_236' title='bbox 2852 1576 2952 1629; x_wconf 83' lang='lat' dir='ltr'><strong>per</strong></span> <span class='ocrx_word' id='word_1_237' title='bbox 2988 1562 3242 1615; x_wconf 82' lang='lat' dir='ltr'><strong>unitatem</strong></span> <span class='ocrx_word' id='word_1_238' title='bbox 3272 1563 3510 1632; x_wconf 88' lang='lat' dir='ltr'><strong>corporis</strong></span> <span class='ocrx_word' id='word_1_239' title='bbox 3534 1562 3653 1630; x_wconf 88' lang='lat' dir='ltr'><strong>ejus</strong></span> <span class='ocrx_word' id='word_1_240' title='bbox 3675 1571 3732 1617; x_wconf 88' lang='lat' dir='ltr'><strong>et</strong></span> <span class='ocrx_word' id='word_1_241' title='bbox 3767 1578 3887 1616; x_wconf 84' lang='lat' dir='ltr'><strong>sau-</strong></span> 
     </span>
    </p>
   </div>
   <div class='ocr_carea' id='block_1_30' title="bbox 2348 1649 3891 1723">
    <p class='ocr_par' dir='ltr' id='par_1_30' title="bbox 2348 1649 3891 1723">
     <span class='ocr_line' id='line_1_30' title="bbox 2348 1649 3891 1723; baseline -0.003 -16"><span class='ocrx_word' id='word_1_242' title='bbox 2348 1654 2540 1723; x_wconf 86' lang='lat' dir='ltr'><strong>guinis,</strong></span> <span class='ocrx_word' id='word_1_243' title='bbox 2562 1668 2681 1721; x_wconf 72' lang='lat' dir='ltr'><strong>qua:</strong></span> <span class='ocrx_word' id='word_1_244' title='bbox 2710 1651 2837 1723; x_wconf 73' lang='grc' dir='ltr'><strong>[Μσ.</strong></span> <span class='ocrx_word' id='word_1_245' title='bbox 2859 1690 2869 1714; x_wconf 85' lang='grc'><strong>,</strong></span> <span class='ocrx_word' id='word_1_246' title='bbox 2894 1649 3059 1720; x_wconf 72' lang='lat' dir='ltr'><strong>quod]</strong></span> <span class='ocrx_word' id='word_1_247' title='bbox 3091 1651 3176 1705; x_wconf 89' lang='lat' dir='ltr'><strong>illa</strong></span> <span class='ocrx_word' id='word_1_248' title='bbox 3209 1653 3541 1707; x_wconf 85' lang='lat' dir='ltr'><strong>manducatio</strong></span> <span class='ocrx_word' id='word_1_249' title='bbox 3584 1654 3891 1722; x_wconf 84' lang='lat' dir='ltr'><strong>potatioque</strong></span> 
     </span>
    </p>
   </div>
   <div class='ocr_carea' id='block_1_31' title="bbox 2346 1738 3890 1810">
    <p class='ocr_par' dir='ltr' id='par_1_31' title="bbox 2346 1738 3890 1810">
     <span class='ocr_line' id='line_1_31' title="bbox 2346 1738 3890 1810; baseline 0.001 -16"><span class='ocrx_word' id='word_1_250' title='bbox 2346 1740 2630 1810; x_wconf 79' lang='lat' dir='ltr'><strong>significat,</strong></span> <span class='ocrx_word' id='word_1_251' title='bbox 2665 1739 2823 1795; x_wconf 66' lang='lat' dir='ltr'><strong>edicit</strong></span> <span class='ocrx_word' id='word_1_252' title='bbox 2874 1754 2969 1791; x_wconf 82' lang='lat' dir='ltr'><strong>nos</strong></span> <span class='ocrx_word' id='word_1_253' title='bbox 3020 1738 3282 1793; x_wconf 82' lang='lat' dir='ltr'><strong>meliores.</strong></span> <span class='ocrx_word' id='word_1_254' title='bbox 3330 1741 3564 1795; x_wconf 86' lang='lat' dir='ltr'><strong>Vivimus</strong></span> <span class='ocrx_word' id='word_1_255' title='bbox 3616 1756 3749 1810; x_wconf 88' lang='lat' dir='ltr'><strong>ergo</strong></span> <span class='ocrx_word' id='word_1_256' title='bbox 3802 1756 3890 1795; x_wconf 89' lang='lat' dir='ltr'><strong>nos</strong></span> 
     </span>
    </p>
   </div>
   <div class='ocr_carea' id='block_1_32' title="bbox 702 1819 3870 1904">
    <p class='ocr_par' dir='ltr' id='par_1_32' title="bbox 702 1819 3870 1904">
     <span class='ocr_line' id='line_1_32' title="bbox 702 1819 3870 1904; baseline -0.003 -15"><span class='ocrx_word' id='word_1_257' title='bbox 702 1836 864 1891; x_wconf 76' lang='lat' dir='ltr'><strong>ﬁdem</strong></span> <span class='ocrx_word' id='word_1_258' title='bbox 891 1836 944 1889; x_wconf 91' lang='lat' dir='ltr'><strong>in</strong></span> <span class='ocrx_word' id='word_1_259' title='bbox 965 1851 1185 1904; x_wconf 81' lang='lat' dir='ltr'><strong>corpore</strong></span> <span class='ocrx_word' id='word_1_260' title='bbox 1211 1835 1341 1903; x_wconf 88' lang='lat' dir='ltr'><strong>ejus,</strong></span> <span class='ocrx_word' id='word_1_261' title='bbox 1372 1838 1566 1890; x_wconf 85' lang='lat' dir='ltr'><strong>habere</strong></span> <span class='ocrx_word' id='word_1_262' title='bbox 1585 1846 1832 1903; x_wconf 84' lang='lat' dir='ltr'><strong>possunt;</strong></span> <span class='ocrx_word' id='word_1_263' title='bbox 1858 1847 2109 1890; x_wconf 66' lang='lat' dir='ltr'><strong>aeternam</strong></span> <span class='ocrx_word' id='word_1_264' title='bbox 2148 1851 2247 1888; x_wconf 86' lang='lat' dir='ltr'><strong>au-</strong></span> <span class='ocrx_word' id='word_1_265' title='bbox 2274 1819 2321 1879; x_wconf 78' lang='grc' dir='ltr'><strong>Β</strong></span> <span class='ocrx_word' id='word_1_266' title='bbox 2348 1840 2561 1899; x_wconf 83' lang='lat' dir='ltr'><strong>propter</strong></span> <span class='ocrx_word' id='word_1_267' title='bbox 2581 1832 2772 1899; x_wconf 88' lang='lat' dir='ltr'><strong>ipsum,</strong></span> <span class='ocrx_word' id='word_1_268' title='bbox 2800 1832 3175 1884; x_wconf 82' lang='lat' dir='ltr'><strong>manducantes</strong></span> <span class='ocrx_word' id='word_1_269' title='bbox 3200 1846 3343 1892; x_wconf 88' lang='lat' dir='ltr'><strong>eum,</strong></span> <span class='ocrx_word' id='word_1_270' title='bbox 3373 1832 3424 1883; x_wconf 91' lang='lat' dir='ltr'><strong>id</strong></span> <span class='ocrx_word' id='word_1_271' title='bbox 3453 1840 3552 1894; x_wconf 87' lang='lat' dir='ltr'><strong>est,</strong></span> <span class='ocrx_word' id='word_1_272' title='bbox 3586 1832 3769 1899; x_wconf 83' lang='lat' dir='ltr'><strong>ipsum</strong></span> <span class='ocrx_word' id='word_1_273' title='bbox 3811 1845 3870 1896; x_wconf 82' lang='lat' dir='ltr'><strong>ac.</strong></span> 
     </span>
    </p>
   </div>
   <div class='ocr_carea' id='block_1_33' title="bbox 677 1923 2244 1993">
    <p class='ocr_par' dir='ltr' id='par_1_33' title="bbox 677 1923 2244 1993">
     <span class='ocr_line' id='line_1_33' title="bbox 677 1923 2244 1993; baseline -0.003 -14"><span class='ocrx_word' id='word_1_274' title='bbox 677 1932 837 1987; x_wconf 80' lang='lat' dir='ltr'><strong>-tem,</strong></span> <span class='ocrx_word' id='word_1_275' title='bbox 871 1938 988 1993; x_wconf 72' lang='lat' dir='ltr'><strong>quae</strong></span> <span class='ocrx_word' id='word_1_276' title='bbox 1010 1924 1214 1977; x_wconf 78' lang='lat' dir='ltr'><strong>sanctis</strong></span> <span class='ocrx_word' id='word_1_277' title='bbox 1252 1924 1595 1993; x_wconf 86' lang='lat' dir='ltr'><strong>promittitur,</strong></span> <span class='ocrx_word' id='word_1_278' title='bbox 1616 1940 1906 1991; x_wconf 82' lang='lat' dir='ltr'><strong>nunquam.</strong></span> <span class='ocrx_word' id='word_1_279' title='bbox 1960 1923 2035 1976; x_wconf 80' lang='lat' dir='ltr'><strong>Ne</strong></span> <span class='ocrx_word' id='word_1_280' title='bbox 2070 1931 2244 1975; x_wconf 85' lang='lat' dir='ltr'><strong>autem</strong></span> 
     </span>
    </p>
   </div>
   <div class='ocr_carea' id='block_1_34' title="bbox 698 2013 2247 2084">
    <p class='ocr_par' dir='ltr' id='par_1_34' title="bbox 698 2013 2247 2084">
     <span class='ocr_line' id='line_1_34' title="bbox 698 2013 2247 2084; baseline 0.001 -18"><span class='ocrx_word' id='word_1_281' title='bbox 698 2021 949 2081; x_wconf 79' lang='lat' dir='ltr'><strong>putarent</strong></span> <span class='ocrx_word' id='word_1_282' title='bbox 977 2013 1055 2066; x_wconf 88' lang='lat' dir='ltr'><strong>sic</strong></span> <span class='ocrx_word' id='word_1_283' title='bbox 1079 2013 1130 2065; x_wconf 91' lang='lat' dir='ltr'><strong>in</strong></span> <span class='ocrx_word' id='word_1_284' title='bbox 1158 2014 1258 2065; x_wconf 90' lang='lat' dir='ltr'><strong>isto</strong></span> <span class='ocrx_word' id='word_1_285' title='bbox 1280 2013 1413 2083; x_wconf 89' lang='lat' dir='ltr'><strong>cibo</strong></span> <span class='ocrx_word' id='word_1_286' title='bbox 1435 2022 1487 2065; x_wconf 90' lang='lat' dir='ltr'><strong>et</strong></span> <span class='ocrx_word' id='word_1_287' title='bbox 1522 2023 1645 2081; x_wconf 89' lang='lat' dir='ltr'><strong>potu</strong></span> <span class='ocrx_word' id='word_1_288' title='bbox 1680 2013 1790 2084; x_wconf 89' lang='lat' dir='ltr'><strong>[eis</strong></span> <span class='ocrx_word' id='word_1_289' title='bbox 1817 2015 1906 2081; x_wconf 87' lang='lat' dir='ltr'><strong>qui</strong></span> <span class='ocrx_word' id='word_1_290' title='bbox 1946 2014 2067 2082; x_wconf 77' lang='lat' dir='ltr'><strong>(Ms.</strong></span> <span class='ocrx_word' id='word_1_291' title='bbox 2091 2054 2104 2077; x_wconf 94' lang='lat'><strong>,</strong></span> <span class='ocrx_word' id='word_1_292' title='bbox 2134 2014 2247 2079; x_wconf 85' lang='lat' dir='ltr'><strong>ejus</strong></span> 
     </span>
    </p>
   </div>
   <div class='ocr_carea' id='block_1_35' title="bbox 704 2101 2246 2171">
    <p class='ocr_par' dir='ltr' id='par_1_35' title="bbox 704 2101 2246 2171">
     <span class='ocr_line' id='line_1_35' title="bbox 704 2101 2246 2171; baseline 0 -16"><span class='ocrx_word' id='word_1_293' title='bbox 704 2102 840 2171; x_wconf 75' lang='lat' dir='ltr'><strong>qnce)</strong></span> <span class='ocrx_word' id='word_1_294' title='bbox 870 2102 1155 2154; x_wconf 80' lang='lat' dir='ltr'><strong>carnaliter</strong></span> <span class='ocrx_word' id='word_1_295' title='bbox 1174 2111 1388 2154; x_wconf 87' lang='lat' dir='ltr'><strong>sumunt</strong></span> <span class='ocrx_word' id='word_1_296' title='bbox 1411 2101 1540 2171; x_wconf 77' lang='lat'><strong>(.41.,</strong></span> <span class='ocrx_word' id='word_1_297' title='bbox 1571 2103 1825 2170; x_wconf 79' lang='lat' dir='ltr'><strong>sapiunt),</strong></span> <span class='ocrx_word' id='word_1_298' title='bbox 1843 2113 1894 2155; x_wconf 90' lang='lat' dir='ltr'><strong>et</strong></span> <span class='ocrx_word' id='word_1_299' title='bbox 1917 2118 2017 2157; x_wconf 90' lang='lat' dir='ltr'><strong>non</strong></span> <span class='ocrx_word' id='word_1_300' title='bbox 2041 2104 2246 2171; x_wconf 81' lang='lat' dir='ltr'><strong>Spirali-</strong></span> 
     </span>
    </p>
   </div>
   <div class='ocr_carea' id='block_1_36' title="bbox 705 2188 2246 2259">
    <p class='ocr_par' dir='ltr' id='par_1_36' title="bbox 705 2188 2246 2259">
     <span class='ocr_line' id='line_1_36' title="bbox 705 2188 2246 2259; baseline 0 -15"><span class='ocrx_word' id='word_1_301' title='bbox 705 2201 787 2244; x_wconf 82' lang='lat' dir='ltr'><strong>tcr</strong></span> <span class='ocrx_word' id='word_1_302' title='bbox 821 2190 1117 2258; x_wconf 83' lang='lat' dir='ltr'><strong>intelligunt</strong></span> <span class='ocrx_word' id='word_1_303' title='bbox 1152 2189 1203 2242; x_wconf 94' lang='lat' dir='ltr'><strong>in</strong></span> <span class='ocrx_word' id='word_1_304' title='bbox 1244 2188 1364 2259; x_wconf 83' lang='lat' dir='ltr'><strong>fide]</strong></span> <span class='ocrx_word' id='word_1_305' title='bbox 1388 2230 1401 2252; x_wconf 96' lang='lat'><strong>,</strong></span> <span class='ocrx_word' id='word_1_306' title='bbox 1434 2191 1667 2257; x_wconf 84' lang='lat' dir='ltr'><strong>promitti</strong></span> <span class='ocrx_word' id='word_1_307' title='bbox 1700 2192 1857 2242; x_wconf 80' lang='lat' dir='ltr'><strong>vitam</strong></span> <span class='ocrx_word' id='word_1_308' title='bbox 1891 2199 2167 2255; x_wconf 72' lang='lat' dir='ltr'><strong>aeternam,</strong></span> <span class='ocrx_word' id='word_1_309' title='bbox 2191 2200 2246 2244; x_wconf 92' lang='lat' dir='ltr'><strong>ut</strong></span> 
     </span>
    </p>
   </div>
   <div class='ocr_carea' id='block_1_37' title="bbox 704 2278 2242 2349">
    <p class='ocr_par' dir='ltr' id='par_1_37' title="bbox 704 2278 2242 2349">
     <span class='ocr_line' id='line_1_37' title="bbox 704 2278 2242 2349; baseline 0.002 -18"><span class='ocrx_word' id='word_1_310' title='bbox 704 2280 792 2348; x_wconf 87' lang='lat' dir='ltr'><strong>qui</strong></span> <span class='ocrx_word' id='word_1_311' title='bbox 828 2294 944 2332; x_wconf 85' lang='lat' dir='ltr'><strong>eam</strong></span> <span class='ocrx_word' id='word_1_312' title='bbox 982 2286 1252 2332; x_wconf 87' lang='lat' dir='ltr'><strong>sumerent</strong></span> <span class='ocrx_word' id='word_1_313' title='bbox 1288 2278 1399 2346; x_wconf 90' lang='lat' dir='ltr'><strong>jam</strong></span> <span class='ocrx_word' id='word_1_314' title='bbox 1448 2295 1543 2332; x_wconf 90' lang='lat' dir='ltr'><strong>nec</strong></span> <span class='ocrx_word' id='word_1_315' title='bbox 1597 2295 1820 2349; x_wconf 88' lang='lat' dir='ltr'><strong>corpore</strong></span> <span class='ocrx_word' id='word_1_316' title='bbox 1880 2290 2242 2344; x_wconf 82' lang='lat' dir='ltr'><strong>morerentur;</strong></span> 
     </span>
    </p>
   </div>
   <div class='ocr_carea' id='block_1_38' title="bbox 707 2367 2246 2436">
    <p class='ocr_par' dir='ltr' id='par_1_38' title="bbox 707 2367 2246 2436">
     <span class='ocr_line' id='line_1_38' title="bbox 707 2367 2246 2436; baseline 0.002 -16"><span class='ocrx_word' id='word_1_317' title='bbox 707 2367 830 2420; x_wconf 76' lang='lat' dir='ltr'><strong>huic</strong></span> <span class='ocrx_word' id='word_1_318' title='bbox 865 2368 1027 2420; x_wconf 89' lang='lat' dir='ltr'><strong>etiam</strong></span> <span class='ocrx_word' id='word_1_319' title='bbox 1052 2368 1358 2436; x_wconf 80' lang='lat' dir='ltr'><strong>cogitationi</strong></span> <span class='ocrx_word' id='word_1_320' title='bbox 1398 2376 1481 2420; x_wconf 68' lang='lat' dir='ltr'><strong>est</strong></span> <span class='ocrx_word' id='word_1_321' title='bbox 1517 2369 1761 2435; x_wconf 87' lang='lat' dir='ltr'><strong>dignatus</strong></span> <span class='ocrx_word' id='word_1_322' title='bbox 1783 2384 2084 2422; x_wconf 85' lang='lat' dir='ltr'><strong>occurrere.</strong></span> <span class='ocrx_word' id='word_1_323' title='bbox 2115 2370 2246 2423; x_wconf 80' lang='lat' dir='ltr'><strong>Nam</strong></span> 
     </span>
    </p>
   </div>
   <div class='ocr_carea' id='block_1_39' title="bbox 706 2455 2247 2521">
    <p class='ocr_par' dir='ltr' id='par_1_39' title="bbox 706 2455 2247 2521">
     <span class='ocr_line' id='line_1_39' title="bbox 706 2455 2247 2521; baseline 0.004 -14"><span class='ocrx_word' id='word_1_324' title='bbox 706 2470 825 2507; x_wconf 88' lang='lat' dir='ltr'><strong>cum</strong></span> <span class='ocrx_word' id='word_1_325' title='bbox 855 2457 1072 2510; x_wconf 76' lang='lat' dir='ltr'><strong>dixisset</strong></span> <span class='ocrx_word' id='word_1_326' title='bbox 1101 2473 1114 2508; x_wconf 87' lang='lat'><strong>:</strong></span> <span class='ocrx_word' id='word_1_327' title='bbox 1144 2455 1243 2519; x_wconf 85' lang='lat' dir='ltr'><strong>Qui</strong></span> <span class='ocrx_word' id='word_1_328' title='bbox 1290 2456 1563 2508; x_wconf 79' lang='lat' dir='ltr'><strong>manducat</strong></span> <span class='ocrx_word' id='word_1_329' title='bbox 1591 2474 1754 2509; x_wconf 87' lang='lat' dir='ltr'><strong>meam</strong></span> <span class='ocrx_word' id='word_1_330' title='bbox 1784 2475 2011 2521; x_wconf 86' lang='lat' dir='ltr'><strong>carnem,</strong></span> <span class='ocrx_word' id='word_1_331' title='bbox 2040 2469 2085 2511; x_wconf 89' lang='lat' dir='ltr'><strong>et</strong></span> <span class='ocrx_word' id='word_1_332' title='bbox 2126 2460 2247 2513; x_wconf 83' lang='lat' dir='ltr'><strong>bibit</strong></span> 
     </span>
    </p>
   </div>
   <div class='ocr_carea' id='block_1_40' title="bbox 705 2544 2247 2613">
    <p class='ocr_par' dir='ltr' id='par_1_40' title="bbox 705 2544 2247 2613">
     <span class='ocr_line' id='line_1_40' title="bbox 705 2544 2247 2613; baseline 0.006 -19"><span class='ocrx_word' id='word_1_333' title='bbox 705 2560 872 2595; x_wconf 84' lang='lat' dir='ltr'><strong>meum</strong></span> <span class='ocrx_word' id='word_1_334' title='bbox 920 2545 1248 2613; x_wconf 76' lang='lat' dir='ltr'><strong>sanguinem,</strong></span> <span class='ocrx_word' id='word_1_335' title='bbox 1296 2544 1443 2597; x_wconf 77' lang='lat' dir='ltr'><strong>habet</strong></span> <span class='ocrx_word' id='word_1_336' title='bbox 1492 2548 1646 2597; x_wconf 83' lang='lat' dir='ltr'><strong>vitam</strong></span> <span class='ocrx_word' id='word_1_337' title='bbox 1684 2556 1955 2612; x_wconf 81' lang='lat' dir='ltr'><strong>(eternam;</strong></span> <span class='ocrx_word' id='word_1_338' title='bbox 2000 2549 2247 2603; x_wconf 83' lang='lat' dir='ltr'><strong>continuo</strong></span> 
     </span>
    </p>
   </div>
   <div class='ocr_carea' id='block_1_41' title="bbox 705 2631 2247 2702">
    <p class='ocr_par' dir='ltr' id='par_1_41' title="bbox 705 2631 2247 2702">
     <span class='ocr_line' id='line_1_41' title="bbox 705 2631 2247 2702; baseline 0.004 -18"><span class='ocrx_word' id='word_1_339' title='bbox 705 2631 945 2700; x_wconf 81' lang='lat' dir='ltr'><strong>subjecit,</strong></span> <span class='ocrx_word' id='word_1_340' title='bbox 976 2645 1027 2684; x_wconf 87' lang='lat' dir='ltr'><strong>et</strong></span> <span class='ocrx_word' id='word_1_341' title='bbox 1059 2633 1190 2686; x_wconf 77' lang='lat' dir='ltr'><strong>dixit</strong></span> <span class='ocrx_word' id='word_1_342' title='bbox 1224 2651 1235 2684; x_wconf 88' lang='lat'><em>:</em></span> <span class='ocrx_word' id='word_1_343' title='bbox 1270 2632 1333 2684; x_wconf 84' lang='lat' dir='ltr'><strong>Et</strong></span> <span class='ocrx_word' id='word_1_344' title='bbox 1364 2650 1453 2702; x_wconf 87' lang='lat' dir='ltr'><strong>ego</strong></span> <span class='ocrx_word' id='word_1_345' title='bbox 1484 2636 1790 2687; x_wconf 78' lang='lat' dir='ltr'><strong>resuscitabo</strong></span> <span class='ocrx_word' id='word_1_346' title='bbox 1818 2653 1934 2687; x_wconf 83' lang='lat' dir='ltr'><strong>eum</strong></span> <span class='ocrx_word' id='word_1_347' title='bbox 1980 2638 2035 2689; x_wconf 83' lang='lat' dir='ltr'><strong>in</strong></span> <span class='ocrx_word' id='word_1_348' title='bbox 2078 2639 2247 2689; x_wconf 68' lang='lat' dir='ltr'><strong>nevis~</strong></span> 
     </span>
    </p>
   </div>
   <div class='ocr_carea' id='block_1_42' title="bbox 705 2720 2249 2792">
    <p class='ocr_par' dir='ltr' id='par_1_42' title="bbox 705 2720 2249 2792">
     <span class='ocr_line' id='line_1_42' title="bbox 705 2720 2249 2792; baseline 0.005 -21"><span class='ocrx_word' id='word_1_349' title='bbox 705 2722 834 2773; x_wconf 86' lang='lat' dir='ltr'><strong>sima</strong></span> <span class='ocrx_word' id='word_1_350' title='bbox 858 2720 960 2772; x_wconf 85' lang='lat' dir='ltr'><strong>die.</strong></span> <span class='ocrx_word' id='word_1_351' title='bbox 986 2720 1055 2774; x_wconf 91' lang='lat' dir='ltr'><strong>Ut</strong></span> <span class='ocrx_word' id='word_1_352' title='bbox 1083 2721 1275 2775; x_wconf 80' lang='lat' dir='ltr'><strong>habeat</strong></span> <span class='ocrx_word' id='word_1_353' title='bbox 1306 2722 1515 2775; x_wconf 87' lang='lat' dir='ltr'><strong>interim</strong></span> <span class='ocrx_word' id='word_1_354' title='bbox 1546 2725 1830 2775; x_wconf 90' lang='lat' dir='ltr'><strong>secundum</strong></span> <span class='ocrx_word' id='word_1_355' title='bbox 1882 2725 2125 2792; x_wconf 77' lang='lat' dir='ltr'><strong>Spiritum</strong></span> <span class='ocrx_word' id='word_1_356' title='bbox 2172 2727 2249 2779; x_wconf 90' lang='lat' dir='ltr'><strong>vi-</strong></span> 
     </span>
    </p>
   </div>
   <div class='ocr_carea' id='block_1_43' title="bbox 705 2810 2248 2881">
    <p class='ocr_par' dir='ltr' id='par_1_43' title="bbox 705 2810 2248 2881">
     <span class='ocr_line' id='line_1_43' title="bbox 705 2810 2248 2881; baseline 0.006 -21"><span class='ocrx_word' id='word_1_357' title='bbox 705 2818 813 2861; x_wconf 73' lang='lat' dir='ltr'><strong>tam</strong></span> <span class='ocrx_word' id='word_1_358' title='bbox 868 2816 1119 2861; x_wconf 61' lang='lat' dir='ltr'><strong>aeternam</strong></span> <span class='ocrx_word' id='word_1_359' title='bbox 1180 2810 1233 2862; x_wconf 89' lang='lat' dir='ltr'><strong>in</strong></span> <span class='ocrx_word' id='word_1_360' title='bbox 1283 2810 1481 2878; x_wconf 88' lang='lat' dir='ltr'><strong>requie,</strong></span> <span class='ocrx_word' id='word_1_361' title='bbox 1524 2826 1640 2879; x_wconf 72' lang='lat' dir='ltr'><strong>qum</strong></span> <span class='ocrx_word' id='word_1_362' title='bbox 1689 2822 1994 2865; x_wconf 86' lang='lat' dir='ltr'><strong>sanctorum</strong></span> <span class='ocrx_word' id='word_1_363' title='bbox 2033 2814 2248 2881; x_wconf 83' lang='lat' dir='ltr'><strong>spiritus</strong></span> 
     </span>
    </p>
   </div>
   <div class='ocr_carea' id='block_1_44' title="bbox 707 2899 2249 2970">
    <p class='ocr_par' dir='ltr' id='par_1_44' title="bbox 707 2899 2249 2970">
     <span class='ocr_line' id='line_1_44' title="bbox 707 2899 2249 2970; baseline 0.006 -21"><span class='ocrx_word' id='word_1_364' title='bbox 707 2899 1109 2967; x_wconf 78' lang='lat' dir='ltr'><strong>suseipitzquod</strong></span> <span class='ocrx_word' id='word_1_365' title='bbox 1134 2910 1310 2953; x_wconf 90' lang='lat' dir='ltr'><strong>autem</strong></span> <span class='ocrx_word' id='word_1_366' title='bbox 1334 2900 1401 2953; x_wconf 90' lang='lat' dir='ltr'><strong>ad</strong></span> <span class='ocrx_word' id='word_1_367' title='bbox 1422 2914 1613 2970; x_wconf 91' lang='lat' dir='ltr'><strong>corpus</strong></span> <span class='ocrx_word' id='word_1_368' title='bbox 1638 2903 1854 2966; x_wconf 87' lang='lat' dir='ltr'><strong>attinet,</strong></span> <span class='ocrx_word' id='word_1_369' title='bbox 1880 2919 1975 2955; x_wconf 90' lang='lat' dir='ltr'><strong>nec</strong></span> <span class='ocrx_word' id='word_1_370' title='bbox 2004 2905 2117 2970; x_wconf 83' lang='lat' dir='ltr'><strong>ejus</strong></span> <span class='ocrx_word' id='word_1_371' title='bbox 2143 2906 2249 2958; x_wconf 86' lang='lat' dir='ltr'><strong>vita</strong></span> 
     </span>
    </p>
   </div>
   <div class='ocr_carea' id='block_1_45' title="bbox 706 2990 2248 3063">
    <p class='ocr_par' dir='ltr' id='par_1_45' title="bbox 706 2990 2248 3063">
     <span class='ocr_line' id='line_1_45' title="bbox 706 2990 2248 3063; baseline 0.005 -22"><span class='ocrx_word' id='word_1_372' title='bbox 706 2996 900 3043; x_wconf 79' lang='lat' dir='ltr'><strong>:uterna</strong></span> <span class='ocrx_word' id='word_1_373' title='bbox 934 2990 1211 3045; x_wconf 78' lang='lat' dir='ltr'><strong>fraudetur</strong></span> <span class='ocrx_word' id='word_1_374' title='bbox 1240 2991 1391 3062; x_wconf 75' lang='lat' dir='ltr'><strong>[Ms.,</strong></span> <span class='ocrx_word' id='word_1_375' title='bbox 1425 3006 1522 3044; x_wconf 88' lang='lat' dir='ltr'><strong>nec</strong></span> <span class='ocrx_word' id='word_1_376' title='bbox 1566 3008 1676 3045; x_wconf 90' lang='lat' dir='ltr'><strong>eos.</strong></span> <span class='ocrx_word' id='word_1_377' title='bbox 1698 3030 1711 3043; x_wconf 94' lang='lat'><strong>.</strong></span> <span class='ocrx_word' id='word_1_378' title='bbox 1736 3032 1748 3042; x_wconf 92' lang='lat'><strong>.</strong></span> <span class='ocrx_word' id='word_1_379' title='bbox 1783 2991 2047 3063; x_wconf 81' lang='lat' dir='ltr'><strong>fraudat],</strong></span> <span class='ocrx_word' id='word_1_380' title='bbox 2073 2994 2166 3047; x_wconf 89' lang='lat' dir='ltr'><strong>sed</strong></span> <span class='ocrx_word' id='word_1_381' title='bbox 2196 2996 2248 3047; x_wconf 90' lang='lat' dir='ltr'><strong>in</strong></span> 
     </span>
    </p>
   </div>
   <div class='ocr_carea' id='block_1_46' title="bbox 709 3080 2242 3143">
    <p class='ocr_par' dir='ltr' id='par_1_46' title="bbox 709 3080 2242 3143">
     <span class='ocr_line' id='line_1_46' title="bbox 709 3080 2242 3143; baseline -0.001 -10"><span class='ocrx_word' id='word_1_382' title='bbox 709 3080 1099 3134; x_wconf 77' lang='lat' dir='ltr'><strong>resurrectione</strong></span> <span class='ocrx_word' id='word_1_383' title='bbox 1135 3089 1484 3143; x_wconf 86' lang='lat' dir='ltr'><strong>mortuorum,</strong></span> <span class='ocrx_word' id='word_1_384' title='bbox 1518 3081 1568 3132; x_wconf 90' lang='lat' dir='ltr'><strong>in</strong></span> <span class='ocrx_word' id='word_1_385' title='bbox 1619 3080 1903 3133; x_wconf 88' lang='lat' dir='ltr'><strong>novissimo</strong></span> <span class='ocrx_word' id='word_1_386' title='bbox 1953 3081 2038 3133; x_wconf 92' lang='lat' dir='ltr'><strong>die</strong></span> <span class='ocrx_word' id='word_1_387' title='bbox 2072 3096 2196 3134; x_wconf 88' lang='lat' dir='ltr'><strong>caro</strong></span> <span class='ocrx_word' id='word_1_388' title='bbox 2225 3101 2242 3131; x_wconf 70' lang='grc' dir='ltr'><strong><em>ι</em></strong></span> 
     </span>
    </p>
   </div>
   <div class='ocr_carea' id='block_1_47' title="bbox 2344 1918 3885 1989">
    <p class='ocr_par' dir='ltr' id='par_1_47' title="bbox 2344 1918 3885 1989">
     <span class='ocr_line' id='line_1_47' title="bbox 2344 1918 3885 1989; baseline -0.001 -19"><span class='ocrx_word' id='word_1_389' title='bbox 2344 1920 2599 1989; x_wconf 82' lang='lat' dir='ltr'><strong>cipientes</strong></span> <span class='ocrx_word' id='word_1_390' title='bbox 2635 1926 2885 1973; x_wconf 64' lang='lat' dir='ltr'><strong>aeternam</strong></span> <span class='ocrx_word' id='word_1_391' title='bbox 2907 1919 3090 1982; x_wconf 77' lang='lat' dir='ltr'><strong>vitam,</strong></span> <span class='ocrx_word' id='word_1_392' title='bbox 3122 1934 3277 1987; x_wconf 90' lang='lat' dir='ltr'><strong>quam</strong></span> <span class='ocrx_word' id='word_1_393' title='bbox 3314 1920 3722 1981; x_wconf 80' lang='lat' dir='ltr'><strong>nonhabemus</strong></span> <span class='ocrx_word' id='word_1_394' title='bbox 3767 1918 3885 1989; x_wconf 66' lang='grc' dir='ltr'><strong>[ΑΛ.</strong></span> 
     </span>
    </p>
   </div>
   <div class='ocr_carea' id='block_1_48' title="bbox 2342 2005 3888 2077">
    <p class='ocr_par' dir='ltr' id='par_1_48' title="bbox 2342 2005 3888 2077">
     <span class='ocr_line' id='line_1_48' title="bbox 2342 2005 3888 2077; baseline -0.001 -16"><span class='ocrx_word' id='word_1_395' title='bbox 2342 2005 2689 2077; x_wconf 73' lang='lat' dir='ltr'><strong>habebamus]</strong></span> <span class='ocrx_word' id='word_1_396' title='bbox 2725 2022 2788 2059; x_wconf 80' lang='lat' dir='ltr'><strong>ex</strong></span> <span class='ocrx_word' id='word_1_397' title='bbox 2826 2008 2993 2061; x_wconf 81' lang='lat' dir='ltr'><strong>nobis.</strong></span> <span class='ocrx_word' id='word_1_398' title='bbox 3026 2009 3161 2061; x_wconf 81' lang='lat' dir='ltr'><strong>Vivit</strong></span> <span class='ocrx_word' id='word_1_399' title='bbox 3189 2016 3363 2061; x_wconf 85' lang='lat' dir='ltr'><strong>autem</strong></span> <span class='ocrx_word' id='word_1_400' title='bbox 3386 2009 3504 2077; x_wconf 87' lang='lat' dir='ltr'><strong>ipse</strong></span> <span class='ocrx_word' id='word_1_401' title='bbox 3548 2018 3772 2076; x_wconf 80' lang='lat' dir='ltr'><strong>propter</strong></span> <span class='ocrx_word' id='word_1_402' title='bbox 3803 2008 3888 2060; x_wconf 82' lang='lat' dir='ltr'><strong>Pa—</strong></span> 
     </span>
    </p>
   </div>
   <div class='ocr_carea' id='block_1_49' title="bbox 2346 2097 3884 2165">
    <p class='ocr_par' dir='ltr' id='par_1_49' title="bbox 2346 2097 3884 2165">
     <span class='ocr_line' id='line_1_49' title="bbox 2346 2097 3884 2165; baseline -0.001 -17"><span class='ocrx_word' id='word_1_403' title='bbox 2346 2105 2517 2159; x_wconf 81' lang='lat' dir='ltr'><strong>trem,</strong></span> <span class='ocrx_word' id='word_1_404' title='bbox 2572 2097 2764 2150; x_wconf 87' lang='lat' dir='ltr'><strong>missus</strong></span> <span class='ocrx_word' id='word_1_405' title='bbox 2792 2098 2856 2148; x_wconf 88' lang='lat' dir='ltr'><strong>ab</strong></span> <span class='ocrx_word' id='word_1_406' title='bbox 2886 2111 2978 2160; x_wconf 85' lang='lat' dir='ltr'><strong>eo,</strong></span> <span class='ocrx_word' id='word_1_407' title='bbox 3023 2098 3142 2165; x_wconf 84' lang='lat' dir='ltr'><strong>quia</strong></span> <span class='ocrx_word' id='word_1_408' title='bbox 3186 2097 3527 2165; x_wconf 80' lang='lat' dir='ltr'><strong>semetipsum</strong></span> <span class='ocrx_word' id='word_1_409' title='bbox 3575 2098 3884 2157; x_wconf 66' lang='lat' dir='ltr'><strong>exinaniiis,</strong></span> 
     </span>
    </p>
   </div>
   <div class='ocr_carea' id='block_1_50' title="bbox 2345 2184 3886 2255">
    <p class='ocr_par' dir='ltr' id='par_1_50' title="bbox 2345 2184 3886 2255">
     <span class='ocr_line' id='line_1_50' title="bbox 2345 2184 3886 2255; baseline -0.001 -19"><span class='ocrx_word' id='word_1_410' title='bbox 2345 2184 2515 2238; x_wconf 87' lang='lat' dir='ltr'><strong>factus</strong></span> <span class='ocrx_word' id='word_1_411' title='bbox 2540 2186 2790 2239; x_wconf 70' lang='lat' dir='ltr'><strong>obediens</strong></span> <span class='ocrx_word' id='word_1_412' title='bbox 2815 2201 2980 2253; x_wconf 83' lang='lat' dir='ltr'><strong>usque</strong></span> <span class='ocrx_word' id='word_1_413' title='bbox 3006 2188 3068 2238; x_wconf 79' lang='lat' dir='ltr'><strong>ad</strong></span> <span class='ocrx_word' id='word_1_414' title='bbox 3101 2187 3305 2253; x_wconf 87' lang='lat' dir='ltr'><strong>signum</strong></span> <span class='ocrx_word' id='word_1_415' title='bbox 3330 2184 3458 2254; x_wconf 79' lang='lat' dir='ltr'><strong>[Al.,</strong></span> <span class='ocrx_word' id='word_1_416' title='bbox 3501 2185 3755 2255; x_wconf 88' lang='lat' dir='ltr'><strong>mortem]</strong></span> <span class='ocrx_word' id='word_1_417' title='bbox 3780 2200 3886 2237; x_wconf 75' lang='lat' dir='ltr'><strong>cra-</strong></span> 
     </span>
    </p>
   </div>
   <div class='ocr_carea' id='block_1_51' title="bbox 2344 2274 3884 2344">
    <p class='ocr_par' dir='ltr' id='par_1_51' title="bbox 2344 2274 3884 2344">
     <span class='ocr_line' id='line_1_51' title="bbox 2344 2274 3884 2344; baseline -0.002 -15"><span class='ocrx_word' id='word_1_418' title='bbox 2344 2276 2419 2329; x_wconf 73' lang='lat' dir='ltr'><strong>cis</strong></span> <span class='ocrx_word' id='word_1_419' title='bbox 2441 2275 2687 2344; x_wconf 75' lang='lat' dir='ltr'><strong>(l’ltiiipp.</strong></span> <span class='ocrx_word' id='word_1_420' title='bbox 2718 2290 2779 2338; x_wconf 72' lang='grc' dir='ltr'><strong>ιι,</strong></span> <span class='ocrx_word' id='word_1_421' title='bbox 2808 2274 2882 2342; x_wconf 83' lang='lat'><strong>8).</strong></span> <span class='ocrx_word' id='word_1_422' title='bbox 2913 2275 3051 2327; x_wconf 84' lang='lat' dir='ltr'><strong>Sicut</strong></span> <span class='ocrx_word' id='word_1_423' title='bbox 3078 2288 3211 2329; x_wconf 74' lang='lat' dir='ltr'><strong>misit</strong></span> <span class='ocrx_word' id='word_1_424' title='bbox 3234 2293 3310 2328; x_wconf 86' lang='lat' dir='ltr'><strong>me</strong></span> <span class='ocrx_word' id='word_1_425' title='bbox 3336 2278 3503 2329; x_wconf 76' lang='lat' dir='ltr'><strong>vivens</strong></span> <span class='ocrx_word' id='word_1_426' title='bbox 3528 2276 3781 2340; x_wconf 76' lang='lat' dir='ltr'><strong>Pater,et</strong></span> <span class='ocrx_word' id='word_1_427' title='bbox 3807 2292 3884 2343; x_wconf 76' lang='lat' dir='ltr'><strong>ego</strong></span> 
     </span>
    </p>
   </div>
   <div class='ocr_carea' id='block_1_52' title="bbox 2343 2364 3885 2435">
    <p class='ocr_par' dir='ltr' id='par_1_52' title="bbox 2343 2364 3885 2435">
     <span class='ocr_line' id='line_1_52' title="bbox 2343 2364 3885 2435; baseline -0.003 -17"><span class='ocrx_word' id='word_1_428' title='bbox 2343 2367 2454 2419; x_wconf 79' lang='lat' dir='ltr'><strong>vivo</strong></span> <span class='ocrx_word' id='word_1_429' title='bbox 2472 2375 2676 2435; x_wconf 84' lang='lat' dir='ltr'><strong>propter</strong></span> <span class='ocrx_word' id='word_1_430' title='bbox 2708 2364 2934 2429; x_wconf 84' lang='lat' dir='ltr'><strong>Patrem,</strong></span> <span class='ocrx_word' id='word_1_431' title='bbox 2952 2377 2997 2418; x_wconf 89' lang='lat' dir='ltr'><strong>et</strong></span> <span class='ocrx_word' id='word_1_432' title='bbox 3027 2368 3113 2433; x_wconf 86' lang='lat' dir='ltr'><strong>qui</strong></span> <span class='ocrx_word' id='word_1_433' title='bbox 3137 2367 3409 2418; x_wconf 84' lang='lat' dir='ltr'><strong>manducat</strong></span> <span class='ocrx_word' id='word_1_434' title='bbox 3435 2382 3533 2427; x_wconf 86' lang='lat' dir='ltr'><strong>me,</strong></span> <span class='ocrx_word' id='word_1_435' title='bbox 3560 2376 3609 2418; x_wconf 88' lang='lat' dir='ltr'><strong>et</strong></span> <span class='ocrx_word' id='word_1_436' title='bbox 3635 2367 3747 2434; x_wconf 73' lang='lat' dir='ltr'><strong>ipse</strong></span> <span class='ocrx_word' id='word_1_437' title='bbox 3782 2366 3885 2417; x_wconf 80' lang='lat' dir='ltr'><strong>ririt</strong></span> 
     </span>
    </p>
   </div>
   <div class='ocr_carea' id='block_1_53' title="bbox 2344 2452 3883 2526">
    <p class='ocr_par' dir='ltr' id='par_1_53' title="bbox 2344 2452 3883 2526">
     <span class='ocr_line' id='line_1_53' title="bbox 2344 2452 3883 2526; baseline 0.001 -21"><span class='ocrx_word' id='word_1_438' title='bbox 2344 2465 2547 2524; x_wconf 80' lang='lat' dir='ltr'><strong>propter</strong></span> <span class='ocrx_word' id='word_1_439' title='bbox 2570 2470 2681 2517; x_wconf 82' lang='lat' dir='ltr'><strong>me;</strong></span> <span class='ocrx_word' id='word_1_440' title='bbox 2709 2470 2770 2507; x_wconf 80' lang='lat' dir='ltr'><strong>ac</strong></span> <span class='ocrx_word' id='word_1_441' title='bbox 2807 2456 2849 2507; x_wconf 88' lang='lat' dir='ltr'><strong>si</strong></span> <span class='ocrx_word' id='word_1_442' title='bbox 2898 2456 3095 2509; x_wconf 80' lang='lat' dir='ltr'><strong>diceret</strong></span> <span class='ocrx_word' id='word_1_443' title='bbox 3122 2473 3134 2507; x_wconf 86' lang='lat'><strong>:</strong></span> <span class='ocrx_word' id='word_1_444' title='bbox 3157 2455 3228 2509; x_wconf 87' lang='lat' dir='ltr'><strong>Ut</strong></span> <span class='ocrx_word' id='word_1_445' title='bbox 3250 2470 3345 2523; x_wconf 81' lang='lat' dir='ltr'><strong>ego</strong></span> <span class='ocrx_word' id='word_1_446' title='bbox 3368 2457 3534 2509; x_wconf 86' lang='lat' dir='ltr'><strong>vivam</strong></span> <span class='ocrx_word' id='word_1_447' title='bbox 3564 2455 3726 2526; x_wconf 68' lang='grc' dir='ltr'><strong>[Ηι.,</strong></span> <span class='ocrx_word' id='word_1_448' title='bbox 3756 2452 3883 2523; x_wconf 71' lang='lat' dir='ltr'><strong>vivo]</strong></span> 
     </span>
    </p>
   </div>
   <div class='ocr_carea' id='block_1_54' title="bbox 2344 2543 3884 2614">
    <p class='ocr_par' dir='ltr' id='par_1_54' title="bbox 2344 2543 3884 2614">
     <span class='ocr_line' id='line_1_54' title="bbox 2344 2543 3884 2614; baseline 0.001 -19"><span class='ocrx_word' id='word_1_449' title='bbox 2344 2556 2559 2611; x_wconf 78' lang='lat' dir='ltr'><strong>propter</strong></span> <span class='ocrx_word' id='word_1_450' title='bbox 2576 2543 2808 2605; x_wconf 78' lang='lat' dir='ltr'><strong>Patrem,</strong></span> <span class='ocrx_word' id='word_1_451' title='bbox 2826 2545 2878 2596; x_wconf 90' lang='lat' dir='ltr'><strong>id</strong></span> <span class='ocrx_word' id='word_1_452' title='bbox 2902 2554 3005 2606; x_wconf 78' lang='lat' dir='ltr'><strong>est,</strong></span> <span class='ocrx_word' id='word_1_453' title='bbox 3035 2554 3091 2597; x_wconf 90' lang='lat' dir='ltr'><strong>ut</strong></span> <span class='ocrx_word' id='word_1_454' title='bbox 3112 2560 3141 2596; x_wconf 93' lang='lat' dir='ltr'><strong>a</strong></span> <span class='ocrx_word' id='word_1_455' title='bbox 3161 2548 3179 2597; x_wconf 85' lang='lat' dir='ltr'><strong>l</strong></span> <span class='ocrx_word' id='word_1_456' title='bbox 3200 2546 3343 2598; x_wconf 89' lang='lat' dir='ltr'><strong>illum</strong></span> <span class='ocrx_word' id='word_1_457' title='bbox 3370 2554 3621 2614; x_wconf 90' lang='lat' dir='ltr'><strong>tanquam</strong></span> <span class='ocrx_word' id='word_1_458' title='bbox 3641 2547 3715 2599; x_wconf 71' lang='lat' dir='ltr'><strong>ad</strong></span> <span class='ocrx_word' id='word_1_459' title='bbox 3737 2544 3884 2611; x_wconf 83' lang='lat' dir='ltr'><strong>majo-</strong></span> 
     </span>
    </p>
   </div>
   <div class='ocr_carea' id='block_1_55' title="bbox 2348 2630 3884 2703">
    <p class='ocr_par' dir='ltr' id='par_1_55' title="bbox 2348 2630 3884 2703">
     <span class='ocr_line' id='line_1_55' title="bbox 2348 2630 3884 2703; baseline 0.001 -20"><span class='ocrx_word' id='word_1_460' title='bbox 2348 2646 2456 2683; x_wconf 88' lang='lat' dir='ltr'><strong>rem</strong></span> <span class='ocrx_word' id='word_1_461' title='bbox 2485 2630 2705 2683; x_wconf 80' lang='lat' dir='ltr'><strong>referam</strong></span> <span class='ocrx_word' id='word_1_462' title='bbox 2722 2633 2881 2684; x_wconf 80' lang='lat' dir='ltr'><strong>vitam</strong></span> <span class='ocrx_word' id='word_1_463' title='bbox 2904 2648 3092 2694; x_wconf 87' lang='lat' dir='ltr'><strong>meam,</strong></span> <span class='ocrx_word' id='word_1_464' title='bbox 3107 2634 3394 2687; x_wconf 78' lang='lat' dir='ltr'><strong>cxinanitio</strong></span> <span class='ocrx_word' id='word_1_465' title='bbox 3414 2649 3528 2686; x_wconf 83' lang='lat' dir='ltr'><strong>mea</strong></span> <span class='ocrx_word' id='word_1_466' title='bbox 3552 2634 3701 2696; x_wconf 81' lang='lat' dir='ltr'><strong>fecit,</strong></span> <span class='ocrx_word' id='word_1_467' title='bbox 3723 2635 3777 2686; x_wconf 83' lang='lat' dir='ltr'><strong>in</strong></span> <span class='ocrx_word' id='word_1_468' title='bbox 3793 2648 3884 2703; x_wconf 87' lang='lat' dir='ltr'><strong>qua</strong></span> 
     </span>
    </p>
   </div>
   <div class='ocr_carea' id='block_1_56' title="bbox 2346 2717 3885 2791">
    <p class='ocr_par' dir='ltr' id='par_1_56' title="bbox 2346 2717 3885 2791">
     <span class='ocr_line' id='line_1_56' title="bbox 2346 2717 3885 2791; baseline 0.003 -20"><span class='ocrx_word' id='word_1_469' title='bbox 2346 2734 2429 2771; x_wconf 85' lang='lat' dir='ltr'><strong>me</strong></span> <span class='ocrx_word' id='word_1_470' title='bbox 2456 2719 2626 2780; x_wconf 86' lang='lat' dir='ltr'><strong>misit;</strong></span> <span class='ocrx_word' id='word_1_471' title='bbox 2661 2726 2717 2771; x_wconf 90' lang='lat' dir='ltr'><strong>ut</strong></span> <span class='ocrx_word' id='word_1_472' title='bbox 2737 2729 2911 2773; x_wconf 83' lang='lat' dir='ltr'><strong>autem</strong></span> <span class='ocrx_word' id='word_1_473' title='bbox 2943 2722 3163 2789; x_wconf 86' lang='lat' dir='ltr'><strong>quisque</strong></span> <span class='ocrx_word' id='word_1_474' title='bbox 3189 2717 3331 2774; x_wconf 79' lang='lat' dir='ltr'><strong>vivat</strong></span> <span class='ocrx_word' id='word_1_475' title='bbox 3358 2730 3575 2791; x_wconf 60' lang='grc' dir='ltr'><strong>[κομιεῖ</strong></span> <span class='ocrx_word' id='word_1_476' title='bbox 3602 2740 3710 2786; x_wconf 90' lang='lat' dir='ltr'><strong>me,</strong></span> <span class='ocrx_word' id='word_1_477' title='bbox 3734 2724 3885 2791; x_wconf 82' lang='lat' dir='ltr'><strong>parti-</strong></span> 
     </span>
    </p>
   </div>
   <div class='ocr_carea' id='block_1_57' title="bbox 2347 2804 3884 2880">
    <p class='ocr_par' dir='ltr' id='par_1_57' title="bbox 2347 2804 3884 2880">
     <span class='ocr_line' id='line_1_57' title="bbox 2347 2804 3884 2880; baseline 0.002 -23"><span class='ocrx_word' id='word_1_478' title='bbox 2347 2805 2539 2871; x_wconf 85' lang='lat' dir='ltr'><strong>cipatio</strong></span> <span class='ocrx_word' id='word_1_479' title='bbox 2573 2804 2716 2869; x_wconf 85' lang='lat' dir='ltr'><strong>facit,</strong></span> <span class='ocrx_word' id='word_1_480' title='bbox 2748 2821 2851 2874; x_wconf 88' lang='lat' dir='ltr'><strong>qua</strong></span> <span class='ocrx_word' id='word_1_481' title='bbox 2881 2806 3007 2876; x_wconf 80' lang='lat' dir='ltr'><strong>[Al.,</strong></span> <span class='ocrx_word' id='word_1_482' title='bbox 3044 2806 3187 2879; x_wconf 84' lang='lat' dir='ltr'><strong>quia]</strong></span> <span class='ocrx_word' id='word_1_483' title='bbox 3214 2810 3494 2863; x_wconf 73' lang='lat' dir='ltr'><strong>manducet</strong></span> <span class='ocrx_word' id='word_1_484' title='bbox 3521 2826 3626 2863; x_wconf 89' lang='lat' dir='ltr'><strong>me.</strong></span> <span class='ocrx_word' id='word_1_485' title='bbox 3653 2811 3769 2880; x_wconf 85' lang='lat' dir='ltr'><strong>Ego</strong></span> <span class='ocrx_word' id='word_1_486' title='bbox 3800 2810 3884 2862; x_wconf 83' lang='lat' dir='ltr'><strong>ita-</strong></span> 
     </span>
    </p>
   </div>
   <div class='ocr_carea' id='block_1_58' title="bbox 2346 2894 3884 2965">
    <p class='ocr_par' dir='ltr' id='par_1_58' title="bbox 2346 2894 3884 2965">
     <span class='ocr_line' id='line_1_58' title="bbox 2346 2894 3884 2965; baseline 0.004 -20"><span class='ocrx_word' id='word_1_487' title='bbox 2346 2904 2448 2961; x_wconf 83' lang='lat' dir='ltr'><strong>que</strong></span> <span class='ocrx_word' id='word_1_488' title='bbox 2496 2894 2807 2947; x_wconf 82' lang='lat' dir='ltr'><strong>humiliatus</strong></span> <span class='ocrx_word' id='word_1_489' title='bbox 2856 2898 2977 2949; x_wconf 79' lang='lat' dir='ltr'><strong>vivo</strong></span> <span class='ocrx_word' id='word_1_490' title='bbox 3015 2906 3234 2965; x_wconf 78' lang='lat' dir='ltr'><strong>propter</strong></span> <span class='ocrx_word' id='word_1_491' title='bbox 3288 2897 3530 2962; x_wconf 80' lang='lat' dir='ltr'><strong>Patrem,</strong></span> <span class='ocrx_word' id='word_1_492' title='bbox 3573 2901 3671 2953; x_wconf 87' lang='lat' dir='ltr'><strong>ille</strong></span> <span class='ocrx_word' id='word_1_493' title='bbox 3719 2910 3884 2954; x_wconf 80' lang='lat' dir='ltr'><strong>rectus</strong></span> 
     </span>
    </p>
   </div>
   <div class='ocr_carea' id='block_1_59' title="bbox 2351 2982 3884 3053">
    <p class='ocr_par' dir='ltr' id='par_1_59' title="bbox 2351 2982 3884 3053">
     <span class='ocr_line' id='line_1_59' title="bbox 2351 2982 3884 3053; baseline 0.006 -20"><span class='ocrx_word' id='word_1_494' title='bbox 2351 2982 2527 3051; x_wconf 66' lang='lat' dir='ltr'><strong>[.4ug.,</strong></span> <span class='ocrx_word' id='word_1_495' title='bbox 2556 2984 2794 3053; x_wconf 85' lang='lat' dir='ltr'><strong>erectus]</strong></span> <span class='ocrx_word' id='word_1_496' title='bbox 2833 2985 2963 3036; x_wconf 81' lang='lat' dir='ltr'><strong>vivit</strong></span> <span class='ocrx_word' id='word_1_497' title='bbox 3002 2995 3216 3052; x_wconf 85' lang='lat' dir='ltr'><strong>propter</strong></span> <span class='ocrx_word' id='word_1_498' title='bbox 3241 3001 3353 3041; x_wconf 87' lang='lat' dir='ltr'><strong>me.</strong></span> <span class='ocrx_word' id='word_1_499' title='bbox 3391 3006 3409 3038; x_wconf 73' lang='grc' dir='ltr'><strong>ι</strong></span> <span class='ocrx_word' id='word_1_500' title='bbox 3438 2986 3554 3040; x_wconf 80' lang='lat' dir='ltr'><strong>Non</strong></span> <span class='ocrx_word' id='word_1_501' title='bbox 3599 2989 3668 3043; x_wconf 92' lang='lat' dir='ltr'><strong>de</strong></span> <span class='ocrx_word' id='word_1_502' title='bbox 3698 3003 3762 3041; x_wconf 88' lang='lat' dir='ltr'><strong>ea</strong></span> <span class='ocrx_word' id='word_1_503' title='bbox 3804 3004 3884 3042; x_wconf 86' lang='lat' dir='ltr'><strong>na-</strong></span> 
     </span>
    </p>
   </div>
   <div class='ocr_carea' id='block_1_60' title="bbox 2350 3074 3885 3145">
    <p class='ocr_par' dir='ltr' id='par_1_60' title="bbox 2350 3074 3885 3145">
     <span class='ocr_line' id='line_1_60' title="bbox 2350 3074 3885 3145; baseline 0.003 -20"><span class='ocrx_word' id='word_1_504' title='bbox 2350 3082 2467 3125; x_wconf 81' lang='lat' dir='ltr'><strong>tura</strong></span> <span class='ocrx_word' id='word_1_505' title='bbox 2488 3074 2642 3137; x_wconf 80' lang='lat' dir='ltr'><strong>dixit,</strong></span> <span class='ocrx_word' id='word_1_506' title='bbox 2670 3090 2769 3143; x_wconf 87' lang='lat' dir='ltr'><strong>qua</strong></span> <span class='ocrx_word' id='word_1_507' title='bbox 2800 3078 3502 3145; x_wconf 62' lang='lat' dir='ltr'><strong>semperestaequalishtri,</strong></span> <span class='ocrx_word' id='word_1_508' title='bbox 3528 3079 3621 3132; x_wconf 87' lang='lat' dir='ltr'><strong>sed</strong></span> <span class='ocrx_word' id='word_1_509' title='bbox 3646 3078 3716 3132; x_wconf 88' lang='lat' dir='ltr'><strong>de</strong></span> <span class='ocrx_word' id='word_1_510' title='bbox 3740 3078 3885 3141; x_wconf 83' lang='lat' dir='ltr'><strong>ea,in</strong></span> 
     </span>
    </p>
   </div>
   <div class='ocr_carea' id='block_1_61' title="bbox 706 3142 3888 3242">
    <p class='ocr_par' dir='ltr' id='par_1_61' title="bbox 706 3142 3888 3242">
     <span class='ocr_line' id='line_1_61' title="bbox 706 3142 3888 3242; baseline 0.001 -23"><span class='ocrx_word' id='word_1_511' title='bbox 706 3172 823 3223; x_wconf 68' lang='lat' dir='ltr'><strong>viva</strong></span> <span class='ocrx_word' id='word_1_512' title='bbox 866 3178 1107 3239; x_wconf 78' lang='lat' dir='ltr'><strong>resurgat</strong></span> <span class='ocrx_word' id='word_1_513' title='bbox 1154 3169 1300 3239; x_wconf 76' lang='lat' dir='ltr'><strong>[Ms.,</strong></span> <span class='ocrx_word' id='word_1_514' title='bbox 1329 3185 1453 3223; x_wconf 90' lang='lat' dir='ltr'><strong>caro</strong></span> <span class='ocrx_word' id='word_1_515' title='bbox 1490 3169 1871 3240; x_wconf 87' lang='lat' dir='ltr'><strong>suscitabitur].</strong></span> <span class='ocrx_word' id='word_1_516' title='bbox 1906 3171 2087 3237; x_wconf 77' lang='lat' dir='ltr'><strong>(Vens.</strong></span> <span class='ocrx_word' id='word_1_517' title='bbox 2138 3170 2246 3240; x_wconf 80' lang='lat'><strong>56.)</strong></span> <span class='ocrx_word' id='word_1_518' title='bbox 2273 3142 2320 3202; x_wconf 65' lang='grc' dir='ltr'><strong>ο</strong></span> <span class='ocrx_word' id='word_1_519' title='bbox 2351 3184 2453 3237; x_wconf 86' lang='lat' dir='ltr'><strong>qua</strong></span> <span class='ocrx_word' id='word_1_520' title='bbox 2479 3169 2650 3220; x_wconf 85' lang='lat' dir='ltr'><strong>minor</strong></span> <span class='ocrx_word' id='word_1_521' title='bbox 2670 3142 2844 3221; x_wconf 77' lang='lat' dir='ltr'><strong>factus</strong></span> <span class='ocrx_word' id='word_1_522' title='bbox 2864 3142 2943 3221; x_wconf 73' lang='lat' dir='ltr'><strong>est</strong></span> <span class='ocrx_word' id='word_1_523' title='bbox 2971 3170 3135 3222; x_wconf 84' lang='lat' dir='ltr'><strong>Patri.</strong></span> <span class='ocrx_word' id='word_1_524' title='bbox 3160 3142 3325 3242; x_wconf 56' lang='lat' dir='ltr'><strong>Quia[</strong></span> <span class='ocrx_word' id='word_1_525' title='bbox 3332 3170 3456 3232; x_wconf 64' lang='lat'><strong>313.,</strong></span> <span class='ocrx_word' id='word_1_526' title='bbox 3483 3169 3607 3240; x_wconf 85' lang='lat' dir='ltr'><strong>Qui]</strong></span> <span class='ocrx_word' id='word_1_527' title='bbox 3635 3173 3797 3225; x_wconf 89' lang='lat' dir='ltr'><strong>etiam</strong></span> <span class='ocrx_word' id='word_1_528' title='bbox 3811 3185 3888 3221; x_wconf 91' lang='lat' dir='ltr'><strong>su-</strong></span> 
     </span>
    </p>
   </div>
   <div class='ocr_carea' id='block_1_62' title="bbox 703 3256 2249 3325">
    <p class='ocr_par' dir='ltr' id='par_1_62' title="bbox 703 3256 2249 3325">
     <span class='ocr_line' id='line_1_62' title="bbox 703 3256 2249 3325; baseline 0.001 -17"><span class='ocrx_word' id='word_1_529' title='bbox 703 3257 842 3309; x_wconf 82' lang='lat' dir='ltr'><strong>Caro</strong></span> <span class='ocrx_word' id='word_1_530' title='bbox 881 3259 1014 3308; x_wconf 86' lang='lat' dir='ltr'><strong>enim</strong></span> <span class='ocrx_word' id='word_1_531' title='bbox 1047 3273 1189 3318; x_wconf 78' lang='lat' dir='ltr'><strong>mea,</strong></span> <span class='ocrx_word' id='word_1_532' title='bbox 1230 3257 1420 3323; x_wconf 88' lang='lat' dir='ltr'><strong>inquit,</strong></span> <span class='ocrx_word' id='word_1_533' title='bbox 1467 3272 1577 3308; x_wconf 82' lang='lat' dir='ltr'><strong>vere</strong></span> <span class='ocrx_word' id='word_1_534' title='bbox 1620 3266 1693 3307; x_wconf 79' lang='lat' dir='ltr'><strong>est</strong></span> <span class='ocrx_word' id='word_1_535' title='bbox 1728 3256 1905 3318; x_wconf 83' lang='lat' dir='ltr'><strong>cibus,</strong></span> <span class='ocrx_word' id='word_1_536' title='bbox 1955 3267 2000 3308; x_wconf 90' lang='lat' dir='ltr'><strong>et</strong></span> <span class='ocrx_word' id='word_1_537' title='bbox 2042 3258 2249 3325; x_wconf 76' lang='lat' dir='ltr'><strong>sanguis</strong></span> 
     </span>
    </p>
   </div>
   <div class='ocr_carea' id='block_1_63' title="bbox 706 3342 2251 3411">
    <p class='ocr_par' dir='ltr' id='par_1_63' title="bbox 706 3342 2251 3411">
     <span class='ocr_line' id='line_1_63' title="bbox 706 3342 2251 3411; baseline 0.001 -16"><span class='ocrx_word' id='word_1_538' title='bbox 706 3359 850 3395; x_wconf 80' lang='lat' dir='ltr'><strong>meus</strong></span> <span class='ocrx_word' id='word_1_539' title='bbox 888 3358 999 3395; x_wconf 83' lang='lat' dir='ltr'><strong>vere</strong></span> <span class='ocrx_word' id='word_1_540' title='bbox 1040 3352 1110 3394; x_wconf 79' lang='lat' dir='ltr'><strong>est</strong></span> <span class='ocrx_word' id='word_1_541' title='bbox 1141 3352 1308 3411; x_wconf 81' lang='lat' dir='ltr'><strong>potus.</strong></span> <span class='ocrx_word' id='word_1_542' title='bbox 1356 3360 1371 3391; x_wconf 77' lang='grc' dir='ltr'>ι</span> <span class='ocrx_word' id='word_1_543' title='bbox 1407 3342 1538 3396; x_wconf 89' lang='lat' dir='ltr'><strong>Cum</strong></span> <span class='ocrx_word' id='word_1_544' title='bbox 1592 3343 1733 3396; x_wconf 85' lang='lat' dir='ltr'><strong>enim</strong></span> <span class='ocrx_word' id='word_1_545' title='bbox 1783 3344 1900 3397; x_wconf 92' lang='lat' dir='ltr'><strong>cibo</strong></span> <span class='ocrx_word' id='word_1_546' title='bbox 1934 3355 1990 3396; x_wconf 88' lang='lat' dir='ltr'><strong>et</strong></span> <span class='ocrx_word' id='word_1_547' title='bbox 2029 3354 2155 3411; x_wconf 87' lang='lat' dir='ltr'><strong>potu</strong></span> <span class='ocrx_word' id='word_1_548' title='bbox 2200 3345 2251 3396; x_wconf 90' lang='lat' dir='ltr'><strong>id</strong></span> 
     </span>
    </p>
   </div>
   <div class='ocr_carea' id='block_1_64' title="bbox 707 3433 2247 3503">
    <p class='ocr_par' dir='ltr' id='par_1_64' title="bbox 707 3433 2247 3503">
     <span class='ocr_line' id='line_1_64' title="bbox 707 3433 2247 3503; baseline -0.001 -18"><span class='ocrx_word' id='word_1_549' title='bbox 707 3440 957 3503; x_wconf 86' lang='lat' dir='ltr'><strong>appetant</strong></span> <span class='ocrx_word' id='word_1_550' title='bbox 988 3433 1248 3494; x_wconf 78' lang='lat' dir='ltr'><strong>homines,</strong></span> <span class='ocrx_word' id='word_1_551' title='bbox 1301 3441 1356 3484; x_wconf 93' lang='lat' dir='ltr'><strong>ut</strong></span> <span class='ocrx_word' id='word_1_552' title='bbox 1401 3448 1503 3486; x_wconf 86' lang='lat' dir='ltr'><strong>non</strong></span> <span class='ocrx_word' id='word_1_553' title='bbox 1550 3433 1791 3486; x_wconf 73' lang='lat' dir='ltr'><strong>esuriant</strong></span> <span class='ocrx_word' id='word_1_554' title='bbox 1820 3447 1991 3499; x_wconf 89' lang='lat' dir='ltr'><strong>neque</strong></span> <span class='ocrx_word' id='word_1_555' title='bbox 2032 3433 2247 3497; x_wconf 83' lang='lat' dir='ltr'><strong>sitiant;</strong></span> 
     </span>
    </p>
   </div>
   <div class='ocr_carea' id='block_1_65' title="bbox 711 3526 2247 3594">
    <p class='ocr_par' dir='ltr' id='par_1_65' title="bbox 711 3526 2247 3594">
     <span class='ocr_line' id='line_1_65' title="bbox 711 3526 2247 3594; baseline -0.001 -13"><span class='ocrx_word' id='word_1_556' title='bbox 711 3526 814 3583; x_wconf 68' lang='lat' dir='ltr'><strong>hbe</strong></span> <span class='ocrx_word' id='word_1_557' title='bbox 838 3528 1099 3581; x_wconf 82' lang='lat' dir='ltr'><strong>veraciter</strong></span> <span class='ocrx_word' id='word_1_558' title='bbox 1137 3542 1239 3580; x_wconf 79' lang='lat' dir='ltr'><strong>non</strong></span> <span class='ocrx_word' id='word_1_559' title='bbox 1290 3533 1505 3594; x_wconf 63' lang='lat' dir='ltr'><strong>praestat</strong></span> <span class='ocrx_word' id='word_1_560' title='bbox 1559 3526 1659 3579; x_wconf 84' lang='lat' dir='ltr'><strong>nisi</strong></span> <span class='ocrx_word' id='word_1_561' title='bbox 1700 3527 1801 3579; x_wconf 86' lang='lat' dir='ltr'><strong>iste</strong></span> <span class='ocrx_word' id='word_1_562' title='bbox 1826 3527 1974 3579; x_wconf 85' lang='lat' dir='ltr'><strong>cibus</strong></span> <span class='ocrx_word' id='word_1_563' title='bbox 1996 3536 2247 3593; x_wconf 84' lang='lat' dir='ltr'><strong>etpotns,</strong></span> 
     </span>
    </p>
   </div>
   <div class='ocr_carea' id='block_1_66' title="bbox 712 3614 2252 3683">
    <p class='ocr_par' dir='ltr' id='par_1_66' title="bbox 712 3614 2252 3683">
     <span class='ocr_line' id='line_1_66' title="bbox 712 3614 2252 3683; baseline 0 -16"><span class='ocrx_word' id='word_1_564' title='bbox 712 3618 802 3682; x_wconf 85' lang='lat' dir='ltr'><strong>qui</strong></span> <span class='ocrx_word' id='word_1_565' title='bbox 837 3630 926 3668; x_wconf 90' lang='lat' dir='ltr'><strong>eos</strong></span> <span class='ocrx_word' id='word_1_566' title='bbox 960 3631 993 3667; x_wconf 89' lang='lat' dir='ltr'><strong>a</strong></span> <span class='ocrx_word' id='word_1_567' title='bbox 1033 3616 1225 3683; x_wconf 85' lang='lat' dir='ltr'><strong>quibus</strong></span> <span class='ocrx_word' id='word_1_568' title='bbox 1255 3614 1480 3666; x_wconf 81' lang='lat' dir='ltr'><strong>sumitur</strong></span> <span class='ocrx_word' id='word_1_569' title='bbox 1506 3614 1833 3667; x_wconf 84' lang='lat' dir='ltr'><strong>immortales</strong></span> <span class='ocrx_word' id='word_1_570' title='bbox 1860 3623 1913 3667; x_wconf 86' lang='lat' dir='ltr'><strong>et</strong></span> <span class='ocrx_word' id='word_1_571' title='bbox 1940 3616 2252 3681; x_wconf 82' lang='lat' dir='ltr'><strong>incorrupti-</strong></span> 
     </span>
    </p>
   </div>
   <div class='ocr_carea' id='block_1_67' title="bbox 711 3702 2247 3771">
    <p class='ocr_par' dir='ltr' id='par_1_67' title="bbox 711 3702 2247 3771">
     <span class='ocr_line' id='line_1_67' title="bbox 711 3702 2247 3771; baseline -0.001 -15"><span class='ocrx_word' id='word_1_572' title='bbox 711 3704 842 3757; x_wconf 81' lang='lat' dir='ltr'><strong>biles</strong></span> <span class='ocrx_word' id='word_1_573' title='bbox 871 3702 1013 3764; x_wconf 86' lang='lat' dir='ltr'><strong>facit,</strong></span> <span class='ocrx_word' id='word_1_574' title='bbox 1046 3704 1099 3755; x_wconf 91' lang='lat' dir='ltr'><strong>id</strong></span> <span class='ocrx_word' id='word_1_575' title='bbox 1143 3711 1242 3765; x_wconf 85' lang='lat' dir='ltr'><strong>est,</strong></span> <span class='ocrx_word' id='word_1_576' title='bbox 1273 3702 1499 3755; x_wconf 83' lang='lat' dir='ltr'><strong>societas</strong></span> <span class='ocrx_word' id='word_1_577' title='bbox 1526 3703 1635 3771; x_wconf 87' lang='lat' dir='ltr'><strong>ipsa</strong></span> <span class='ocrx_word' id='word_1_578' title='bbox 1666 3711 1990 3763; x_wconf 88' lang='lat' dir='ltr'><strong>sanctorum,</strong></span> <span class='ocrx_word' id='word_1_579' title='bbox 2020 3703 2106 3756; x_wconf 89' lang='lat' dir='ltr'><strong>ubi</strong></span> <span class='ocrx_word' id='word_1_580' title='bbox 2150 3717 2247 3769; x_wconf 82' lang='lat' dir='ltr'><strong>pax</strong></span> 
     </span>
    </p>
   </div>
   <div class='ocr_carea' id='block_1_68' title="bbox 709 3791 2252 3861">
    <p class='ocr_par' dir='ltr' id='par_1_68' title="bbox 709 3791 2252 3861">
     <span class='ocr_line' id='line_1_68' title="bbox 709 3791 2252 3861; baseline 0 -16"><span class='ocrx_word' id='word_1_581' title='bbox 709 3794 812 3845; x_wconf 88' lang='lat' dir='ltr'><strong>erit</strong></span> <span class='ocrx_word' id='word_1_582' title='bbox 855 3802 908 3845; x_wconf 90' lang='lat' dir='ltr'><strong>et</strong></span> <span class='ocrx_word' id='word_1_583' title='bbox 933 3792 1109 3845; x_wconf 85' lang='lat' dir='ltr'><strong>unitas</strong></span> <span class='ocrx_word' id='word_1_584' title='bbox 1136 3792 1287 3859; x_wconf 85' lang='lat' dir='ltr'><strong>plena</strong></span> <span class='ocrx_word' id='word_1_585' title='bbox 1308 3801 1469 3861; x_wconf 90' lang='lat' dir='ltr'><strong>atque</strong></span> <span class='ocrx_word' id='word_1_586' title='bbox 1495 3791 1749 3860; x_wconf 87' lang='lat' dir='ltr'><strong>perfecta.</strong></span> <span class='ocrx_word' id='word_1_587' title='bbox 1778 3791 2061 3860; x_wconf 86' lang='lat' dir='ltr'><strong>Propterea</strong></span> <span class='ocrx_word' id='word_1_588' title='bbox 2102 3794 2252 3860; x_wconf 87' lang='lat' dir='ltr'><strong>quip-</strong></span> 
     </span>
    </p>
   </div>
   <div class='ocr_carea' id='block_1_69' title="bbox 710 3882 2253 3954">
    <p class='ocr_par' dir='ltr' id='par_1_69' title="bbox 710 3882 2253 3954">
     <span class='ocr_line' id='line_1_69' title="bbox 710 3882 2253 3954; baseline -0.001 -16"><span class='ocrx_word' id='word_1_589' title='bbox 710 3900 812 3954; x_wconf 82' lang='lat' dir='ltr'><strong>pe,</strong></span> <span class='ocrx_word' id='word_1_590' title='bbox 865 3885 1001 3937; x_wconf 90' lang='lat' dir='ltr'><strong>sicut</strong></span> <span class='ocrx_word' id='word_1_591' title='bbox 1063 3884 1223 3936; x_wconf 89' lang='lat' dir='ltr'><strong>etiam</strong></span> <span class='ocrx_word' id='word_1_592' title='bbox 1287 3884 1388 3936; x_wconf 90' lang='lat' dir='ltr'><strong>hoc</strong></span> <span class='ocrx_word' id='word_1_593' title='bbox 1439 3891 1560 3935; x_wconf 84' lang='lat' dir='ltr'><strong>ante</strong></span> <span class='ocrx_word' id='word_1_594' title='bbox 1599 3897 1695 3935; x_wconf 89' lang='lat' dir='ltr'><strong>nos</strong></span> <span class='ocrx_word' id='word_1_595' title='bbox 1748 3882 2113 3936; x_wconf 78' lang='lat' dir='ltr'><strong>intellexerunt</strong></span> <span class='ocrx_word' id='word_1_596' title='bbox 2155 3884 2253 3937; x_wconf 84' lang='lat' dir='ltr'><strong>ho-</strong></span> 
     </span>
    </p>
   </div>
   <div class='ocr_carea' id='block_1_70' title="bbox 713 3970 2252 4044">
    <p class='ocr_par' dir='ltr' id='par_1_70' title="bbox 713 3970 2252 4044">
     <span class='ocr_line' id='line_1_70' title="bbox 713 3970 2252 4044; baseline 0.001 -20"><span class='ocrx_word' id='word_1_597' title='bbox 713 3975 879 4026; x_wconf 84' lang='lat' dir='ltr'><strong>mines</strong></span> <span class='ocrx_word' id='word_1_598' title='bbox 908 3972 1067 4044; x_wconf 73' lang='lat' dir='ltr'><strong>]Deij,</strong></span> <span class='ocrx_word' id='word_1_599' title='bbox 1100 3973 1353 4025; x_wconf 86' lang='lat' dir='ltr'><strong>Dominus</strong></span> <span class='ocrx_word' id='word_1_600' title='bbox 1379 3981 1559 4025; x_wconf 89' lang='lat' dir='ltr'><strong>noster</strong></span> <span class='ocrx_word' id='word_1_601' title='bbox 1589 3970 1741 4024; x_wconf 73' lang='lat' dir='ltr'><strong>Iesus</strong></span> <span class='ocrx_word' id='word_1_602' title='bbox 1770 3970 2021 4024; x_wconf 85' lang='lat' dir='ltr'><strong>Christus</strong></span> <span class='ocrx_word' id='word_1_603' title='bbox 2059 3988 2252 4040; x_wconf 87' lang='lat' dir='ltr'><strong>corpus</strong></span> 
     </span>
    </p>
   </div>
   <div class='ocr_carea' id='block_1_71' title="bbox 707 4058 2254 4130">
    <p class='ocr_par' dir='ltr' id='par_1_71' title="bbox 707 4058 2254 4130">
     <span class='ocr_line' id='line_1_71' title="bbox 707 4058 2254 4130; baseline -0.001 -16"><span class='ocrx_word' id='word_1_604' title='bbox 707 4070 761 4114; x_wconf 88' lang='lat' dir='ltr'><strong>ct</strong></span> <span class='ocrx_word' id='word_1_605' title='bbox 791 4061 1095 4130; x_wconf 81' lang='lat' dir='ltr'><strong>sanguinem</strong></span> <span class='ocrx_word' id='word_1_606' title='bbox 1120 4075 1270 4112; x_wconf 88' lang='lat' dir='ltr'><strong>suum</strong></span> <span class='ocrx_word' id='word_1_607' title='bbox 1301 4060 1352 4111; x_wconf 84' lang='lat' dir='ltr'><strong>in</strong></span> <span class='ocrx_word' id='word_1_608' title='bbox 1386 4060 1464 4112; x_wconf 85' lang='lat' dir='ltr'><strong>eis</strong></span> <span class='ocrx_word' id='word_1_609' title='bbox 1493 4060 1649 4112; x_wconf 89' lang='lat' dir='ltr'><strong>rebus</strong></span> <span class='ocrx_word' id='word_1_610' title='bbox 1691 4058 2095 4119; x_wconf 84' lang='lat' dir='ltr'><strong>commendavit,</strong></span> <span class='ocrx_word' id='word_1_611' title='bbox 2138 4075 2254 4128; x_wconf 84' lang='lat' dir='ltr'><strong>quae</strong></span> 
     </span>
    </p>
   </div>
   <div class='ocr_carea' id='block_1_72' title="bbox 709 4148 2254 4217">
    <p class='ocr_par' dir='ltr' id='par_1_72' title="bbox 709 4148 2254 4217">
     <span class='ocr_line' id='line_1_72' title="bbox 709 4148 2254 4217; baseline 0 -15"><span class='ocrx_word' id='word_1_612' title='bbox 709 4151 776 4202; x_wconf 90' lang='lat' dir='ltr'><strong>ad</strong></span> <span class='ocrx_word' id='word_1_613' title='bbox 810 4165 971 4202; x_wconf 90' lang='lat' dir='ltr'><strong>unum</strong></span> <span class='ocrx_word' id='word_1_614' title='bbox 992 4149 1189 4217; x_wconf 88' lang='lat' dir='ltr'><strong>aliquid</strong></span> <span class='ocrx_word' id='word_1_615' title='bbox 1212 4149 1518 4216; x_wconf 90' lang='lat' dir='ltr'><strong>rediguntur</strong></span> <span class='ocrx_word' id='word_1_616' title='bbox 1540 4163 1603 4200; x_wconf 78' lang='lat' dir='ltr'><strong>ex</strong></span> <span class='ocrx_word' id='word_1_617' title='bbox 1627 4148 1822 4201; x_wconf 88' lang='lat' dir='ltr'><strong>multis.</strong></span> <span class='ocrx_word' id='word_1_618' title='bbox 1853 4148 2087 4216; x_wconf 86' lang='lat' dir='ltr'><strong>Namque</strong></span> <span class='ocrx_word' id='word_1_619' title='bbox 2114 4149 2254 4203; x_wconf 89' lang='lat' dir='ltr'><strong>aliud</strong></span> 
     </span>
    </p>
   </div>
   <div class='ocr_carea' id='block_1_73' title="bbox 710 4235 2255 4304">
    <p class='ocr_par' dir='ltr' id='par_1_73' title="bbox 710 4235 2255 4304">
     <span class='ocr_line' id='line_1_73' title="bbox 710 4235 2255 4304; baseline -0.001 -13"><span class='ocrx_word' id='word_1_620' title='bbox 710 4240 765 4291; x_wconf 88' lang='lat' dir='ltr'><strong>in</strong></span> <span class='ocrx_word' id='word_1_621' title='bbox 800 4253 962 4290; x_wconf 91' lang='lat' dir='ltr'><strong>unum</strong></span> <span class='ocrx_word' id='word_1_622' title='bbox 992 4236 1188 4304; x_wconf 89' lang='lat' dir='ltr'><strong>aliquid</strong></span> <span class='ocrx_word' id='word_1_623' title='bbox 1228 4250 1293 4288; x_wconf 79' lang='lat' dir='ltr'><strong>ex</strong></span> <span class='ocrx_word' id='word_1_624' title='bbox 1323 4235 1501 4288; x_wconf 91' lang='lat' dir='ltr'><strong>multis</strong></span> <span class='ocrx_word' id='word_1_625' title='bbox 1540 4236 1721 4304; x_wconf 85' lang='lat' dir='ltr'><strong>granis</strong></span> <span class='ocrx_word' id='word_1_626' title='bbox 1755 4237 2032 4289; x_wconf 84' lang='lat' dir='ltr'><strong>conficitur</strong></span> <span class='ocrx_word' id='word_1_627' title='bbox 2056 4246 2109 4290; x_wconf 92' lang='lat' dir='ltr'><strong>ct</strong></span> <span class='ocrx_word' id='word_1_628' title='bbox 2135 4254 2255 4291; x_wconf 86' lang='lat' dir='ltr'><strong>con-</strong></span> 
     </span>
    </p>
   </div>
   <div class='ocr_carea' id='block_1_74' title="bbox 712 4324 2255 4396">
    <p class='ocr_par' dir='ltr' id='par_1_74' title="bbox 712 4324 2255 4396">
     <span class='ocr_line' id='line_1_74' title="bbox 712 4324 2255 4396; baseline 0.002 -17"><span class='ocrx_word' id='word_1_629' title='bbox 712 4335 819 4379; x_wconf 87' lang='lat' dir='ltr'><strong>stat</strong></span> <span class='ocrx_word' id='word_1_630' title='bbox 840 4325 1017 4396; x_wconf 79' lang='lat' dir='ltr'><strong>[Aug.,</strong></span> <span class='ocrx_word' id='word_1_631' title='bbox 1048 4324 1257 4395; x_wconf 78' lang='lat' dir='ltr'><strong>confit],</strong></span> <span class='ocrx_word' id='word_1_632' title='bbox 1294 4324 1432 4378; x_wconf 89' lang='lat' dir='ltr'><strong>aliud</strong></span> <span class='ocrx_word' id='word_1_633' title='bbox 1468 4326 1519 4377; x_wconf 88' lang='lat' dir='ltr'><strong>in</strong></span> <span class='ocrx_word' id='word_1_634' title='bbox 1544 4341 1705 4378; x_wconf 91' lang='lat' dir='ltr'><strong>unum</strong></span> <span class='ocrx_word' id='word_1_635' title='bbox 1727 4342 1788 4379; x_wconf 86' lang='lat' dir='ltr'><strong>ex</strong></span> <span class='ocrx_word' id='word_1_636' title='bbox 1815 4328 1993 4379; x_wconf 89' lang='lat' dir='ltr'><strong>multis</strong></span> <span class='ocrx_word' id='word_1_637' title='bbox 2034 4330 2255 4383; x_wconf 87' lang='lat' dir='ltr'><strong>racemis</strong></span> 
     </span>
    </p>
   </div>
   <div class='ocr_carea' id='block_1_75' title="bbox 716 4414 2256 4487">
    <p class='ocr_par' dir='ltr' id='par_1_75' title="bbox 716 4414 2256 4487">
     <span class='ocr_line' id='line_1_75' title="bbox 716 4414 2256 4487; baseline 0.001 -18"><span class='ocrx_word' id='word_1_638' title='bbox 716 4416 845 4487; x_wconf 65' lang='lat' dir='ltr'><strong>ML,</strong></span> <span class='ocrx_word' id='word_1_639' title='bbox 877 4414 1087 4484; x_wconf 86' lang='lat' dir='ltr'><strong>acinis]</strong></span> <span class='ocrx_word' id='word_1_640' title='bbox 1133 4414 1365 4467; x_wconf 79' lang='lat' dir='ltr'><strong>conﬂuit.</strong></span> <span class='ocrx_word' id='word_1_641' title='bbox 1416 4414 1647 4481; x_wconf 90' lang='lat' dir='ltr'><strong>Denique</strong></span> <span class='ocrx_word' id='word_1_642' title='bbox 1690 4414 1801 4481; x_wconf 89' lang='lat' dir='ltr'><strong>jam</strong></span> <span class='ocrx_word' id='word_1_643' title='bbox 1866 4418 2079 4482; x_wconf 80' lang='lat' dir='ltr'><strong>exponit</strong></span> <span class='ocrx_word' id='word_1_644' title='bbox 2129 4434 2256 4484; x_wconf 87' lang='lat' dir='ltr'><strong>quo-</strong></span> 
     </span>
    </p>
   </div>
   <div class='ocr_carea' id='block_1_76' title="bbox 714 4501 2250 4568">
    <p class='ocr_par' dir='ltr' id='par_1_76' title="bbox 714 4501 2250 4568">
     <span class='ocr_line' id='line_1_76' title="bbox 714 4501 2250 4568; baseline 0.001 -11"><span class='ocrx_word' id='word_1_645' title='bbox 714 4506 871 4557; x_wconf 87' lang='lat' dir='ltr'><strong>modo</strong></span> <span class='ocrx_word' id='word_1_646' title='bbox 911 4504 965 4556; x_wconf 91' lang='lat' dir='ltr'><strong>id</strong></span> <span class='ocrx_word' id='word_1_647' title='bbox 987 4503 1089 4553; x_wconf 75' lang='lat' dir='ltr'><strong>ﬁat</strong></span> <span class='ocrx_word' id='word_1_648' title='bbox 1139 4502 1276 4568; x_wconf 81' lang='lat' dir='ltr'><strong>quod</strong></span> <span class='ocrx_word' id='word_1_649' title='bbox 1322 4502 1571 4568; x_wconf 77' lang='lat' dir='ltr'><strong>loquitur,</strong></span> <span class='ocrx_word' id='word_1_650' title='bbox 1598 4509 1651 4552; x_wconf 92' lang='lat' dir='ltr'><strong>et</strong></span> <span class='ocrx_word' id='word_1_651' title='bbox 1689 4501 1813 4567; x_wconf 89' lang='lat' dir='ltr'><strong>quid</strong></span> <span class='ocrx_word' id='word_1_652' title='bbox 1834 4503 1909 4554; x_wconf 84' lang='lat' dir='ltr'><strong>sit</strong></span> <span class='ocrx_word' id='word_1_653' title='bbox 1935 4504 2250 4558; x_wconf 89' lang='lat' dir='ltr'><strong>manducare</strong></span> 
     </span>
    </p>
   </div>
   <div class='ocr_carea' id='block_1_77' title="bbox 712 4590 2249 4663">
    <p class='ocr_par' dir='ltr' id='par_1_77' title="bbox 712 4590 2249 4663">
     <span class='ocr_line' id='line_1_77' title="bbox 712 4590 2249 4663; baseline 0.001 -18"><span class='ocrx_word' id='word_1_654' title='bbox 712 4604 905 4660; x_wconf 87' lang='lat' dir='ltr'><strong>corpus</strong></span> <span class='ocrx_word' id='word_1_655' title='bbox 933 4590 1047 4658; x_wconf 82' lang='lat' dir='ltr'><strong>ejus</strong></span> <span class='ocrx_word' id='word_1_656' title='bbox 1083 4598 1135 4643; x_wconf 93' lang='lat' dir='ltr'><strong>et</strong></span> <span class='ocrx_word' id='word_1_657' title='bbox 1158 4590 1463 4657; x_wconf 89' lang='lat' dir='ltr'><strong>sanguinem</strong></span> <span class='ocrx_word' id='word_1_658' title='bbox 1495 4591 1692 4644; x_wconf 89' lang='lat' dir='ltr'><strong>bibere.</strong></span> <span class='ocrx_word' id='word_1_659' title='bbox 1724 4592 1904 4659; x_wconf 75' lang='lat' dir='ltr'><strong>(Vens.</strong></span> <span class='ocrx_word' id='word_1_660' title='bbox 1935 4593 2045 4661; x_wconf 80' lang='lat'><strong>57.)</strong></span> <span class='ocrx_word' id='word_1_661' title='bbox 2072 4592 2135 4645; x_wconf 84' lang='lat' dir='ltr'><strong>Et</strong></span> <span class='ocrx_word' id='word_1_662' title='bbox 2163 4596 2249 4663; x_wconf 86' lang='lat' dir='ltr'><strong>qui</strong></span> 
     </span>
    </p>
   </div>
   <div class='ocr_carea' id='block_1_78' title="bbox 714 4678 2252 4757">
    <p class='ocr_par' dir='ltr' id='par_1_78' title="bbox 714 4678 2252 4757">
     <span class='ocr_line' id='line_1_78' title="bbox 714 4678 2252 4757; baseline -0.001 -19"><span class='ocrx_word' id='word_1_663' title='bbox 714 4678 1010 4745; x_wconf 80' lang='lat' dir='ltr'><strong>manducat,</strong></span> <span class='ocrx_word' id='word_1_664' title='bbox 1044 4683 1241 4751; x_wconf 85' lang='lat' dir='ltr'><strong>inquit,</strong></span> <span class='ocrx_word' id='word_1_665' title='bbox 1272 4699 1432 4735; x_wconf 84' lang='lat' dir='ltr'><strong>meum</strong></span> <span class='ocrx_word' id='word_1_666' title='bbox 1463 4699 1681 4744; x_wconf 86' lang='lat' dir='ltr'><strong>carnem,</strong></span> <span class='ocrx_word' id='word_1_667' title='bbox 1713 4693 1757 4735; x_wconf 88' lang='lat' dir='ltr'><strong>et</strong></span> <span class='ocrx_word' id='word_1_668' title='bbox 1789 4683 1909 4757; x_wconf 77' lang='lat' dir='ltr'><strong>bibit</strong></span> <span class='ocrx_word' id='word_1_669' title='bbox 1934 4700 2102 4735; x_wconf 86' lang='lat' dir='ltr'><strong>meum</strong></span> <span class='ocrx_word' id='word_1_670' title='bbox 2134 4702 2252 4737; x_wconf 75' lang='lat' dir='ltr'><strong>ran—</strong></span> 
     </span>
    </p>
   </div>
   <div class='ocr_carea' id='block_1_79' title="bbox 710 4770 2251 4842">
    <p class='ocr_par' dir='ltr' id='par_1_79' title="bbox 710 4770 2251 4842">
     <span class='ocr_line' id='line_1_79' title="bbox 710 4770 2251 4842; baseline -0.003 -17"><span class='ocrx_word' id='word_1_671' title='bbox 710 4777 935 4842; x_wconf 81' lang='lat' dir='ltr'><strong>guinem,</strong></span> <span class='ocrx_word' id='word_1_672' title='bbox 966 4775 1018 4825; x_wconf 86' lang='lat' dir='ltr'><strong>in</strong></span> <span class='ocrx_word' id='word_1_673' title='bbox 1046 4790 1123 4825; x_wconf 85' lang='lat' dir='ltr'><strong>me</strong></span> <span class='ocrx_word' id='word_1_674' title='bbox 1150 4780 1336 4833; x_wconf 86' lang='lat' dir='ltr'><strong>manet,</strong></span> <span class='ocrx_word' id='word_1_675' title='bbox 1389 4780 1434 4823; x_wconf 90' lang='lat' dir='ltr'><strong>et</strong></span> <span class='ocrx_word' id='word_1_676' title='bbox 1483 4787 1573 4838; x_wconf 84' lang='lat' dir='ltr'><strong>ego</strong></span> <span class='ocrx_word' id='word_1_677' title='bbox 1618 4771 1671 4822; x_wconf 80' lang='lat' dir='ltr'><strong>in</strong></span> <span class='ocrx_word' id='word_1_678' title='bbox 1715 4788 1792 4822; x_wconf 91' lang='lat' dir='ltr'><strong>eo.</strong></span> <span class='ocrx_word' id='word_1_679' title='bbox 1845 4770 1957 4824; x_wconf 79' lang='lat' dir='ltr'><strong>Hoc</strong></span> <span class='ocrx_word' id='word_1_680' title='bbox 1999 4780 2079 4824; x_wconf 77' lang='lat' dir='ltr'><strong>est</strong></span> <span class='ocrx_word' id='word_1_681' title='bbox 2127 4787 2251 4839; x_wconf 80' lang='lat' dir='ltr'><strong>ergo</strong></span> 
     </span>
    </p>
   </div>
   <div class='ocr_carea' id='block_1_80' title="bbox 718 4856 2250 4922">
    <p class='ocr_par' dir='ltr' id='par_1_80' title="bbox 718 4856 2250 4922">
     <span class='ocr_line' id='line_1_80' title="bbox 718 4856 2250 4922; baseline -0.001 -12"><span class='ocrx_word' id='word_1_682' title='bbox 718 4860 1035 4911; x_wconf 87' lang='lat' dir='ltr'><strong>manducare</strong></span> <span class='ocrx_word' id='word_1_683' title='bbox 1063 4858 1203 4910; x_wconf 89' lang='lat' dir='ltr'><strong>illam</strong></span> <span class='ocrx_word' id='word_1_684' title='bbox 1238 4872 1411 4910; x_wconf 89' lang='lat' dir='ltr'><strong>escam</strong></span> <span class='ocrx_word' id='word_1_685' title='bbox 1449 4864 1503 4907; x_wconf 90' lang='lat' dir='ltr'><strong>et</strong></span> <span class='ocrx_word' id='word_1_686' title='bbox 1546 4856 1689 4909; x_wconf 90' lang='lat' dir='ltr'><strong>illum</strong></span> <span class='ocrx_word' id='word_1_687' title='bbox 1727 4857 1907 4909; x_wconf 82' lang='lat' dir='ltr'><strong>bibere</strong></span> <span class='ocrx_word' id='word_1_688' title='bbox 1957 4865 2169 4922; x_wconf 87' lang='lat' dir='ltr'><strong>potum,</strong></span> <span class='ocrx_word' id='word_1_689' title='bbox 2201 4858 2250 4908; x_wconf 91' lang='lat' dir='ltr'><strong>in</strong></span> 
     </span>
    </p>
   </div>
   <div class='ocr_carea' id='block_1_81' title="bbox 710 4944 2250 5007">
    <p class='ocr_par' dir='ltr' id='par_1_81' title="bbox 710 4944 2250 5007">
     <span class='ocr_line' id='line_1_81' title="bbox 710 4944 2250 5007; baseline 0 -10"><span class='ocrx_word' id='word_1_690' title='bbox 710 4945 928 4998; x_wconf 80' lang='lat' dir='ltr'><strong>Christo</strong></span> <span class='ocrx_word' id='word_1_691' title='bbox 961 4959 1192 5007; x_wconf 89' lang='lat' dir='ltr'><strong>manere,</strong></span> <span class='ocrx_word' id='word_1_692' title='bbox 1224 4953 1276 4997; x_wconf 89' lang='lat' dir='ltr'><strong>et</strong></span> <span class='ocrx_word' id='word_1_693' title='bbox 1298 4944 1442 4996; x_wconf 89' lang='lat' dir='ltr'><strong>illum</strong></span> <span class='ocrx_word' id='word_1_694' title='bbox 1474 4952 1774 4996; x_wconf 83' lang='lat' dir='ltr'><strong>manentem</strong></span> <span class='ocrx_word' id='word_1_695' title='bbox 1821 4945 1871 4997; x_wconf 92' lang='lat' dir='ltr'><strong>in</strong></span> <span class='ocrx_word' id='word_1_696' title='bbox 1911 4958 1967 4997; x_wconf 90' lang='lat' dir='ltr'><strong>se</strong></span> <span class='ocrx_word' id='word_1_697' title='bbox 2019 4946 2250 4997; x_wconf 87' lang='lat' dir='ltr'><strong>habere:</strong></span> 
     </span>
    </p>
   </div>
   <div class='ocr_carea' id='block_1_82' title="bbox 712 5031 2252 5104">
    <p class='ocr_par' dir='ltr' id='par_1_82' title="bbox 712 5031 2252 5104">
     <span class='ocr_line' id='line_1_82' title="bbox 712 5031 2252 5104; baseline -0.003 -16"><span class='ocrx_word' id='word_1_698' title='bbox 712 5050 779 5088; x_wconf 84' lang='lat' dir='ltr'><strong>ac</strong></span> <span class='ocrx_word' id='word_1_699' title='bbox 802 5050 896 5104; x_wconf 90' lang='lat' dir='ltr'><strong>per</strong></span> <span class='ocrx_word' id='word_1_700' title='bbox 917 5036 1036 5095; x_wconf 89' lang='lat' dir='ltr'><strong>hoc,</strong></span> <span class='ocrx_word' id='word_1_701' title='bbox 1065 5033 1152 5100; x_wconf 89' lang='lat' dir='ltr'><strong>qui</strong></span> <span class='ocrx_word' id='word_1_702' title='bbox 1175 5047 1277 5084; x_wconf 90' lang='lat' dir='ltr'><strong>non</strong></span> <span class='ocrx_word' id='word_1_703' title='bbox 1316 5044 1493 5085; x_wconf 89' lang='lat' dir='ltr'><strong>manet</strong></span> <span class='ocrx_word' id='word_1_704' title='bbox 1526 5034 1577 5085; x_wconf 84' lang='lat' dir='ltr'><strong>in</strong></span> <span class='ocrx_word' id='word_1_705' title='bbox 1606 5031 1834 5095; x_wconf 83' lang='lat' dir='ltr'><strong>Christo,</strong></span> <span class='ocrx_word' id='word_1_706' title='bbox 1862 5041 1915 5084; x_wconf 91' lang='lat' dir='ltr'><strong>et</strong></span> <span class='ocrx_word' id='word_1_707' title='bbox 1941 5034 1991 5085; x_wconf 92' lang='lat' dir='ltr'><strong>iu</strong></span> <span class='ocrx_word' id='word_1_708' title='bbox 2025 5048 2130 5101; x_wconf 83' lang='lat' dir='ltr'><strong>quo</strong></span> <span class='ocrx_word' id='word_1_709' title='bbox 2152 5050 2252 5085; x_wconf 90' lang='lat' dir='ltr'><strong>non</strong></span> 
     </span>
    </p>
   </div>
   <div class='ocr_carea' id='block_1_83' title="bbox 718 5119 2256 5187">
    <p class='ocr_par' dir='ltr' id='par_1_83' title="bbox 718 5119 2256 5187">
     <span class='ocr_line' id='line_1_83' title="bbox 718 5119 2256 5187; baseline -0.003 -9"><span class='ocrx_word' id='word_1_710' title='bbox 718 5132 897 5178; x_wconf 85' lang='lat' dir='ltr'><strong>manet</strong></span> <span class='ocrx_word' id='word_1_711' title='bbox 929 5122 1190 5179; x_wconf 87' lang='lat' dir='ltr'><strong>Christus,</strong></span> <span class='ocrx_word' id='word_1_712' title='bbox 1218 5119 1396 5187; x_wconf 90' lang='lat' dir='ltr'><strong>procul</strong></span> <span class='ocrx_word' id='word_1_713' title='bbox 1423 5120 1581 5173; x_wconf 90' lang='lat' dir='ltr'><strong>dubio</strong></span> <span class='ocrx_word' id='word_1_714' title='bbox 1607 5135 1703 5174; x_wconf 88' lang='lat' dir='ltr'><strong>nec</strong></span> <span class='ocrx_word' id='word_1_715' title='bbox 1729 5120 2007 5172; x_wconf 87' lang='lat' dir='ltr'><strong>manducat</strong></span> <span class='ocrx_word' id='word_1_716' title='bbox 2047 5121 2256 5187; x_wconf 89' lang='lat' dir='ltr'><strong>spirita-</strong></span> 
     </span>
    </p>
   </div>
   <div class='ocr_carea' id='block_1_84' title="bbox 784 5252 2251 5322">
    <p class='ocr_par' dir='ltr' id='par_1_84' title="bbox 784 5252 2251 5322">
     <span class='ocr_line' id='line_1_84' title="bbox 784 5252 2251 5322; baseline -0.007 -11"><span class='ocrx_word' id='word_1_717' title='bbox 784 5272 812 5299; x_wconf 72' lang='grc' dir='ltr'><strong>ιι</strong></span> <span class='ocrx_word' id='word_1_718' title='bbox 852 5258 989 5314; x_wconf 75' lang='lat' dir='ltr'><strong>Edit.</strong></span> <span class='ocrx_word' id='word_1_719' title='bbox 1016 5252 1444 5322; x_wconf 58' lang='lat' dir='ltr'><strong>Argentoratde</strong></span> <span class='ocrx_word' id='word_1_720' title='bbox 1470 5267 1605 5322; x_wconf 82' lang='lat' dir='ltr'><strong>anno</strong></span> <span class='ocrx_word' id='word_1_721' title='bbox 1622 5253 1757 5306; x_wconf 70' lang='grc'><strong>’1527</strong></span> <span class='ocrx_word' id='word_1_722' title='bbox 1778 5254 1847 5306; x_wconf 90' lang='lat' dir='ltr'><strong>ita</strong></span> <span class='ocrx_word' id='word_1_723' title='bbox 1882 5252 2251 5319; x_wconf 83' lang='lat' dir='ltr'><strong>prosequitur:</strong></span> 
     </span>
    </p>
   </div>
   <div class='ocr_carea' id='block_1_85' title="bbox 723 5320 2253 5391">
    <p class='ocr_par' dir='ltr' id='par_1_85' title="bbox 723 5320 2253 5391">
     <span class='ocr_line' id='line_1_85' title="bbox 723 5320 2253 5391; baseline -0.004 -12"><span class='ocrx_word' id='word_1_724' title='bbox 723 5348 741 5379; x_wconf 75' lang='grc' dir='ltr'>ι</span> <span class='ocrx_word' id='word_1_725' title='bbox 780 5327 926 5382; x_wconf 79' lang='lat' dir='ltr'><strong>lianc</strong></span> <span class='ocrx_word' id='word_1_726' title='bbox 956 5320 1129 5391; x_wconf 79' lang='lat' dir='ltr'><strong>itaque</strong></span> <span class='ocrx_word' id='word_1_727' title='bbox 1169 5333 1403 5391; x_wconf 70' lang='lat' dir='ltr'><strong>carnem,</strong></span> <span class='ocrx_word' id='word_1_728' title='bbox 1432 5320 1570 5372; x_wconf 89' lang='lat' dir='ltr'><strong>hunc</strong></span> <span class='ocrx_word' id='word_1_729' title='bbox 1596 5321 1771 5391; x_wconf 84' lang='lat' dir='ltr'><strong>itaque</strong></span> <span class='ocrx_word' id='word_1_730' title='bbox 1796 5322 1971 5391; x_wconf 81' lang='lat' dir='ltr'><strong>cibum</strong></span> <span class='ocrx_word' id='word_1_731' title='bbox 2002 5328 2055 5372; x_wconf 89' lang='lat' dir='ltr'><strong>et</strong></span> <span class='ocrx_word' id='word_1_732' title='bbox 2078 5329 2253 5388; x_wconf 87' lang='lat' dir='ltr'><strong>potum</strong></span> 
     </span>
    </p>
   </div>
   <div class='ocr_carea' id='block_1_86' title="bbox 716 5387 2257 5454">
    <p class='ocr_par' dir='ltr' id='par_1_86' title="bbox 716 5387 2257 5454">
     <span class='ocr_line' id='line_1_86' title="bbox 716 5387 2257 5454; baseline -0.007 -4"><span class='ocrx_word' id='word_1_733' title='bbox 716 5397 1020 5449; x_wconf 87' lang='lat' dir='ltr'><strong>societatem</strong></span> <span class='ocrx_word' id='word_1_734' title='bbox 1046 5387 1159 5442; x_wconf 74' lang='lat' dir='ltr'><strong>vult</strong></span> <span class='ocrx_word' id='word_1_735' title='bbox 1192 5387 1407 5452; x_wconf 78' lang='lat' dir='ltr'><strong>intelligi</strong></span> <span class='ocrx_word' id='word_1_736' title='bbox 1429 5387 1739 5454; x_wconf 78' lang='lat' dir='ltr'><strong>corporiset</strong></span> <span class='ocrx_word' id='word_1_737' title='bbox 1763 5387 2115 5441; x_wconf 86' lang='lat' dir='ltr'><strong>membrorum</strong></span> <span class='ocrx_word' id='word_1_738' title='bbox 2138 5403 2257 5439; x_wconf 89' lang='lat' dir='ltr'><strong>suo-</strong></span> 
     </span>
    </p>
   </div>
   <div class='ocr_carea' id='block_1_87' title="bbox 722 5454 2258 5532">
    <p class='ocr_par' dir='ltr' id='par_1_87' title="bbox 722 5454 2258 5532">
     <span class='ocr_line' id='line_1_87' title="bbox 722 5454 2258 5532; baseline -0.004 -19"><span class='ocrx_word' id='word_1_739' title='bbox 722 5478 859 5525; x_wconf 85' lang='lat' dir='ltr'><strong>rum,</strong></span> <span class='ocrx_word' id='word_1_740' title='bbox 889 5461 1027 5532; x_wconf 82' lang='lat' dir='ltr'><strong>quod</strong></span> <span class='ocrx_word' id='word_1_741' title='bbox 1054 5468 1135 5512; x_wconf 82' lang='lat' dir='ltr'><strong>est</strong></span> <span class='ocrx_word' id='word_1_742' title='bbox 1158 5464 1341 5532; x_wconf 65' lang='lat' dir='ltr'><strong>sancta</strong></span> <span class='ocrx_word' id='word_1_743' title='bbox 1363 5454 1624 5532; x_wconf 60' lang='lat' dir='ltr'><strong>Ecclesia,</strong></span> <span class='ocrx_word' id='word_1_744' title='bbox 1643 5470 1756 5521; x_wconf 66' lang='lat' dir='ltr'><strong>qua:</strong></span> <span class='ocrx_word' id='word_1_745' title='bbox 1776 5470 1975 5532; x_wconf 80' lang='lat' dir='ltr'><strong>corpus</strong></span> <span class='ocrx_word' id='word_1_746' title='bbox 2006 5454 2258 5532; x_wconf 78' lang='lat' dir='ltr'><strong>esthri—</strong></span> 
     </span>
    </p>
   </div>
   <div class='ocr_carea' id='block_1_88' title="bbox 718 5522 2251 5590">
    <p class='ocr_par' dir='ltr' id='par_1_88' title="bbox 718 5522 2251 5590">
     <span class='ocr_line' id='line_1_88' title="bbox 718 5522 2251 5590; baseline -0.007 -8"><span class='ocrx_word' id='word_1_747' title='bbox 718 5532 809 5590; x_wconf 74' lang='lat' dir='ltr'><strong>sti.</strong></span> <span class='ocrx_word' id='word_1_748' title='bbox 839 5522 974 5587; x_wconf 61' lang='lat' dir='ltr'><strong>etde</strong></span> <span class='ocrx_word' id='word_1_749' title='bbox 1001 5530 1099 5581; x_wconf 77' lang='lat' dir='ltr'><strong>hac</strong></span> <span class='ocrx_word' id='word_1_750' title='bbox 1130 5541 1190 5579; x_wconf 86' lang='lat' dir='ltr'><strong>re</strong></span> <span class='ocrx_word' id='word_1_751' title='bbox 1231 5523 1518 5590; x_wconf 85' lang='lat' dir='ltr'><strong>litigarunt.</strong></span> <span class='ocrx_word' id='word_1_752' title='bbox 1560 5522 1779 5575; x_wconf 84' lang='lat' dir='ltr'><strong>Secutus</strong></span> <span class='ocrx_word' id='word_1_753' title='bbox 1813 5522 2071 5589; x_wconf 51' lang='lat' dir='ltr'><strong>adiunxit,</strong></span> <span class='ocrx_word' id='word_1_754' title='bbox 2094 5533 2196 5577; x_wconf 87' lang='lat' dir='ltr'><strong>etc.</strong></span> <span class='ocrx_word' id='word_1_755' title='bbox 2234 5542 2251 5572; x_wconf 77' lang='grc' dir='ltr'><strong>ι</strong></span> 
     </span>
    </p>
   </div>
   <div class='ocr_carea' id='block_1_89' title="bbox 722 5592 2257 5669">
    <p class='ocr_par' dir='ltr' id='par_1_89' title="bbox 722 5592 2257 5669">
     <span class='ocr_line' id='line_1_89' title="bbox 722 5592 2257 5669; baseline -0.005 -20"><span class='ocrx_word' id='word_1_756' title='bbox 722 5598 825 5669; x_wconf 66' lang='lat' dir='ltr'><strong>Sed</strong></span> <span class='ocrx_word' id='word_1_757' title='bbox 862 5598 972 5669; x_wconf 61' lang='lat' dir='ltr'><strong>haec</strong></span> <span class='ocrx_word' id='word_1_758' title='bbox 993 5594 1251 5649; x_wconf 83' lang='lat' dir='ltr'><strong>sententia</strong></span> <span class='ocrx_word' id='word_1_759' title='bbox 1281 5592 1383 5643; x_wconf 84' lang='lat' dir='ltr'><strong>huc</strong></span> <span class='ocrx_word' id='word_1_760' title='bbox 1415 5606 1631 5669; x_wconf 70' lang='lat' dir='ltr'><strong>prorsus</strong></span> <span class='ocrx_word' id='word_1_761' title='bbox 1652 5600 1731 5669; x_wconf 79' lang='lat' dir='ltr'><strong>est</strong></span> <span class='ocrx_word' id='word_1_762' title='bbox 1775 5592 2136 5669; x_wconf 43' lang='lat' dir='ltr'><strong>impertinﬁns”,</strong></span> <span class='ocrx_word' id='word_1_763' title='bbox 2162 5606 2257 5642; x_wconf 80' lang='lat' dir='ltr'><strong>nec</strong></span> 
     </span>
    </p>
   </div>
   <div class='ocr_carea' id='block_1_90' title="bbox 720 5659 2249 5730">
    <p class='ocr_par' dir='ltr' id='par_1_90' title="bbox 720 5659 2249 5730">
     <span class='ocr_line' id='line_1_90' title="bbox 720 5659 2249 5730; baseline -0.005 -14"><span class='ocrx_word' id='word_1_764' title='bbox 720 5666 776 5716; x_wconf 88' lang='lat' dir='ltr'><strong>in</strong></span> <span class='ocrx_word' id='word_1_765' title='bbox 806 5662 953 5714; x_wconf 86' lang='lat' dir='ltr'><strong>codd.</strong></span> <span class='ocrx_word' id='word_1_766' title='bbox 980 5678 1101 5715; x_wconf 82' lang='lat' dir='ltr'><strong>mss.</strong></span> <span class='ocrx_word' id='word_1_767' title='bbox 1130 5677 1259 5730; x_wconf 88' lang='lat' dir='ltr'><strong>quos</strong></span> <span class='ocrx_word' id='word_1_768' title='bbox 1276 5659 1532 5720; x_wconf 88' lang='lat' dir='ltr'><strong>consului,</strong></span> <span class='ocrx_word' id='word_1_769' title='bbox 1550 5675 1642 5714; x_wconf 86' lang='lat' dir='ltr'><strong>nec</strong></span> <span class='ocrx_word' id='word_1_770' title='bbox 1670 5659 1719 5709; x_wconf 91' lang='lat' dir='ltr'><strong>in</strong></span> <span class='ocrx_word' id='word_1_771' title='bbox 1744 5659 1965 5710; x_wconf 78' lang='lat' dir='ltr'><strong>editione</strong></span> <span class='ocrx_word' id='word_1_772' title='bbox 1995 5662 2071 5709; x_wconf 73' lang='lat' dir='ltr'><strong>(ll.</strong></span> <span class='ocrx_word' id='word_1_773' title='bbox 2094 5660 2249 5723; x_wconf 76' lang='lat' dir='ltr'><strong>Quer-</strong></span> 
     </span>
    </p>
   </div>
   <div class='ocr_carea' id='block_1_91' title="bbox 2348 3255 3885 3323">
    <p class='ocr_par' dir='ltr' id='par_1_91' title="bbox 2348 3255 3885 3323">
     <span class='ocr_line' id='line_1_91' title="bbox 2348 3255 3885 3323; baseline 0.001 -16"><span class='ocrx_word' id='word_1_774' title='bbox 2348 3257 2523 3323; x_wconf 82' lang='lat' dir='ltr'><strong>pcrins</strong></span> <span class='ocrx_word' id='word_1_775' title='bbox 2544 3255 2745 3309; x_wconf 76' lang='lat' dir='ltr'><strong>dixerat</strong></span> <span class='ocrx_word' id='word_1_776' title='bbox 2778 3274 2789 3306; x_wconf 91' lang='lat'>:</span> <span class='ocrx_word' id='word_1_777' title='bbox 2824 3255 2965 3308; x_wconf 84' lang='lat' dir='ltr'><strong>Sicut</strong></span> <span class='ocrx_word' id='word_1_778' title='bbox 2992 3256 3147 3309; x_wconf 84' lang='lat' dir='ltr'><strong>Pater</strong></span> <span class='ocrx_word' id='word_1_779' title='bbox 3168 3258 3315 3310; x_wconf 77' lang='lat' dir='ltr'><strong>habet</strong></span> <span class='ocrx_word' id='word_1_780' title='bbox 3342 3259 3490 3310; x_wconf 81' lang='lat' dir='ltr'><strong>vitam</strong></span> <span class='ocrx_word' id='word_1_781' title='bbox 3513 3258 3704 3312; x_wconf 82' lang='lat' dir='ltr'><strong>habere</strong></span> <span class='ocrx_word' id='word_1_782' title='bbox 3731 3261 3782 3310; x_wconf 79' lang='lat' dir='ltr'><strong>in</strong></span> <span class='ocrx_word' id='word_1_783' title='bbox 3818 3274 3885 3310; x_wconf 77' lang='lat' dir='ltr'><strong>se-</strong></span> 
     </span>
    </p>
   </div>
   <div class='ocr_carea' id='block_1_92' title="bbox 2352 3345 3883 3418">
    <p class='ocr_par' dir='ltr' id='par_1_92' title="bbox 2352 3345 3883 3418">
     <span class='ocr_line' id='line_1_92' title="bbox 2352 3345 3883 3418; baseline 0 -21"><span class='ocrx_word' id='word_1_784' title='bbox 2352 3348 2582 3413; x_wconf 81' lang='lat' dir='ltr'><strong>metipso,</strong></span> <span class='ocrx_word' id='word_1_785' title='bbox 2613 3348 2685 3397; x_wconf 84' lang='lat' dir='ltr'><strong>ita</strong></span> <span class='ocrx_word' id='word_1_786' title='bbox 2712 3347 2849 3398; x_wconf 86' lang='lat' dir='ltr'><strong>dedit</strong></span> <span class='ocrx_word' id='word_1_787' title='bbox 2874 3345 3009 3399; x_wconf 82' lang='lat' dir='ltr'><strong>Filio</strong></span> <span class='ocrx_word' id='word_1_788' title='bbox 3034 3348 3188 3400; x_wconf 81' lang='lat' dir='ltr'><strong>vitam</strong></span> <span class='ocrx_word' id='word_1_789' title='bbox 3211 3348 3393 3401; x_wconf 82' lang='lat' dir='ltr'><strong>habere</strong></span> <span class='ocrx_word' id='word_1_790' title='bbox 3416 3350 3469 3400; x_wconf 85' lang='lat' dir='ltr'><strong>in</strong></span> <span class='ocrx_word' id='word_1_791' title='bbox 3497 3350 3806 3418; x_wconf 74' lang='lat' dir='ltr'><strong>semetipso;</strong></span> <span class='ocrx_word' id='word_1_792' title='bbox 3844 3347 3883 3398; x_wconf 81' lang='lat' dir='ltr'><strong>id</strong></span> 
     </span>
    </p>
   </div>
   <div class='ocr_carea' id='block_1_93' title="bbox 2350 3434 3879 3503">
    <p class='ocr_par' dir='ltr' id='par_1_93' title="bbox 2350 3434 3879 3503">
     <span class='ocr_line' id='line_1_93' title="bbox 2350 3434 3879 3503; baseline -0.001 -17"><span class='ocrx_word' id='word_1_793' title='bbox 2350 3441 2464 3497; x_wconf 88' lang='lat' dir='ltr'><strong>cst,</strong></span> <span class='ocrx_word' id='word_1_794' title='bbox 2506 3435 2686 3502; x_wconf 87' lang='lat' dir='ltr'><strong>genuit</strong></span> <span class='ocrx_word' id='word_1_795' title='bbox 2734 3434 2921 3487; x_wconf 83' lang='lat' dir='ltr'><strong>Filium</strong></span> <span class='ocrx_word' id='word_1_796' title='bbox 2958 3437 3119 3487; x_wconf 86' lang='lat' dir='ltr'><strong>vitam</strong></span> <span class='ocrx_word' id='word_1_797' title='bbox 3166 3438 3442 3489; x_wconf 76' lang='lat' dir='ltr'><strong>habentem</strong></span> <span class='ocrx_word' id='word_1_798' title='bbox 3489 3439 3538 3488; x_wconf 91' lang='lat' dir='ltr'><strong>in</strong></span> <span class='ocrx_word' id='word_1_799' title='bbox 3584 3439 3879 3503; x_wconf 83' lang='lat' dir='ltr'><strong>semetipso.</strong></span> 
     </span>
    </p>
   </div>
   <div class='ocr_carea' id='block_1_94' title="bbox 2418 3524 3879 3595">
    <p class='ocr_par' dir='ltr' id='par_1_94' title="bbox 2418 3524 3879 3595">
     <span class='ocr_line' id='line_1_94' title="bbox 2418 3524 3879 3595; baseline -0.004 -14"><span class='ocrx_word' id='word_1_800' title='bbox 2418 3528 2575 3581; x_wconf 72' lang='lat' dir='ltr'><strong>Vens.</strong></span> <span class='ocrx_word' id='word_1_801' title='bbox 2606 3527 2691 3580; x_wconf 71' lang='grc'><strong>59.</strong></span> <span class='ocrx_word' id='word_1_802' title='bbox 2709 3557 2776 3565; x_wconf 89' lang='grc'><strong><em>-</em></strong></span> <span class='ocrx_word' id='word_1_803' title='bbox 2803 3524 2903 3577; x_wconf 83' lang='lat' dir='ltr'><strong>Hic</strong></span> <span class='ocrx_word' id='word_1_804' title='bbox 2927 3535 2997 3577; x_wconf 70' lang='lat' dir='ltr'><strong>est</strong></span> <span class='ocrx_word' id='word_1_805' title='bbox 3020 3526 3184 3593; x_wconf 81' lang='lat' dir='ltr'><strong>panis,</strong></span> <span class='ocrx_word' id='word_1_806' title='bbox 3217 3528 3303 3595; x_wconf 87' lang='lat' dir='ltr'><strong>qui</strong></span> <span class='ocrx_word' id='word_1_807' title='bbox 3341 3527 3402 3578; x_wconf 87' lang='lat' dir='ltr'><strong>de</strong></span> <span class='ocrx_word' id='word_1_808' title='bbox 3426 3526 3550 3579; x_wconf 69' lang='lat' dir='ltr'><strong>cwlo</strong></span> <span class='ocrx_word' id='word_1_809' title='bbox 3596 3526 3879 3585; x_wconf 81' lang='lat' dir='ltr'><strong>descendit,</strong></span> 
     </span>
    </p>
   </div>
   <div class='ocr_carea' id='block_1_95' title="bbox 2356 3616 3880 3684">
    <p class='ocr_par' dir='ltr' id='par_1_95' title="bbox 2356 3616 3880 3684">
     <span class='ocr_line' id='line_1_95' title="bbox 2356 3616 3880 3684; baseline -0.001 -18"><span class='ocrx_word' id='word_1_810' title='bbox 2356 3635 2373 3665; x_wconf 74' lang='grc' dir='ltr'>ί</span> <span class='ocrx_word' id='word_1_811' title='bbox 2411 3625 2466 3668; x_wconf 82' lang='grc' dir='ltr'><strong>ιιι</strong></span> <span class='ocrx_word' id='word_1_812' title='bbox 2495 3617 2637 3668; x_wconf 82' lang='lat' dir='ltr'><strong>illum</strong></span> <span class='ocrx_word' id='word_1_813' title='bbox 2678 3616 3040 3669; x_wconf 78' lang='lat' dir='ltr'><strong>manducando</strong></span> <span class='ocrx_word' id='word_1_814' title='bbox 3084 3617 3488 3684; x_wconf 80' lang='lat' dir='ltr'><strong>vivamus,quia</strong></span> <span class='ocrx_word' id='word_1_815' title='bbox 3536 3627 3790 3671; x_wconf 80' lang='lat' dir='ltr'><strong>mternam</strong></span> <span class='ocrx_word' id='word_1_816' title='bbox 3816 3616 3880 3666; x_wconf 79' lang='lat' dir='ltr'><strong>vi-</strong></span> 
     </span>
    </p>
   </div>
   <div class='ocr_carea' id='block_1_96' title="bbox 2350 3708 3882 3775">
    <p class='ocr_par' dir='ltr' id='par_1_96' title="bbox 2350 3708 3882 3775">
     <span class='ocr_line' id='line_1_96' title="bbox 2350 3708 3882 3775; baseline 0 -17"><span class='ocrx_word' id='word_1_817' title='bbox 2350 3715 2455 3759; x_wconf 88' lang='lat' dir='ltr'><strong>tam</strong></span> <span class='ocrx_word' id='word_1_818' title='bbox 2485 3722 2547 3759; x_wconf 78' lang='lat' dir='ltr'><strong>ex</strong></span> <span class='ocrx_word' id='word_1_819' title='bbox 2577 3708 2727 3761; x_wconf 89' lang='lat' dir='ltr'><strong>nobis</strong></span> <span class='ocrx_word' id='word_1_820' title='bbox 2756 3708 2952 3760; x_wconf 87' lang='lat' dir='ltr'><strong>habere</strong></span> <span class='ocrx_word' id='word_1_821' title='bbox 2973 3722 3075 3759; x_wconf 86' lang='lat' dir='ltr'><strong>non</strong></span> <span class='ocrx_word' id='word_1_822' title='bbox 3108 3722 3403 3775; x_wconf 86' lang='lat' dir='ltr'><strong>possumus.</strong></span> <span class='ocrx_word' id='word_1_823' title='bbox 3434 3708 3555 3760; x_wconf 84' lang='lat' dir='ltr'><strong>Non</strong></span> <span class='ocrx_word' id='word_1_824' title='bbox 3592 3711 3728 3761; x_wconf 80' lang='lat' dir='ltr'><strong>sicut</strong></span> <span class='ocrx_word' id='word_1_825' title='bbox 3751 3724 3882 3761; x_wconf 80' lang='lat' dir='ltr'><strong>man—</strong></span> 
     </span>
    </p>
   </div>
   <div class='ocr_carea' id='block_1_97' title="bbox 2349 3796 3881 3862">
    <p class='ocr_par' dir='ltr' id='par_1_97' title="bbox 2349 3796 3881 3862">
     <span class='ocr_line' id='line_1_97' title="bbox 2349 3796 3881 3862; baseline -0.001 -16"><span class='ocrx_word' id='word_1_826' title='bbox 2349 3796 2675 3857; x_wconf 79' lang='lat' dir='ltr'><strong>ducaveruut,</strong></span> <span class='ocrx_word' id='word_1_827' title='bbox 2711 3796 2894 3862; x_wconf 87' lang='lat' dir='ltr'><strong>inquit,</strong></span> <span class='ocrx_word' id='word_1_828' title='bbox 2945 3805 3112 3861; x_wconf 74' lang='lat' dir='ltr'><strong>patres</strong></span> <span class='ocrx_word' id='word_1_829' title='bbox 3161 3797 3309 3847; x_wconf 80' lang='lat' dir='ltr'><strong>vestri</strong></span> <span class='ocrx_word' id='word_1_830' title='bbox 3359 3796 3570 3859; x_wconf 60' lang='lat' dir='ltr'><strong>manna,</strong></span> <span class='ocrx_word' id='word_1_831' title='bbox 3603 3809 3652 3849; x_wconf 87' lang='lat' dir='ltr'><strong>et</strong></span> <span class='ocrx_word' id='word_1_832' title='bbox 3706 3796 3881 3849; x_wconf 83' lang='lat' dir='ltr'><strong>mortui</strong></span> 
     </span>
    </p>
   </div>
   <div class='ocr_carea' id='block_1_98' title="bbox 2348 3882 3877 3952">
    <p class='ocr_par' dir='ltr' id='par_1_98' title="bbox 2348 3882 3877 3952">
     <span class='ocr_line' id='line_1_98' title="bbox 2348 3882 3877 3952; baseline -0.004 -17"><span class='ocrx_word' id='word_1_833' title='bbox 2348 3894 2466 3936; x_wconf 79' lang='lat' dir='ltr'><strong>sunt</strong></span> <span class='ocrx_word' id='word_1_834' title='bbox 2493 3901 2509 3935; x_wconf 91' lang='lat'><strong><em>:</em></strong></span> <span class='ocrx_word' id='word_1_835' title='bbox 2539 3886 2625 3952; x_wconf 84' lang='lat' dir='ltr'><strong>qui</strong></span> <span class='ocrx_word' id='word_1_836' title='bbox 2665 3885 2938 3935; x_wconf 79' lang='lat' dir='ltr'><strong>manducet</strong></span> <span class='ocrx_word' id='word_1_837' title='bbox 2976 3882 3108 3934; x_wconf 71' lang='lat' dir='ltr'><strong>hunc</strong></span> <span class='ocrx_word' id='word_1_838' title='bbox 3130 3899 3336 3950; x_wconf 84' lang='lat' dir='ltr'><strong>panem,</strong></span> <span class='ocrx_word' id='word_1_839' title='bbox 3365 3885 3487 3935; x_wconf 77' lang='lat' dir='ltr'><strong>vivet</strong></span> <span class='ocrx_word' id='word_1_840' title='bbox 3530 3885 3583 3936; x_wconf 86' lang='lat' dir='ltr'><strong>in</strong></span> <span class='ocrx_word' id='word_1_841' title='bbox 3626 3895 3877 3937; x_wconf 74' lang='lat' dir='ltr'><strong>a&#39;ternum.</strong></span> 
     </span>
    </p>
   </div>
   <div class='ocr_carea' id='block_1_99' title="bbox 2350 3971 3879 4044">
    <p class='ocr_par' dir='ltr' id='par_1_99' title="bbox 2350 3971 3879 4044">
     <span class='ocr_line' id='line_1_99' title="bbox 2350 3971 3879 4044; baseline -0.003 -19"><span class='ocrx_word' id='word_1_842' title='bbox 2350 3972 2500 4035; x_wconf 85' lang='lat' dir='ltr'><strong>Quod</strong></span> <span class='ocrx_word' id='word_1_843' title='bbox 2525 3986 2649 4039; x_wconf 87' lang='lat' dir='ltr'><strong>ergo</strong></span> <span class='ocrx_word' id='word_1_844' title='bbox 2677 3972 2747 4024; x_wconf 81' lang='lat' dir='ltr'><strong>iili</strong></span> <span class='ocrx_word' id='word_1_845' title='bbox 2772 3971 2963 4024; x_wconf 89' lang='lat' dir='ltr'><strong>mortui</strong></span> <span class='ocrx_word' id='word_1_846' title='bbox 3004 3981 3147 4035; x_wconf 87' lang='lat' dir='ltr'><strong>sunt,</strong></span> <span class='ocrx_word' id='word_1_847' title='bbox 3176 3973 3247 4024; x_wconf 87' lang='lat' dir='ltr'><strong>ita</strong></span> <span class='ocrx_word' id='word_1_848' title='bbox 3287 3971 3399 4025; x_wconf 88' lang='lat' dir='ltr'><strong>vult</strong></span> <span class='ocrx_word' id='word_1_849' title='bbox 3427 3973 3683 4044; x_wconf 84' lang='lat' dir='ltr'><strong>intelligi,</strong></span> <span class='ocrx_word' id='word_1_850' title='bbox 3709 3983 3765 4027; x_wconf 91' lang='lat' dir='ltr'><strong>ut</strong></span> <span class='ocrx_word' id='word_1_851' title='bbox 3789 3986 3879 4024; x_wconf 88' lang='lat' dir='ltr'><strong>non</strong></span> 
     </span>
    </p>
   </div>
   <div class='ocr_carea' id='block_1_100' title="bbox 2351 4057 3878 4127">
    <p class='ocr_par' dir='ltr' id='par_1_100' title="bbox 2351 4057 3878 4127">
     <span class='ocr_line' id='line_1_100' title="bbox 2351 4057 3878 4127; baseline -0.003 -17"><span class='ocrx_word' id='word_1_852' title='bbox 2351 4062 2541 4114; x_wconf 80' lang='lat' dir='ltr'><strong>vivant</strong></span> <span class='ocrx_word' id='word_1_853' title='bbox 2558 4062 2609 4114; x_wconf 90' lang='lat' dir='ltr'><strong>in</strong></span> <span class='ocrx_word' id='word_1_854' title='bbox 2634 4069 2923 4121; x_wconf 69' lang='lat' dir='ltr'><strong>aaternum;</strong></span> <span class='ocrx_word' id='word_1_855' title='bbox 2956 4076 3076 4113; x_wconf 88' lang='lat' dir='ltr'><strong>nam</strong></span> <span class='ocrx_word' id='word_1_856' title='bbox 3112 4060 3470 4126; x_wconf 85' lang='lat' dir='ltr'><strong>tcmporaliter</strong></span> <span class='ocrx_word' id='word_1_857' title='bbox 3496 4062 3736 4127; x_wconf 85' lang='lat' dir='ltr'><strong>profecto</strong></span> <span class='ocrx_word' id='word_1_858' title='bbox 3760 4069 3811 4111; x_wconf 90' lang='lat' dir='ltr'><strong>et</strong></span> <span class='ocrx_word' id='word_1_859' title='bbox 3835 4057 3878 4107; x_wconf 84' lang='lat' dir='ltr'><strong>bi</strong></span> 
     </span>
    </p>
   </div>
   <div class='ocr_carea' id='block_1_101' title="bbox 2349 4149 3877 4217">
    <p class='ocr_par' dir='ltr' id='par_1_101' title="bbox 2349 4149 3877 4217">
     <span class='ocr_line' id='line_1_101' title="bbox 2349 4149 3877 4217; baseline -0.004 -14"><span class='ocrx_word' id='word_1_860' title='bbox 2349 4152 2642 4204; x_wconf 84' lang='lat' dir='ltr'><strong>morientur</strong></span> <span class='ocrx_word' id='word_1_861' title='bbox 2669 4151 2757 4217; x_wconf 87' lang='lat' dir='ltr'><strong>qui</strong></span> <span class='ocrx_word' id='word_1_862' title='bbox 2786 4151 3053 4204; x_wconf 77' lang='lat' dir='ltr'><strong>Christum</strong></span> <span class='ocrx_word' id='word_1_863' title='bbox 3094 4152 3440 4212; x_wconf 71' lang='lat' dir='ltr'><strong>manducauit;</strong></span> <span class='ocrx_word' id='word_1_864' title='bbox 3480 4151 3571 4203; x_wconf 90' lang='lat' dir='ltr'><strong>sed</strong></span> <span class='ocrx_word' id='word_1_865' title='bbox 3618 4152 3793 4214; x_wconf 80' lang='lat' dir='ltr'><strong>vivent</strong></span> <span class='ocrx_word' id='word_1_866' title='bbox 3834 4149 3877 4199; x_wconf 85' lang='lat' dir='ltr'><strong>in</strong></span> 
     </span>
    </p>
   </div>
   <div class='ocr_carea' id='block_1_102' title="bbox 2352 4240 3875 4308">
    <p class='ocr_par' dir='ltr' id='par_1_102' title="bbox 2352 4240 3875 4308">
     <span class='ocr_line' id='line_1_102' title="bbox 2352 4240 3875 4308; baseline -0.006 -13"><span class='ocrx_word' id='word_1_867' title='bbox 2352 4253 2624 4301; x_wconf 69' lang='lat' dir='ltr'><strong>teteruum,</strong></span> <span class='ocrx_word' id='word_1_868' title='bbox 2653 4242 2773 4307; x_wconf 85' lang='lat' dir='ltr'><strong>quia</strong></span> <span class='ocrx_word' id='word_1_869' title='bbox 2816 4240 3055 4301; x_wconf 74' lang='lat' dir='ltr'><strong>Christus</strong></span> <span class='ocrx_word' id='word_1_870' title='bbox 3094 4248 3173 4292; x_wconf 89' lang='lat' dir='ltr'><strong>est</strong></span> <span class='ocrx_word' id='word_1_871' title='bbox 3216 4240 3325 4290; x_wconf 86' lang='lat' dir='ltr'><strong>vita</strong></span> <span class='ocrx_word' id='word_1_872' title='bbox 3368 4246 3585 4292; x_wconf 64' lang='lat' dir='ltr'><strong>aeterna.</strong></span> <span class='ocrx_word' id='word_1_873' title='bbox 3611 4241 3646 4279; x_wconf 72' lang='grc' dir='ltr'><strong>’δ</strong></span> <span class='ocrx_word' id='word_1_874' title='bbox 3674 4240 3875 4308; x_wconf 85' lang='lat' dir='ltr'><strong>Signum</strong></span> 
     </span>
    </p>
   </div>
   <div class='ocr_carea' id='block_1_103' title="bbox 2351 4312 3878 4397">
    <p class='ocr_par' dir='ltr' id='par_1_103' title="bbox 2351 4312 3878 4397">
     <span class='ocr_line' id='line_1_103' title="bbox 2351 4312 3878 4397; baseline -0.003 -15"><span class='ocrx_word' id='word_1_875' title='bbox 2351 4330 2465 4396; x_wconf 88' lang='lat' dir='ltr'><strong>cjus</strong></span> <span class='ocrx_word' id='word_1_876' title='bbox 2480 4330 2601 4397; x_wconf 79' lang='lat' dir='ltr'><strong>quia</strong></span> <span class='ocrx_word' id='word_1_877' title='bbox 2626 4312 2964 4381; x_wconf 79' lang='lat' dir='ltr'><strong>manducavit</strong></span> <span class='ocrx_word' id='word_1_878' title='bbox 2980 4336 3032 4379; x_wconf 85' lang='lat' dir='ltr'><strong>et</strong></span> <span class='ocrx_word' id='word_1_879' title='bbox 3053 4328 3201 4389; x_wconf 87' lang='lat' dir='ltr'><strong>bibit,</strong></span> <span class='ocrx_word' id='word_1_880' title='bbox 3224 4328 3321 4380; x_wconf 90' lang='lat' dir='ltr'><strong>hoc</strong></span> <span class='ocrx_word' id='word_1_881' title='bbox 3350 4335 3432 4379; x_wconf 84' lang='lat' dir='ltr'><strong>est</strong></span> <span class='ocrx_word' id='word_1_882' title='bbox 3451 4328 3493 4380; x_wconf 90' lang='lat' dir='ltr'><strong>si</strong></span> <span class='ocrx_word' id='word_1_883' title='bbox 3527 4336 3703 4381; x_wconf 89' lang='lat' dir='ltr'><strong>manet</strong></span> <span class='ocrx_word' id='word_1_884' title='bbox 3723 4337 3878 4381; x_wconf 71' lang='lat' dir='ltr'><strong>etuia-</strong></span> 
     </span>
    </p>
   </div>
   <div class='ocr_carea' id='block_1_104' title="bbox 2354 4414 3875 4480">
    <p class='ocr_par' dir='ltr' id='par_1_104' title="bbox 2354 4414 3875 4480">
     <span class='ocr_line' id='line_1_104' title="bbox 2354 4414 3875 4480; baseline -0.002 -12"><span class='ocrx_word' id='word_1_885' title='bbox 2354 4424 2527 4477; x_wconf 84' lang='lat' dir='ltr'><strong>netur,</strong></span> <span class='ocrx_word' id='word_1_886' title='bbox 2552 4417 2593 4467; x_wconf 89' lang='lat' dir='ltr'><strong>si</strong></span> <span class='ocrx_word' id='word_1_887' title='bbox 2632 4415 2835 4467; x_wconf 87' lang='lat' dir='ltr'><strong>habitat</strong></span> <span class='ocrx_word' id='word_1_888' title='bbox 2869 4424 2920 4467; x_wconf 91' lang='lat' dir='ltr'><strong>et</strong></span> <span class='ocrx_word' id='word_1_889' title='bbox 2945 4416 3283 4477; x_wconf 82' lang='lat' dir='ltr'><strong>inhabitatur,</strong></span> <span class='ocrx_word' id='word_1_890' title='bbox 3312 4416 3355 4467; x_wconf 88' lang='lat' dir='ltr'><strong>si</strong></span> <span class='ocrx_word' id='word_1_891' title='bbox 3384 4414 3463 4468; x_wconf 93' lang='lat' dir='ltr'><strong>sic</strong></span> <span class='ocrx_word' id='word_1_892' title='bbox 3482 4416 3680 4480; x_wconf 73' lang='lat' dir='ltr'><strong>bzeret,</strong></span> <span class='ocrx_word' id='word_1_893' title='bbox 3706 4422 3764 4469; x_wconf 84' lang='lat' dir='ltr'><strong>ut</strong></span> <span class='ocrx_word' id='word_1_894' title='bbox 3784 4426 3875 4465; x_wconf 81' lang='lat' dir='ltr'><strong>nun</strong></span> 
     </span>
    </p>
   </div>
   <div class='ocr_carea' id='block_1_105' title="bbox 2354 4498 3879 4572">
    <p class='ocr_par' dir='ltr' id='par_1_105' title="bbox 2354 4498 3879 4572">
     <span class='ocr_line' id='line_1_105' title="bbox 2354 4498 3879 4572; baseline -0.007 -15"><span class='ocrx_word' id='word_1_895' title='bbox 2354 4505 2641 4558; x_wconf 85' lang='lat' dir='ltr'><strong>deseratur.</strong></span> <span class='ocrx_word' id='word_1_896' title='bbox 2684 4502 2793 4557; x_wconf 86' lang='lat' dir='ltr'><strong>Hoc</strong></span> <span class='ocrx_word' id='word_1_897' title='bbox 2820 4518 2945 4569; x_wconf 86' lang='lat' dir='ltr'><strong>ergo</strong></span> <span class='ocrx_word' id='word_1_898' title='bbox 2983 4518 3077 4555; x_wconf 89' lang='lat' dir='ltr'><strong>nos</strong></span> <span class='ocrx_word' id='word_1_899' title='bbox 3122 4502 3277 4572; x_wconf 78' lang='lat'><strong>530</strong></span> <span class='ocrx_word' id='word_1_900' title='bbox 3309 4504 3505 4565; x_wconf 91' lang='lat' dir='ltr'><strong>docuit,</strong></span> <span class='ocrx_word' id='word_1_901' title='bbox 3547 4512 3602 4556; x_wconf 84' lang='lat' dir='ltr'><strong>et</strong></span> <span class='ocrx_word' id='word_1_902' title='bbox 3625 4498 3879 4556; x_wconf 85' lang='lat' dir='ltr'><strong>admonuit</strong></span> 
     </span>
    </p>
   </div>
   <div class='ocr_carea' id='block_1_106' title="bbox 2355 4588 3876 4663">
    <p class='ocr_par' dir='ltr' id='par_1_106' title="bbox 2355 4588 3876 4663">
     <span class='ocr_line' id='line_1_106' title="bbox 2355 4588 3876 4663; baseline -0.008 -15"><span class='ocrx_word' id='word_1_903' title='bbox 2355 4595 2589 4663; x_wconf 79' lang='lat' dir='ltr'><strong>mysticis</strong></span> <span class='ocrx_word' id='word_1_904' title='bbox 2614 4593 2806 4655; x_wconf 86' lang='lat' dir='ltr'><strong>verbis,</strong></span> <span class='ocrx_word' id='word_1_905' title='bbox 2837 4602 2894 4643; x_wconf 88' lang='lat' dir='ltr'><strong>ut</strong></span> <span class='ocrx_word' id='word_1_906' title='bbox 2923 4593 3087 4644; x_wconf 83' lang='lat' dir='ltr'><strong>simus</strong></span> <span class='ocrx_word' id='word_1_907' title='bbox 3125 4590 3174 4641; x_wconf 90' lang='lat' dir='ltr'><strong>in</strong></span> <span class='ocrx_word' id='word_1_908' title='bbox 3204 4589 3319 4656; x_wconf 86' lang='lat' dir='ltr'><strong>ejus</strong></span> <span class='ocrx_word' id='word_1_909' title='bbox 3355 4604 3599 4657; x_wconf 88' lang='lat' dir='ltr'><strong>corpore,</strong></span> <span class='ocrx_word' id='word_1_910' title='bbox 3636 4591 3735 4643; x_wconf 87' lang='lat' dir='ltr'><strong>sub</strong></span> <span class='ocrx_word' id='word_1_911' title='bbox 3776 4588 3876 4654; x_wconf 89' lang='lat' dir='ltr'><strong>ipso</strong></span> 
     </span>
    </p>
   </div>
   <div class='ocr_carea' id='block_1_107' title="bbox 2354 4679 3873 4752">
    <p class='ocr_par' dir='ltr' id='par_1_107' title="bbox 2354 4679 3873 4752">
     <span class='ocr_line' id='line_1_107' title="bbox 2354 4679 3873 4752; baseline -0.007 -14"><span class='ocrx_word' id='word_1_912' title='bbox 2354 4687 2525 4752; x_wconf 56' lang='lat' dir='ltr'><strong>Cupite</strong></span> <span class='ocrx_word' id='word_1_913' title='bbox 2558 4686 2609 4737; x_wconf 92' lang='lat' dir='ltr'><strong>in</strong></span> <span class='ocrx_word' id='word_1_914' title='bbox 2659 4683 2909 4735; x_wconf 91' lang='lat' dir='ltr'><strong>membris</strong></span> <span class='ocrx_word' id='word_1_915' title='bbox 2937 4682 3075 4749; x_wconf 86' lang='lat' dir='ltr'><strong>ejus,</strong></span> <span class='ocrx_word' id='word_1_916' title='bbox 3105 4682 3317 4734; x_wconf 88' lang='lat' dir='ltr'><strong>edentes</strong></span> <span class='ocrx_word' id='word_1_917' title='bbox 3361 4697 3578 4735; x_wconf 88' lang='lat' dir='ltr'><strong>carnem</strong></span> <span class='ocrx_word' id='word_1_918' title='bbox 3620 4679 3747 4747; x_wconf 86' lang='lat' dir='ltr'><strong>ejus,</strong></span> <span class='ocrx_word' id='word_1_919' title='bbox 3783 4690 3873 4731; x_wconf 93' lang='lat' dir='ltr'><strong>non</strong></span> 
     </span>
    </p>
   </div>
   <div class='ocr_carea' id='block_1_108' title="bbox 2356 4768 3871 4838">
    <p class='ocr_par' dir='ltr' id='par_1_108' title="bbox 2356 4768 3871 4838">
     <span class='ocr_line' id='line_1_108' title="bbox 2356 4768 3871 4838; baseline -0.002 -14"><span class='ocrx_word' id='word_1_920' title='bbox 2356 4773 2709 4837; x_wconf 88' lang='lat' dir='ltr'><strong>relinquentes</strong></span> <span class='ocrx_word' id='word_1_921' title='bbox 2734 4769 2986 4822; x_wconf 84' lang='lat' dir='ltr'><strong>unitatem</strong></span> <span class='ocrx_word' id='word_1_922' title='bbox 3017 4768 3147 4835; x_wconf 84' lang='lat' dir='ltr'><strong>ejus.</strong></span> <span class='ocrx_word' id='word_1_923' title='bbox 3177 4769 3277 4822; x_wconf 89' lang='lat' dir='ltr'><strong>Sed</strong></span> <span class='ocrx_word' id='word_1_924' title='bbox 3302 4770 3391 4837; x_wconf 90' lang='lat' dir='ltr'><strong>qui</strong></span> <span class='ocrx_word' id='word_1_925' title='bbox 3439 4771 3659 4823; x_wconf 85' lang='lat' dir='ltr'><strong>aderant</strong></span> <span class='ocrx_word' id='word_1_926' title='bbox 3692 4768 3871 4838; x_wconf 63' lang='lat' dir='ltr'><strong>plures.</strong></span> 
     </span>
    </p>
   </div>
   <div class='ocr_carea' id='block_1_109' title="bbox 2354 4848 3875 4927">
    <p class='ocr_par' dir='ltr' id='par_1_109' title="bbox 2354 4848 3875 4927">
     <span class='ocr_line' id='line_1_109' title="bbox 2354 4848 3875 4927; baseline -0.003 -17"><span class='ocrx_word' id='word_1_927' title='bbox 2354 4875 2460 4911; x_wconf 86' lang='lat' dir='ltr'><strong>non</strong></span> <span class='ocrx_word' id='word_1_928' title='bbox 2498 4858 2830 4927; x_wconf 83' lang='lat' dir='ltr'><strong>intelligendo</strong></span> <span class='ocrx_word' id='word_1_929' title='bbox 2876 4858 3213 4911; x_wconf 82' lang='lat' dir='ltr'><strong>scandalizati</strong></span> <span class='ocrx_word' id='word_1_930' title='bbox 3241 4865 3363 4909; x_wconf 90' lang='lat' dir='ltr'><strong>sunt</strong></span> <span class='ocrx_word' id='word_1_931' title='bbox 3395 4876 3405 4909; x_wconf 78' lang='grc' dir='ltr'>ε</span> <span class='ocrx_word' id='word_1_932' title='bbox 3436 4873 3539 4911; x_wconf 92' lang='lat' dir='ltr'><strong>non</strong></span> <span class='ocrx_word' id='word_1_933' title='bbox 3569 4859 3707 4910; x_wconf 90' lang='lat' dir='ltr'><strong>enim</strong></span> <span class='ocrx_word' id='word_1_934' title='bbox 3748 4848 3875 4917; x_wconf 70' lang='lat' dir='ltr'><strong>cogi-</strong></span> 
     </span>
    </p>
   </div>
   <div class='ocr_carea' id='block_1_110' title="bbox 2359 4947 3871 5016">
    <p class='ocr_par' dir='ltr' id='par_1_110' title="bbox 2359 4947 3871 5016">
     <span class='ocr_line' id='line_1_110' title="bbox 2359 4947 3871 5016; baseline -0.003 -17"><span class='ocrx_word' id='word_1_935' title='bbox 2359 4951 2539 5003; x_wconf 87' lang='lat' dir='ltr'><strong>tabant</strong></span> <span class='ocrx_word' id='word_1_936' title='bbox 2568 4951 2678 5003; x_wconf 64' lang='lat' dir='ltr'><strong>haec</strong></span> <span class='ocrx_word' id='word_1_937' title='bbox 2707 4949 2987 5009; x_wconf 91' lang='lat' dir='ltr'><strong>audiendo,</strong></span> <span class='ocrx_word' id='word_1_938' title='bbox 3014 4948 3113 5000; x_wconf 86' lang='lat' dir='ltr'><strong>nisi</strong></span> <span class='ocrx_word' id='word_1_939' title='bbox 3140 4963 3374 5013; x_wconf 89' lang='lat' dir='ltr'><strong>carnem,</strong></span> <span class='ocrx_word' id='word_1_940' title='bbox 3406 4951 3546 5016; x_wconf 89' lang='lat' dir='ltr'><strong>quod</strong></span> <span class='ocrx_word' id='word_1_941' title='bbox 3577 4947 3674 5014; x_wconf 89' lang='lat' dir='ltr'><strong>ipsi</strong></span> <span class='ocrx_word' id='word_1_942' title='bbox 3715 4947 3871 4996; x_wconf 72' lang='lat' dir='ltr'><strong>erant.</strong></span> 
     </span>
    </p>
   </div>
   <div class='ocr_carea' id='block_1_111' title="bbox 2357 5034 3873 5104">
    <p class='ocr_par' dir='ltr' id='par_1_111' title="bbox 2357 5034 3873 5104">
     <span class='ocr_line' id='line_1_111' title="bbox 2357 5034 3873 5104; baseline -0.007 -15"><span class='ocrx_word' id='word_1_943' title='bbox 2357 5036 2637 5104; x_wconf 79' lang='lat' dir='ltr'><strong>Apostolus</strong></span> <span class='ocrx_word' id='word_1_944' title='bbox 2665 5043 2838 5087; x_wconf 89' lang='lat' dir='ltr'><strong>autem</strong></span> <span class='ocrx_word' id='word_1_945' title='bbox 2873 5034 3013 5094; x_wconf 89' lang='lat' dir='ltr'><strong>dicit,</strong></span> <span class='ocrx_word' id='word_1_946' title='bbox 3065 5044 3118 5087; x_wconf 89' lang='lat' dir='ltr'><strong>et</strong></span> <span class='ocrx_word' id='word_1_947' title='bbox 3154 5051 3334 5088; x_wconf 80' lang='lat' dir='ltr'><strong>vernn</strong></span> <span class='ocrx_word' id='word_1_948' title='bbox 3366 5036 3535 5087; x_wconf 86' lang='lat' dir='ltr'><strong>dicit:</strong></span> <span class='ocrx_word' id='word_1_949' title='bbox 3574 5034 3763 5103; x_wconf 78' lang='lat' dir='ltr'><strong>sapere</strong></span> <span class='ocrx_word' id='word_1_950' title='bbox 3800 5040 3873 5079; x_wconf 79' lang='lat' dir='ltr'><strong>sc-</strong></span> 
     </span>
    </p>
   </div>
   <div class='ocr_carea' id='block_1_112' title="bbox 2358 5122 3868 5192">
    <p class='ocr_par' dir='ltr' id='par_1_112' title="bbox 2358 5122 3868 5192">
     <span class='ocr_line' id='line_1_112' title="bbox 2358 5122 3868 5192; baseline -0.006 -13"><span class='ocrx_word' id='word_1_951' title='bbox 2358 5128 2586 5180; x_wconf 87' lang='lat' dir='ltr'><strong>cundum</strong></span> <span class='ocrx_word' id='word_1_952' title='bbox 2630 5139 2861 5186; x_wconf 90' lang='lat' dir='ltr'><strong>carnem,</strong></span> <span class='ocrx_word' id='word_1_953' title='bbox 2894 5140 3035 5178; x_wconf 90' lang='lat' dir='ltr'><strong>mors</strong></span> <span class='ocrx_word' id='word_1_954' title='bbox 3070 5134 3151 5177; x_wconf 84' lang='lat' dir='ltr'><strong>est</strong></span> <span class='ocrx_word' id='word_1_955' title='bbox 3190 5124 3361 5192; x_wconf 76' lang='lat' dir='ltr'><strong>(Rom.</strong></span> <span class='ocrx_word' id='word_1_956' title='bbox 3393 5139 3511 5184; x_wconf 85' lang='lat' dir='ltr'><strong>vm,</strong></span> <span class='ocrx_word' id='word_1_957' title='bbox 3538 5122 3612 5188; x_wconf 80' lang='lat'><strong>6).</strong></span> <span class='ocrx_word' id='word_1_958' title='bbox 3660 5122 3868 5175; x_wconf 84' lang='lat' dir='ltr'><strong>Carnem</strong></span> 
     </span>
    </p>
   </div>
   <div class='ocr_carea' id='block_1_113' title="bbox 2359 5243 3871 5322">
    <p class='ocr_par' dir='ltr' id='par_1_113' title="bbox 2359 5243 3871 5322">
     <span class='ocr_line' id='line_1_113' title="bbox 2359 5243 3871 5322; baseline -0.004 -15"><span class='ocrx_word' id='word_1_959' title='bbox 2359 5254 2554 5315; x_wconf 80' lang='lat' dir='ltr'><strong>eetani,</strong></span> <span class='ocrx_word' id='word_1_960' title='bbox 2578 5267 2673 5306; x_wconf 86' lang='lat' dir='ltr'><strong>nec</strong></span> <span class='ocrx_word' id='word_1_961' title='bbox 2702 5253 2753 5305; x_wconf 91' lang='lat' dir='ltr'><strong>in</strong></span> <span class='ocrx_word' id='word_1_962' title='bbox 2787 5253 3098 5322; x_wconf 58' lang='lat' dir='ltr'><strong>Argust&#39;mo,</strong></span> <span class='ocrx_word' id='word_1_963' title='bbox 3122 5267 3274 5319; x_wconf 79' lang='lat' dir='ltr'><strong>quem</strong></span> <span class='ocrx_word' id='word_1_964' title='bbox 3312 5252 3565 5305; x_wconf 77' lang='lat' dir='ltr'><strong>Alcuinus</strong></span> <span class='ocrx_word' id='word_1_965' title='bbox 3588 5266 3673 5322; x_wconf 74' lang='lat' dir='ltr'><strong>mc</strong></span> <span class='ocrx_word' id='word_1_966' title='bbox 3694 5243 3871 5322; x_wconf 67' lang='lat' dir='ltr'><strong>dewij</strong></span> 
     </span>
    </p>
   </div>
   <div class='ocr_carea' id='block_1_114' title="bbox 2353 5316 3870 5391">
    <p class='ocr_par' dir='ltr' id='par_1_114' title="bbox 2353 5316 3870 5391">
     <span class='ocr_line' id='line_1_114' title="bbox 2353 5316 3870 5391; baseline -0.006 -14"><span class='ocrx_word' id='word_1_967' title='bbox 2353 5324 2484 5391; x_wconf 71' lang='lat' dir='ltr'><strong>psit,</strong></span> <span class='ocrx_word' id='word_1_968' title='bbox 2498 5323 2775 5391; x_wconf 80' lang='lat' dir='ltr'><strong>reperitur.</strong></span> <span class='ocrx_word' id='word_1_969' title='bbox 2790 5316 2992 5391; x_wconf 58' lang='lat' dir='ltr'><strong>luti-usa</strong></span> <span class='ocrx_word' id='word_1_970' title='bbox 3004 5316 3224 5391; x_wconf 48' lang='lat' dir='ltr'><strong>ergo&#39;est</strong></span> <span class='ocrx_word' id='word_1_971' title='bbox 3244 5335 3283 5391; x_wconf 15' lang='lat' dir='ltr'><strong>a7</strong></span> <span class='ocrx_word' id='word_1_972' title='bbox 3295 5322 3519 5388; x_wconf 82' lang='lat' dir='ltr'><strong>quodam</strong></span> <span class='ocrx_word' id='word_1_973' title='bbox 3534 5316 3805 5391; x_wconf 74' lang='lat' dir='ltr'><strong>malevolo.</strong></span> <span class='ocrx_word' id='word_1_974' title='bbox 3819 5317 3870 5360; x_wconf 76' lang='grc' dir='ltr'><strong>υῑ</strong></span> 
     </span>
    </p>
   </div>
   <div class='ocr_carea' id='block_1_115' title="bbox 2359 5386 3868 5455">
    <p class='ocr_par' dir='ltr' id='par_1_115' title="bbox 2359 5386 3868 5455">
     <span class='ocr_line' id='line_1_115' title="bbox 2359 5386 3868 5455; baseline -0.007 -11"><span class='ocrx_word' id='word_1_975' title='bbox 2359 5386 2572 5444; x_wconf 75' lang='lat' dir='ltr'><strong>subdole</strong></span> <span class='ocrx_word' id='word_1_976' title='bbox 2594 5399 2820 5443; x_wconf 89' lang='lat' dir='ltr'><strong>mentem</strong></span> <span class='ocrx_word' id='word_1_977' title='bbox 2846 5389 3048 5441; x_wconf 74' lang='lat' dir='ltr'><strong>Alcuiui</strong></span> <span class='ocrx_word' id='word_1_978' title='bbox 3070 5386 3152 5440; x_wconf 51' lang='lat' dir='ltr'><strong>&#39;de</strong></span> <span class='ocrx_word' id='word_1_979' title='bbox 3180 5386 3396 5441; x_wconf 81' lang='lat' dir='ltr'><strong>veritate</strong></span> <span class='ocrx_word' id='word_1_980' title='bbox 3418 5386 3652 5455; x_wconf 79' lang='lat' dir='ltr'><strong>corporis</strong></span> <span class='ocrx_word' id='word_1_981' title='bbox 3686 5391 3736 5437; x_wconf 90' lang='lat' dir='ltr'><strong>et</strong></span> <span class='ocrx_word' id='word_1_982' title='bbox 3763 5393 3868 5455; x_wconf 52' lang='lat' dir='ltr'><strong>sate</strong></span> 
     </span>
    </p>
   </div>
   <div class='ocr_carea' id='block_1_116' title="bbox 2357 5448 3869 5527">
    <p class='ocr_par' dir='ltr' id='par_1_116' title="bbox 2357 5448 3869 5527">
     <span class='ocr_line' id='line_1_116' title="bbox 2357 5448 3869 5527; baseline -0.007 -17"><span class='ocrx_word' id='word_1_983' title='bbox 2357 5459 2529 5527; x_wconf 76' lang='lat' dir='ltr'><strong>guinis</strong></span> <span class='ocrx_word' id='word_1_984' title='bbox 2552 5457 2749 5512; x_wconf 70' lang='lat' dir='ltr'><strong>Christi</strong></span> <span class='ocrx_word' id='word_1_985' title='bbox 2776 5458 2829 5509; x_wconf 91' lang='lat' dir='ltr'><strong>in</strong></span> <span class='ocrx_word' id='word_1_986' title='bbox 2861 5456 3183 5527; x_wconf 64' lang='lat' dir='ltr'><strong>Eucharistia</strong></span> <span class='ocrx_word' id='word_1_987' title='bbox 3229 5448 3622 5527; x_wconf 61' lang='lat' dir='ltr'><strong>corrumperet;</strong></span> <span class='ocrx_word' id='word_1_988' title='bbox 3664 5448 3792 5519; x_wconf 84' lang='lat' dir='ltr'><strong>quod</strong></span> <span class='ocrx_word' id='word_1_989' title='bbox 3824 5450 3869 5527; x_wconf 67' lang='grc' dir='ltr'><strong>ςι</strong></span> 
     </span>
    </p>
   </div>
   <div class='ocr_carea' id='block_1_117' title="bbox 2359 5519 3863 5589">
    <p class='ocr_par' dir='ltr' id='par_1_117' title="bbox 2359 5519 3863 5589">
     <span class='ocr_line' id='line_1_117' title="bbox 2359 5519 3863 5589; baseline -0.005 -11"><span class='ocrx_word' id='word_1_990' title='bbox 2359 5519 2443 5578; x_wconf 72' lang='grc' dir='ltr'><strong>Ξιὶἰ</strong></span> <span class='ocrx_word' id='word_1_991' title='bbox 2496 5527 2724 5581; x_wconf 65' lang='grc' dir='ltr'><strong>ᾔδετειίρὶ</strong></span> <span class='ocrx_word' id='word_1_992' title='bbox 2766 5527 2823 5577; x_wconf 75' lang='lat' dir='ltr'><strong>in</strong></span> <span class='ocrx_word' id='word_1_993' title='bbox 2875 5523 3091 5577; x_wconf 78' lang='lat' dir='ltr'><strong>aliorum</strong></span> <span class='ocrx_word' id='word_1_994' title='bbox 3126 5523 3337 5578; x_wconf 80' lang='lat' dir='ltr'><strong>Potrmn</strong></span> <span class='ocrx_word' id='word_1_995' title='bbox 3365 5519 3573 5589; x_wconf 77' lang='lat' dir='ltr'><strong>scriptis</strong></span> <span class='ocrx_word' id='word_1_996' title='bbox 3598 5519 3863 5589; x_wconf 63' lang='lat' dir='ltr'><strong>tentarunt-</strong></span> 
     </span>
    </p>
   </div>
   <div class='ocr_carea' id='block_1_118' title="bbox 2426 5587 3745 5659">
    <p class='ocr_par' dir='ltr' id='par_1_118' title="bbox 2426 5587 3745 5659">
     <span class='ocr_line' id='line_1_118' title="bbox 2426 5587 3745 5659; baseline -0.007 -12"><span class='ocrx_word' id='word_1_997' title='bbox 2426 5595 2455 5631; x_wconf 62' lang='grc' dir='ltr'>δ</span> <span class='ocrx_word' id='word_1_998' title='bbox 2494 5596 2562 5647; x_wconf 72' lang='lat' dir='ltr'><strong>Ex</strong></span> <span class='ocrx_word' id='word_1_999' title='bbox 2591 5594 2645 5646; x_wconf 86' lang='lat' dir='ltr'><strong>S.</strong></span> <span class='ocrx_word' id='word_1_1000' title='bbox 2673 5594 2803 5659; x_wconf 80' lang='lat' dir='ltr'><strong>Aug.</strong></span> <span class='ocrx_word' id='word_1_1001' title='bbox 2832 5591 3005 5644; x_wconf 80' lang='lat' dir='ltr'><strong>Tract.</strong></span> <span class='ocrx_word' id='word_1_1002' title='bbox 3035 5608 3175 5645; x_wconf 74' lang='lat' dir='ltr'><strong>rxvu</strong></span> <span class='ocrx_word' id='word_1_1003' title='bbox 3212 5592 3262 5643; x_wconf 89' lang='lat' dir='ltr'><strong>in</strong></span> <span class='ocrx_word' id='word_1_1004' title='bbox 3291 5589 3437 5644; x_wconf 84' lang='lat' dir='ltr'><strong>Joan.</strong></span> <span class='ocrx_word' id='word_1_1005' title='bbox 3473 5587 3612 5643; x_wconf 79' lang='lat' dir='ltr'><strong>num.</strong></span> <span class='ocrx_word' id='word_1_1006' title='bbox 3644 5587 3745 5641; x_wconf 80' lang='lat' dir='ltr'><strong>l-5.</strong></span> 
     </span>
    </p>
   </div>
  </div>
