4266 6270
391 396 497 451 837
694 404 721 410 ’

1204 382 1603 436 EXEGETICL
1638 410 1700 417 ρ-
1740 375 2083 431 (ῘΟΜΧΙΕΧΤ.
2122 376 2185 429 IN
2223 375 2409 429 «ΙΟᾹΝ.
2453 406 2517 414 —-
2552 376 2677 427 LIB.
2715 370 2795 427 111.

3508 365 3616 423 838

398 522 554 561 suam
588 507 677 558 dat
710 500 863 556 nobis
903 497 1154 561 Dominus
1182 494 1246 547 ad
1273 490 1693 547 manducandum
1716 527 1729 551 ,
1773 496 1827 540 ct
1873 499 1957 537 sa-
1984 486 2030 544 Α
2060 499 2294 548 carnem,
2324 493 2377 537 et
2404 482 2529 550 quid
2560 483 2697 535 inter
2741 480 3027 534 carualitcr
3075 478 3342 531 Christum
3395 477 3613 530 mandu-

401 610 529 666 pere
575 602 751 648 tamen
798 589 1087 647 secundum
1125 598 1339 639 carnem
1391 597 1536 635 mors
1575 588 1686 641 est;
1725 592 1844 631 cum
1891 576 1955 627 de

402 698 566 739 carne
594 696 689 736 sua
710 680 872 742 dicat,
898 678 1021 747 quia
1062 675 1131 728 ibi
1174 681 1257 727 est
1283 672 1389 724 vita
1430 678 1646 723 aeterna.
1689 667 1826 734 Ergo
1861 679 1957 715 nec

402 786 618 828 carnem
671 769 924 823 debemus
967 780 1152 834 sapere
1194 748 1489 815 Secundum
1528 771 1775 815 carnem,
1822 755 1959 805 sicut

407 865 459 919 in
496 861 581 915 his
622 859 830 913 verbis:
880 856 1063 925 (Vens.
1108 852 1195 922 ϋι)
1249 849 1402 902 Multi
1452 849 1621 915 itaque
1674 844 1955 901 audientes,

408 966 513 1004 non
537 964 599 1003 ex
632 947 876 1007 inimicis,
913 944 1003 998 sed
1026 958 1089 995 ea:
1116 938 1381 1008 discipulis
1408 937 1537 1004 ejus,
1557 934 1830 987 dixerunt:
1856 928 1957 979 Du.

411 1054 498 1091 rus
522 1047 595 1090 est
623 1037 706 1088 hic
733 1049 936 1087 sermo:
964 1032 1079 1100 quis
1105 1037 1265 1096 potest
1304 1040 1419 1078 eum
1449 1021 1670 1093 audire?
1715 1018 1768 1070 Si
1801 1015 1962 1069 disci-

412 1126 519 1196 puli
563 1126 753 1179 durum
793 1122 1093 1176 habuerunt
1140 1118 1299 1170 istum
1346 1124 1665 1169 sermonem,
1701 1108 1825 1175 quid
1866 1104 1963 1157 ἱςιί-

415 1190 570 1267 mici?
598 1211 663 1265 Et
710 1218 883 1262 tamen
931 1207 1011 1261 sic
1052 1204 1352 1273 oportebat,
1388 1207 1446 1252 ut
1491 1198 1777 1255 diceretur,
1823 1190 1962 1260 quod

414 1320 516 1359 non
547 1304 615 1358 ab
656 1301 957 1355 hominibus
983 1296 1109 1368 [Με.
1140 1304 1186 1348 et
1218 1294 1350 1361 Aug.
1370 1331 1384 1354 ,
1411 1286 1680 1356 omnibus]
1709 1284 1964 1349 intellige-

416 1401 581 1445 retur.
606 1389 885 1443 Secretum
911 1385 1004 1439 Dei
1035 1385 1266 1437 iutcntos
1288 1378 1445 1432 debet
1465 1376 1663 1436 facere,
1687 1388 1790 1425 non
1817 1385 1965 1423 aver-

419 1496 508 1535 sos
552 1478 679 1549 [ιιι
709 1488 755 1531 et
788 1463 959 1545 Auyf,
982 1456 1278 1540 adversos].
1306 1468 1394 1521 lsti
1430 1476 1604 1519 autem
1629 1464 1735 1518 cito
1763 1460 1967 1515 defece-

418 1578 559 1632 runt,
590 1568 711 1621 talia
732 1566 979 1633 loquente
1008 1561 1231 1615 Domino
1274 1556 1397 1612 Jesu
1430 1573 1441 1606 :
1474 1570 1577 1608 non
1606 1551 1965 1607 crediderunt,

416 1657 617 1727 aliquid
672 1667 921 1724 magnum
956 1651 1162 1704 dicente
1188 1686 1202 1710 ,
1247 1656 1301 1699 et
1343 1642 1490 1697 verbi
1549 1641 1690 1694 illius
1737 1638 1966 1703 aliquam

414 1750 640 1818 gratiam
678 1744 1014 1813 cooperiente
1045 1740 1226 1810 [Aug.,
1268 1753 1370 1791 non
1400 1734 1738 1789 crediderunt
1772 1728 1969 1796 aliquid

2056 589 2178 627 care
2202 573 2356 636 velle,
2380 571 2464 625 vel
2495 569 2807 640 spiritaliter
2828 569 3102 635 accipere;
3136 568 3211 619 ait
3233 566 3405 620 enim;
3428 566 3613 634 (Vens.

2056 667 2145 729 64)
2179 664 2406 733 Spiritus
2450 673 2545 724 est,
2572 663 2659 731 qui
2701 661 2944 727 rivi/ient,
2967 676 3087 712 caro
3115 676 3215 711 non
3238 658 3439 727 prodest
3463 656 3615 725 qitid-

2056 770 2229 820 quant.
2263 751 2427 804 Paulo
2455 760 2577 803 ante
2602 749 2737 801 dixit
2760 766 2771 799 :
2814 747 2931 799 Nisi
2956 746 3387 797 mandumvcritis
3412 759 3617 796 carnem

2064 840 2186 892 Filii
2216 842 2456 898 hominis,
2490 850 2532 889 ct
2567 838 2791 889 bibaritis
2822 837 2933 904 ejus
2974 836 3295 902 sanguinem,
3322 850 3422 884 non
3461 832 3615 883 hahe—

2061 929 2176 980 bitis
2208 929 2360 979 ritum
2387 928 2437 979 in
2471 927 2637 985 t'obis,‘
2665 934 2717 979 et
2750 926 2904 977 modo
2928 924 3052 975 dicit
3089 940 3099 973 :
3131 920 3263 973 Caro
3290 939 3389 972 nou
3415 922 3618 988 prodest

2060 1016 2359 1083 quidquam,
2392 1015 2442 1067 id
2467 1023 2569 1074 est,
2594 1014 2636 1066 si
2674 1013 2958 1065 carnaliter
2987 1011 3141 1063 vultis
3182 1009 3474 1077 intclligerc
3504 1024 3621 1075 qua-

2063 1106 2200 1165 dico,
2230 1120 2357 1157 caro
2386 1120 2491 1157 non
2524 1105 2740 1172 prodest
2768 1103 3088 1170 quidquam.
3116 1101 3157 1152 si
3194 1101 3268 1151 sic
3298 1113 3510 1150 carnem
3545 1098 3623 1149 in-

2064 1195 2311 1261 telligetis
2346 1194 2767 1247 manducamlam
2824 1192 2961 1244 sicut
3012 1191 3171 1242 alium
3236 1189 3433 1246 cibum,
3486 1186 3622 1238 sicut

2064 1301 2253 1340 carnes
2278 1302 2396 1355 qme
2433 1294 2683 1339 emuntur
2732 1285 2784 1336 in
2824 1282 3076 1335 macellis.
3122 1279 3346 1347 Spiritus
3385 1287 3456 1328 est
3496 1291 3624 1343 ergo

2064 1379 2150 1445 qui
2201 1377 2457 1443 riviﬁcut,
2504 1390 2599 1444 per
2641 1376 2884 1443 spiritum
2932 1372 3145 1441 prodest
3189 1386 3350 1427 caro.
3392 1382 3627 1437 quaepcr

2066 1469 2293 1536 seipsam
2341 1480 2444 1520 non
2490 1466 2742 1533 prodest,
2800 1465 2923 1531 quia
2970 1463 3142 1514 littera
3193 1459 3409 1517 occidit,
3467 1455 3626 1523 spiri-

2069 1568 2151 1613 tus
2178 1568 2355 1611 autem
2385 1556 2633 1607 vivilicat.
2684 1572 2699 1602 ι
2736 1552 2867 1605 Nam
2908 1566 3003 1620 per
3040 1562 3255 1601 carnem
3283 1545 3505 1614 spiritus
3536 1542 3631 1594 ali—

2068 1648 2194 1715 quid
2236 1662 2330 1714 pro
2388 1646 2556 1699 salute
2587 1654 2766 1697 nostra
2818 1643 2942 1710 egit.
2974 1642 3113 1693 Caro
3146 1653 3242 1690 vas
3286 1637 3404 1697 fuit,
3440 1655 3457 1685 ι
3488 1632 3629 1702 quod

2070 1740 2314 1802 habebat,
2349 1753 2445 1805 per
2471 1752 2629 1805 quam
2676 1737 2895 1804 spiritus
2942 1734 3167 1787 salvabit
3214 1729 3398 1801 [δίδη
3453 1731 3629 1781 salva-

417 1816 665 1906 magnum
694 1836 985 1895 dicentem,
1011 1839 1066 1885 et
1095 1829 1270 1883 verbis
1296 1827 1419 1879 illis.
1441 1864 1453 1877 .
1474 1865 1486 1875 .
1532 1816 1966 1889 cooperieutem].
2006 1824 2044 1879 Β
2072 1846 2091 1879 ι

2025 1825 2167 1899 ivit]
2217 1844 2334 1887 nos,
2370 1836 2524 1880 utens
2552 1842 2751 1895 organo
2801 1825 2978 1879 carnis
3025 1825 3090 1877 ad
3142 1822 3367 1875 salutent
3415 1818 3630 1872 humani

417 1928 525 1981 Sed
556 1934 714 1994 prout
750 1924 1051 1982 voluerunt,
1079 1919 1150 1971 ita
1179 1916 1584 1974 intellexerunt;
1613 1919 1667 1963 et
1707 1924 1851 1961 nzore
1879 1908 1971 1958 ho-

418 2020 641 2078 minum,
674 2015 797 2082 quia
823 2013 959 2081 apud
988 2025 1079 2064 eos
1114 2016 1230 2061 erat
1263 2006 1440 2069 Jesus,
1484 2011 1574 2055 aut
1600 2003 1699 2054 hoc
1726 2001 1973 2065 dispone-

420 2106 679 2160 hatJesus
709 2102 854 2174 [.lls.,
888 2110 941 2153 ct
978 2112 1125 2151 more
1147 2097 1415 2149 hominum
1438 2092 1559 2159 quia
1600 2090 1699 2143 hoc
1732 2102 1974 2140 asserue-

423 2204 505 2247 rat
523 2194 709 2255 Jesus;
755 2192 910 2259 Aug.,
937 2201 988 2240 et
1012 2201 1157 2239 more
1185 2183 1456 2238 hominum
1494 2181 1615 2247 quia
1647 2185 1852 2247 poterat
1887 2174 1974 2229 Je-

421 2284 567 2353 sus],
606 2294 818 2334 carnem
845 2293 948 2345 qua
984 2275 1224 2328 indutum
1275 2281 1389 2324 erat
1430 2270 1680 2327 Verbum,
1710 2266 1852 2319 velut
1896 2265 1976 2316 in-

420 2375 685 2430 concisam
719 2370 1035 2424 distribuere
1064 2363 1402 2419 credentibus
1448 2362 1499 2413 in
1542 2357 1620 2412 se.
1664 2357 1838 2409 Durus
1879 2365 1974 2417 est,

420 2463 686 2530 inquiunt,
713 2460 794 2510 hic
824 2471 1009 2516 sermo,
1031 2454 1145 2521 quis
1179 2460 1341 2519 potest
1372 2464 1487 2500 eum
1524 2445 1741 2497 audire?
1791 2443 1971 2511 (Vsus.

408 2553 551 2622 ‘62.)
595 2550 775 2604 Sciens
820 2556 989 2599 autem
1033 2543 1183 2595 Iesus
1246 2538 1383 2607 apud
1443 2536 1804 2602 semetipsum,
1856 2532 1977 2599 quia

425 2620 804 2694 murmurareut
832 2634 894 2686 de
939 2633 1033 2683 hoc
1079 2631 1232 2700 [Aug.
1286 2636 1338 2681 et
1383 2626 1502 2687 Ms.,
1532 2625 1593 2677 de
1621 2621 1701 2690 eo]
1740 2620 1980 2687 discipuli

429 2731 561 2797 ejus.
607 2728 697 2779 Sic
723 2725 865 2780 enim
906 2721 1043 2790 apud
1076 2734 1133 2772 se
1168 2720 1265 2771 ista
1290 2718 1558 2774 dixerunt.
1586 2722 1641 2767 ut
1664 2714 1730 2765 ab
1764 2712 1852 2763 illo
1877 2726 1979 2762 non

432 2817 755 2869 audirentur.
802 2812 904 2866 Sed
934 2810 1023 2867 ille
1064 2809 1151 2876 qui
1184 2822 1277 2861 eos
1302 2811 1521 2858 noverat
1552 2803 1603 2855 in
1633 2802 1840 2867 seipsis,
1889 2815 1981 2851 an-

435 2904 582 2957 diens
620 2901 758 2969 apud
803 2899 1163 2966 semetipsum,
1190 2894 1461 2963 respondit
1492 2901 1545 2944 et
1578 2891 1653 2942 ait
1699 2908 1709 2939 :
1746 2887 1855 2940 Iloc
1899 2905 1980 2940 vos

420 2990 767 3045 scandalizat.
795 2988 927 3054 Quia
949 2988 1080 3049 dixi,
1119 2998 1335 3039 carnem
1362 2997 1532 3036 meam
1566 2981 1632 3031 do
1660 2979 1806 3031 vobis
1837 2994 1985 3028 man-

436 3081 625 3134 ducare
648 3088 701 3133 et
730 3076 1039 3145 sanguinem
1084 3089 1260 3127 meum
1306 3073 1517 3132 bibere,
1554 3070 1655 3123 hoc
1678 3082 1770 3119 vos
1800 3082 1897 3118 nen
1921 3080 1983 3132 pe

426 3168 775 3223 scandaiizat.

502 3258 664 3312 Vsus.
691 3258 852 3310 65.-—
866 3255 926 3310 Si
944 3270 1064 3323 ergo
1092 3252 1318 3307 videritis
1350 3248 1541 3302 Filium
1564 3247 1783 3298 hominis
1808 3262 1984 3298 ascen—

429 3349 634 3401 dentem
670 3344 757 3396 ubi
803 3353 914 3396 erat
966 3344 1128 3410 prius.
1174 3339 1313 3413 Quid
1357 3348 1437 3393 est
1484 3339 1615 3392 hoc?
1659 3337 1789 3389 Hinc
1829 3334 1985 3387 solvit

431 3437 573 3506 quod
600 3436 718 3487 illos
744 3432 1018 3486 moverat?
1061 3431 1185 3483 hinc
1228 3414 1437 3503 aperuit
1466 3428 1592 3499 μισ.
1612 3468 1625 3489 ,
1649 3425 1809 3494 eruit]
1848 3423 1985 3476 unde

350 3564 355 3569 -
436 3528 646 3577 fuerant
688 3520 1065 3576 scandalizati?
1111 3518 1236 3597 hinc
1272 3518 1466 3585 plane,
1516 3520 1562 3570 si
1613 3514 1979 3581 intelligerent.

439 3614 512 3665 Illi
537 3613 679 3665 enim
707 3618 1025 3679 putaverunt
1047 3606 1565 3675 illum’erogaturum
1585 3620 1779 3672 corpus
1806 3618 1983 3665 suum,

437 3697 525 3753 ille
575 3708 749 3753 autem
783 3714 840 3751 se
882 3698 1016 3751 dixit
1058 3711 1401 3749 ascensurum
1452 3695 1505 3747 in
1555 3695 1767 3757 eaalum,
1805 3694 1986 3760 utique

440 3789 722 3858 integrum.
743 3785 873 3839 Cum
902 3785 1137 3859 videretis
1160 3782 1205 3835 F
1208 3783 1355 3835 ilium
1388 3782 1607 3834 hominis
1633 3782 1986 3833 ascendentem

438 3879 526 3930 ubi
547 3888 657 3931 erat
677 3879 840 3946 prius,
884 3885 1030 3930 certe
1051 3866 1133 3927 vel
1160 3883 1287 3927 tunc
1314 3872 1579 3933 videbitis,
1622 3871 1745 3939 quia
1791 3885 1892 3923 non
1923 3884 1986 3921 eo

441 3968 598 4021 modo
636 3982 741 4034 quo
790 3966 1009 4033 putatis,
1065 3973 1247 4031 erogat
1281 3978 1475 4030 corpus
1512 3976 1685 4015 suum.
1726 3960 1882 4015 Certe
1908 3959 1986 4011 vel

443 4067 568 4111 tunc
602 4054 909 4123 intelligetis
954 4054 1076 4122 quia
1128 4054 1295 4121 gratia
1341 4052 1458 4117 ejus
1505 4067 1609 4105 non
1661 4052 1990 4105 consumitur

435 4146 725 4200 morsibus.
758 4162 777 4195 ›
810 4142 866 4195 1η
896 4143 980 4195 his
1004 4142 1183 4194 verbis
1204 4140 1477 4208 perspicue
1507 4139 1811 4207 intelligitur
1832 4138 1989 4193 Chri-

443 4243 585 4285 stum
609 4246 728 4287 esse
763 4248 922 4286 unam
944 4245 1248 4301 personam,
1276 4230 1398 4282 dum
1427 4228 1559 4281 dixit
1584 4227 1774 4280 Filium
1815 4227 1989 4281 homi-

447 4322 528 4374 nis
552 4335 669 4374 esse
697 4321 845 4387 prius
868 4322 923 4373 in
970 4320 1123 4374 cmlo.
1158 4336 1175 4367 ι
1217 4319 1273 4371 ln
1304 4326 1445 4370 terra
1491 4316 1824 4383 loquebatur,
1850 4323 1905 4368 et
1938 4315 1989 4366 in

439 4411 581 4464 caelo
605 4423 661 4462 se
699 4423 817 4461 esse
849 4408 1077 4461 dicebat.
1111 4408 1230 4473 Quo
1272 4407 1520 4475 pertinet,
1565 4404 1662 4457 nisi
1714 4413 1769 4456 ut
1800 4402 1991 4457 intelli-

444 4514 631 4573 gamus
669 4513 829 4551 unam
858 4512 1139 4564 personam
1173 4512 1292 4550 esse
1337 4496 1607 4550 Christum
1634 4495 1795 4549 Deum
1824 4502 1877 4547 et
1902 4496 1995 4547 ho—

452 4590 668 4651 minem,
699 4604 803 4641 non
833 4588 991 4648 duas,
1023 4602 1089 4639 ne
1118 4588 1249 4640 ﬁdes
1278 4594 1457 4639 nostra
1503 4601 1607 4639 non
1642 4587 1712 4639 sit
1760 4584 1992 4650 trinitas,

451 4677 542 4730 sed
584 4679 938 4744 quaternitas?
959 4677 1202 4731 Christus
1247 4693 1373 4746 ergo
1404 4692 1541 4729 unus
1588 4688 1668 4730 est
1695 4716 1708 4738 ,
1752 4679 1994 4739 verbum,

453 4766 625 4818 anima
653 4774 705 4817 et
730 4779 855 4817 caro
891 4781 1026 4818 unus
1078 4766 1351 4829 Christus;
1400 4766 1561 4819 Filius
1602 4766 1714 4826 Dei,
1742 4774 1794 4817 et
1834 4764 1998 4817 Filius

455 4853 681 4907 hominis
725 4866 859 4904 unus
889 4851 1161 4916 Christus;
1216 4846 1512 4908 Filius'Dei
1560 4870 1794 4922 semper,
1860 4853 1999 4906 ﬁlius

457 4941 684 4994 hominis
729 4954 795 4992 ex
852 4946 1113 5006 tempore;
1170 4949 1343 4993 tamen
1400 4958 1535 4995 unus
1587 4943 1865 5004 Christus,
1916 4957 1998 4993 sc-

456 5030 685 5082 cundum
738 5028 991 5081 unitatem
1034 5040 1293 5094 personae.
1336 5031 1389 5082 In
1426 5031 1560 5085 coelo
1596 5042 1747 5095 erat,
1792 5034 1999 5099 quando

462 5121 513 5172 in
539 5128 677 5173 terra
705 5122 1031 5188 loquebatur.
1066 5119 1154 5172 Sic
1197 5127 1311 5171 erat
1346 5121 1507 5175 Filius
1534 5124 1759 5177 hominis
1805 5126 1854 5176 in
1890 5140 1999 5176 cu:-

463 5210 543 5271 lo,
596 5210 859 5275 quomodo
885 5208 1049 5262 Filius
1087 5208 1179 5262 Dei
1201 5216 1320 5261 erat
1346 5208 1396 5259 in
1427 5218 1583 5261 terra.
1634 5211 1797 5265 Filius
1828 5213 1915 5264 Dei
1950 5214 2000 5263 in

461 5308 603 5352 terra
634 5297 685 5349 in
714 5306 955 5363 suscepta
988 5312 1182 5359 carne;
1228 5296 1390 5349 Filius
1440 5296 1532 5349 Dei
1583 5297 1705 5365 [ιιι.
1762 5310 1808 5350 et
1846 5301 2001 5367 Aug.,

467 5385 628 5439 Filius
655 5385 901 5456 hominis]
948 5387 1001 5440 in
1032 5388 1168 5441 caelo
1194 5388 1247 5441 in
1277 5388 1477 5441 unitate
1504 5402 1763 5455 personae.
1804 5410 1821 5441 ι
1849 5390 1998 5455 Quod

470 5487 588 5526 mox
635 5476 793 5531 latius
818 5477 1035 5543 exponit
1077 5477 1202 5544 quid
1248 5478 1459 5531 intersit
1506 5478 1643 5530 inter
1671 5480 1911 5544 spiritum
1951 5488 2002 5534 et

2070 1922 2281 1990 generis
2311 1938 2324 1975 :
2355 1920 2479 1987 quia
2526 1919 2768 1971 diabolus
2794 1918 3039 1969 utebatur
3078 1920 3324 1980 Svrpente
3350 1910 3502 1979 quasi
3546 1923 3635 1961 or-

2071 2026 2224 2077 gano,
2252 2009 2317 2061 ad
2349 2008 2743 2060 subversiouem
2789 2004 2943 2072 primi
2972 2002 3210 2071 parentis
3238 2000 3424 2052 nostri.
3456 2016 3472 2045 ι
3512 1995 3633 2063 Spi—

2074 2100 2202 2149 ritus
2224 2108 2295 2149 cst
2318 2098 2405 2165 qui
2454 2095 2696 2161 rit-i/icat,
2727 2111 2848 2146 caro
2900 2103 3071 2144 autem
3116 2107 3216 2141 non
3246 2089 3448 2156 prodest
3478 2083 3632 2152 quid-

2071 2204 2227 2256 quant
2260 2201 2276 2235 :
2307 2190 2447 2239 sicut
2487 2187 2558 2237 illi
2590 2185 2962 2236 intellexerunt
2989 2196 3231 2243 carnem,
3266 2194 3370 2232 non
3410 2178 3488 2230 sic
3535 2189 3635 2243 ego

2073 2275 2140 2328 do
2168 2274 2232 2326 ad
2259 2274 2685 2326 manducandum
2709 2286 2880 2323 meam
2910 2284 3147 2322 carnem.
3186 2287 3203 2318 ι

2556 2384 2708 2453 531
2744 2381 2969 2434 CAPUT
3010 2380 3146 2432 xw.

2086 2477 2248 2529 Verba
2278 2494 2372 2528 sua
2400 2477 2638 2544 spiritum
2668 2476 2918 2591 ritumque
2959 2470 3285 2539 pronuntiat,
3312 2477 3356 2519 et
3390 2482 3547 2517 unum
3577 2480 3639 2515 ex

2433 2544 2703 2591 duodecim
2730 2543 2818 2591 dia
2857 2540 2993 2591 olunt
3022 2538 3265 2591 anellat.

2433 2538 2703 2595 duodecim
2730 2538 2993 2592 diabolum
3022 2538 3265 2607 appellat.

2152 2655 2169 2685 ε
2204 2650 2225 2674 τι
2263 2634 2488 2686 Proinde
2516 2631 2687 2691 verba,
2716 2629 2902 2697 inquit,
2928 2645 3044 2696 qua:
3070 2644 3161 2694 ego
3186 2626 3387 2678 locutus
3414 2641 3526 2676 sum
3550 2642 3636 2676 ro-

2079 2730 2177 2787 bis,
2204 2728 2417 2796 spiritus
2446 2736 2491 2776 et
2522 2726 2623 2777 vita
2650 2732 2785 2775 sunt.
2817 2722 3055 2773 Diximus
3082 2719 3247 2779 enim,
3287 2720 3501 2776 fratres,
3534 2717 3634 2775 hoc

2081 2818 2358 2869 Dominum
2387 2816 2787 2867 commendasse
2815 2814 2867 2865 in
2895 2810 3302 2865 manducatione
3327 2810 3505 2861 carnis
3526 2822 3634 2860 sua:

2080 2915 2133 2957 ct
2160 2906 2428 2973 potatione
2455 2903 2730 2969 sanguinis
2762 2902 2863 2961 sui.
2899 2909 2956 2952 ut
2981 2900 3035 2952 in
3080 2899 3170 2950 illo
3201 2914 3541 2958 maneamus,
3583 2907 3635 2948 et

2084 2995 2194 3061 ipse
2242 2993 2291 3043 in
2334 2992 2504 3044 nolis.
2558 2989 2827 3042 Mauemus
2875 2998 3051 3042 autem
3083 2989 3133 3039 in
3167 2986 3274 3047 illo,
3307 3001 3425 3038 cum
3458 3001 3641 3037 sumus

2086 3084 2323 3132 membra
2347 3077 2494 3144 ejus;
2547 3086 2729 3129 manet
2759 3086 2938 3129 autem
2969 3077 3083 3142 ipse
3111 3076 3162 3128 in
3194 3075 3368 3135 nobis,
3400 3088 3522 3126 cum
3557 3088 3643 3123 su—

2088 3183 2203 3221 mus
2228 3166 2481 3233 templum
2529 3165 2662 3231 ejus.
2702 3164 2770 3218 Ut
2811 3172 2991 3218 autem
3025 3164 3193 3217 simus
3224 3163 3460 3215 membra
3489 3163 3605 3229 ejus
3630 3200 3642 3215 .

2085 3257 2259 3308 unitas
2286 3270 2382 3307 nos
2404 3255 2765 3323 compagiuct;
2797 3263 2852 3305 ut
2876 3254 3016 3306 enim
3042 3252 3380 3320 cotnpaginct
3404 3267 3501 3304 nos
3526 3254 3642 3303 uui—

2085 3355 2186 3409 tas,
2218 3345 2345 3414 quid
2368 3346 2468 3399 hoc
2499 3344 2627 3397 facit
2655 3328 2756 3397 nisi
2784 3344 3021 3397 charitas
3048 3343 3174 3395 Dei?
3208 3342 3384 3397 Unde?
3413 3342 3642 3409 Aposto-

2086 3437 2193 3489 lum
2222 3434 2345 3505 [Ms.
2382 3445 2429 3487 et
2460 3434 2591 3501 Aug.
2623 3449 2639 3485 :
2672 3432 2858 3486 Unitas
2890 3447 2984 3485 nos
3007 3430 3347 3497 compaginat
3378 3448 3389 3480 :
3415 3438 3641 3481 utcom—

2088 3526 2299 3594 paginet
2321 3524 2654 3589 unitas,qua3
2684 3521 2803 3573 facit
2838 3520 2938 3573 nisi
2963 3519 3231 3572 Charitas?
3258 3518 3506 3569 Charitas
3552 3518 3644 3594 Dei

2087 3590 2257 3666 unde?
2284 3609 2614 3678 Apostolum]
2650 3610 2914 3677 interroga
2960 3624 2973 3659 :
3008 3608 3266 3668 Charitas,
3302 3607 3502 3673 inquit,
3553 3590 3648 3656 Dei

2086 3703 2279 3770 cli/fusa
2307 3708 2377 3751 est
2419 3701 2473 3751 in
2507 3697 2745 3750 cordibus
2774 3697 2961 3748 nostris
2991 3712 3081 3763 per
3105 3693 3355 3763 Spiritum
3387 3705 3643 3755 sanctum,

2084 3793 2172 3859 qui
2198 3790 2347 3841 datus
2377 3800 2450 3841 est
2478 3790 2621 3840 nobis
2653 3787 2827 3856 (Rom.
2862 3802 2910 3848 ν,
2938 3786 3011 3853 5).
3040 3786 3177 3853 Ergo
3208 3785 3432 3854 Spirims
3455 3795 3527 3836 est
3555 3786 3646 3853 qui

2087 3880 2305 3947 viviﬁcat
2343 3894 2360 3929 .'
2406 3877 2624 3945 Spiritus
2687 3877 2829 3928 enim
2880 3877 3009 3930 iacit
3059 3878 3175 3928 viva
3213 3875 3451 3928 membra
3491 3891 3505 3936 ;
3549 3890 3645 3927 nec.

2087 3970 2204 4022 viva
2250 3966 2485 4021 membra
2538 3965 2757 4032 spiritus
2804 3964 2956 4026 facit,
3008 3965 3109 4017 nisi
3141 3979 3259 4031 quat
3306 3965 3356 4015 in
3396 3979 3642 4031 corpore,

2088 4060 2228 4128 quod
2255 4066 2465 4127 vegetat
2508 4057 2638 4124 ipse,
2670 4056 2914 4109 Christus
2945 4054 3125 4125 [Aug.,
3156 4056 3267 4122 ipse
3293 4053 3535 4125 spiritus]
3569 4055 3647 4105 in-

2090 4148 2313 4201 venerit.
2369 4146 2500 4200 Nam
2545 4146 2767 4213 spiritus
2810 4145 2899 4212 qui
2950 4153 3033 4197 est
3079 4146 3229 4206 inte,
3255 4160 3287 4197 ο
3327 4146 3514 4205 homo,
3543 4160 3649 4210 quo

2092 4244 2323 4299 constas,
2356 4246 2414 4288 ut
2462 4237 2621 4289 homo
2650 4236 2753 4297 sis,
2790 4235 3027 4301 nunquid
3074 4235 3307 4286 viviﬁcat
3353 4235 3645 4285 membrum

2091 4326 2231 4393 quod
2281 4332 2581 4392 separatum
2633 4324 2897 4375 invenerit
2942 4337 2973 4373 a
3009 4336 3169 4375 carne
3217 4324 3341 4375 tua?
3389 4322 3641 4388 Spiritum

2025 4448 2072 4506 ι)
2100 4426 2247 4469 tuum
2276 4416 2395 4470 dico
2428 4415 2659 4467 animam
2708 4421 2873 4465 tuam.
2905 4412 3095 4464 Anima
3124 4420 3211 4462 tua
3253 4425 3355 4463 non
3392 4410 3648 4471 viviticat,

2097 4506 2196 4558 nisi
2236 4507 2469 4558 membra
2499 4520 2617 4571 quae
2646 4513 2769 4558 sunt
2802 4504 2853 4556 in
2884 4516 3046 4556 carne
3069 4511 3185 4563 tua;
3216 4516 3375 4552 unum
3406 4499 3448 4550 si
3474 4498 3649 4563 tollas,

2089 4595 2198 4663 jam
2235 4608 2298 4646 ex
2342 4594 2519 4646 anima
2559 4602 2646 4645 tua
2676 4608 2780 4645 non
2810 4592 3130 4655 viviticatur,
3161 4591 3283 4657 quia
3314 4590 3502 4641 unitati
3530 4604 3650 4641 cor—

2096 4686 2240 4753 poris
2276 4684 2349 4737 tui
2380 4698 2484 4737 non
2525 4681 2819 4749 copulatur.
2868 4680 2991 4733 Haec
3034 4680 3282 4732 dicuntur
3306 4686 3364 4730 ut
3411 4692 3651 4730 amemus

2099 4776 2353 4827 unitatem
2392 4783 2447 4826 et
2470 4774 2750 4825 timeamus
2786 4770 3194 4837 scparationcm.
3228 4768 3367 4820 Nihil
3394 4768 3532 4819 enim
3573 4767 3651 4818 sic

2098 4862 2257 4914 debet
2296 4861 2581 4913 formidare
2608 4860 2967 4919 Christianus,
2994 4874 3151 4926 quam
3204 4857 3439 4923 separari
3482 4872 3507 4907 a
3537 4871 3656 4908 equ

2102 4963 2225 5016 pore
2251 4948 2468 5000 Christi.
2501 4946 2556 4999 Si
2586 4948 2724 5000 enim
2774 4957 3053 5014 separatur
3091 4962 3119 4997 a
3168 4958 3390 5012 corpore
3419 4945 3651 5007 Christi,

2105 5058 2207 5096 non
2235 5051 2312 5095 est
2358 5042 2651 5094 membrum
2690 5041 2821 5107 ejus,
2858 5041 2899 5092 si
2929 5056 3031 5093 non
3066 5048 3144 5092 cst
3176 5040 3469 5092 membrum
3515 5040 3649 5103 eius,

2104 5147 2205 5185 non
2250 5138 2524 5199 vegetatur
2570 5130 2757 5196 spiritu
2804 5129 2934 5194 ejus.
2970 5129 3211 5197 Quisquis
3240 5138 3426 5186 autem.
3481 5126 3652 5192 inquit

2104 5218 2404 5288 Apostolus,
2440 5215 2690 5284 Spiritum
2718 5214 2913 5268 Christi
2958 5232 3060 5267 non
3108 5215 3278 5276 habet,
3320 5214 3401 5265 hic
3431 5230 3529 5265 non
3580 5226 3653 5265 est

2104 5310 2214 5377 ejus
2244 5308 2416 5376 (Rom.
2446 5321 2561 5364 vm,
2598 5304 2673 5371 9).
2714 5301 2945 5369 Spiritus
2980 5318 3108 5371 ergo
3148 5302 3355 5371 estqui
3394 5304 3647 5361 viviﬁcat,

2099 5414 2229 5452 caro
2252 5412 2357 5449 non
2387 5393 2601 5461 prodest
2625 5392 2929 5458 quidquam.
2976 5390 3137 5444 Verba
3165 5402 3279 5459 qua:
3309 5391 3508 5442 locutus
3533 5405 3648 5440 sunt

2103 5486 2262 5546 vobis,
2288 5483 2497 5551 spiritus
2520 5489 2566 5531 et
2607 5480 2709 5531 vita
2738 5487 2877 5533 sunt.
2909 5479 3045 5543 Quid
3070 5488 3182 5541 est,
3222 5478 3429 5545 spiritus
3459 5486 3504 5528 ct
3550 5476 3650 5527 vita

543 5657 564 5681 υ
594 5644 667 5696 Ex
700 5647 757 5701 S.
802 5656 958 5714 Aug,
1008 5657 1160 5702 tract.
1190 5662 1333 5700 xxvn
1377 5647 1435 5702 in
1476 5648 1627 5704 Joan.
1682 5662 1823 5699 num.
1854 5652 1910 5713 6,
1948 5651 2002 5712 7,
2036 5650 2088 5713 9,
2124 5651 2203 5699 ltt.
