4266 6190
720 303 819 358 85'.)

1542 297 1597 349 υ.
1640 298 1699 349 r.
1739 295 1957 347 ALBlNl
1996 294 2120 348 δερ
2161 293 2426 348 ALCL’iXl
2465 266 2737 352 ornatu
2778 296 2950 352 mas
2989 295 3047 350 ιι.

3772 304 3879 356 840

721 421 857 471 sum,
904 409 1002 463 nisi
1047 410 1350 478 Spiritaliter
1384 411 1716 476 intelligenda
1756 410 1910 462 sunt?
1957 408 2259 462 Intellexisti
2285 413 2330 467 Α
2361 414 2657 479 gnovimus.
2681 412 3010 467 Credidimus
3027 413 3166 466 enim
3190 424 3241 467 ut
3262 428 3731 483 cognosceremus;
3762 435 3889 474 nam

722 499 1060 567 spiritaliter?
1088 498 1311 568 Spiritus
1338 507 1383 550 et
1408 499 1506 550 rita
1533 508 1668 550 sunt.
1700 496 2006 550 Intellexisti
2032 495 2256 549 carnali-

725 588 833 639 ter?
862 588 1020 640 etiam
1046 588 1123 641 sic
1151 587 1234 639 illa
1262 588 1475 654 spiritus
1503 595 1555 639 et
1582 588 1688 639 vita
1716 595 1853 647 sunt,
1890 586 1980 638 sed
2012 586 2105 639 tibi
2152 602 2256 640 non

724 682 866 739 sunt,
904 690 980 727 »ιο
1004 676 1179 737 homo,
1206 675 1296 741 qui
1320 672 1629 740 spiritaliter
1652 688 1713 726 ea
1739 688 1841 725 non
1866 672 2134 741 intelligis,
2161 687 2258 724 nec

723 762 824 815 fide
850 774 911 814 ea
935 760 1175 814 venerari
1214 760 1369 813 nosti.

792 852 952 905 Vnus.
983 850 1067 902 65.
1092 879 1154 889 —-
1195 868 1213 903 ς
1245 846 1375 901 Sunt
1403 850 1538 901 enim
1561 847 1769 917 quidam
1800 848 1853 898 in
1881 846 2015 898 vobis
2047 847 2133 913 qui
2158 862 2257 897 non

725 941 933 995 credunt
964 957 980 992 :
1005 949 1056 994 et
1086 940 1204 993 ideo
1230 955 1331 991 non
1373 937 1680 1005 intelligunt,
1729 937 1848 1003 quia
1877 950 1981 988 non
2009 935 2251 989 credunt.

725 1030 985 1093 Propheta
1019 1027 1158 1080 enim
1186 1026 1319 1078 dixit
1346 1042 1358 1077 :
1386 1024 1502 1078 Nisi
1522 1024 1857 1085 credideritis,
1886 1039 1985 1075 non
2011 1019 2259 1088 intellige-

723 1118 791 1168 tis
818 1115 967 1184 (1εαὶ.
995 1130 1089 1178 vn,
1112 1113 1163 1177 9,
1182 1130 1282 1167 sec.
1300 1110 1392 1165 LX
1397 1111 1445 1164 Χ
1450 1110 1489 1181 ).
1516 1112 1619 1165 Per
1642 1112 1797 1164 ﬁdem
1819 1110 2144 1179 copulamur,
2169 1124 2262 1177 per

727 1203 1047 1256 intellectum
1074 1200 1420 1255 vivificamur.
1456 1199 1611 1252 Prius
1656 1200 1949 1252 haereamus
1969 1212 2064 1265 per
2085 1198 2258 1258 tidem,

727 1300 785 1342 ut
822 1291 899 1343 sic
924 1297 1042 1359 post
1068 1274 1393 1341 uivificemur
1423 1285 1600 1357 [Aug.,
1632 1294 1690 1337 ut
1733 1286 1821 1347 sit,
1866 1285 2002 1352 quod
2029 1284 2260 1339 vivifice-

730 1380 835 1451 tur]
860 1395 955 1448 per
1000 1379 1343 1433 intellectum.
1382 1375 1584 1430 Sciebat
1626 1378 1759 1428 enim
1800 1375 1861 1427 ab
1901 1375 2044 1427 initio
2074 1374 2224 1427 Iesus
2247 1415 2260 1436 ,

723 1469 810 1535 qui
831 1477 989 1519 essent
1014 1466 1285 1525 credentes,
1315 1464 1486 1533 etquis
1512 1463 1796 1515 traditurus
1827 1471 1951 1514 esset
1977 1476 2111 1512 eum.
2132 1459 2262 1511 Nam

728 1559 797 1609 ibi
825 1555 985 1610 Iudas
1008 1563 1122 1609 erat
1152 1555 1288 1607 inter
1313 1569 1404 1608 eos
1433 1554 1523 1622 qui
1552 1551 1890 1606 scandalizati
1934 1559 2088 1612 sunt,‘
2107 1565 2261 1619 quem

727 1644 971 1699 Christus
1000 1658 1097 1695 nec
1125 1642 1285 1704 siluit,
1323 1657 1423 1695 nec
1454 1650 1636 1708 aperte
1684 1640 2014 1702 monstravit,
2059 1649 2118 1692 ut
2153 1654 2266 1692 om-

2356 497 2401 550 si
2448 500 2592 565 prius
2622 515 2967 568 cognoscere,
2998 510 3049 553 et
3082 500 3271 553 deinde
3325 502 3546 556 credere
3598 505 3887 567 vellemus.

2357 601 2454 639 nec
2498 601 2833 656 cognoscere,
2878 604 2973 641 nec
3001 588 3214 642 credere
3239 589 3553 645 valeremus.
3603 590 3738 657 Quid
3771 609 3890 649 cre-

2358 673 2581 727 didimus
2623 683 2675 727 ct
2713 676 2836 743 quid
2870 677 3247 744 cognovimus?
3288 676 3423 741 Quia
3463 687 3519 731 tu
3549 695 3601 732 es
3652 678 3887 737 Christus

2359 758 2529 814 Filius
2557 761 2669 815 Dei.
2706 764 2758 816 Id
2788 773 2896 825 est,
2943 765 3066 831 quia
3091 765 3205 833 ipsa
3228 766 3332 818 vita
3379 774 3577 819 asterna
3609 776 3662 820 tu
3706 782 3786 834 es,
3833 780 3889 823 et

2358 864 2461 901 non
2497 850 2589 902 das
2613 852 2662 903 in
2697 867 2855 905 carne
2881 862 2934 905 et
2955 854 3204 920 sanguine
3226 862 3338 916 tuo,
3370 854 3470 907 nisi
3505 856 3645 922 quod
3673 870 3751 909 es.
3792 878 3809 909 ι

2430 939 2585 991 Vsus.
2617 939 2701 1001 "il,
2730 938 2814 990 72.
2861 969 2925 977 —
2951 938 3227 1006 Respondit
3255 942 3326 993 eis
3349 939 3501 994 Iesus
3525 955 3542 991 :
3572 938 3756 997 Nonne
3794 961 3887 1015 ego

2360 1044 2442 1080 vos
2487 1028 2749 1080 duodecim
2786 1028 2934 1097 elegi,
2960 1038 3006 1081 et
3040 1045 3170 1081 unus
3212 1046 3274 1082 ex
3314 1030 3449 1084 vobis
3488 1033 3723 1089 diabolus
3770 1048 3841 1090 est
3867 1040 3892 1089 Ρ

2359 1115 2565 1167 Dicebat
2608 1125 2775 1168 autem
2804 1115 2865 1168 de
2890 1113 3029 1168 Iuda
3073 1114 3275 1169 Simone
3314 1116 3578 1174 Scariotis.
3617 1122 3716 1176 Hic
3755 1127 3890 1178 enim

2360 1212 2469 1255 erat
2515 1219 2627 1255 eum
2676 1204 2975 1264 traditurus,
3008 1220 3122 1256 cum
3166 1215 3291 1259 esset
3335 1223 3467 1260 unus
3509 1225 3570 1261 ea:
3598 1210 3887 1266 duodecim.

2366 1293 2510 1346 Unus
2541 1309 2607 1348 ex
2635 1293 2913 1347 duodecim
2934 1302 3064 1356 erat,
3099 1308 3203 1347 non
3239 1294 3359 1357 lide,
3392 1296 3483 1350 sed
3506 1312 3755 1360 numero;
3784 1314 3889 1353 non

2362 1384 2600 1444 veritate,
2632 1384 2726 1436 sed
2765 1382 3117 1435 simulatione.
3160 1378 3264 1437 Sed
3308 1387 3569 1453 quomodo
3596 1388 3893 1458 intelligen-

2363 1471 2485 1522 dum
2510 1478 2609 1533 est,
2637 1486 2802 1522 nonne
2826 1485 2914 1539 ego
2942 1486 3023 1523 ros
3044 1471 3310 1524 duodecim
3334 1473 3477 1542 elegi,
3503 1475 3625 1528 dum
3648 1476 3735 1530 ille
3754 1493 3894 1531 unus

2364 1557 2500 1610 filius
2521 1556 2712 1611 diaboli
2741 1558 2932 1611 dicitur
2952 1573 3068 1612 esse
3095 1576 3105 1610 :
3140 1559 3239 1612 nisi
3270 1561 3393 1628 quia
3418 1561 3572 1615 aliter
3594 1562 3742 1616 electi
3766 1574 3894 1616 sunt

2366 1645 2440 1698 illi
2482 1646 2742 1707 undecim,
2774 1646 2926 1699 aliter
2956 1656 3008 1700 et
3056 1647 3139 1699 ille
3173 1648 3341 1701 unus?
3381 1648 3543 1704 Eleoti
3569 1660 3691 1704 sunt
3718 1652 3793 1706 illi
3835 1664 3895 1705 ut

729 1748 822 1786 nes
852 1734 1115 1793 timerent.
1139 1731 1377 1799 quamvis
1398 1745 1534 1782 unus
1554 1729 1768 1797 periret.
1801 1728 1901 1782 Sed
1920 1737 2263 1796 posteaquam
2298 1719 2340 1776 Β
2370 1743 2638 1788 manerent
2687 1735 2738 1787 in
2773 1734 2984 1788 Christo
3012 1776 3026 1799 ,
3082 1743 3135 1788 et
3175 1745 3231 1789 ut
3270 1752 3429 1792 sonus
3478 1739 3685 1793 illorum
3726 1742 3897 1794 exiret

740 1819 874 1873 dixit
906 1828 958 1873 et
996 1818 1234 1871 distinxit
1260 1818 1535 1872 credentes
1572 1832 1601 1869 a
1636 1833 1741 1871 non
1780 1817 2139 1879 credentibus,
2176 1830 2267 1868 ex-

728 1910 920 1977 pressit
944 1906 1157 1962 causam
1204 1922 1365 1975 quare
1404 1922 1508 1961 non
1530 1892 1836 1960 credebant.
1870 1924 1887 1956 s
1928 1905 2110 1973 (Vens.
2155 1903 2265 1973 66.)

734 1999 1004 2067 Propterea
1033 1997 1143 2047 dixi
1166 1995 1322 2058 vobis,
1353 1994 1543 2062 inquit,
1570 1995 1691 2064 quia
1721 2009 1864 2046 nemo
1887 2001 2048 2061 potest
2076 1994 2243 2045 venire

733 2072 800 2137 ad
822 2101 917 2146 me,
936 2085 1034 2136 nisi
1059 2083 1210 2151 fuerit
1235 2085 1280 2135 ei
1300 2082 1478 2135 datum
1503 2099 1533 2133 a
1563 2081 1716 2134 Patre
1741 2096 1868 2132 meo.
1892 2080 2110 2133 Dabitur
2127 2079 2266 2133 enim

734 2190 765 2226 a
791 2173 948 2227 Patre
974 2172 1312 2227 credentibus
1345 2171 1491 2233 ﬁdes,
1522 2178 1583 2222 ut
1608 2182 1763 2221 nemo
1806 2167 2058 2235 glorietur
2082 2167 2134 2219 in
2164 2166 2269 2219 tide

734 2280 850 2327 sua,
892 2279 1007 2331 qua:
1049 2278 1079 2316 a
1117 2276 1174 2316 se
1217 2276 1322 2315 non
1351 2258 1432 2313 est
1469 2259 1619 2327 quasi
1647 2258 1887 2326 propria,
1942 2256 2032 2309 sed
2076 2272 2107 2308 a
2163 2255 2268 2308 Deo

733 2353 880 2414 data,
908 2352 1056 2420 quasi
1084 2350 1274 2419 gratia.
1309 2348 1490 2419 (Vens.
1518 2348 1605 2418 67)
1632 2347 1715 2400 Ea:
1736 2348 1834 2399 hoc
1872 2346 2019 2399 multi
2047 2347 2269 2415 discipu-

736 2443 906 2492 lorum
933 2440 1044 2507 ejus
1074 2438 1307 2490 abierunt
1332 2446 1486 2499 retro,
1513 2447 1558 2490 et
1575 2437 1689 2505 jam
1717 2451 1816 2488 non
1840 2452 1953 2487 cum
1976 2434 2063 2487 illo
2091 2434 2268 2486 ambu-

734 2528 925 2580 labant.
965 2528 1205 2580 Abierant
1250 2536 1404 2590 retro,
1431 2541 1535 2579 non
1562 2534 1680 2594 post
1709 2524 1995 2587 Christum,
2030 2523 2123 2576 sed
2149 2532 2270 2590 post

737 2619 1003 2671 Satanam.
1046 2616 1135 2670 Isti
1182 2624 1357 2671 autem
1396 2616 1472 2669 sic
1514 2616 1759 2670 abierunt
1806 2620 1969 2677 retro,
2009 2613 2269 2681 quomodo

734 2709 935 2777 pnncisi
972 2724 1001 2761 a
1043 2721 1260 2775 cmpore
1305 2706 1523 2770 Christi,
1568 2720 1666 2760 nec
1702 2706 1837 2759 ultra
1889 2704 2153 2756 redientes
2199 2703 2266 2755 ad

734 2815 875 2858 eum,
910 2798 1028 2866 quia
1059 2796 1220 2850 fortes
1247 2796 1392 2867 [Μεη
1418 2795 1573 2866 forte]
1600 2795 1823 2850 ﬁdeliter
1844 2796 1895 2848 in
1919 2807 2137 2861 corpore
2157 2791 2271 2859 ejus

738 2903 840 2940 non
880 2887 1107 2940 fuerunt.
1140 2887 1206 2939 Et
1248 2888 1303 2939 hi
1329 2902 1433 2939 non
1456 2886 1649 2955 pauci,
1680 2888 1769 2939 sed
1806 2886 1973 2938 multi.
2027 2903 2043 2934 ε
2079 2884 2269 2937 Audia-

739 2992 856 3032 mus
880 2992 1023 3046 ergo,
1053 2977 1177 3046 quid
1205 2976 1270 3029 ad
1303 2991 1497 3045 paucos
1525 2976 1735 3037 dixerit,
1765 2975 1856 3043 qui
1881 2982 2261 3028 remanserunt.

741 3067 921 3133 (Vens.
938 3066 1045 3136 68.)
1067 3065 1205 3118 Dixit
1221 3082 1340 3134 ergo
1364 3065 1515 3119 Iesus
1534 3064 1600 3116 ad
1620 3064 1927 3116 duodecim:
1950 3062 2196 3131 Nunquid
2219 3070 2263 3112 et

740 3174 824 3211 vos
861 3158 1008 3210 uultis
1032 3157 1170 3209 abire
1189 3157 1213 3208 τ
1231 3154 1344 3208 Non
1369 3155 1609 3208 discessit
1636 3168 1733 3205 nec
1757 3152 1919 3205 Iudas
1944 3170 1955 3203 :
1990 3152 2079 3205 sed
2104 3166 2265 3217 quare

740 3246 984 3299 maneth
1028 3244 1248 3298 Domino
1270 3243 1379 3311 jam
1422 3242 1709 3311 apparebat
1737 3238 1933 3310 [nobis]
1962 3246 2141 3306 postea
2162 3252 2267 3290 ma-

740 3331 1013 3385 nifestatus
1047 3341 1143 3384 est.
1173 3329 1457 3399 Respondit
1482 3329 1667 3381 Petrus
1711 3342 1805 3395 pro
1842 3327 2100 3385 omnibus,
2134 3337 2269 3377 unus

740 3432 836 3486 pro
861 3418 1054 3480 multis,
1099 3419 1273 3471 unitas
1313 3432 1407 3486 pro
1434 3417 1595 3471 unilis
1642 3415 1822 3484 [_Aug.,
1853 3412 2132 3483 unitersis]
2173 3412 2268 3463 Re-

748 3505 948 3573 spondit
976 3522 1092 3573 ergo
1128 3499 1306 3559 Simon
1338 3504 1519 3557 Petrus
1564 3521 1580 3555 :
1616 3502 1850 3563 Domine,
1898 3500 1964 3552 ad
1991 3516 2137 3568 quem
2177 3499 2271 3550 ibi—

740 3592 890 3644 m'us?
917 3592 1143 3659 Repellis
1182 3608 1277 3645 nos
1297 3608 1324 3645 a
1356 3601 1422 3654 te,
1470 3593 1532 3644 da
1563 3594 1715 3644 nobis
1740 3591 1963 3642 alterum
1998 3587 2094 3656 [te]
2131 3587 2273 3639 simi-

746 3680 847 3732 lem
885 3680 980 3741 tui,
1027 3680 1093 3731 ad
1135 3693 1290 3745 quem
1334 3692 1531 3737 eamus.
1589 3677 1644 3728 Si
1676 3693 1703 3729 a
1741 3686 1791 3729 te
1838 3675 2150 3735 recedimus,
2207 3674 2270 3724 ad

746 3782 900 3833 quem
924 3766 1153 3818 ibimus?
1175 3764 1326 3835 [Aug.
1358 3781 1374 3817 :
1404 3765 1477 3817 Da
1506 3765 1658 3818 nobis
1685 3766 1906 3819 alterum
1933 3773 2001 3817 te.
2031 3764 2105 3814 Ad
2125 3779 2271 3832 quem

745 3855 965 3905 ibimus?
998 3855 1039 3906 si
1072 3869 1100 3906 a
1131 3862 1181 3907 te
1210 3855 1521 3916 recedimus,
1556 3855 1620 3907 ad
1648 3868 1803 3921 quem
1835 3852 2080 3920 ibimus?]

816 3942 973 3993 Vens.
1006 3940 1091 3993 69.
1125 3971 1193 3980 —
1233 3939 1395 3993 Verba
1437 3941 1551 3994 vita:
1598 3951 1799 3994 (eterna:
1836 3938 2007 3990 habes.
2055 3937 2238 3991 Videte
2260 3978 2273 3999 ,

748 4029 1185 4095 quemadmodum
1234 4027 1457 4089 Petrus,
1501 4029 1659 4080 dante
1709 4027 1948 4089 Domino,
2006 4034 2276 4079 recreante

754 4116 950 4183 Spiritu
983 4124 1181 4177 sancto,
1227 4116 1498 4185 intellexit.
1540 4116 1705 4177 Unde,
1756 4116 1853 4169 nisi
1897 4116 2017 4183 quia
2059 4116 2277 4169 credidit

752 4203 908 4255 verba
949 4204 1065 4256 vita:
1108 4203 1261 4272 532
1316 4205 1563 4257 aeternae?
1615 4206 1788 4258 Vitam
1828 4205 1967 4257 enim
2028 4212 2275 4255 :eternam

2366 1840 2457 1894 per
2485 1827 2665 1879 orbem
2690 1834 2986 1889 terrarum;
3013 1826 3211 1880 electus
3237 1836 3318 1880 est
3346 1828 3432 1881 ille
3458 1844 3593 1883 unus
3612 1837 3667 1881 ut
3687 1831 3896 1899 dispen-

2364 1916 2498 1968 satio
2535 1914 2722 1967 divina:
2774 1915 3143 1969 misericordiae
3185 1915 3235 1969 in
3278 1916 3494 1969 salutem
3547 1918 3760 1972 humani
3805 1935 3894 1989 ge-

2365 2003 2508 2056 neris
2545 2003 2849 2071 impleretur
2884 2019 2979 2071 per
3018 2019 3155 2057 eum.
3205 2004 3353 2059 Unde
3390 2006 3600 2059 bonitas
3630 2008 3721 2061 Dei
3763 2009 3897 2061 bene

2365 2090 2608 2144 utebatur
2644 2092 2839 2145 malitia
2890 2093 3049 2156 illius,
3089 2095 3225 2146 sicut
3259 2096 3313 2147 in
3369 2098 3668 2151 venditione
3701 2098 3895 2167 Ioseph

2365 2181 2498 2233 bene
2526 2195 2649 2235 usus
2680 2190 2765 2235 est
2794 2182 2934 2237 Deus
2974 2182 3170 2237 malitia
3210 2182 3426 2239 fratrum
3455 2184 3600 2255 (Gen.
3646 2188 3849 2259 xxxv")
3878 2209 3890 2241 :

2367 2278 2422 2322 ut
2444 2284 2505 2351 es
2528 2284 2685 2338 opere
2706 2270 2843 2324 malo
2869 2272 3074 2325 illorum
3099 2273 3305 2327 bonitas
3342 2274 3429 2329 Dei
3455 2276 3822 2331 ostenderetur
3841 2278 3896 2331 in

2366 2358 2584 2411 salutem
2622 2355 2769 2428 [Ms.,
2813 2359 3007 2431 salute]
3055 2361 3358 2416 multorum.
3402 2362 3491 2417 Sic
3525 2364 3717 2417 malum
3751 2363 3899 2419 Iuda:

2368 2447 2419 2499 in
2460 2448 2655 2521 bonum
2697 2461 2905 2501 versum
2948 2458 3030 2501 est
3074 2457 3331 2502 nostrum.
3363 2450 3512 2515 Quod
3557 2449 3685 2504 facit
3727 2453 3897 2506 malus

2366 2538 2503 2590 male
2541 2538 2734 2592 utendo
2766 2540 2917 2593 bonis
2952 2540 3044 2592 Dei
3072 2579 3084 2601 ,
3124 2540 3223 2593 sibi
3262 2548 3432 2603 nocet,
3470 2555 3571 2595 non
3610 2542 3892 2596 bonitatem

2368 2629 2458 2682 Dei
2486 2630 2758 2685 destruere
2781 2631 2990 2698 poterit.
3028 2631 3199 2696 Quare
3240 2631 3516 2686 duodecim
3546 2631 3706 2701 elegit
3742 2630 3890 2686 Chri-

2367 2717 2518 2770 stus?
2554 2734 2573 2767 ε
2640 2717 3002 2771 Duodenarius
3054 2733 3302 2773 numerus
3358 2727 3597 2772 sacratus
3640 2726 3738 2773 est.
3784 2716 3894 2771 Non

2367 2805 2505 2857 enim
2542 2804 2663 2872 quia
2693 2804 2848 2871 periit
2883 2804 3003 2857 inde
3042 2819 3194 2866 unus,
3232 2805 3348 2858 ideo
3383 2805 3522 2858 illius
3562 2806 3767 2859 numeri
3805 2806 3899 2859 bo.

2368 2907 2466 2944 nor
2497 2892 2774 2958 ademptus
2801 2900 2907 2952 est;
2940 2904 3060 2942 nam
3099 2891 3149 2943 in
3180 2890 3294 2944 loco
3331 2891 3597 2961 pereuntis
3624 2890 3760 2945 alius
3778 2892 3901 2946 sub-

2373 2987 2584 3045 rogatus
2609 2986 2706 3032 est.
2737 2978 2923 3031 Mansit
2965 2993 3214 3032 numerus
3240 2987 3581 3034 consecratus
3601 3020 3617 3042 ,
3660 2980 3765 3033 hoc
3798 2988 3899 3042 est,

2367 3080 2616 3117 numerus
2659 3065 3042 3129 duodenarius;
3074 3067 3193 3133 quia
3222 3082 3316 3134 per
3343 3068 3643 3120 universum
3681 3065 3866 3121 orbem
3887 3106 3902 3128 ,

2365 3154 2464 3205 hoc
2509 3160 2609 3215 est,
2658 3168 2752 3221 per
2776 3162 3003 3220 quatuor
3036 3154 3295 3207 cardines
3344 3155 3546 3216 mundi,
3589 3153 3903 3210 Trinitatem

2365 3244 2539 3297 fuerat
2560 3244 2956 3295 annuntiaturus
2980 3240 3101 3310 [Με.
3131 3251 3176 3294 et
3204 3241 3358 3309 Aug.,
3387 3240 3592 3296 fuerant
3613 3244 3895 3297 annuntia-

2370 3328 2512 3399 turi].
2544 3330 2662 3382 Ideo
2691 3338 2769 3382 ter
2789 3329 3029 3396 quaterni
3063 3349 3079 3377 ι
3113 3328 3263 3382 electi
3290 3338 3430 3389 sunt,
3458 3340 3519 3383 ut
3549 3340 3728 3384 sancta
3771 3330 3889 3383 Tri-

2367 3420 2503 3472 nitas
2523 3435 2616 3487 per
2642 3427 2865 3485 quatuor
2889 3426 3066 3486 partes
3091 3418 3233 3470 orbis
3258 3417 3648 3485 praedicaretur.
3681 3415 3812 3471 Nam
3832 3427 3889 3472 et

2368 3524 2535 3560 annus
2562 3507 2879 3559 duodenario
2919 3519 3138 3558 numero
3179 3506 3364 3567 currit,
3394 3514 3447 3559 et
3472 3505 3600 3558 ordo
3628 3495 3899 3574 signoruni

2370 3599 2421 3651 in
2442 3599 2608 3660 ca-Iis,
2636 3613 2729 3666 per
2747 3613 2861 3664 quae
2886 3598 3015 3651 solet
3038 3598 3159 3650 luna
3185 3612 3417 3659 currere,
3443 3606 3750 3660 noscuntur,
3770 3596 3898 3649 duo.

2370 3691 2584 3743 denario
2632 3702 2849 3740 numero
2893 3688 3282 3755 distinguuntur
3332 3687 3494 3739 :ideo
3540 3687 3639 3738 hoc
3685 3699 3902 3739 numero

2370 3777 2567 3846 primos
2595 3775 2965 3841 praedicatores
2992 3773 3129 3826 Deus
3158 3774 3399 3827 Christus
3431 3773 3623 3826 direxit
3656 3773 3709 3826 in
3752 3787 3901 3827 mun-

2373 3864 2523 3915 dum-
2548 3861 2650 3913 Nec
2680 3875 2928 3913 numerus
2955 3858 3083 3912 Iuda
3130 3868 3381 3927 pereante
3423 3848 3646 3913 violatus
3670 3868 3768 3922 est,
3813 3859 3901 3912 sed

2374 3948 2505 4001 alius
2533 3948 2646 4015 ejus
2675 3948 2788 4001 loco
2822 3946 3152 4014 subrogatus.
3185 3946 3258 3998 De
3304 3947 3453 4015 cujus
3489 3947 3694 3999 numeri
3724 3961 3903 3999 sacra-

2374 4040 2573 4101 tissima
2599 4038 2977 4108 signiﬁcatione
3000 4037 3111 4103 ipse
3138 4034 3380 4088 Christus
3409 4035 3461 4088 in
3497 4034 3779 4103 Evangelio
3808 4038 3903 4095 ait,

2373 4125 2438 4177 de
2473 4124 2911 4192 excellentissima
2955 4131 3253 4174 sanctorum
3299 4121 3461 4191 gloria
3505 4137 3519 4172 :
3559 4118 3689 4173 Cum
3734 4113 3904 4173 autem

2375 4212 2559 4264 sederit
2592 4209 2761 4262 Filius
2785 4210 3002 4263 hominis
3038 4212 3093 4262 in
3137 4210 3253 4262 sede
3282 4208 3563 4275 majestalis
3604 4224 3730 4273 suta,
3757 4208 3902 4263 sede-

752 4291 913 4344 babes
948 4291 998 4342 in
1048 4292 1428 4346 ministratione
1483 4294 1719 4359 corporis
1752 4301 1809 4346 et
1862 4290 2131 4355 sanguinis
2181 4290 2272 4341 tui.
2308 4328 2353 4384 ο
2379 4302 2491 4353 δίη,
2525 4310 2570 4353 ει
2598 4317 2681 4352 vos
2710 4315 2859 4367 ,τερον
2896 4298 3037 4350 κάει
3070 4296 3356 4359 duodecim,
3379 4296 3670 4365 judicanm
3712 4296 3900 4349 duodet

750 4377 928 4445 (Vsus.
974 4378 1081 4448 70.)
1121 4378 1181 4430 Et
1211 4396 1299 4432 nos
1327 4381 1631 4432 credidimus
1656 4418 1672 4443 ,
1704 4391 1749 4433 et
1797 4379 2135 4448 cognouimus.
2167 4379 2275 4432 Non

760 4465 1103 4532 cognovimus
1128 4475 1175 4517 et
1224 4466 1569 4529 credidimus;
1618 4468 1707 4520 sed
1750 4459 2067 4535 credidimus
2112 4476 2163 4519 et
2197 4482 2284 4519 co-

2381 4388 2478 4439 cim
2506 4386 2666 4437 tribus
2693 4383 2856 4436 Israel
2885 4382 3092 4451 (Matth.
3119 4398 3229 4447 nx,
3254 4383 3362 4454 28).

1911 4713 2004 4786 Ll
2022 4711 2197 4785 BER
2250 4708 2738 4799 QUARTUS.

1330 4901 1548 4958 CAPUT
1589 4903 1743 4958 XVII.

757 4990 954 5044 Iudicis
982 4989 1260 5058 inter/icere
1286 5006 1400 5058 eum
1424 4991 1763 5058 qua'rentibus
1782 5032 1795 5053 ,
1838 4995 2062 5044 ascendit
2090 4994 2280 5046 occulte

824 5058 891 5111 ad
914 5059 1047 5109 diem
1074 5054 1258 5125 festum
1287 5054 1626 5125 Scenopegia',
1661 5059 1745 5111 ubi
1764 5060 1959 5111 diversa
1982 5059 2045 5111 de
2069 5076 2125 5111 eo
2150 5071 2195 5113 et
2217 5063 2279 5113 ab

828 5124 1163 5196 eodicuntur.
1197 5124 1261 5196 Et
1286 5124 1563 5196 querentes
1598 5142 1714 5178 eum
1756 5127 2146 5196 apprehendere.
2196 5145 2280 5179 ne-

825 5193 1107 5260 quiverunt,
1135 5193 1253 5260 quia
1276 5193 1497 5245 nondum
1521 5203 1717 5246 venerat
1744 5193 1869 5246 hora
1897 5195 2027 5262 ejus.

730 5356 736 5364 .
824 5281 1002 5336 Cum
1040 5294 1135 5341 vn,
1172 5280 1329 5331 Vens.
1359 5280 1408 5331 1.
1435 5311 1503 5320 -
1546 5281 1669 5337 Post
1702 5284 1831 5346 Ita’c,
1860 5284 2028 5351 inquit
2057 5297 2279 5354 evange-

758 5368 897 5432 lista,
924 5366 1216 5421 ambulabat
1236 5365 1388 5419 Iesus
1406 5369 1459 5419 in
1479 5367 1762 5423 Galilteam.
1794 5371 1911 5424 Non
1930 5373 2062 5424 enim
2087 5372 2277 5425 volebat

824 5514 1091 5587 ‘S.Aug.,
1120 5525 1274 5571 tract.
1301 5534 1483 5579 xxvm,
1511 5476 1651 5573 num.
1680 5522 1787 5583 2-4,
1827 5524 1877 5584 6,
1904 5525 1957 5585 8,
1990 5525 2163 5576 10-12.

2379 4927 2433 4976 in
2474 4922 2714 4975 Iudteam
2766 4916 3046 4981 ambulare,
3089 4920 3216 4988 quia
3254 4920 3543 4989 quarrebant
3581 4934 3693 4983 eum
3728 4916 3903 4969 Iuda-i

2377 5010 2676 5077 interﬁcere.
2733 5026 2750 5056 ο
2808 5019 2831 5046 α
2887 5006 2995 5061 lioc
3048 5008 3338 5062 inﬁrmitati
3388 5015 3580 5062 nostra!
3639 5006 3903 5076 praebebat

2380 5098 2697 5165 exemplum.
2736 5094 2849 5147 Non
2880 5095 2990 5164 ipse
3022 5096 3319 5163 perdiderat
3342 5103 3673 5163 potestatem,
3696 5095 3787 5149 sed
3808 5109 3903 5147 no-

2380 5196 2545 5241 stram
2572 5184 2938 5238 consolabatur
2958 5181 3309 5249 fragilitatem.
3331 5180 3587 5234 Futurum
3607 5181 3748 5235 enim
3764 5186 3901 5241 erat,

2382 5285 2440 5328 ut
2468 5275 2607 5336 dixi,»
2642 5281 2700 5327 ut
2726 5273 2912 5342 aliquis
2955 5269 3121 5326 ﬁdelis
3147 5268 3258 5337 ejus
3301 5270 3644 5325 absconderet
3666 5280 3742 5330 se,
3780 5279 3903 5323 ω·

2383 5363 2806 5432 persecutoribus
2852 5358 3199 5421 inveniretur;
3248 5364 3298 5411 et
3344 5372 3407 5410 ne
3442 5356 3513 5408 illi
3549 5368 3643 5422 pro
3684 5352 3904 5409 crimine
