4266 6200
375 262 469 317 8H

1168 259 1566 315 EXEGETICA.
1613 289 1670 297 —-
1698 258 2042 313 (ΣΟΜΜΕΝΪ.
2084 258 2148 311 ΙΝ
2188 255 2371 311 JOAN.
2405 287 2431 293 —
2461 288 2467 293 -
2497 258 2619 309 LIB.
2662 259 2744 308 ιγ.

3456 262 3557 312 διε

375 374 692 441 objiceretur
717 370 1022 431 latibulum,
1048 372 1318 438 praeessit
1351 371 1402 422 in
1440 370 1629 436 capite,
1677 370 1815 434 quod
1858 369 1908 420 in
1936 375 1984 430 Α
2011 367 2210 434 ειυτίςε,
2238 367 2358 433 quia
2388 367 2476 431 qui
2507 367 2646 417 venit
2674 367 2724 416 iu
2755 366 3068 426 humilitate,
3098 368 3265 419 veniet
3292 369 3349 420 in
3375 368 3555 422 altitu-

378 465 634 519 nsembris
653 464 1074 517 confirmaretur.
1110 482 1128 514 ι
1160 461 1333 514 Potuit
1361 464 1504 514 enim
1533 460 1779 512 Christus
1808 474 1919 510 am-

381 551 562 605 bulare
589 551 640 604 iu
667 549 900 604 Judseam
930 549 1080 620 μὴ..
1111 551 1248 603 inter
1265 549 1493 618 Judteos]
1520 559 1574 602 et
1604 565 1704 601 non
1729 549 1918 608 occidi,

380 636 472 705 qui
502 636 576 688 ait
599 652 613 686 :
645 632 956 687 Potestatern
981 635 1141 686 habeo
1164 635 1382 701 ponendi
1411 636 1637 685 animum
1662 648 1848 694 meam,
1874 642 1920 682 et

381 733 677 792 potestatem
700 725 860 777 habeo
888 725 1071 776 iterum
1111 724 1348 777 sumendi
1381 739 1492 775 eam
1516 721 1696 790 (Joan.
1726 738 1779 785 ι,
1810 722 1918 788 18).

383 811 529 865 Hanc
553 819 866 879 potestatem
890 812 1117 864 ostendit
1143 811 1267 864 dum
1294 809 1477 871 voluit,
1505 825 1626 863 cum
1655 808 1720 860 ad
1738 822 1921 861 vocem

385 901 527 954 illius
555 908 698 953 retro
737 899 1042 953 ceciderunt
1063 899 1155 966 qui
1182 914 1302 952 eum
1331 913 1450 951 cum
1478 897 1640 950 armis
1670 903 1925 950 venerunt

384 988 798 1058 apprehendere.
831 989 1010 1056 (Vsus.
1038 987 1116 1057 ἓ.)
1133 986 1257 1039 Erat
1285 997 1454 1038 autent
1481 987 1534 1038 in
1559 986 1793 1053 proximo
1815 983 1924 1036 dies

386 1082 545 1146 (ustus
591 1077 892 1131 Iudarorurn
941 1076 1250 1146 Scenopegia
1312 1076 1456 1145 (his,
1515 1070 1921 1141 Scenopltagite].

385 1168 709 1239 Scencpegia
734 1177 817 1222 est
839 1168 950 1221 dies
977 1166 1141 1221 festus
1170 1180 1274 1234 quo
1295 1164 1458 1218 Judaei
1488 1178 1668 1216 mense
1699 1161 1924 1230 septimo

387 1258 440 1312 in
473 1256 828 1312 tabernaculis
852 1255 950 1308 sub
989 1255 1150 1308 ramis
1180 1254 1429 1307 arborum
1468 1252 1710 1305 habitare
1739 1250 1926 1304 diebus

388 1355 587 1417 septem
607 1331 928 1411 jubebantur
947 1345 1010 1397 ad
1055 1343 1363 1396 memoriam
1391 1340 1728 1394 habitationis
1768 1337 1924 1408 533

389 1437 595 1490 itlomm
623 1435 676 1487 in
715 1447 911 1486 eremo.
953 1432 1054 1485 Iste
1082 1440 1197 1485 erat
1225 1431 1336 1485 dies
1376 1428 1544 1482 festus
1573 1442 1730 1494 quem
1758 1425 1925 1479 Judaei

391 1536 581 1590 magna
624 1517 955 1574 solemnitate
992 1517 1352 1577 celebrabant,
1391 1515 1536 1568 velut
1578 1513 1924 1567 reminiscen-

393 1623 471 1664 ωδ
509 1609 880 1664 beneﬁciorum
910 1607 1136 1669 Domini,
1183 1607 1272 1672 qui
1314 1620 1405 1658 eos
1447 1603 1630 1656 eduxit
1675 1602 1739 1654 de
1784 1609 1925 1653 terra

2018 457 2167 517 diue;
2195 459 2284 522 qui
2316 457 2457 507 venit
2491 454 2827 521 judicandus,
2875 455 3048 507 veniet
3069 454 3429 521 iudicaturus;
3470 462 3554 522 qui.

2019 547 2162 598 venit
2203 547 2372 599 occidi
2409 560 2438 596 a
2471 546 2712 604 mortuis,
2743 545 2917 597 veniet
2954 543 3192 608 judicare
3235 546 3300 598 de
3347 537 3480 598 vivis
3510 558 3561 600 ct

2021 636 2262 687 mortuis.
2313 635 2495 703 (Vsus.
2544 635 2619 699 8.)
2677 631 2774 685 Vos
2824 634 3080 685 ascendite
3109 633 3176 684 ad
3219 634 3352 684 diem
3380 635 3562 698 festum

2018 723 2172 776 hunc.
2235 741 2252 772 ι
2286 723 2419 788 Quid
2465 733 2549 778 est
2592 725 2725 776 hunc
2756 725 2781 774 .’
2846 724 2942 776 Ubi
3013 724 3231 790 gloriam
3281 726 3559 777 humanam

2019 812 2274 878 queritis.
2327 811 2460 876 Quid
2490 822 2573 867 est
2601 814 2776 865 hunc!
2818 812 2916 866 Ubi
2940 814 3226 866 extendere
3264 813 3422 866 vultis
3446 829 3562 865 car-

2021 900 2158 952 nalia
2188 901 2395 968 gaudia,
2425 915 2527 952 non
2551 909 2747 952 :etcma
2777 901 3032 968 cogitare.
3068 899 3176 969 Ego
3206 916 3306 951 non
3347 901 3561 953 ascendo

2021 988 2088 1039 ad
2117 989 2252 1039 diem
2298 987 2485 1056 festum
2530 988 2682 1046 hunc,
2717 989 2839 1054 quia
2886 1003 3054 1038 meum
3099 998 3294 1054 tempus
3339 990 3565 1040 nonduin

2021 1076 2281 1142 impletum
2306 1086 2400 1129 est.
2417 1077 2471 1129 in
2496 1077 2580 1130 die
2596 1077 2737 1129 enim
2760 1075 2893 1128 festo
2911 1077 3010 1129 hoc
3026 1077 3247 1143 gloriam
3266 1093 3361 1130 vos
3377 1081 3565 1132 huma-

2023 1177 2146 1216 nam
2173 1165 2426 1231 quaeritis,
2445 1179 2617 1217 meum
2645 1179 2769 1216 vero
2791 1173 3017 1231 tempus,
3035 1166 3084 1217 id
3099 1174 3200 1227 est,
3218 1166 3395 1233 gloriae
3410 1181 3560 1224 meat.

2025 1252 2255 1305 nondum
2280 1253 2445 1305 venit.
2462 1251 2573 1319 Ipse
2601 1252 2704 1304 erit
2730 1253 2843 1304 dies
2876 1250 3042 1305 festus
3068 1268 3235 1312 meus.
3258 1267 3362 1306 non
3385 1254 3568 1306 diebus

2025 1339 2140 1392 istis
2163 1355 2478 1407 percurrens
2504 1341 2682 1412 [.4ug.,
2713 1342 3064 1410 praecurrens]
3091 1351 3146 1395 et
3173 1345 3458 1404 transiens,
3477 1345 3568 1397 sed

2023 1441 2340 1494 permanens
2363 1432 2414 1483 in
2433 1439 2707 1482 aeternum.
2735 1429 2850 1497 Ipsa
2869 1432 2976 1482 erit
3015 1430 3287 1492 festivitas,
3321 1432 3569 1497 gaudium

2023 1517 2137 1570 sine
2158 1517 2280 1580 fine,
2303 1520 2572 1571 aeternitas
2595 1520 2710 1572 sine
2730 1519 2864 1580 labe,
2897 1519 3156 1572 serenitas
3177 1522 3290 1572 s'ne
3317 1522 3473 1573 nube.

2097 1605 2254 1658 Vsus.
2279 1606 2333 1660 9.
2360 1633 2435 1646 --
2461 1604 2587 1657 Hcce
2616 1622 2732 1657 cum
2761 1606 2992 1667 dixisset,
3025 1608 3131 1674 ipse
3155 1609 3344 1660 mansit
3385 1609 3438 1660 in
3466 1605 3572 1660 Ca-

394 1696 626 1765 Egypti.
664 1695 785 1748 Dies
823 1693 987 1746 festus
1029 1706 1174 1745 more
1216 1690 1516 1744 Judazorum
1555 1688 1780 1750 dicitur,
1819 1701 1924 1739 non
1955 1691 2182 1756 Blitea.
2226 1690 2291 1744 L’t
2331 1702 2502 1744 autem
2557 1695 2892 1745 ascmderurl
2945 1694 3132 1761 fratres
3185 1697 3316 1763 ejus,
3367 1707 3488 1749 tunc
3525 1711 3574 1750 et

395 1800 531 1838 unus
558 1785 685 1842 dies.
733 1783 825 1836 sed
867 1788 1126 1849 quotquot
1171 1780 1309 1832 illius
1349 1778 1648 1831 festivitatis
1677 1775 1928 1836 fuerunt,

395 1873 545 1940 quasi
577 1888 737 1924 unum
779 1871 917 1924 diem
963 1869 1154 1923 festum
1189 1874 1402 1936 propter
1440 1865 1596 1918 unius
1630 1862 1932 1916 festivitatis

395 1959 823 2014 consuetudinem
857 1959 1128 2010 noniinare
1159 1955 1414 2008 solebant.
1442 1953 1624 2021 (Vsus.
1650 1949 1729 2020 ὅ.)
1775 1949 1932 2001 Dixe-

396 2058 514 2101 runt
535 2064 658 2116 ergo
687 2049 754 2099 ad
780 2063 893 2098 eum
922 2047 1107 2112 lratres
1139 2044 1250 2111 ejus
1275 2059 1292 2094 :
1334 2042 1518 2094 Transi
1548 2042 1686 2102 hinc,
1724 2048 1770 2091 et
1805 2039 1933 2090 uade

394 2139 449 2187 iu
492 2135 752 2188 Judream.
785 2153 803 2186 ι
846 2133 1058 2186 Fratres
1087 2133 1294 2186 Domini
1341 2128 1691 2183 usitatissimi)
1736 2134 1933 2179 sancta:

397 2224 684 2292 Scriptura:
710 2235 854 2274 more
892 2219 1264 2288 consanguinei
1291 2225 1486 2269 sancte
1516 2215 1692 2272 Μαι-ἰεῦ
1726 2227 1936 2281 semper

399 2312 619 2383 virginis
661 2311 990 2364 dicebantur.
1036 2307 1168 2360 Nam
1207 2306 1476 2358 Abraham
1510 2313 1566 2357 et
1615 2303 1712 2356 Lot
1744 2302 1936 2355 fratres

398 2412 520 2454 sunt
545 2400 693 2462 dicti,
723 2414 843 2452 cum
869 2397 1136 2450 Abraham
1171 2403 1395 2464 patruus
1424 2401 1568 2446 esset
1595 2392 1722 2454 Lot;
1749 2399 1804 2443 et
1831 2390 1934 2443 La-

401 2490 501 2540 han
529 2495 582 2540 ct
624 2486 788 2539 Jaeob
831 2482 1024 2536 fratres
1066 2490 1192 2534 sunt
1234 2481 1381 2540 dicti,
1423 2493 1543 2531 eum
1591 2486 1730 2530 esset
1759 2474 1935 2528 Laban

396 2575 686 2629 avunculus
726 2572 887 2625 Jacob
912 2569 1060 2639 (Cen.
1110 2585 1217 2629 xiv,
1259 2567 1342 2628 l4,
1378 2578 1424 2618 et
1468 2581 1612 2626 xxix,
1657 2564 1764 2632 15).
1806 2563 1936 2616 Cum

398 2679 525 2732 ergo
557 2662 829 2715 audieritis
856 2658 1047 2713 fratres
1070 2657 1298 2718 Domini,
1341 2655 1518 2709 Maria:
1544 2654 1774 2723 cogitate
1812 2665 1938 2705 con-

402 2753 828 2822 sanguinitatem,
862 2764 968 2802 non
1005 2748 1195 2800 iterum
1227 2746 1482 2816 parientis
1510 2743 1670 2796 ullam
1698 2741 1941 2811 propagi-

403 2855 542 2894 nem.
589 2858 607 2888 ‹
641 2839 876 2891 Diximus
900 2835 1096 2889 fratres
1133 2834 1222 2902 qui
1250 2833 1472 2894 fuerint;
1511 2832 1788 2884 audiamus
1812 2829 1939 2899 quid

403 2929 648 2982 dixerint.
682 2927 865 2996 Transi
883 2927 1020 2987 hinc,
1045 2934 1092 2977 et
1120 2923 1245 2976 uade
1269 2925 1322 2974 in
1347 2921 1609 2981 ludream,
1639 2928 1693 2971 ut
1721 2928 1768 2970 et
1786 2918 1940 2970 disci-

2029 1781 2136 1846 ipse
2177 1780 2403 1831 ascendit
2451 1781 2518 1831 ad
2569 1781 2704 1830 diem
2751 1780 2954 1846 festum,
3013 1798 3114 1834 non
3143 1783 3448 1850 manifeste,
3483 1786 3572 1836 sed

2028 1867 2176 1934 quasi
2219 1868 2272 1918 in
2299 1867 2516 1918 occulto.
2553 1885 2569 1916 t
2602 1866 2721 1920 ldeo
2749 1883 2852 1920 non
2882 1869 2949 1920 ad
2978 1869 3115 1922 diem
3159 1872 3352 1923 festum
3401 1873 3570 1933 hunc.

2031 1959 2154 2025 quia
2181 1973 2282 2011 non
2305 1958 2524 2027 gloriam
2556 1956 2702 2026 μὴ,
2733 1957 2972 2028 gloriari]
3003 1960 3369 2026 temporaliter
3395 1962 3572 2030 cupie-

2032 2048 2142 2108 bat,
2171 2047 2265 2099 sed
2303 2045 2500 2112 aliquid
2534 2047 2724 2099 docere
2749 2047 3052 2113 salubriter,
3089 2049 3359 2114 corrigere
3405 2049 3576 2102 homi-

2033 2149 2148 2194 nes,
2180 2135 2246 2187 de
2269 2135 2354 2188 die
2379 2133 2515 2188 festo
2549 2145 2747 2188 aeterno
2774 2135 3076 2197 admonere,
3118 2152 3352 2190 amorem
3391 2152 3575 2192 eorum

2034 2224 2100 2276 ab
2147 2225 2249 2278 hoc
2292 2223 2485 2278 saeculo
2535 2234 2796 2286 avertere,
2841 2236 2897 2280 et
2936 2227 2986 2278 iu
3033 2223 3196 2278 Deum
3245 2236 3573 2280 convertere.

2035 2310 2170 2376 Quid
2195 2319 2276 2365 est
2296 2319 2470 2366 autem
2491 2313 2630 2379 quod
2652 2313 2800 2379 quasi
2835 2314 3058 2366 latenter
3081 2314 3319 2366 ascendit
3351 2315 3416 2365 ad
3438 2315 3574 2366 diem

2036 2398 2264 2452 festum?
2290 2413 2392 2451 non
2423 2408 2576 2451 vacat
2597 2409 2651 2452 et
2679 2401 2778 2454 hoc
2804 2400 2892 2453 Dei
2921 2400 3074 2471 μαι,
3104 2399 3334 2470 Domini)
3362 2416 3512 2469 opus.
3555 2423 3572 2451 ο

2037 2485 2168 2538 Nam
2194 2500 2380 2539 omnes
2407 2485 2525 2539 dies
2565 2485 2684 2539 festi
2716 2486 3014 2540 Judmorum
3053 2490 3106 2542 in
3135 2488 3302 2557 figura
3347 2488 3576 2542 fuerunt.

2036 2575 2156 2626 Ideo
2183 2573 2427 2628 Christus
2453 2576 2678 2629 latenter
2719 2579 3038 2631 ascendebat
3069 2579 3119 2630 in
3148 2579 3246 2638 eis,
3271 2579 3390 2644 quia
3425 2578 3578 2631 Chri-

2036 2671 2152 2716 stus
2199 2662 2350 2715 latuit
2403 2665 2454 2717 in
2504 2665 2623 2717 illis.
2668 2664 2864 2732 Populo
2905 2680 3030 2718 vero
3083 2666 3245 2733 priori
3300 2665 3576 2728 occultus,

2038 2751 2194 2804 modo
2221 2765 2346 2804 vero
2375 2753 2578 2805 meliori
2605 2754 2796 2820 populo
2826 2753 3172 2816 manifestus;
3207 2755 3331 2822 quia
3364 2754 3451 2807 ille
3478 2769 3572 2823 po-

2037 2840 2192 2906 pulus
2228 2841 2280 2892 in
2308 2842 2493 2894 umbra
2523 2843 2728 2907 agebat,
2761 2856 2857 2894 nos
2881 2855 3007 2896 vero
3041 2842 3320 2896 manifesta
3364 2844 3480 2897 luce
3501 2843 3581 2898 fa-

2037 2928 2225 2980 cimus.
2263 2927 2411 2981 Licet
2437 2929 2647 2995 quidam
2677 2928 2968 2997 intelligere
2997 2931 3162 2983 velint
3198 2932 3335 2984 hanc
3374 2931 3579 2986 Domini

403 3019 511 3088 puli
534 3019 610 3069 tui
657 3016 856 3070 uideant
885 3031 1038 3082 opera
1081 3022 1171 3065 tua
1204 3028 1319 3082 qua:
1349 3011 1497 3078 facis.
1531 3007 1700 3076 Opera
1731 3006 1937 3060 Domini
1963 3007 2010 3068 ϐ
2039 3015 2458 3083 responsionem,
2486 3032 2588 3084 qua
2614 3018 2690 3070 ait
2727 3035 2738 3068 :
2775 3017 2886 3085 Ego
2916 3034 3016 3070 non
3069 3019 3287 3072 ascendo
3333 3020 3400 3071 ad
3445 3022 3580 3074 diem

403 3104 687 3174 discipulos
714 3118 816 3157 non
845 3102 1106 3163 latebant,
1135 3099 1228 3154 sed
1256 3099 1386 3152 istos
1410 3096 1661 3151 latebant.
1683 3095 1774 3150 Isti
1793 3095 1935 3149 enim

404 3194 616 3258 fratres,
643 3194 696 3246 id
723 3199 804 3246 est
830 3188 1202 3258 consanguinei
1230 3187 1448 3248 Christi,
1490 3183 1937 3254 consanguineum

405 3284 672 3338 Christum
718 3281 916 3334 habere
941 3284 1246 3347 potuerunt,
1280 3275 1498 3329 credere
1527 3284 1703 3327 autem
1732 3273 1784 3325 in
1817 3285 1938 3324 eum

409 3373 519 3439 ipsa
558 3369 940 3439 propinquitate
969 3365 1318 3420 fastidiean
1347 3363 1469 3417 ideo
1509 3362 1757 3416 continuo
1780 3374 1941 3413 evan-

407 3460 589 3527 gelista
631 3467 844 3511 secutus
870 3465 986 3511 est:
1017 3455 1198 3525 (Vsus.
1224 3452 1302 3521 4.)
1350 3451 1527 3521 Neque
1571 3451 1706 3502 enim
1732 3449 1939 3514 fratres

407 3549 518 3619 ejus
541 3547 809 3600 credebant
837 3547 892 3598 in
910 3560 1044 3597 eum
1074 3542 1246 3609 Quare
1272 3542 1325 3594 in
1352 3556 1470 3593 eum
1498 3554 1600 3592 non
1627 3536 1941 3592 credebant?

411 3640 541 3704 Quia
587 3620 866 3691 humanam
897 3634 1114 3704 gloriam
1143 3629 1501 3700 requirebant,
1551 3647 1566 3677 ι
1601 3627 1836 3680 dicentes
1875 3623 1940 3674 ad

411 3742 571 3779 eum:
599 3725 781 3778 Transi
809 3724 942 3785 hinc,
965 3733 1010 3775 et
1039 3721 1164 3775 vade
1185 3721 1237 3773 in
1259 3718 1520 3779 Indicam,
1552 3725 1606 3767 ut
1629 3724 1674 3766 et
1703 3712 1941 3780 discipuli

410 3815 485 3865 .‘ui
530 3813 728 3865 rideant
771 3827 923 3880 opera
951 3820 1071 3872 tua,
1119 3824 1233 3877 aute
1271 3807 1419 3873 facis.
1460 3803 1641 3872 (Vsus.
1670 3801 1746 3870 5.)
1779 3800 1942 3853 Nemo

412 3901 591 3972 quippe
616 3901 669 3951 in
699 3899 894 3951 occulto
914 3897 1110 3966 aliquid
1128 3896 1273 3964 facit,
1295 3903 1341 3946 et
1363 3894 1542 3964 quierit
1565 3893 1668 3959 ipse
1694 3892 1748 3942 in
1770 3889 1941 3958 palam

411 4005 539 4042 esse.
570 3987 627 4042 Si
671 3989 779 4040 Iure
805 3987 955 4054 facis,
989 3985 1262 4052 manifesta
1301 3984 1514 4050 teipsum
1544 3979 1754 4032 mundo.
1810 3977 1942 4030 Nam

413 4076 496 4129 his
523 4074 696 4126 verbis
722 4073 1014 4126 ostenditur
1042 4071 1262 4140 gloriam
1290 4069 1427 4122 illius
1476 4067 1759 4120 carnaliter
1803 4081 1945 4134 qum-

413 4176 533 4219 rere
560 4178 681 4226 eos;
712 4163 859 4228 quasi
885 4161 1143 4215 dixissent
1168 4175 1180 4210 :
1218 4160 1368 4213 Facis
1395 4157 1671 4218 mirabilia,
1698 4157 1791 4210 sed
1823 4158 1943 4209 abs-

414 4251 599 4306 condis
643 4258 725 4312 te;
758 4249 921 4302 transi
951 4249 1004 4300 in
1029 4246 1288 4307 Iudaeam,
1326 4255 1384 4298 ut
1412 4248 1737 4315 principatus
1773 4246 1946 4314 gentis

2040 3105 2222 3166 festum
2265 3107 2421 3168 hunc,
2478 3106 2544 3158 ad
2586 3107 2883 3175 passionem
2945 3107 3084 3160 illius
3133 3109 3419 3174 pertinere.
3477 3125 3580 3176 qua

2039 3191 2190 3262 [ιιι.
2243 3191 2390 3261 quia]
2435 3192 2679 3248 Christus
2715 3210 2819 3247 non
2883 3196 2934 3248 in
2984 3194 3269 3249 festivitate
3317 3195 3581 3262 Sceque-

2037 3281 2154 3347 git,
2181 3281 2271 3331 sed
2299 3280 2351 3331 in
2383 3279 2666 3335 festivitate
2691 3283 2946 3348 paschali,
2973 3297 3074 3349 qua
3099 3297 3265 3350 agnus
3286 3284 3455 3336 occidi
3480 3300 3570 3338 so-

2039 3367 2196 3429 lebat,
2236 3383 2448 3421 crucem
2490 3370 2744 3423 ascendit.
2789 3370 2969 3438 (Vsus.
3003 3369 3110 3440 ll.)
3153 3388 3170 3420 ι
3199 3369 3373 3424 Judaei
3404 3382 3575 3425 autern

2036 3453 2325 3520 qurerebant
2355 3470 2470 3506 eum
2515 3457 2567 3507 in
2594 3457 2677 3508 die
2707 3456 2835 3523 festo
2861 3497 2874 3519 ,
2927 3466 3206 3524 antequam
3245 3453 3572 3510 ascenderet.

2038 3537 2249 3592 Priores
2262 3542 2401 3592 enim
2426 3539 2617 3594 fratres
2640 3543 3012 3606 ascenderunt,
3034 3554 3088 3595 et
3116 3561 3218 3597 non
3248 3555 3370 3598 tunc
3395 3559 3580 3600 ascen-

2041 3627 2114 3678 dit
2145 3627 2251 3687 ille,
2281 3628 2494 3695 quando
2544 3629 2616 3681 illi
2649 3632 2907 3696 putabant
2935 3639 2988 3684 et
3018 3633 3262 3686 volebant
3287 3653 3298 3686 :
3328 3645 3386 3687 ut
3423 3637 3582 3690 etiam

2042 3713 2143 3767 hoc
2179 3714 2507 3782 impleretur,
2535 3718 2674 3783 quod
2715 3718 2790 3769 ait
2819 3735 2830 3769 :
2865 3716 2981 3770 Non
3011 3721 3076 3770 ad
3109 3722 3261 3782 hunc,
3288 3721 3336 3774 id
3363 3735 3475 3786 est.
3512 3725 3577 3776 ad

2040 3817 2197 3866 quem
2222 3818 2314 3856 vos
2335 3804 2510 3865 vultis,
2538 3806 2763 3872 primum
2797 3807 2876 3858 vel
2907 3809 3191 3860 secundum
3221 3808 3378 3862 diem.
3422 3809 3581 3878 535

2039 3888 2288 3940 Ascendit
2308 3898 2480 3942 autem
2505 3898 2708 3958 postea,
2740 3901 2796 3942 ut
2827 3892 3166 3959 Evangelium
3197 3894 3449 3960 loquitur,
3473 3912 3574 3947 me-

2041 3977 2212 4028 diante
2242 3975 2392 4046 [Aug.
2436 3987 2490 4030 et
2520 3977 2637 4039 Ms.,
2666 3979 2910 4048 mediato]
2941 3980 3023 4031 die
3050 3981 3198 4047 festo,
3234 3983 3284 4034 id
3314 3993 3414 4044 est,
3457 4001 3576 4037 cum

2039 4064 2150 4132 jam
2177 4064 2316 4117 illius
2343 4066 2446 4118 diei
2472 4066 2590 4119 festi
2635 4076 2714 4119 tot
2759 4067 2871 4119 dies
2899 4069 3296 4134 prattcriissent,
3327 4079 3455 4138 quot
3500 4085 3579 4121 re-

2044 4155 2377 4204 mansissent.
2409 4153 2577 4218 lpsam
2597 4155 2737 4206 enim
2767 4153 3125 4218 festivitatem,
3156 4167 3409 4224 quantum
3434 4160 3584 4213 intel-

2046 4240 2307 4307 ligendum
2335 4250 2437 4303 est,
2466 4241 2650 4295 diebus
2680 4242 2921 4310 plurimis
2946 4245 3304 4299 celebrabant.

415 4349 469 4393 et
489 4341 674 4393 civitas
718 4345 873 4405 caput
913 4335 1058 4404 regni
1097 4322 1315 4386 videant
1345 4333 1606 4385 mirabilia
1635 4341 1742 4384 tua.
1790 4331 1944 4385 Inuo-
1976 4316 2020 4368 ί)
2114 4326 2272 4380 Vens.
2337 4329 2420 4380 12.
2475 4359 2542 4368 —-
2595 4330 2838 4384 Dicebant
2882 4349 3000 4400 ergo
3041 4350 3058 4383 :
3105 4333 3200 4386 Ubi
3243 4347 3316 4388 est
3343 4337 3472 4390 ille!
3517 4337 3584 4392 Et

420 4440 578 4489 tesce,
601 4440 793 4495 appare
817 4424 1077 4485 omnibus,
1100 4431 1158 4473 ut
1181 4421 1379 4474 laudari
1400 4420 1570 4489 possis
1593 4418 1660 4471 ab
1679 4420 1942 4472 omnibus.

417 4516 552 4581 Quid
577 4529 704 4580 ergo
732 4515 798 4564 ad
845 4514 956 4564 hmc
995 4511 1244 4563 Dominus
1283 4508 1436 4562 Jesus
1463 4508 1630 4561 dicit?
1663 4508 1843 4576 (Vens.
1870 4507 1947 4575 6.)

421 4597 636 4663 Tempus
679 4610 843 4646 meum
890 4595 1114 4646 nondum
1165 4594 1382 4656 aduenit,
1411 4603 1605 4656 tenuius
1653 4603 1824 4645 autem
1871 4610 1953 4646 ve-

419 4694 578 4736 strum
598 4698 792 4749 semper
817 4693 887 4732 est
918 4691 1176 4746 paratum.
1208 4681 1488 4749 Apostolus
1509 4682 1656 4743 dicit,
1683 4690 1950 4749 postquam

420 4773 548 4825 venit
588 4770 846 4835 plenitudo
882 4768 1140 4830 temporis,
1199 4769 1334 4819 misit
1381 4769 1516 4819 Dens
1565 4767 1759 4818 Filium
1801 4781 1949 4818 suum

422 4858 560 4924 (Cal.
596 4872 666 4918 tv,
698 4861 771 4922 4).
826 4855 1052 4922 Tempus
1096 4869 1220 4905 vero
1263 4853 1442 4920 gloria:
1485 4852 1678 4906 Christi
1727 4851 1949 4904 necdum

424 4943 581 5002 venit,
637 4957 754 4993 cum
798 4945 909 4994 haec
953 4943 1157 4994 locutus
1205 4949 1305 4992 est.
1345 4939 1491 5002 Quod
1540 4939 1609 4990 illi
1640 4940 1951 4990 videbantur

423 5041 676 5096 quecrere,
704 5023 790 5094 qui
820 5029 867 5079 ei
911 5029 1199 5080 suadebant
1228 5028 1302 5078 ire
1348 5028 1398 5077 in
1437 5025 1694 5086 Judzeam,
1728 5027 1952 5077 miracu-

427 5116 534 5168 lum
582 5113 773 5173 facere,
805 5114 996 5164 mundo
1036 5115 1376 5172 innotescere,
1406 5125 1470 5164 ne
1517 5113 1684 5164 latens
1712 5111 1954 5181 ignobilis

423 5214 719 5275 putaretur.
775 5203 878 5255 Sed
934 5203 1019 5254 ille
1061 5204 1224 5256 voluit
1273 5204 1623 5256 altitudinem-
1663 5205 1954 5257 humilitate

429 5296 744 5367 przecedcre,
769 5303 822 5347 et
850 5295 913 5346 ad
941 5294 1105 5362 ipsam
1134 5296 1494 5349 celsitudinem
1525 5310 1619 5362 per
1648 5294 1955 5348 humilitatis

429 5385 567 5436 viam
611 5383 902 5450 pervenire.
938 5398 956 5430 ο
1004 5378 1232 5447 Tempus
1275 5393 1446 5435 autem
1489 5393 1739 5442 vestrum,
1770 5384 1820 5434 id
1843 5392 1948 5442 cst,

434 5472 608 5523 ωηαάί
633 5469 810 5535 gloria,
841 5482 1048 5533 semper
1061 5477 1141 5519 est
1166 5478 1422 5534 paratum.
1452 5471 1559 5520 Erit
1586 5471 1721 5520 enim
1752 5479 1954 5535 tempus

819 5579 1079 5636 Ρηιιυι..
1127 5576 1191 5633 (ζ.

2046 4431 2279 4466 murmur
2305 4416 2520 4469 multum
2548 4419 2610 4470 de
2633 4436 2691 4470 eo
2717 4431 2825 4470 erat
2850 4423 2904 4472 in
2935 4423 3103 4472 turba.
3142 4423 3284 4474 [inde
3312 4431 3584 4482 murmur?

2047 4503 2122 4555 Dc
2165 4505 2516 4558 contentione.
2567 4506 2693 4571 Quae
2739 4507 2835 4559 fuit
2864 4510 3163 4560 contentio?
3199 4509 3421 4572 Quidam
3449 4517 3582 4567 cuius

2047 4589 2327 4640 dicebant:
2381 4591 2517 4653 Quia
2566 4593 2724 4644 bonus
2779 4604 2870 4645 est.
2935 4595 3035 4646 Alii
3084 4607 3253 4651 autem
3305 4599 3582 4652 dicebant:

2051 4673 2212 4736 Non,
2268 4678 2356 4728 sed
2417 4681 2608 4731 seducit
2664 4683 2860 4732 turbas.
2900 4683 2971 4736 De
3023 4686 3267 4739 omnibus
3315 4686 3426 4753 ejus
3468 4703 3585 4738 ser-

2050 4768 2130 4814 vis
2163 4763 2262 4816 hoc
2305 4766 2497 4819 dicitur
2540 4768 2726 4829 modo,
2781 4770 3079 4840 quicunque
3125 4777 3355 4824 eminent
3399 4775 3449 4824 in
3489 4776 3583 4827 ali-

2052 4865 2154 4916 qua
2181 4852 2346 4917 gratia
2376 4869 2389 4904 :
2421 4855 2506 4906 alii
2535 4856 2730 4914 dicunt,
2762 4857 2921 4909 bonus
2952 4869 3058 4921 est;
3095 4861 3204 4920 alii,
3235 4877 3354 4923 non,
3388 4864 3477 4913 sed
3503 4881 3582 4915 se-

2051 4937 2189 4988 ducit
2218 4940 2410 4990 turbas.
2445 4941 2590 4995 Unde
2617 4941 2747 4992 hoc?
2777 4942 2907 5006 Quia
2941 4948 3043 4996 vita
3077 4955 3253 4998 nostra
3281 4951 3583 5004 abscondita

2051 5033 2133 5077 est
2181 5043 2300 5080 cum
2345 5028 2556 5080 Christo
2600 5029 2652 5079 in
2713 5028 2839 5082 Deo.
2874 5051 2890 5080 ι
2943 5032 3049 5083 lloc
3102 5034 3297 5097 patitur
3344 5036 3584 5089 Christus

2059 5115 2208 5186 μὴ..
2235 5131 2424 5184 cci-pus
2450 5116 2668 5187 Christi]
2703 5135 2867 5186 usque
2896 5120 2946 5171 in
2971 5120 3125 5172 tinem
3154 5125 3328 5175 saeculi
3353 5140 3382 5178 a
3405 5126 3585 5183 mundi

2059 5207 2399 5265 amtoribus,
2428 5206 2563 5270 quod
2589 5215 2710 5260 tunc
2737 5222 2925 5273 passus
2950 5217 3030 5260 est
3055 5224 3082 5261 a
3109 5209 3414 5264 Iudaeorum
3443 5227 3583 5270 mur.

2060 5294 2429 5349 muratoribns.
2464 5294 2692 5348 Necdum
2724 5295 3044 5350 frumentum
3087 5312 3115 5348 a
3154 5297 3319 5364 paleis
3345 5313 3588 5364 segrega.

2060 5396 2169 5440 tum
2195 5393 2294 5445 est,
2323 5394 2380 5438 ut
2408 5401 2567 5454 grana
2599 5386 2843 5440 frumenti
2875 5395 3254 5452 congregemur
3281 5387 3334 5441 in
3378 5387 3584 5446 horrea.

2061 5482 2109 5523 et
2137 5471 2296 5536 palea‘
2340 5475 2711 5528 comburantur
2760 5476 2858 5539 igni
2891 5482 3103 5522 ιρις-[πο.
3149 5493 3164 5520 ι
3201 5473 3348 5536 Quod
3391 5474 3584 5529 dictum

3166 5584 3233 5643 '27
