4152 6204
694 273 796 328 8‘3
1251 314 1255 325 .
1553 276 1611 330 Β.
1650 277 1708 331 F.
1747 276 1966 332 ALBlNl
2005 273 2135 332 SEU
2172 274 2266 329 Ab

2247 273 2442 332 .CUlNl
2478 278 2753 337 OPERUM
2791 282 2965 339 PARS
3000 285 3060 338 ll.

3768 292 3871 346 SM

693 393 775 441 est
795 398 920 454 ergo
947 386 1012 439 de
1037 386 1277 450 Domino,
1306 385 1444 440 valet
1471 386 1535 440 ad
1562 388 1993 451 consolationem,
2015 388 2081 443 de
2098 403 2227 456 quo-
2253 387 2304 445 Δ
2329 388 2537 443 videtur
2588 392 2840 446 Dominus
2884 393 3129 447 Christus
3146 432 3161 458 ,
3209 411 3322 449 mea
3363 384 3599 452 doctrina
3648 418 3751 455 non
3792 414 3867 458 est

692 488 899 541 cunque
944 471 1047 527 hoc
1082 474 1282 527 dictum
1319 473 1488 528 fuerit
1528 473 1850 529 Christiano.
1882 474 2069 545 (Vens.
2116 475 2229 546 l3.)
2327 496 2474 545 mea;
2508 474 2572 534 ac
2595 482 2640 536 si
2661 483 2859 539 diceret
2888 503 2901 538 :
2927 485 3037 554 Ego
3074 501 3181 540 non
3227 502 3345 542 sum
3374 504 3403 542 a
3424 491 3864 563 meipso:quam—

697 557 852 612 Netuc
887 568 1054 614 tum
1080 559 1253 631 palan:
1276 558 1575 631 loquebatur
1597 562 1663 615 de
1688 561 1781 616 illo
1794 571 2020 632 φωριετ
2040 572 2230 653 uictum
2328 569 2410 622 vis
2440 568 2584 624 enim
2614 569 2804 624 Filium
2830 570 2973 625 Patri
3016 573 3253 631 dicamus
3287 583 3343 629 et
3368 557 3648 636 creua...
3691 557 3865 653 aqua.

690 644 1014 712 Iudicemus,
1063 647 1155 717 qui
1185 647 1432 703 dicebant
1470 666 1485 703 ;
1522 649 1709 703 ‘Bonus
1757 658 1865 715 est;
1910 664 2018 705 non
2068 647 2229 722 [Ms.,

693 732 861 806 nam],
890 734 979 803 qui
1004 734 1287 790 dicebant:
1329 735 1526 790 seducit
1567 736 1765 791 turbas.
1797 734 1920 809 [Qui
1946 737 2228 793 dicebant:

691 821 887 876 seducit
931 821 1151 894 turbas],
1178 823 1382 879 sonitus
1418 838 1603 879 eorum
1641 825 1947 895 apparebat,
1981 833 2232 893 tanquam

690 908 961 965 aridorum
980 908 1243 965 foliorum.
1271 909 1481 967 διάειδᾶ
1496 902 1696 977 turbes,
1718 913 1916 970 clarius
1937 915 2230 983 sonabant;

692 996 854 1053 bonus
878 1006 984 1065 est,
1022 1000 1261 1068 pressius
1282 1002 1658 1057 susurrabant.
1701 1001 1856 1057 llodo
1896 1012 2097 1069 autem,
2126 1003 2235 1059 fra-

693 1091 824 1149 tres,
854 1086 1098 1153 quamvis
1135 1088 1369 1144 nondum
1410 1089 1619 1145 venerit
1662 1089 1754 1146 illa
1796 1090 1965 1162 gloria
2009 1091 2229 1165 Christi,

690 1185 809 1238 qua
830 1188 929 1230 nos
950 1181 1176 1238 “nos
1194 1175 1403 1233 iactura
1423 1186 1540 1244 est;
1570 1178 1724 1233 modo
1748 1187 1925 1235 tamen
1948 1179 2017 1233 ita
2040 1180 2233 1235 crescit

693 1256 931 1313 Ecclesia
955 1259 1090 1328 eius,
1122 1261 1195 1316 ita
1236 1278 1356 1319 eam
1380 1264 1627 1335 dignatus
1656 1276 1741 1322 est
1762 1280 1860 1336 per
1901 1274 2091 1322 cuncta
2130 1266 2234 1321 dit-

692 1341 933 1411 ﬁmdere,
960 1356 1019 1404 ut
1056 1350 1215 1405 etiam
1254 1360 1566 1408 susurretur
1602 1367 1617 1406 :
1663 1351 1871 1408 Seducit
1892 1354 2100 1416 turbas;
2137 1353 2232 1409 sed

692 1428 888 1491 Clarius
909 1444 1176 1507 personet,
1202 1438 1363 1495 bonus
1386 1449 1483 1496 est.
1507 1457 1535 1492 η»
1569 1439 1702 1494 Nam
1736 1456 1871 1496 nova
1914 1442 2132 1498 haresis
2177 1445 2229 1498 in

693 1530 900 1602 angulis
920 1529 1124 1586 occulte
1140 1536 1413 1586 susurrat:
1441 1530 1681 1586 Christus
1702 1540 1784 1587 est
1807 1533 2101 1602 adoptivus.
2124 1534 2230 1591 Sed

804 1621 889 1674 ius
929 1617 1245 1673 universalis
1288 1626 1487 1675 sancta!
1522 1619 1772 1675 Ecclesia:
1811 1636 1913 1676 vox
1956 1631 2170 1678 resonat
2211 1643 2225 1678 :

2329 655 2452 722 lem,
2486 661 2587 713 nec
2613 659 2773 713 ullam
2822 660 2875 715 in
2914 661 2992 716 eis
3034 677 3155 719 esse
3180 673 3384 721 naturas
3429 668 3513 722 vel
3558 671 3867 729 substantia:

2329 745 2659 814 distantiam,
2688 763 2788 805 nec
2830 748 2973 803 inter
2994 760 3330 819 genenntem
3375 763 3535 825 atque
3559 768 3864 827 generatim

2329 832 2542 903 aliquod
2570 835 2874 892 interfuisse
2900 838 3234 894 intervallum
3280 840 3456 914 [Aug.,
3497 849 3750 917 temporis
3787 850 3866 903 ἰηο

2330 924 2631 996 tet-vallum]
2663 942 2678 979 :
2712 934 2890 982 tamen
2917 928 3019 984 hoc
3039 938 3250 985 servato
3283 940 3338 986 et
3364 936 3625 990 custodito
3650 939 3752 991 ista
3790 938 3865 995 di-

2330 1014 2519 1080 cimus,
2552 1016 2693 1085 quod
2722 1016 2808 1073 ille
2832 1016 2987 1073 Pater
3013 1026 3114 1085 est,
3143 1020 3230 1075 ille
3266 1021 3447 1078 Filius.
3488 1024 3647 1080 Pater
3688 1036 3863 1083 autem

2330 1118 2435 1158 non
2459 1112 2562 1167 est,
2590 1105 2750 1159 sinon
2772 1106 2964 1162 habeat
2987 1108 3211 1176 Filium;
3238 1110 3405 1167 Filius
3432 1130 3533 1168 non
3558 1123 3640 1169 est
3658 1155 3672 1181 ,
3695 1117 3738 1169 si
3759 1131 3865 1170 non

2330 1190 2522 1245 habeat
2572 1191 2825 1248 Patrem:
2868 1197 2961 1250 sed
3003 1205 3176 1252 tamen
3208 1199 3371 1255 Filius
3396 1201 3535 1257 Deus
3576 1205 3643 1259 de
3667 1205 3861 1269 Patre;

2329 1283 2487 1341 Pater
2514 1293 2688 1342 autem
2715 1286 2884 1351 Deus,
2910 1290 3004 1343 sed
3024 1305 3129 1343 non
3149 1292 3219 1346 de
3235 1291 3389 1346 Filio.
3414 1292 3574 1349 Pater
3595 1309 3699 1348 non
3724 1296 3867 1351 Deus

2329 1371 2396 1427 de
2421 1372 2549 1437 Deo,
2576 1373 2744 1429 Filius
2774 1389 2902 1430 vero
2932 1377 3069 1432 Deus
3096 1374 3161 1434 de
3187 1380 3311 1445 Deo,
3342 1379 3516 1434 lumen
3544 1382 3610 1437 de
3641 1382 3877 1437 lumine.—

2329 1461 2488 1515 Pater
2535 1461 2732 1527 lumen,
2765 1462 2930 1520 Filius
2966 1465 3164 1521 lumen.
3210 1467 3322 1520 Non
3352 1468 3717 1533 duo‘lumina,
3768 1470 3861 1524 sed

2329 1561 2492 1600 unum
2514 1548 2711 1602 lumen.
2744 1569 2763 1602 ι
2790 1550 2951 1605 Pater
2984 1553 3141 1617 Deus,
3173 1553 3328 1624 535
3357 1554 3523 1610 Filius
3545 1557 3704 1611 Deus.
3743 1557 3861 1611 Non

2328 1636 2433 1692 duo
2460 1638 2562 1702 dii,
2610 1641 2701 1693 sed
2726 1657 2863 1695 unus
2908 1642 3047 1696 Deus
3088 1643 3247 1697 Pater
3288 1654 3341 1698 et
3394 1643 3577 1699 Filius.
3631 1647 3862 1715 Spiritus

693 1708 937 1764 sums
981 1705 1149 1761 Filius
1185 1706 1404 1809 est-Dei
1443 1709 1709 1777 proprius
1749 1708 1991 1809 εξίδῑιθξι-ι,
2018 1727 2226 1782 quoque
2258 1701 2303 1759 Β
2326 1701 2633 1781 sanetusde
2677 1727 2835 1783 Patre
2862 1735 2917 1784 et
2956 1729 3439 1809 Filiogprocedens,
3478 1742 3533 1788 et
3558 1701 3859 1806 ipse'neus:

693 1794 1001 1865 serpentino
1044 1807 1140 1849 ore
1178 1808 1195 1845 :
1234 1790 1481 1847 Christus
1522 1801 1855 1863 nuncupatus
1909 1793 2058 1867 [ιιι.
2099 1815 2229 1853 nun-

691 1879 993 1953 cupatim]
1018 1889 1104 1937 est
1143 1880 1316 1947 Deus;
1361 1881 1457 1936 sed
1481 1881 1715 1950 pressius
1763 1882 2072 1954 ﬁrmiusque
2099 1886 2225 1941 lide-

692 1970 824 2025 lium
862 1969 1097 2025 omium
1125 1968 1445 2025 unauimitas
1489 1968 1720 2024 clamat:
1769 1970 2016 2027 Christus
2055 1975 2227 2031 bonus

694 2067 777 2115 est
796 2060 955 2125 Deus,
980 2074 1140 2116 verus
1166 2068 1250 2114 est
1276 2059 1443 2125 Deus;
1476 2067 1610 2115 teste
1633 2062 1845 2131 egregio
1861 2064 2225 2131 praedicatore,

692 2149 783 2218 qui
813 2149 888 2203 ait
915 2166 930 2202 :
964 2146 1197 2214 Quorum
1224 2157 1425 2219 patres,
1453 2164 1519 2202 es
1540 2150 1722 2219 quibus
1761 2148 2016 2219 Christus,
2040 2155 2127 2223 qui
2152 2163 2226 2208 est

691 2253 849 2305 super
870 2237 1045 2291 mnia
1065 2236 1202 2291 Deus
1226 2236 1517 2291 benedictus
1540 2236 1715 2308 (Rom.
1748 2253 1824 2303 ιι,
1852 2238 1929 2310 5).

740 2325 920 2381 Vsus.
954 2323 1038 2378 l5.
1079 2350 1153 2363 —-
1175 2322 1428 2379 Ascendit
1450 2339 1588 2399 ergo.
1604 2324 1859 2402 Dominus
1885 2327 1951 2382 ad
1976 2328 2117 2383 diem
2148 2329 2228 2384 le-

692 2420 836 2467 stum
861 2410 1128 2466 mediante
1148 2411 1234 2467 die
1258 2409 1417 2476 festo,
1444 2422 1500 2467 et
1528 2412 1774 2469 docebat.
1810 2414 1875 2469 Et
1902 2417 2228 2472 mirabantur

693 2498 869 2553 Judaei
895 2498 1116 2553 dicentes
1140 2514 1160 2552 :
1187 2498 1454 2563 Quomodo
1496 2499 1579 2553 hic
1600 2500 1797 2555 litteras
1833 2505 1949 2569 scit,
1976 2519 2094 2557 cum
2122 2522 2225 2559 non

694 2586 971 2641 didicerit?
997 2603 1018 2638 ι
1048 2598 1075 2628 ι
1101 2586 1194 2641 Ille
1235 2588 1358 2655 quia
1387 2586 1515 2656 (AL,
1562 2588 1678 2662 qui]
1706 2590 1925 2659 latebat,
1968 2592 2220 2662 docebat;

689 2684 746 2731 et
770 2675 946 2747 palam
990 2675 1332 2745 loquebatur,
1358 2684 1414 2730 et
1450 2690 1556 2731 non
1582 2678 1879 2733 tenebatur.
1923 2679 2053 2733 Illud
2081 2679 2222 2735 enim

693 2776 754 2823 ut
777 2769 985 2833 lateret,
1021 2766 1180 2839 [erat]
1221 2767 1471 2836 exempli,
1500 2767 1601 2824 hoc
1631 2770 1921 2838 potestatis.
1959 2768 2063 2823 Sed
2102 2784 2223 2824 eum

642 2836 653 2841 ί
694 2857 930 2921 (laceret,
965 2836 1296 2910 mirabantur
1335 2853 1500 2910 Judaei
1540 2874 1553 2889 ο
1582 2836 1769 2911 omnes
1793 2858 2026 2927 quidem,
2058 2874 2225 2928 quan-

694 2954 806 3000 tum
832 2946 1079 3011 arbitror,
1112 2946 1459 3009 mirabantur,
1494 2944 1587 3000 sed
1614 2961 1717 3000 non
1737 2960 1923 3002 omnes
1947 2958 2223 3003 converte-

690 3032 904 3086 hsntur.
943 3030 1093 3087 Unde
1116 3030 1445 3086 admiratio?
1469 3030 1602 3097 Quia
1642 3031 1795 3087 multi
1840 3042 2097 3089 noverant
2130 3036 2220 3090 ubi

692 3115 848 3177 natus
873 3129 927 3177 et
950 3121 1389 3191 quemadmodum
1431 3120 1604 3177 fuerat
1628 3123 1912 3191 educatus;
1954 3142 2222 3197 nunquam

689 3224 813 3265 eum
844 3208 1084 3264 viderant
1108 3208 1311 3263 litteras
1352 3210 1672 3276 discentem,
1723 3213 2007 3268 audiebant
2047 3222 2223 3271 tamen

692 3299 757 3352 de
798 3300 912 3367 lego
934 3299 1303 3366 disputantem,
1335 3299 1466 3370 legis
1502 3301 1803 3357 testimonia
1829 3301 2181 3371 proferentem
2204 3344 2220 3371 ,

692 3403 810 3455 quae
836 3394 991 3441 nano
1012 3396 1187 3455 potest
1203 3389 1581 3456 proterremisi
1599 3392 1829 3461 legisset,
1849 3409 2003 3450 nemo
2024 3395 2221 3466 legere,

693 3475 796 3529 nisi
825 3474 1026 3529 litteras
1066 3473 1365 3541 didicisset;
1392 3483 1447 3528 et
1487 3475 1606 3530 ideo
1645 3478 1988 3533 mirabantur.
2026 3481 2221 3535 Eorum

694 3573 867 3619 autem
896 3564 1187 3626 admiratio,
1219 3565 1471 3635 magistro
1509 3562 1647 3621 facta
1670 3574 1751 3623 est
1777 3568 2101 3624 insinuanda:
2144 3571 2222 3624 al—'

694 3654 801 3709 tius
834 3654 1074 3709 veritatis
1117 3654 1345 3709 occasio.
1399 3652 1477 3707 Ex
1523 3668 1708 3707 eorum
1747 3656 1940 3725 quippe
1992 3658 2221 3711 admira-

694 3741 837 3796 tione
861 3750 914 3795 et
935 3740 1134 3801 verbis,
1164 3740 1299 3792 dixit
1321 3740 1575 3794 Dominus
1590 3740 1798 3809 aliquid
1820 3742 2135 3811 profundum
2169 3753 2223 3799 et

692 3824 992 3899 diligentius
1017 3828 1420 3898 inspiciendum.
1456 3846 1476 3879 ι
1503 3828 1639 3895 Quid
1666 3845 1793 3902 ergo
1823 3835 2093 3901 respondit
2121 3835 2222 3889 Do-

696 3920 871 3974 minus
918 3918 998 3972 eis
1041 3915 1439 3980 admirantibus,
1486 3920 1748 3985 quomodo
1792 3921 1954 3977 sciret
1995 3923 2218 3990 litteras,

697 4014 830 4075 Quas
878 4019 981 4059 non
1017 3998 1304 4077 didicerat?
1334 4004 1515 4072 (Vens.
1567 4005 1680 4075 16.)
1727 4006 1863 4072 Hea,
1894 4010 2085 4076 inquit,
2132 4013 2224 4064 de-
2278 4054 2279 4057 η

694 4094 857 4144 ctrina
882 4107 980 4145 non
1004 4100 1077 4146 est
1103 4106 1234 4156 mea,
1263 4091 1351 4145 sed
1376 4090 1485 4161 ejus
1512 4094 1599 4162 qui
1626 4110 1705 4147 me
1745 4096 1901 4148 misit.
1932 4097 2053 4151 llzee
2079 4099 2220 4152 enim

691 4178 1017 4247 profunditas
1044 4178 1245 4251 [liuet
1290 4181 1444 4254 Anq,
1483 4182 1605 4237 llzee
1628 4194 1710 4238 est
1738 4185 1908 4253 prima
1947 4187 2222 4255 profundi—

699 4265 832 4337 tas];
872 4265 1080 4319 videtur
1095 4260 1435 4351 enilnpauels
1455 4270 1813 4338 verbis'quasi
1841 4276 2108 4329 contraria
2132 4275 2215 4357 lo-
2244 4308 2296 4369 υ

688 4363 863 4409 cutus.
901 4353 1015 4408 Non
1060 4348 1199 4409 enim
1248 4355 1324 4407 ait
1362 4357 1505 4409 :ista
1534 4358 1769 4412 doctrina
1814 4362 1917 4413 non
1956 4370 2036 4415 est
2067 4356 2217 4431 mea;

688 4445 785 4497 ‘scd
806 4459 823 4498 :
847 4461 958 4499 mea
984 4445 1217 4500 doctrina
1243 4462 1341 4500 non
1365 4458 1438 4500 est
1466 4463 1596 4500 mea.
1621 4447 1893 4513 Quomodo
1917 4466 2029 4507 mea
2048 4461 2100 4507 et
2114 4470 2220 4526 non

695 4533 849 4588 mea?
870 4533 1100 4599 Qumstlo
1120 4544 1202 4589 est
1224 4537 1487 4605 quomodo
1515 4536 1627 4590 fieri
1657 4540 1823 4606 possit
1846 4547 2146 4611 utrumque,
2168 4552 2224 4599 et

700 4634 837 4683 mea,
862 4622 917 4671 et
950 4634 1053 4673 non
1080 4634 1214 4672 mea.
1246 4620 1305 4676 Si
1332 4622 1473 4675 enim
1502 4624 1775 4692 diligenter
1799 4627 2064 4683 intuemur
2096 4631 2222 4698 quid

695 4711 809 4779 ipse
833 4708 886 4763 in
914 4710 1131 4763 exordio
1156 4709 1284 4763 dicit
1311 4720 1527 4766 sanctus
1553 4716 1869 4785 evangelista
1898 4734 1910 4771 :
1942 4718 2007 4773 In
2034 4723 2223 4788 priua-

698 4802 782 4867 pio
823 4809 932 4853 erat
973 4796 1205 4874 Verbum,
1251 4809 1298 4851 et
1345 4797 1558 4852 Verbum
1603 4806 1713 4855 erat
1755 4808 1891 4874 apud
1940 4809 2121 4873 Deum,
2172 4821 2219 4865 et

700 4884 834 4935 Dens
858 4888 968 4935 emt
1004 4871 1223 4937 Verbum
1262 4902 1280 4938 :
1322 4886 1441 4939 inde
1462 4887 1649 4954 pendet
1676 4871 1830 4958 huius
1852 4893 2039 4950 solutio
2077 4871 2220 4966 quas-

698 4970 903 5023 alienis;
932 4970 1057 5035 Qua:
1086 4972 1211 5044 [est]
1237 4988 1362 5041 ergo
1385 4974 1619 5031 doctrina
1644 4976 1838 5041 Patris,
1865 4980 1965 5033 nisi
1988 4980 2218 5038 Verbum

698 5058 887 5111 Patris.
905 5056 923 5109 l
929 5072 1021 5124 pse
1034 5055 1158 5129 [calt]
1174 5075 1298 5128 ergo
1310 5062 1555 5116 Christus
1566 5064 1802 5117 doctrina
1824 5065 2015 5132 Patris,
2035 5072 2076 5122 si
2096 5073 2219 5126 Ver-

684 5143 821 5195 ‘bum
836 5142 1025 5195 Patris.
1055 5141 1163 5197 Sed
1176 5146 1300 5212 quia
1318 5150 1537 5201 verbum
1552 5162 1653 5203 non
1667 5159 1837 5216 potest
1866 5165 1985 5206 esse
2003 5156 2216 5221 nullius,

701 5234 791 5285 sed
836 5230 1053 5299 alicujus
1096 5250 1111 5284 :
1160 5244 1213 5287 et
1242 5230 1403 5287 suam
1433 5230 1733 5292 doctrinam
1758 5242 1905 5303 dixit,
1956 5246 2220 5314 seipsum;

700 5326 757 5369 et
779 5334 878 5373 non
904 5321 1073 5383 Suam,
1102 5324 1224 5388 quia
1257 5322 1483 5375 Verbum
1506 5324 1677 5380 Patris
1706 5326 1806 5381 est.
1845 5348 1864 5379 ι
1894 5328 2003 5385 Hoc
2028 5335 2226 5395 dixisse

775 5480 797 5505 ι
830 5467 990 5523 Εκτὸ.
1017 5472 1169 5541 aug,
1202 5482 1353 5527 tract.
1388 5489 1529 5530 xxix.
1564 5490 1703 5526 num.
1744 5477 1799 5541 2‘,
1829 5479 1864 5531 5
1910 5480 1960 5543 5,
1991 5482 2046 5548 6,
2072 5486 2122 5539 8.
2154 5506 2159 5511 ί

2325 1812 2479 1869 Sicut
2500 1813 2660 1870 Pater
2685 1815 2845 1883 Deus,
2874 1804 3012 1873 sicut
3047 1806 3212 1877 Filius
3253 1820 3412 1888 Deus,
3440 1824 3518 1879 sic
3544 1804 3704 1879 etiam
3740 1826 3862 1895 Spi—

2324 1906 2460 1961 ritus
2502 1916 2716 1963 sanctus
2766 1910 2924 1964 Deus.
2968 1910 3082 1965 Non
3110 1917 3221 1967 tres
3262 1913 3367 1977 dii,
3418 1914 3510 1967 sed
3539 1932 3674 1969 unus
3698 1916 3856 1972 Deus.

2324 1992 2498 2047 Unum
2527 1994 2722 2058 lumen,
2751 2010 2856 2051 una
2883 2000 3203 2065 substantia,
3232 2015 3334 2054 una
3373 2011 3581 2068 natura,
3604 2021 3707 2059 una
3745 2022 3859 2059 ma-

2318 2077 2508 2147 iestas,
2548 2098 2651 2136 una
2686 2086 2975 2149 aeternitas,
3027 2102 3130 2142 una
3160 2090 3497 2158 magnitudo,
3538 2105 3641 2147 uua
3678 2104 3860 2162 poten-

2323 2178 2420 2245 tia,
2457 2196 2562 2235 una
2585 2181 2814 2236 bonitas.
2850 2201 2867 2234 ι
2906 2185 3048 2239 Vidit
3075 2186 3255 2257 itaque
3281 2188 3391 2257 ipse
3412 2190 3668 2247 Dominus
3705 2192 3858 2247 Chri~

2322 2278 2456 2336 stus,
2484 2270 2578 2326 Dei
2624 2274 2899 2345 sapientia,
2941 2275 3041 2331 hoc
3087 2285 3195 2331 tam
3237 2276 3555 2347 profundum
3605 2296 3856 2336 arcanum

2320 2370 2427 2411 non
2452 2368 2637 2413 omnes
2656 2358 3055 2416 intellecturos:
3080 2364 3133 2417 in
3156 2354 3498 2433 censequenti
3523 2368 3667 2421 dedit
3691 2371 3857 2422 consi-

2322 2442 2469 2497 lium.
2500 2444 2795 2516 Intelligere
2828 2450 2941 2504 vis?
2968 2449 3145 2505 crede.
3169 2452 3308 2507 Deus
3331 2454 3471 2507 enim
3498 2469 3593 2527 per
3631 2458 3855 2526 prophe-

2324 2542 2431 2588 tam
2456 2536 2592 2590 dixit
2631 2552 2646 2590 :
2696 2537 2815 2593 Nisi
2852 2541 3187 2608 credideritis,
3245 2561 3349 2599 non
3373 2546 3661 2617 intelligetis
3702 2550 3852 2621 (lsai.

2321 2638 2417 2689 vn,
2447 2625 2503 2690 9,
2542 2642 2645 2680 sec.
2687 2626 2876 2697 LXX).
2906 2631 2986 2685 Ad
3013 2632 3114 2688 hoe
3150 2636 3378 2704 pertinet
3399 2638 3539 2707 quod
3570 2639 3657 2695 hic
3693 2642 3854 2695 etiam

2322 2710 2574 2769 Dominus
2588 2726 2795 2771 secutus
2822 2718 3062 2789 adiunxit
3084 2740 3097 2775 :

2388 2798 2551 2854 Vens.
2575 2802 2660 2855 l7.
2676 2833 2745 2842 —
2761 2804 2817 2858 Si
2839 2808 2951 2877 quis
2972 2808 3184 2863 voluerit
3208 2811 3513 2867 voluntate»:
3534 2817 3646 2886 ejus
3666 2819 3852 2889 facere,

2323 2899 2583 2957 cognoscet
2607 2890 2672 2944 de
2697 2892 2927 2948 doctrina
2954 2913 3088 2961 mea,
3121 2906 3290 2952 utrum
3324 2918 3387 2955 ex
3412 2902 3517 2958 Deo
3553 2908 3637 2969 sit,
3669 2925 3740 2961 an
3765 2928 3859 2979 ego

2247 3002 2297 3068 ο
2323 2994 2468 3068 ante
2498 2980 2609 3068 ipso
2640 2980 2837 3051 loquar.
2868 2983 3002 3050 Quid
3029 2994 3109 3041 est
3144 2988 3279 3054 hoc,
3317 2987 3373 3044 Si
3407 2994 3521 3061 quis
3546 2994 3856 3051 voluntatem

2324 3066 2438 3135 ejus
2464 3067 2676 3125 voluerit
2702 3070 2867 3136 facere
2884 3073 2909 3123 Ρ
2934 3074 3037 3127 Sed
3060 3090 3157 3147 ego
3182 3078 3414 3132 dixeram
3431 3119 3446 3143 ,
3481 3083 3527 3133 si
3549 3087 3663 3152 quis
3687 3085 3858 3141 credi-

2324 3156 2485 3221 derit;
2514 3166 2567 3210 et
2597 3159 2697 3235 hoc
2718 3161 2993 3216 consilium
3016 3164 3290 3232 dederam,
3323 3170 3367 3222 si
3396 3184 3499 3224 non
3529 3172 3859 3239 intellexisti,

2325 3242 2557 3313 inquam,
2602 3251 2776 3304 crede.
2825 3250 3123 3309 intellectus
3161 3257 3303 3311 enim
3347 3274 3552 3315 merces
3591 3271 3674 3317 est
3713 3265 3857 3319 ﬁdei.

2323 3330 2461 3403 Ergo
2492 3334 2597 3389 noli
2618 3352 2853 3406 quzerere
2878 3329 3165 3412 intelligere
3191 3350 3248 3397 ut
3270 3338 3473 3413 eredas,
3496 3351 3587 3405 sed
3612 3354 3770 3408 crede
3801 3365 3859 3408 ut

2323 3422 2889 3509 intelligas;‘qgoniam
2915 3429 3014 3484 nisi
3040 3432 3384 3503 credideritis,
3410 3453 3515 3492 non
3542 3434 3854 3512 intelligitis.

2322 3510 2451 3565 Cum
2490 3510 2621 3586 ergo
2632 3508 2635 3509 ⁷
2659 3518 2724 3571 ad
2756 3508 3161 3586 possibilitatem
3210 3524 3531 3596 intelligendi
3576 3508 3860 3585 consilium

2321 3602 2551 3657 dederim
2581 3606 2929 3669 obedientiam
2953 3610 3219 3678 credendi,
3242 3608 3309 3669 et"
3323 3616 3546 3671 dixerim
3574 3619 3856 3676 Dominum

2319 3688 2498 3745 Iesum
2535 3692 2801 3750 Christum
2840 3698 2941 3753 hoc
2973 3700 3145 3768 ipsum
3176 3704 3508 3772 edniunxisse
3542 3706 3723 3781 [Aug.,
3759 3712 3859 3765 ad-

2314 3778 2595 3854 iunxisse],
2632 3785 2685 3861 in
2725 3790 3061 3858 consequenti
3102 3788 3358 3846 sententia
3398 3778 3691 3851 invenimus
3722 3813 3857 3869 eum

2322 3868 2517 3951 dixisse
2544 3889 2556 3924 :
2587 3870 2644 3926 Si
2669 3874 2781 3944 quis
2804 3876 3017 3945 voluerit
3050 3876 3358 3932 voluntatem
3392 3881 3504 3949 ejus
3535 3881 3725 3951 facere,
3757 3886 3860 3939 hoc

2321 3942 2439 4023 est,,
2457 3942 2689 4027 credere,
2720 3944 2979 4033 cognoscet
3006 3966 3069 4022 de
3094 3967 3348 4023 doctrina.
3383 3942 3518 4037 Quid
3535 3942 3630 4028 est
3658 3989 3858 4045 cogno-

2322 4046 2469 4099 scet?
2494 4045 2604 4117 [loc
2630 4058 2709 4102 est
2732 4050 3012 4121 intelliget;
3039 4056 3130 4123 sed
3157 4057 3277 4124 quia
3305 4068 3601 4127 cognoscet,
3630 4062 3733 4116 hoc
3750 4073 3856 4129 est,

2322 4132 2608 4204 intelliget,
2644 4150 2826 4191 omnes
2856 4138 3169 4211 intelligunt.
3202 4142 3331 4208 Quia
3358 4159 3483 4199 vero
3505 4146 3581 4199 ait
3609 4165 3621 4199 :
3644 4146 3713 4201 'Si
3738 4150 3857 4218 quis

2322 4218 2532 4274 voluerit
2559 4223 2866 4279 voluntatem
2898 4227 3007 4296 ejus
3045 4229 3231 4297 facere,
3260 4230 3361 4287 hoc
3396 4235 3622 4303 pertinet
3648 4237 3714 4291 ad
3738 4252 3857 4291 ere-

2320 4308 2474 4373 dere;
2504 4320 2562 4362 ut
2584 4312 2881 4379 diligentius
2898 4316 3252 4393 intelligatur,
3276 4335 3411 4388 opus
3434 4332 3515 4377 est
3543 4322 3696 4397 [Hs.,
3721 4341 3857 4395 opus

2319 4397 2456 4469 esse]
2478 4400 2629 4453 nobis
2650 4401 2761 4469 ipso
2788 4403 3007 4457 Domino
3030 4415 3211 4462 nostro
3238 4412 3555 4477 expositore,
3577 4422 3636 4466 ut
3658 4415 3857 4469 indicet

2320 4486 2468 4561 nobis
2499 4496 2675 4541 utrum
2708 4505 2889 4543 revera
2922 4491 2987 4543 ad
3019 4494 3232 4549 credere
3259 4498 3518 4565 pertineat
3555 4498 3731 4557 facere
3760 4518 3855 4557 vo-

2319 4560 2572 4625 luntatem
2608 4573 2777 4627 Patris
2811 4574 2941 4643 ejus.
2985 4576 3113 4643 Quis
3148 4560 3348 4636 neseiat
3382 4586 3485 4640 boc
3522 4601 3640 4641 esse
3678 4588 3857 4644 facere

2318 4656 2637 4712 voluntatem
2666 4659 2790 4726 Dei,
2820 4668 3030 4741 operari
3054 4682 3187 4734 opus
3218 4662 3351 4735 ejus,
3385 4674 3437 4725 id
3471 4683 3579 4737 est,
3612 4679 3751 4751 quod
3777 4679 3855 4733 illi

2320 4746 2523 4813 placet?
2562 4746 2675 4816 Ipse
2711 4758 2884 4802 autem
2923 4750 3172 4809 Dominus
3198 4767 3377 4825 aperte
3404 4759 3505 4813 alio
3538 4748 3655 4815 loco
3680 4763 3805 4816 dicit
3838 4784 3853 4816 :

2324 4832 2436 4889 Hoc
2460 4846 2532 4890 est
2570 4854 2694 4906 opus
2726 4839 2839 4904 Dei,
2880 4851 2933 4894 ut
2965 4844 3181 4898 credatis
3214 4849 3266 4899 in
3298 4864 3412 4900 eum
3436 4866 3581 4917 quem
3603 4850 3689 4903 ille
3715 4852 3857 4905 misit

2323 4918 2497 4989 (Joan.
2524 4939 2599 4988 v1,
2627 4923 2734 4995 9.9).
2778 4927 2845 4981 Ut
2872 4931 3098 4986 credatis
3136 4934 3189 4984 in
3219 4949 3337 4987 eum
3358 4974 3373 4998 ,
3403 4950 3505 4988 non
3533 4944 3591 4988 ut
3627 4936 3858 4991 credatis

2322 5002 2530 5089 ei.Non
2559 5024 2733 5069 autem
2756 5020 3026 5084 continuo,
3052 5022 3139 5088 qui
3163 5024 3327 5076 credit
3348 5024 3416 5088 ci,
3440 5026 3605 5079 credit
3628 5028 3682 5080 in
3707 5042 3852 5081 eum.

2323 5101 2454 5155 Nam
2490 5112 2543 5157 et
2578 5107 2840 5165 daemones
2871 5111 3151 5165 credebant
3176 5114 3252 5176 ei,
3281 5120 3333 5167 et
3361 5130 3462 5169 non
3492 5117 3775 5171 credebant
3797 5117 3857 5173 in

2326 5205 2463 5246 eum.
2499 5191 2702 5249 Rursus
2730 5196 2887 5263 etiam
2916 5198 2978 5251 de
3011 5202 3259 5269 apostolis
3285 5202 3445 5271 ipsius
3470 5217 3749 5271 possumus
3774 5204 3855 5260 di-

2327 5292 2485 5331 cere:
2527 5278 2802 5336 Credimus
2842 5282 3021 5347 I‘aulo,
3057 5288 3147 5341 sed
3174 5303 3290 5353 non
3326 5289 3588 5344 credimus
3625 5290 3679 5347 in
3718 5290 3845 5344 Pau-

2328 5365 2467 5432 lum;
2502 5369 2763 5425 credimus
2786 5370 2961 5439 Petro,
2989 5376 3079 5429 sed
3110 5390 3213 5430 non
3236 5378 3498 5431 credimus
3532 5378 3581 5430 in
3616 5378 3851 5453 Petrum.
