4266 6212
261 444 276 457 ἢ
370 366 471 420 lilii

362 568 494 622 ﬁdes
528 566 642 634 ejus
674 566 739 619 ad
768 565 1028 633 justitiam
1064 565 1237 637 (Rom.
1274 583 1346 630 1v,
1378 568 1452 638 5).
1495 568 1632 633 Quid
1663 578 1746 622 est
1778 584 1905 638 ergo

361 656 579 714 exedere
599 656 649 707 in
664 654 827 708 eum?
848 654 1123 709 Credendo
1143 670 1342 719 amare,
1365 656 1628 710 credendo
1664 656 1904 725 diligere,

360 739 626 797 credendo
636 740 701 795 ad
712 755 836 795 eum
846 740 925 795 ire
935 738 1089 810 [Aug.
1100 781 1115 806 ,
1128 742 1182 795 in
1195 755 1315 795 cum
1329 741 1448 813 ire],
1462 750 1513 796 et
1524 743 1640 810 ejus
1654 731 1906 797 membris

361 819 707 898 incorporati.
734 828 850 898 ipsa
878 837 960 884 est
987 844 1113 899 ergo
1142 830 1269 884 lides
1295 846 1452 898 quam
1478 831 1543 884 de
1567 830 1721 885 nobis
1743 830 1908 899 exigit

361 917 535 984 Deus,
588 933 707 987 quae
733 931 827 986 per
880 917 1211 973 dilectionem
1261 926 1531 987 operatur.
1562 917 1620 972 Si
1660 918 1907 985 intelligis

362 1007 522 1061 verba
557 1005 672 1068 Dei,
711 1004 942 1074 intelligo
992 1006 1116 1074 quia
1147 1005 1389 1060 Christus
1426 1004 1549 1077 [est]
1583 1005 1746 1061 Filius
1780 1006 1903 1070 Dei,

360 1095 452 1164 qui
487 1102 569 1149 est
602 1093 839 1149 doctrina
871 1094 1080 1156 Patris,
1119 1108 1222 1147 non
1259 1108 1324 1147 ex
1358 1094 1564 1163 seipso,
1600 1093 1694 1147 sed
1740 1093 1908 1157 Filius

362 1185 561 1250 Patris;
597 1204 618 1238 ι
651 1200 756 1241 non
781 1200 845 1239 ex
880 1184 1064 1248 nihilo,
1100 1199 1204 1239 non
1230 1200 1293 1239 ex
1322 1184 1443 1239 aliis
1474 1184 1905 1247 subsistentibus,

358 1275 451 1328 scd
472 1289 537 1328 ex
559 1273 716 1328 Patre
747 1282 950 1329 tantum
972 1274 1025 1327 in
1067 1274 1224 1327 Patre
1260 1286 1479 1327 manens
1496 1272 1714 1340 aequalis
1740 1271 1903 1325 Patri.

427 1361 587 1415 Vsus.
613 1362 698 1416 18.
720 1390 789 1400 -
818 1361 973 1425 Quia
995 1361 1259 1427 semetipso
1284 1358 1529 1428 loquitur,
1552 1357 1768 1427 gloriam
1789 1375 1908 1427 pro-

357 1451 523 1519 priam
548 1451 754 1519 quierit.
788 1467 808 1501 s
842 1448 953 1504 Hoc
986 1450 1092 1503 erit
1126 1448 1275 1519 [Hs.,
1309 1446 1543 1517 quierit],
1572 1447 1661 1515 qui
1691 1455 1909 1500 vocatur

358 1537 731 1601 Antichristus,
760 1536 1005 1591 extollens
1026 1552 1097 1599 se,
1122 1536 1257 1591 sicut
1277 1534 1562 1603 Apostolus
1583 1534 1728 1598 dicit,
1755 1550 1909 1603 super

358 1639 504 1675 onme
527 1624 662 1692 quod
702 1623 895 1676 dicitur
921 1622 1058 1679 Deus
1081 1631 1133 1675 et
1154 1623 1290 1691 quod
1316 1622 1500 1675 colitur
1530 1621 1610 1691 (II
1641 1620 1814 1699 Thess.
1840 1636 1905 1683 li,

357 1710 432 1780 4).
450 1710 636 1778 ipsum
660 1712 852 1779 quippe
879 1712 1200 1768 annuntians
1217 1711 1489 1772 Dominus,
1512 1709 1731 1777 gloriam
1756 1724 1905 1762 suam

998 432 1005 439 δ
1154 369 1550 425 EXEGETICA.
1581 401 1647 409 —
1678 370 2021 427 COMMENT.
2057 369 2120 423 1N
2158 369 2342 424 JOAN.
2385 401 2449 408 ——
2487 371 2609 424 LIB.
2651 370 2734 425 IV.

359 476 608 534 tiu-edenti
648 477 698 530 in
744 490 865 529 eum
908 476 997 543 qui
1039 476 1292 545 justiticat
1336 479 1574 546 impium,
1621 480 1903 548 deputatur
1930 483 1976 541 Α
2005 479 2090 530 tis.
2131 477 2195 530 Et
2232 477 2303 530 illi
2344 479 2728 546 responderunt
2766 498 2776 531 :
2820 478 3089 550 Respondit
3126 486 3259 535 enim
3293 488 3460 551 turbo,
3499 503 3544 540 et

3444 379 3541 430 Sili

2004 566 2154 617 dixit.
2185 566 2469 635 Respondit
2498 568 2645 636 quasi
2684 570 2853 632 turba,
2882 584 2984 623 non
3018 572 3329 640 pertinentia
3362 577 3427 632 ad
3459 592 3547 629 or-

2005 652 2203 715 dinem,
2243 654 2334 707 sed
2370 655 2436 707 ad
2472 657 2938 723 perturbationem.
2978 658 3398 727 Deniqueturba
3426 674 3545 722 tur-

2005 737 2147 801 bata,
2170 738 2342 792 videte
2361 740 2488 809 quid
2515 742 2843 810 responderit
2857 744 2882 797 ἲ
2898 744 3217 812 Da’monitwt
3240 739 3414 817 habes,
3434 757 3547 824 quis

2003 833 2053 876 te
2074 827 2258 894 quierit
2283 828 2549 881 occidere?
2582 831 2729 897 quasi
2766 846 2871 886 non
2907 831 3006 887 fuit
3031 835 3159 907 [ΑΙ.,
3191 837 3368 912 fuerit]
3398 845 3545 914 pejus

2004 914 2199 979 dicere,
2243 917 2561 972 daemonium
2599 919 2780 985 habes,
2823 936 2981 991 quam
3024 941 3143 979 eum
3181 929 3441 986 occidere.
3484 933 3544 987 Ei

2004 1002 2195 1070 quippe
2230 1003 2428 1057 dictum
2460 1013 2567 1069 est,
2608 1007 2920 1064 «immanium
2955 1011 3126 1077 habes,
3153 996 3250 1083 qui
3283 1015 3547 1074 dmmoncs

2003 1091 2320 1179 expellebat.
2360 1093 2499 1179 Quid
2545 1105 2723 1163 posset
2768 1096 2909 1153 aliud
2948 1098 3125 1156 dicere
3169 1104 3321 1159 turba
3364 1108 3547 1162 turbu-

2004 1177 2178 1232 lenta?
2216 1176 2565 1249 Quid‘posset
2596 1182 2734 1236 aliud
2770 1184 2915 1240 olere
2952 1202 3164 1259 caenum
3205 1204 3543 1261 commotum,

2005 1266 2105 1321 nisi
2152 1270 2425 1337 putidum?
2474 1270 2738 1325 Turbatur
2783 1275 2955 1339 turba,
3000 1278 3175 1333 unde?
3216 1279 3258 1332 Α
3308 1285 3542 1341 veritate.

2005 1356 2237 1410 Turbam
2260 1357 2585 1425 lippitudinis
2612 1362 2842 1417 turbavit
2865 1364 3078 1421 claritas
3103 1366 3253 1423 lucis.
3283 1370 3428 1426 Oculi
3454 1390 3546 1427 au-

2005 1451 2109 1497 tem
2140 1460 2243 1498 non
2269 1446 2526 1502 habentes
2549 1449 2958 1506 sanitatem-non
2986 1467 3203 1523 possunt
3229 1458 3369 1516 l’erre
3394 1462 3547 1518 lumi-

2004 1537 2087 1590 nis
2106 1536 2418 1593 claritatem.
2448 1557 2465 1590 ι
2493 1539 2748 1597 Dominus
2769 1553 2942 1600 autem
2965 1560 3073 1617 non
3096 1548 3251 1618 plane
3278 1556 3546 1623 turbatur;

2004 1625 2095 1678 sed
2133 1626 2184 1679 in
2215 1641 2308 1681 sua
2334 1628 2556 1697 veritate
2587 1631 2917 1701 tranquillus,
2954 1651 3058 1693 non
3097 1639 3321 1694 reddidit
3354 1644 3545 1700 malum

2004 1714 2281 1807 promalo,
2317 1731 2417 1771 nec
2446 1719 2783 1775 maledictum
2806 1727 3235 1807 prohmaledicto.
3278 1730 3477 1799 Quibus
3502 1740 3547 1791 si

356 1801 718 1868 quaisiturum,
747 1815 849 1853 non
875 1800 1095 1869 gloriam
1115 1799 1311 1864 Patris,
1331 1800 1409 1853 ait
1428 1798 1495 1851 ad
1522 1797 1732 1851 indmos
1755 1811 1769 1849 :
1794 1796 1905 1888 ligo
1937 1784 1982 1843 Β
2006 1800 2223 1877 diceret,
2251 1802 2565 1859 dmonium
2603 1784 3165 1877 habetis—vostverum

356 1890 469 1941 veni
494 1890 547 1941 iis
567 1889 767 1941 nomine
793 1887 967 1941 Patris
988 1889 1109 1949 mei,
1128 1896 1176 1939 et
1199 1903 1302 1940 non
1325 1887 1615 1955 suscepistis
1640 1902 1737 1939 me.
1760 1883 1906 1937 Alius

358 1976 519 2027 veniet
540 1976 593 2028 in
614 1976 815 2028 nomine
838 1990 933 2028 suo
979 1983 1027 2027 et
1052 1975 1186 2027 hunc
1210 1974 1493 2041 suscipiatis
1516 1971 1695 2043 (Joan.
1716 1987 1767 2035 v,
1794 1971 1902 2040 43).

359 2059 683 2129 Signiﬁcavit
724 2075 817 2115 eos
853 2060 1237 2114 Antichristnm
1274 2069 1632 2128 suscepturos,
1670 2060 1760 2127 qui
1795 2060 1906 2131 glo-

358 2150 490 2203 riam
524 2150 751 2205 nominis
786 2152 866 2204 sui
892 2151 1211 2217 quaesiturus
1238 2159 1353 2214 est,
1391 2148 1621 2213 inﬂatus,
1652 2164 1755 2203 non
1785 2148 1907 2205 salir-

358 2239 487 2302 dus;
516 2246 571 2292 et
594 2239 709 2292 ideo
738 2252 842 2292 non
868 2238 1092 2312 stabilis,
1115 2238 1206 2293 sed
1236 2238 1417 2307 utique
1445 2238 1709 2292 ruinosos.
1730 2238 1907 2293 Domi-

357 2341 458 2379 nus
481 2335 659 2380 autem
684 2334 865 2379 noster
889 2323 1044 2379 Jesus
1067 2324 1311 2379 Christus
1338 2340 1584 2395 magnum
1609 2325 1904 2394 exemplum

358 2414 510 2483 nobis
554 2414 782 2483 przebuit
827 2412 1140 2467 humilitatis
1185 2430 1198 2464 :
1243 2426 1429 2481 nempe
1472 2411 1687 2479 aequalis
1726 2411 1904 2476 Patri;

356 2502 661 2570 nempe,\irt
701 2500 951 2571 principio
992 2509 1102 2553 erat
1153 2499 1391 2565 Verbum,
1437 2509 1486 2554 et
1534 2498 1754 2553 Verbum
1797 2510 1907 2554 erat

357 2589 495 2656 apud
518 2590 703 2655 Deum,
733 2598 781 2644 et
809 2589 946 2642 Deus
970 2599 1079 2642 erat
1116 2588 1333 2642 Verbum
1349 2605 1369 2653 ;
1398 2602 1585 2656 nempe
1613 2588 1723 2656 ipse
1752 2588 1903 2653 dixit,

356 2686 411 2729 et
435 2678 707 2732 verissime
732 2678 863 2731 dixit
890 2694 903 2729 :
939 2677 1101 2730 Tanto
1133 2686 1354 2746 tempore
1389 2676 1644 2730 vobiscum
1677 2693 1821 2740 sum,
1857 2688 1903 2730 et

355 2779 459 2816 non
486 2763 785 2832 cognovistis
814 2780 910 2817 me.
955 2762 1207 2832 Philippe,
1248 2764 1335 2833 qui
1378 2780 1455 2817 me
1495 2763 1649 2827 videt,
1692 2763 1822 2819 videt
1856 2773 1901 2817 et

326 2860 331 2863 ‘
356 2848 566 2906 Patrem
589 2850 765 2921 (Joan.
793 2867 900 2914 xw,
922 2851 997 2922 8).
1022 2851 1217 2921 Nempe
1243 2854 1354 2921 ipse
1377 2853 1526 2917 dixit,
1550 2862 1603 2907 et
1632 2854 1903 2924 verissime

354 2937 488 2991 dixit
522 2956 535 2991 :
573 2938 681 3008 Ego
714 2948 762 2993 et
791 2940 950 2994 Pater
982 2957 1141 2994 unum
1177 2958 1353 2995 sumus
1385 2942 1563 3012 (Joon.
1597 2960 1627 2995 x
1647 2982 1662 3007 ,
1700 2943 1810 3014 30).
1845 2943 1900 2998 Si

354 3040 482 3095 ergo
512 3040 633 3081 cum
669 3027 825 3082 Patre
861 3042 1042 3093 unum,
1072 3029 1290 3097 aqualis
1326 3029 1469 3083 Patri
1506 3030 1645 3083 Deus
1672 3031 1736 3084 de
1767 3031 1896 3096 Deo,

356 3091 495 3166 Deus
517 3113 654 3187 apud
678 3112 863 3177 Deum,
891 3091 1204 3178 coretermis,
1236 3115 1567 3179 immortalis,
1596 3116 1794 3185 pariter
1818 3091 1898 3171 in;
1921 3091 1969 3153 α

356 3200 759 3263 commutabilis,
795 3201 996 3270 pariter
1027 3201 1165 3273 [sine
1199 3212 1458 3271 tempore,
1496 3204 1715 3277 pariter]
1750 3220 1899 3261 crea-

260 3284 266 3291 ’
356 3298 459 3354 tor,
481 3288 809 3359 dispensator
837 3298 1149 3358 temporum,
1174 3300 1349 3347 tamen
1376 3293 1499 3361 quia
1526 3295 1671 3349 venit
1695 3294 1745 3349 in
1773 3304 1915 3349 ternm

354 3392 506 3445 νοτε..
530 3387 585 3437 ει
609 3377 833 3437 formam
858 3380 997 3435 servi
1018 3382 1242 3450 accepit,
1271 3389 1326 3435 et
1349 3382 1531 3437 habitu
1555 3391 1635 3437 est
1660 3382 1901 3438 inventus

359 3478 417 3522 ut
441 3470 615 3533 homo,
640 3471 838 3539 quaerit
863 3471 1082 3540 gloriam
1110 3473 1299 3536 Patris,
1332 3488 1437 3529 non
1470 3490 1619 3532 suam
1648 3494 1661 3528 :
1692 3477 1819 3546 quid
1845 3486 1899 3530 tu

357 3558 515 3610 homo
557 3554 733 3613 facere
764 3559 955 3624 debes,
986 3561 1083 3631 qui
1114 3562 1323 3631 quando
1355 3562 1553 3631 aliquid
1588 3564 1712 3616 boni
1745 3563 1897 3633 facis,

355 3645 575 3713 gloriam
619 3654 767 3727 tuam
802 3650 1031 3717 quaeris;
1074 3651 1281 3719 quando
1325 3657 1501 3702 autem
1540 3649 1737 3718 aliquid
1774 3651 1897 3705 mali

357 3732 642 3810 facis,,Deo
664 3730 981 3791 calumniam
1017 3738 1316 3793 meditaris?
1351 3737 1565 3793 intende
1604 3739 1720 3803 tibi,
1752 3755 1899 3795 crea-

356 3830 475 3875 tura
503 3835 581 3885 es,
619 3837 846 3893 agnosce
869 3822 1208 3891 Creatorem;
1248 3841 1431 3881 servus
1461 3842 1541 3893 es,
1573 3842 1639 3883 ne
1662 3836 1899 3883 eontem-

356 3922 453 3964 nas
481 3909 792 3975 Dominum;
830 3911 1107 3983 adoptatus
1142 3929 1223 3987 es,
1259 3914 1352 3968 sed
1382 3928 1487 3969 non
1522 3914 1726 3969 meritis
1763 3914 1893 3979 tuis;

355 4012 532 4065 qurere
555 3998 780 4069 gloriam
800 4001 917 4069 ejus
941 4016 973 4055 a
992 4017 1096 4070 quo
1122 4002 1285 4071 habes
1309 4002 1445 4057 hanc
1472 4003 1714 4071 gratiam,
1741 4002 1899 4075 536

355 4099 388 4137 ο
408 4085 889 4155 homoadoptatus,
912 4089 1062 4158 cujus
1084 4088 1302 4158 gloriam
1328 4083 1598 4157 quaesivit,~
1616 4090 1705 4159 qui
1728 4100 1811 4147 est
1830 4094 1897 4146 ab

354 4176 444 4231 illo
466 4178 651 4247 unicus
676 4185 849 4231 natus.
882 4176 985 4242 Qui
1008 4188 1181 4233 autem
1208 4180 1387 4248 quierit
1416 4179 1633 4250 gloriam
1656 4183 1789 4251 ejus,
1808 4183 1895 4252 qui

356 4263 491 4333 misit
520 4262 687 4327 illum,
724 4264 817 4331 tie,
836 4281 987 4325 veras
1013 4274 1102 4327 est,
1131 4274 1181 4320 et
1206 4265 1459 4333 injustitie
1483 4267 1537 4320 in
1561 4267 1653 4320 illo
1679 4284 1779 4324 non
1800 4278 1891 4322 est.

2005 1898 2104 1944 ret.
2145 1889 2583 1957 Undeauderent
2605 1896 2791 1955 dicere
2828 1891 3048 1955 Verita'ti
3087 1900 3235 1974 μὴ..
3274 1910 3411 1966 unde
3447 1913 3550 1971 hoc

2003 1976 2241 2033 dicerent
2282 1979 2347 2033 de
2392 1978 2670 2055 Veritate],
2721 1984 3029 2042 «immanium
3075 1992 3261 2060 habes,
3306 1999 3407 2053 nisi
3456 2016 3549 2058 eos

2002 2064 2197 2120 diaboli
2224 2065 2425 2122 falsitas
2449 2068 2719 2137 irritaret?
2751 2070 2886 2139 Quid
2912 2090 3039 2147 ergo
3057 2066 3381 2150 respondeat
3404 2095 3549 2142 tran-

2003 2150 2214 2241 quillus,
2239 2153 2533 2221 audiamus,
2555 2165 2609 2211 et
2635 2158 2915 2227 tranquille
2938 2162 3175 2223 vivamus
3196 2168 3350 2241 [Δις.
3374 2174 3410 2226 I.
3433 2177 3546 2241 cit.,

2004 2238 2140 2305 Quid
2175 2255 2302 2310 ergo
2338 2244 2637 2312 respondit?
2668 2244 2955 2304 Audiamus
2990 2238 3377 2323 tranquilleJet
3406 2238 3546 2319 tran;

2003 2328 2222 2397 quiliu'm
2260 2331 2542 2404 bibamus).
2591 2332 2771 2413 (Vsus.
2810 2336 2922 2409 2|.)
2961 2336 3129 2396 Unum
3165 2360 3292 2415 opus
3328 2349 3456 2417 feci,
3499 2365 3546 2407 et

2002 2432 2175 2472 omnes
2199 2417 2549 2473 adniiramim'.
2583 2421 2854 2491 Tanquam
2876 2425 3076 2483 diceret
3100 2448 3112 2483 :
3137 2431 3270 2498 Quid
3296 2437 3342 2491 si
3370 2441 3545 2494 omnia

2001 2520 2159 2601 opera
2197 2522 2313 2563 mea
2341 2509 2628 2565 videretis?
2666 2512 3006 2583 ipsiusenim
3040 2508 3202 2589 opera
3241 2537 3395 2582 erant
3430 2545 3547 2601 qum.

2000 2596 2055 2683 in
2090 2598 2286 2652 mundo
2327 2600 2595 2667 videbant,
2637 2612 2691 2657 et
2727 2605 2897 2675 ipsum
2926 2610 3014 2678 qui
3056 2608 3183 2667 fecit
3217 2616 3414 2683 omnia,
3444 2596 3547 2675 non

2000 2681 2275 2773 videbant;
2310 2686 2433 2744 fecit
2458 2704 2616 2746 unam
2647 2706 2781 2759 rem,
2809 2702 2865 2749 et
2891 2697 3086 2752 turbati
3115 2710 3265 2767 sunt,
3298 2681 3421 2773 quia
3445 2709 3547 2762 sal-

2000 2770 2283 2863 vum‘fecit
2317 2775 2583 2832 hominem
2620 2779 2675 2832 in
2708 2781 2947 2839 sabbato.
2995 2804 3014 2837 ι
3052 2784 3165 2849 Non
3197 2770 3547 2863 intelligentes

1999 2858 2275 2914 Dominum
2301 2877 2417 2917 esse
2439 2865 2643 2920 sabbati
2676 2866 2841 2923 tilium
2869 2871 3115 2938 hominis,
3154 2876 3243 2945 qui
3270 2858 3542 2939 sabbatum

1996 2955 2213 3046 propter
2248 2948 2851 3046 homimm_constimit,
2886 2974 2993 3043 non
3030 2961 3295 3037 hominem
3318 2977 3547 3046 propter

1997 3032 2297 3123 sabbatum.
2325 3032 2435 3123 Nec
2456 3034 2741 3123 sabbatum
2770 3032 3166 3123 destruxit,"qui
3201 3032 3388 3107 santim
3419 3032 3560 3110 fecit

1997 3116 2261 3173 hominem
2283 3119 2336 3173 in
2362 3121 2597 3197 sabbato,
2626 3126 2747 3194 quia
2777 3116 3088 3187 ad'salutem
3127 3135 3417 3206 hominum,
3446 3142 3543 3198 ho-

1996 3206 2227 3263 minibus
2252 3209 2455 3265 sabbati
2482 3214 2718 3269 custodia
2746 3216 2867 3271 data
2895 3230 2996 3274 est.
3532 3270 3549 3287 χ

2066 3294 2224 3385 Vens.
2248 3297 2335 3352 22.
2365 3329 2435 3340 -
2466 3296 2744 3371 Propterea
2770 3298 2970 3376 Moyses
2996 3310 3134 3366 dedit
3162 3315 3301 3385 nobis
3327 3318 3543 3374 circum-

1996 3383 2255 3438 cisionens.
2294 3404 2313 3435 ι
2349 3386 2489 3440 Bene
2510 3388 2716 3442 ‘t‘actum
2746 3388 2855 3453 est,
2887 3402 2945 3447 ut
2970 3383 3285 3466 acciperetis
3317 3405 3544 3460 circum-

1995 3472 2247 3527 cisionem
2290 3490 2319 3528 a
2360 3475 2557 3544 Moyse,
2597 3493 2701 3531 non
2729 3479 2851 3547 quia
2890 3474 2953 3535 ex
2992 3481 3169 3553 Moyse
3206 3498 3306 3553 est,
3347 3492 3438 3546 sed
3477 3508 3542 3547 ex

1994 3562 2251 3631 patribus.
2287 3564 2551 3620 Abraham
2581 3569 2772 3639 quippe
2804 3572 3006 3643 primus
3041 3578 3243 3645 accepit
3267 3580 3541 3637 circumci-

1994 3652 2195 3708 sionem
2224 3668 2254 3706 a
2282 3650 2505 3707 Domino
2526 3653 2683 3725 (Gen.
2715 3652 2985 3731 xvu,‘10).'
3018 3658 3087 3715 Et
3122 3664 3175 3717 in
3209 3666 3419 3722 sabbato
3444 3671 3541 3723 cir-

1995 3739 2280 3792 cumciditis
2314 3738 2588 3823 hominem.
2624 3738 2902 3799 Convincit
2933 3761 3028 3829 vos
3063 3748 3285 3821 Moyses.
3331 3752 3388 3808 in
3428 3756 3543 3829 lege

1995 3829 2273 3897 accepistis
2302 3820 2361 3884 ut
2390 3831 2781 3888 circumcidatis
2812 3828 2997 3892 octavo
3022 3838 3136 3904 die;
3176 3842 3451 3911 accepistis
3480 3820 3541 3900 in

1995 3917 2127 3987 lege,
2156 3926 2215 3971 ut
2243 3920 2443 3974 vacetis
2484 3921 2709 3990 septimo
2752 3921 2866 3986 die;
2914 3923 2959 3979 si
2986 3924 3212 3995 octavus
3252 3926 3363 3995 dies
3404 3929 3543 3989 illius

1994 4005 2083 4089 qui
2110 4013 2264 4081 natus
2288 4014 2370 4060 est
2400 4008 2691 4061 occurrerit
2720 4003 2787 4063 ad
2832 3995 2968 4065 diem
2997 4010 3276 4083 septimum
3312 3998 3540 4089 sabbati,

1993 4086 2119 4163 quid
2144 4094 2381 4148 facietis?
2408 4096 2674 4151 Vacahitis
2698 4104 2757 4151 ut
2778 4102 3001 4156 servetis
3028 4102 3323 4171 sabbatum,
3348 4124 3415 4163 au
3444 4086 3541 4163 cir.

1994 4183 2304 4237 cumcidetis
2350 4191 2409 4237 ut
2458 4184 2717 4254 impleatis
2759 4176 3144 4243 sacramentum
3185 4185 3303 4246 dlei'
3335 4197 3543 4249 octavi?

1996 4266 2099 4322 Sed
2126 4267 2264 4329 novi,
2294 4266 2483 4335 inquit,
2514 4259 2637 4335 quid
2665 4264 2869 4325 faéietis
2898 4271 3341 4334 {Cit-cumcidetis
3366 4281 3537 4337 homi-

356 4353 410 4407 ιη
433 4354 759 4433 Amuli-isto
785 4361 960 4427 autem
982 4353 1241 4441 ἰρίιιεειίιίίι
1264 4365 1363 4435 εει,
1389 4366 1444 4417 οι
1469 4373 1627 4423 γεω
1652 4375 1757 4418 non
1778 4371 1891 4431 est;
1922 4395 1972 4455 υ
1995 4370 2135 4454 nem.
2178 4352 2388 4455 Quare?
2424 4350 2561 4419 Quia
2603 4352 2939 4455 circumcisio
2968 4360 3197 4455 pertinet
3220 4369 3298 4427 iad
3327 4369 3539 4437 aliquod

357 4444 481 4511 quia
514 4442 733 4511 gloriam
767 4456 916 4496 suam
950 4438 1265 4511 qtuesiturus
1301 4454 1406 4508 est,
1439 4462 1547 4501 non
1580 4448 1693 4516 ejus
1725 4464 1753 4503 a
1789 4466 1894 4521 quo

248 4552 249 4555 η
358 4532 549 4585 missus
583 4539 665 4586 est
701 4544 716 4584 :
754 4545 859 4585 non
892 4530 1031 4585 enim
1064 4539 1144 4587 est
1181 4533 1401 4615 missus,
1437 4536 1528 4599 sed
1565 4536 1744 4593 venire
1774 4554 1895 4608 per-

358 4616 567 4671 missus.
609 4617 801 4673 Omnes
830 4633 959 4689 ergo
986 4620 1311 4688 pertinentes
1345 4621 1411 4677 ad
1448 4637 1641 4692 corpus
1675 4625 1891 4689 Christi.

358 4718 425 4777 ne
460 4705 766 4781 iuducamur
796 4706 861 4779 ,in
905 4696 1144 4777 laqueum
1177 4708 1515 4775 Antichristi,
1553 4728 1657 4767 non
1692 4728 1893 4783 quaera-

359 4786 476 4851 mus’
510 4788 729 4861 gloriam
760 4799 1031 4857 nostram;
1077 4794 1171 4858 sed
1203 4795 1246 4850 si
1281 4795 1367 4865 ille
1398 4788 1642 4865 Quaesivit
1671 4785 1892 4868 gloriam

356 4876 471 4945 ejus
503 4876 590 4945 qui
628 4892 749 4931 eum
784 4877 927 4932 misit
960 4880 1025 4932 ad
1062 4882 1411 4959 nos,'vqtianto
1432 4882 1614 4959 imagis
1652 4900 1747 4939 nos
1780 4886 1894 4956 ejus

356 4965 447 5033 qui
491 4980 589 5041 nos
626 4964 792 5029 fecit?
837 4946 1141 5043 Sequitur
1419 4946 1503 5035 l9,
1534 4946 1669 5041 ‘20:),
1711 4946 1893 5045 Nerine

362 5052 593 5120 Moyses,
620 5052 806 5123 inquit,
842 5054 978 5107 dedit
1016 5055 1152 5107 vobis
1185 5056 1360 5123 legem,
1400 5068 1446 5110 et
1482 5075 1621 5114 nemo
1658 5078 1720 5123 ea:
1756 5064 1893 5123 uobis

355 5138 481 5206 facit
520 5140 713 5215 legem?
753 5141 889 5206 Quid
926 5162 1003 5197 me
1037 5147 1263 5217 qua'ritis
1299 5146 1619 5213 interﬁcere?
1660 5168 1679 5199 ι
1722 5163 1745 5190 α
1775 5138 1895 5206 ideo

358 5225 619 5287 cuiin'me
659 5226 892 5298 quaeritis
933 5224 1241 5309 interﬁcere,
1292 5230 1605 5309 quislnemo
1642 5249 1705 5288 ex
1746 5238 1894 5290 vobis

360 5308 485 5367 facit
505 5312 678 5393 legem
711 5314 733 5367 τ’
754 5329 872 5368 nam
900 5315 946 5367 si
970 5306 1134 5393 legem
1162 5306 1438 5381 recinens;
1456 5319 1517 5373 in
1550 5322 1681 5391 ipsis
1702 5314 1894 5376 lit'wris

361 5392 624 5471 Christum
658 5392 1031 5474 agnosccrctis,
1067 5414 1119 5459 et
1156 5412 1464 5477 praeSenlem
1499 5424 1599 5466 non
1629 5400 1892 5464 occidere-

434 5604 454 5628 ι·
486 5566 568 5642 i-Ix
603 5592 652 5643 Β.
690 5593 840 5661 Aug,
876 5603 1029 5647 tract.
1065 5611 1181 5653 xxx,
1218 5613 1357 5650 unm.
1387 5598 1499 5649 2-7.

1994 4441 2199 4511 signum
2229 4441 2431 4509 salutis,
2467 4450 2521 4497 et
2556 4458 2658 4498 non
2694 4443 2887 4501 debent
2923 4446 3162 4506 homines
3198 4454 3416 4510 sabbato
3449 4474 3539 4512 va-

1992 4548 2114 4586 care
2137 4548 2167 4586 a
2200 4532 2385 4589 salute.
2415 4532 2553 4606 Ergo
2574 4551 2672 4591 nec
2698 4539 2822 4591 mihi
2852 4532 3312 4615 irascaminlfquia
3341 4550 3540 4607 saluum

1992 4622 2089 4690 [cci
2123 4632 2280 4704 totum
2310 4599 2564 4678 hominem
2591 4626 2643 4679 in
2668 4599 2897 4679 iubenti).
2942 4632 2943 4635 “
3202 4599 3215 4615 ’
3392 4640 3407 4643 "

2062 4727 2221 4823 Vsus.
2266 4729 2356 4823 23τ
2399 4760 2469 4771 --
2513 4730 3087 4819 Sicircumcisioneut,
3116 4749 3307 4819 inquit,
3356 4756 3537 4823 accipit

1992 4818 2217 4917 homoiu
2242 4819 2469 4919 sabbato,
2501 4831 2557 4919 ut
2582 4839 2680 4879 non
2707 4827 2935 4900 soluatur
2965 4834 3049 4891 ιη
3083 4818 3536 4919 ΠουεὲηδίΛΙὶῳλίά

1991 4906 2133 4961 enim
2155 4921 2249 4983 per
2273 4906 2481 4976 Moysen
2512 4912 2563 4974 in
2591 4914 2681 4971 illa
2719 4920 3090 4987 constitutione
3118 4906 3536 4985 circum‘eisionis

1992 4993 2273 5051 salubriter
2308 4995 2607 5054 institutum
2640 5003 2742 5075 est)
2778 5006 2904 5062 mihi
2948 5014 3185 5077 operanti
3224 5014 3444 5071 salutem
3480 5022 3532 5074 in

1991 5080 2209 5162 sabbato
2229 5099 2392 5151 quare
2414 5086 2784 5161 indignemini?
2808 5110 2827 5151 ς
2858 5093 3013 5151 Forte
3034 5100 3171 5153 enim
3188 5078 3279 5156 illa
3303 5092 3529 5162 circum;

1990 5168 2118 5223 cisio
2148 5170 2314 5245 ipsum
2341 5172 2617 5231 Dominum
2644 5174 2989 5245 signiﬁcabat.
3021 5186 3103 5247 cui
3130 5188 3213 5242 isti
3244 5193 3448 5246 curanti
3477 5204 3530 5251 et

1992 5259 2197 5313 sananti
2219 5260 2642 5328 indignabantur.
2658 5261 2810 5330 iussa
2826 5278 2905 5323 εει
2920 5274 3063 5327 enim
3088 5274 3325 5334 adhiberi
3344 5286 3528 5337 octava

1992 5345 2075 5399 die
2101 5360 2115 5397 :
2145 5356 2197 5399 et
2225 5350 2348 5415 quid
2370 5357 2451 5402 est
2471 5350 2820 5418 circumcisio,
2852 5358 2952 5412 nisi
2983 5363 3156 5415 carnis
3185 5366 3531 5434 exspoliatio?

1993 5432 2262 5501 Signiﬁcat
2315 5452 2437 5504 ergo
2487 5438 2581 5493 ista
2635 5442 2966 5499 circumcisio
3015 5432 3444 5520 esspoliationcm
3494 5472 3526 5512 a
