4266 6194
709 323 812 380 817

713 436 874 491 corde
905 429 1245 500 cupiditatum
1277 420 1585 476 carnalium.
1625 415 1738 470 Non
1773 428 1898 483 ergo
1926 410 2055 500 με..
2076 404 2246 500 enim]
2277 413 2322 468 Α

715 526 832 576 sine
861 495 1178 578 caus—adata
1209 514 1317 572 est,
1359 515 1414 560 et
1452 507 1505 558 in
1547 520 1611 558 eo
1647 500 1885 555 membro
1920 497 2035 551 ﬁeri
2071 495 2247 578 iussa;

680 596 964 679 quoniam
1004 619 1102 676 per
1149 600 1276 655 illud
1321 597 1612 652 membrum
1657 597 1968 661 procreatur
2009 577 2252 640 creatura
2284 582 2290 587 ’

721 678 1040 755 mortalium.
1074 694 1142 751 Et
1176 707 1271 760 per
1299 703 1462 742 unum
1496 685 1762 740 hominem
1797 695 1960 744 mors,
1994 678 2130 732 sicut
2161 689 2256 743 per

723 785 931 859 ianum]
955 783 1220 840 hominem
1245 775 1563 833 resurrectio
1592 780 1914 827 mortuorum
1944 767 1994 838 (1
2020 767 2139 820 Cor.
2166 780 2254 826 xv,

720 855 841 948 il);
877 855 933 930 et
973 889 1068 944 per
1101 884 1264 925 unmn
1302 865 1568 920 hominem
1609 869 1881 932 peccatum
1923 855 2160 911 introivit
2203 855 2256 905 in

725 943 994 1026 mundum,
1028 969 1080 1014 et
1115 974 1208 1030 per
1238 962 1510 1026 peceatum
1542 966 1686 1025 mors
1712 947 1884 1019 (Rom.
1912 962 1967 1009 v,
1996 944 2104 1015 12).
2136 943 2259 995 Ideo

723 1056 947 1124 quisque
992 1065 1112 1105 eum
1157 1045 1409 1116 praeputio
1448 1040 1703 1104 nascitur,
1741 1037 1865 1105 quia
1898 1033 2070 1089 omnis
2103 1032 2261 1084 homo

724 1119 846 1198 cum
861 1119 999 1197 ivitio
1021 1135 1325 1208 propaginis
1349 1130 1582 1186 nascitur
1608 1146 1621 1180 :
1647 1135 1703 1181 et
1722 1141 1826 1179 non
1853 1121 2074 1178 mundat
2098 1119 2268 1203 Deus,

727 1233 838 1287 sive
871 1244 904 1282 a
944 1222 1097 1288 vitio;
1131 1237 1252 1276 eum
1292 1235 1397 1288 quo
1434 1216 1727 1277 nascimur,
1755 1212 1865 1265 sive
1901 1225 1932 1262 a
1967 1208 2110 1261 vitiis
2145 1222 2262 1275 qua:

727 1319 864 1373 male
894 1310 1115 1370 vivendo
1145 1309 1404 1370 addimus,
1433 1305 1535 1358 nisi
1564 1316 1662 1371 per
1683 1299 1950 1354 cultellum
1976 1296 2258 1364 petrinum,

726 1408 782 1460 id
813 1411 917 1466 est,
951 1400 1229 1470 Dominum
1260 1394 1439 1449 Jesum
1468 1391 1753 1462 Christum.
1787 1385 1948 1440 Petra
1974 1384 2116 1438 enim
2150 1389 2266 1470 erat

727 1467 968 1546 Christus
1000 1486 1048 1557 (ι
1072 1484 1192 1538 Cor.
1220 1497 1274 1543 x,
1305 1481 1380 1551 4).
1423 1478 1577 1547 537
1606 1473 1841 1530 Cultellis
1872 1472 2013 1525 enim
2045 1467 2266 1557 petrinis

729 1555 1196 1633 circumcidebant,
1228 1576 1283 1622 et
1319 1576 1483 1638 petrae
1513 1563 1725 1617 nomine
1763 1558 2033 1613 Christum
2075 1555 2267 1624 ﬁgura-

1508 310 1568 362 Β.
1609 305 1667 362 1⁴“.
1706 304 1923 360 Al.le
1962 300 2090 356 SEU
2129 293 2395 352 ALCUINI
2432 288 2701 349 OPERL’M
2739 282 2910 342 PARS
2948 278 3007 339 11.

3777 274 3883 329 858

2354 399 2505 455 Nunc
2524 413 2640 452 vero
2660 407 2995 467 cognouerunt
3013 393 3262 463 principes
3284 391 3402 460 quia
3424 389 3504 441 hic
3523 398 3602 467 est
3615 385 3847 439 Christus
3871 385 3898 435 .’

2350 490 2450 555 Qui
2493 465 2747 542 noverant
2789 501 2890 553 qua
2927 484 3124 537 stet'itia
3163 478 3512 549 quaerebatur,
3554 465 3890 529 mirabantur

2351 576 2454 649 qua
2491 576 2728 648 potentia
2756 590 2860 628 non
2882 573 3176 627 tenebatur.
3207 568 3404 623 Deinde
3426 581 3531 621 non
3559 565 3710 634 plene
3731 562 3890 636 ιιι..

2349 665 2525 736 plane]
2555 664 2900 732 intelligentes
2929 661 3068 714 illius
3091 659 3395 728 potentiam,
3429 661 3747 725 putaverunt
3767 666 3891 706 esse

2351 753 2644 822 principum
2667 749 2966 811 scientiam,
2982 746 3129 814 quod
3157 745 3255 813 ipsi
3285 741 3625 812 cognoverint
3643 737 3889 793 eumdem

2351 853 2469 893 esse
2488 837 2785 900 Christum;
2808 837 2928 888 ideo
2951 839 3300 904 pepercerunt
3321 831 3371 884 ei
3400 844 3556 898 quem
3581 835 3730 881 tanta
3759 835 3895 879 tem-

2353 939 2481 996 pore
2504 924 2848 980 occidendmn
2886 923 3223 991 qmesierunt.
3261 939 3278 970 ι
3323 919 3520 972 Deinde
3556 917 3632 969 illi
3665 916 3766 984 ipsi
3801 916 3895 983 qui

2355 1011 2599 1064 dixerant
2646 1009 2783 1078 apud
2831 1009 3143 1076 semetipsos
3191 1021 3208 1058 :
3263 1004 3511 1074 Nunquid
3559 1011 3896 1071 cognouerunt

2356 1100 2607 1168 principes
2651 1101 2773 1168 quia
2810 1099 2892 1150 hic
2927 1107 2998 1150 est
3037 1096 3309 1149 Christus?
3346 1095 3583 1148 fecerunt
3617 1091 3718 1145 sibi
3753 1106 3899 1158 quie-

2359 1191 2604 1252 stionem,
2639 1202 2742 1255 qua
2779 1187 2856 1240 eis
2881 1186 3150 1239 videretur
3181 1199 3283 1237 non
3319 1197 3438 1236 esse
3469 1181 3712 1236 Christus
3744 1179 3900 1255 [Hs.,

2359 1253 2689 1347 Christnmj:
2717 1275 3064 1344 adjungentes
3086 1275 3226 1326 enim
3242 1272 3498 1325 disci-unt
3527 1287 3542 1322 :
3573 1269 3753 1340 (Vm.
3780 1253 3898 1336 τί.)

2363 1365 2463 1420 Sed
2498 1366 2653 1417 istum
2695 1363 2949 1425 uoeirnus,
2991 1361 3128 1414 unde
3164 1362 3264 1424 sit;
3302 1357 3534 1411 Christus
3573 1367 3743 1409 autem
3784 1371 3902 1407 caus

2361 1453 2571 1514 venerit,
2598 1466 2746 1503 nemo
2773 1451 2867 1502 scit
2895 1449 3030 1501 unde
3053 1449 3139 1500 sit.
3172 1467 3190 1499 ›
3222 1446 3358 1512 Quid
3385 1454 3467 1498 est
3494 1444 3635 1512 quod
3657 1442 3910 1496 dixerunt

2362 1538 2528 1592 Jndzei
2553 1556 2566 1589 :
2593 1535 2825 1591 Christus
2846 1553 2962 1588 cum
2987 1535 3196 1597 uenerit,
3229 1549 3371 1586 nemo
3395 1533 3490 1585 scit
3513 1531 3649 1584 unde
3666 1529 3752 1591 sit,
3777 1528 3907 1580 dum

1300 1615 1788 1721 rion—agnoscebant,
1804 1647 1899 1701 sed
1919 1615 2143 1715 insuper
2145 1659 2266 1697 eum
2298 1714 2340 1728 ﬁ
2364 1627 2570 1682 Herode
2603 1628 2963 1728 interrogante
2990 1615 3163 1728 locum
3196 1623 3488 1728 nativitatis
3518 1621 3653 1728 eius,
3689 1620 3910 1700 demon-

732 1709 1308 1816 Enyeus...
1347 1709 1498 1806 Quod
1530 1751 1659 1792 vero
1691 1709 2066 1790 circumciditis
2101 1732 2269 1785 homi-
2298 1714 2342 1773 Β
2367 1723 2667 1816 funerum
2687 1715 2836 1782 ium
2856 1714 3189 1816 ιξωνιιοιίδιξ
3214 1709 3740 1816 ξιξεξιεαξίετοριιειων
3765 1713 3821 1759 οι
3839 1720 3909 1816 εξ

733 1854 852 1899 nem
876 1839 929 1892 in
946 1836 1187 1897 salutato,
1207 1830 1483 1899 intelligite
1509 1827 1611 1899 hoc
1634 1823 1916 1899 signiﬁcari
1937 1820 2093 1893 [Hs.,-
2107 1821 2269 1891 signi-7

733 1925 915 1997 ticare]
928 1930 1061 1994 opus
1075 1923 1292 1984 bonum,
1306 1919 1447 1988 quod
1465 1931 1562 1984 ego
1580 1914 1679 1969 feci
1697 1922 1864 1968 totum
1883 1911 2150 1967 hominem
2169 1908 2271 1962 sal-

731 2035 856 2074 vum
867 2019 920 2072 in
933 2015 1168 2072 sabbato:
1180 2011 1374 2082 ,quiaet
1385 2015 1597 2063 curatus
1607 2013 1688 2060 est
1700 2012 1757 2057 ut
1769 2017 1930 2057 unus
1939 2008 2078 2055 esset
2093 2001 2145 2053 in
2155 2015 2272 2053 cor—

731 2123 883 2180 pore,
892 2115 948 2162 et
957 2103 1177 2160 credidit
1187 2108 1245 2155 ut
1257 2113 1420 2154 sanus
1436 2104 1572 2151 esset
1586 2096 1640 2148 in
1656 2103 1828 2147 mente
1838 2090 1944 2180 Hi.
1953 2129 1967 2152 ,
1985 2091 2037 2141 in
2049 2088 2267 2180 anima].

809 2195 965 2246 Vm.
999 2189 1089 2243 24.
1113 2184 1398 2245 —‘Nolite,
1413 2181 1653 2250 judicare
1678 2175 2034 2248 personaliter,
2072 2175 2162 2227 sed
2196 2191 2274 2226 re-

733 2293 871 2338 ctum
904 2272 1446 2349 judicium'jiidicate.
1487 2288 1504 2319 ε
1537 2267 1674 2334 Quid
1717 2274 1802 2320 est
1843 2265 1945 2318 hoc
1986 2264 2109 2331 quia
2154 2277 2272 2316 cum

737 2371 871 2440 HL,
901 2366 1055 2422 modo
1076 2366 1224 2432 quasi
1250 2360 1372 2433 per]
1387 2376 1489 2431 per
1513 2360 1682 2429 legem
1710 2357 1874 2427 lloysi
1903 2355 2277 2431 circumciditis

740 2429 792 2514 in
833 2429 1068 2518 sabbato,
1093 2429 1228 2505 non
1251 2429 1541 2502 irascimini
1574 2445 1768 2514 Moysi;
1808 2451 1863 2498 et
1895 2443 2016 2510 quia
2058 2457 2154 2510 ego
2194 2429 2277 2494 die

740 2544 941 2599 sabbati
969 2542 1169 2596 salvum
1204 2538 1306 2592 Ieci
1329 2536 1619 2598 hominem,
1649 2531 1936 2586 irascimini
1961 2530 2125 2584 mihi?
2153 2527 2279 2582 Per-

740 2620 1008 2685 sonaliter~
1030 2627 1309 2698 judicatis;
1351 2624 1628 2676 veritatem
1670 2617 1946 2681 attendite,
1987 2624 2042 2671 et
2079 2617 2278 2685 justum

739 2721 994 2791 judiciu
1024 2716 1273 2783 iudicate.
1298 2711 1366 2768 Si
1392 2711 1678 2766 secundum
1704 2709 1978 2763 veritatem
2006 2705 2278 2775 judicatis,

745 2823 914 2878 neque
942 2807 1173 2876 Moysen,
1203 2816 1372 2871 neque
1393 2816 1478 2854 me
1490 2797 1916 2854 condemnabitis
1941 2814 1954 2850 :
1983 2804 2039 2849 et
2059 2795 2282 2848 veritate

745 2900 951 2970 wguita
977 2913 1061 2952 me
1085 2893 1428 2966 cognoscetis,
1459 2891 1584 2960 quia
1605 2904 1705 2958 ego
1730 2902 1844 2942 sum
1873 2887 2088 2940 veritas.
2123 2904 2144 2934 s
2173 2883 2282 2938 Hoc

747 2987 965 3048 vitium,
981 2985 1190 3046 fratres,
1213 2981 1352 3052 quod
1373 2980 1625 3054 Dominus
1652 2976 1851 3035 notavit
1869 2976 1977 3030 hoc
1998 2975 2136 3038 loco,
2161 2988 2282 3028 eva—

749 3077 876 3130 dere
901 3075 956 3128 in
981 3073 1085 3128 hoc
1110 3071 1302 3126 stet:qu
1325 3070 1498 3138 magni
1524 3067 1722 3122 laboris
1741 3075 1842 3129 est,
1866 3081 1968 3121 non
1995 3056 2296 3136 personali?

749 3179 831 3225 ter
850 3166 1112 3238 judicare,
1147 3162 1240 3218 sed
1278 3169 1478 3217 rectum
1506 3158 1762 3230 judicium
1800 3155 2053 3211 retinere.
2092 3153 2286 3222 Admo-

749 3259 864 3316 nuit
889 3255 1098 3326 quidem
1127 3252 1378 3307 Dominus
1402 3247 1627 3311 Judmos,
1658 3246 1748 3300 sed
1768 3243 1984 3298 monuit
2014 3256 2137 3303 nos;
2170 3238 2286 3290 illos

749 3341 1032 3417 convincit,
1059 3355 1156 3417 nos
1179 3338 1453 3400 instruxit;
1480 3335 1598 3390 illos
1620 3331 1907 3403 redarguit,
1935 3344 2032 3385 nos
2055 3326 2282 3382 exacuit.

751 3433 866 3488 Non
894 3414 1148 3503 putemus
1178 3429 1280 3495 hec
1309 3427 1461 3481 nobis
1493 3426 1612 3479 ideo
1637 3437 1741 3477 non
1768 3423 1992 3482 dictum,
2014 3418 2137 3486 quia
2165 3425 2290 3468 tunc

751 3525 824 3580 ibi
855 3538 958 3577 non
979 3520 1202 3576 luimus.
1236 3537 1255 3569 ι
1293 3515 1400 3570 Nos
1435 3515 1613 3582 itaque
1645 3512 1723 3566 sic
1752 3508 2027 3565 audiamus
2056 3505 2291 3570 Evange-

752 3610 900 3674 lium,
926 3609 1078 3677 quasi
1099 3595 1412 3678 praecum
1434 3603 1730 3658 Dominum.
1754 3599 1832 3654 Ne
1854 3598 2128 3652 dicamus:
2150 3591 2194 3647 Ο
2218 3590 2291 3644 illi

753 3697 933 3755 felices
956 3693 1046 3764 qui
1069 3707 1190 3747 eum
1213 3691 1392 3744 videre
1416 3689 1726 3759 potuerunt!
1757 3684 1904 3764 biulti
1928 3685 1982 3736 in
2002 3681 2081 3735 eis
2101 3680 2191 3748 qui
2217 3679 2294 3730 vi-

755 3788 945 3840 derunt
971 3761 1418 3853 emncarnaliter,
1455 3761 1808 3830 oceidemnt':
1850 3769 1999 3824 multi
2037 3775 2212 3820 autem
2240 3765 2293 3817 in

758 3873 928 3935 nobis,
965 3870 1053 3939 qui
1087 3884 1192 3923 non
1221 3867 1485 3939 viderunt,
1518 3863 1876 3925 crediderunt,
1912 3859 1976 3912 de
2002 3858 2192 3926 quibus
2217 3855 2295 3908 di-

761 3967 903 4010 ctum
927 3938 1008 4010 est
1031 3971 1044 4008 :
1074 3953 1220 4007 Beati
1245 3938 1459 4022 quinas
1482 3939 1714 4021 viderunt
1734 3958 1782 4023 et
1803 3946 2141 4000 crediderunt.
2167 3942 2296 4009 Quis

761 4053 844 4098 est
879 4045 968 4114 qui
1001 4060 1102 4098 non
1139 4043 1337 4110 iudicat
1369 4024 1736 4110 personaliter,
1767 4035 1870 4089 nisi
1902 4034 1992 4101 qui
2026 4032 2298 4104 inqualiter

763 4132 967 4200 diligit?
1007 4132 1108 4195 Qui
1148 4130 1418 4200 aequaliter
1461 4141 1644 4182 omnes
1685 4124 1882 4193 diligit,
1924 4118 2197 4190 aequaliter
2233 4118 2298 4170 de

762 4221 1007 4276 euntibus
1033 4218 1248 4288 judicat.
1305 4216 1412 4271 Nec
1440 4216 1542 4270 hoc
1577 4214 1773 4268 dictum
1812 4218 2058 4281 putemus
2095 4207 2160 4261 de
2199 4205 2300 4259 illis

763 4324 897 4377 quos
914 4322 1016 4377 pro
1036 4308 1240 4360 honore
1265 4303 1518 4373 graduum
1545 4301 1752 4356 diverso
1779 4299 1936 4354 modo
1958 4299 2297 4355 bonoramus,

766 4395 859 4450 sed
885 4397 950 4447 de
977 4395 1080 4447 illis
1103 4378 1326 4460 quorum
1353 4402 1538 4444 causas
1563 4385 1847 4452 dijudieare
1867 4383 2131 4450 iubemur.

842 4499 861 4533 ι
899 4493 924 4521 ι
955 4481 1203 4534 Dominus
1242 4478 1403 4547 igitur
1427 4476 1580 4532 Iesus
1618 4489 1721 4528 non
1761 4470 2060 4533 manifeste,
2087 4469 2179 4522 sed
2215 4483 2302 4521 oe-

766 4569 910 4630 enlte
932 4567 1167 4622 ascendit
1189 4567 1257 4620 ad
1289 4551 1424 4619 diem
1460 4563 1674 4625 'l'estum,
1709 4575 1811 4615 non
1840 4559 1962 4626 quia
1999 4557 2215 4610 timebat
2248 4563 2304 4606 ut

768 4657 919 4732 μὴ..
950 4655 1036 4725 ne]
1068 4662 1353 4715 teneretur,
1377 4651 1524 4718 cujus
1547 4637 1780 4718 potestas
1805 4657 1920 4702 erat
1943 4655 1999 4700 ut
2025 4660 2128 4698 non
2151 4654 2305 4698 tene-

772 4756 944 4811 retur;
981 4744 1073 4798 sed
1107 4751 1165 4795 ut
1194 4740 1530 4810 signiﬁcaret,
1554 4741 1667 4807 1am
1701 4737 1851 4808 [ls.,
1887 4735 2070 4806 etiam]
2106 4735 2158 4787 in
2192 4735 2307 4802 ipso

774 4837 858 4888 die
899 4834 1051 4896 festo,
1094 4833 1182 4901 qui
1221 4829 1582 4884 celebrabatur
1621 4841 1650 4879 a
1692 4825 1898 4888 ludatis,
1932 4813 2306 4879 occultandam

777 4922 955 4992 μιᾳ..
991 4934 1049 4972 se
1077 4915 1353 4986 occultari]
1395 4923 1449 4968 et
1487 4928 1637 4966 suum
1679 4924 1796 4963 esse
1832 4911 2156 4980 mysterium.
2202 4905 2307 4959 Sed

778 5023 899 5060 mox
924 5006 1164 5074 apparuit
1187 5011 1439 5072 potestas,
1469 5015 1583 5069 quae
1607 5000 1888 5068 putabatur
1909 4997 2156 5054 timiditas
2183 5013 2195 5046 :
2229 4995 2305 5046 Io-

779 5092 1035 5160 quebatur
1061 5090 1201 5144 enim
1227 5074 1400 5156 palam
1424 5090 1476 5141 in
1505 5086 1592 5141 die
1619 5085 1774 5148 festo,
1805 5086 1878 5137 ita
1908 5092 1966 5136 ut
1991 5082 2307 5139 mirarentur

782 5180 977 5240 turbaz,
1027 5185 1084 5230 et
1125 5175 1385 5236 dicerent,
1435 5175 1590 5241 quod,
1621 5172 1940 5233 audivimus,
1991 5185 2108 5223 cum
2156 5168 2308 5221 lectio

784 5264 1043 5333 legentur
1066 5278 1083 5316 :
1121 5284 1137 5314 ι

854 5352 1007 5405 Vsus.
1030 5353 1118 5414 25,
1144 5351 1230 5404 96.
1254 5380 1321 5390 —-—
1351 5348 1531 5400 Nonne
1556 5349 1635 5399 hic
1663 5360 1733 5400 est
1756 5365 1902 5417 quem
1925 5348 2210 5416 querceam
2231 5348 2307 5396 in-

785 5439 1046 5505 terﬁcere?
1081 5439 1144 5491 Et
1176 5456 1285 5492 ecce
1320 5437 1490 5508 palam
1523 5437 1760 5504 loquitur,
1797 5448 1843 5487 et
1881 5437 2005 5488 nihil
2041 5437 2084 5487 ri
2113 5436 2304 5485 dicunt.

855 5561 881 5594 υ
921 5546 990 5606 Εἴ
1018 5545 1073 5602 5.
1104 5547 1257 5620 Aug,
1283 5556 1435 5610 tract.
1472 5561 1612 5607 xxxx,
1645 5558 1787 5595 num.
1823 5542 1929 5596 1-1.

2367 1805 2468 1856 hoc
2508 1811 2712 1856 eertum
2752 1811 2831 1879 est
2873 1802 3044 1854 locum
3081 1798 3373 1851 nativitatis
3411 1797 3552 1849 illius
3585 1809 3678 1849 eos
3716 1793 3910 1846 nosse!

2369 1891 2472 1944 Sed
2511 1890 2946 1944 considerandum
2986 1895 3069 1942 est
3101 1886 3227 1953 quid
3267 1900 3325 1938 se
3363 1899 3519 1938 nosse
3550 1891 3816 1953 putarent,
3854 1894 3911 1934 et

2368 1982 2493 2050 quid
2520 1996 2578 2035 se
2610 1996 2717 2033 non
2754 1980 2892 2033 scire
2913 1979 3177 2031 dixerunt.
3216 1975 3414 2028 Locum
3453 1988 3579 2026 vero
3616 1972 3914 2025 nativitatis

2368 2071 2510 2124 illius
2543 2070 2779 2124 sciebant
2810 2084 2906 2138 per
2931 2067 3301 2136 prophetarum
3337 2065 3476 2116 dicta
3511 2079 3526 2115 :
3561 2063 3653 2130 sed
3678 2061 3912 2115 divinam

2370 2161 2484 2229 ejus
2509 2160 2855 2218 nativitatem.
2885 2172 2988 2225 qua
3014 2172 3079 2209 ex
3109 2155 3217 2207 Deo
3243 2154 3398 2206 Patre
3416 2151 3733 2207 sternaliter
3752 2159 3915 2205 natus

2370 2260 2471 2314 est,
2499 2259 2712 2320 propter
2729 2283 2731 2285 -
2749 2249 3069 2318 impietatem
3097 2246 3273 2299 cordis
3309 2246 3387 2298 sui
3423 2242 3747 2302 nesciebant,
3776 2241 3910 2294 Isaia

2373 2338 2579 2391 dicente
2603 2355 2617 2388 :
2642 2336 3026 2389 Generatiouem
3049 2335 3158 2402 ejus
3196 2334 3309 2401 quis
3329 2331 3586 2384 enarrabit
3614 2328 3766 2400 [lauti
3790 2343 3908 2389 un,

2375 2427 2466 2498 8)?
2488 2428 2721 2495 Denique
2743 2434 2797 2479 et
2819 2425 2932 2492 ipse
2952 2420 3207 2477 Dominus
3229 2422 3295 2474 ad
3321 2430 3599 2487 utrumque
3626 2419 3912 2486 respondit,

2376 2523 2428 2567 et
2455 2515 2520 2568 de
2546 2513 2856 2568 humilitatis
2881 2510 3184 2580 fragilitate,
3209 2518 3261 2562 et
3284 2508 3350 2562 de
3375 2507 3651 2561 nativitate
3669 2507 3915 2575 majesta-

2378 2601 2446 2655 tis
2467 2601 2592 2672 (Ms.
2604 2641 2617 2663 ,
2637 2602 2704 2655 de
2720 2600 3010 2654 divinitatis
3026 2595 3573 2669 maiestate],‘dicens:
3599 2595 3779 2664 (Vens.
3798 2595 3914 2664 28.)

2377 2688 2642 2743 Clamabat
2670 2705 2788 2758 ergo
2815 2695 2999 2740 docens
3023 2688 3077 2739 in
3097 2686 3277 2755 templo
3303 2685 3336 2737 1
3341 2701 3456 2738 esus
3476 2697 3496 2734 :
3517 2693 3563 2736 et
3583 2699 3664 2735 use
3685 2683 3846 2745 scitis,
3869 2694 3918 2735 et

2378 2778 2513 2830 unde
2535 2779 2650 2839 sim,
2675 2777 2832 2828 scitis.
2856 2775 3020 2828 Recte
3031 2788 3164 2842 ergo
3182 2774 3332 2837 dixit,
3356 2780 3403 2826 et
3421 2789 3500 2825 me
3521 2773 3698 2835 nostis,
3721 2780 3768 2824 et
3785 2772 3921 2823 unde

2380 2867 2475 2920 sint
2524 2866 2686 2918 scitis.
2736 2863 2790 2917 Id
2837 2872 2947 2926 est,
2999 2861 3282 2916 secundum
3331 2875 3543 2914 carnem
3591 2859 3919 2913 nativitatem

2382 2968 2554 3008 meam
2583 2952 2769 3014 nostis,
2810 2960 2864 3005 et
2899 2950 3227 3005 nobilitatem
3263 2949 3539 3018 parentum
3577 2962 3838 3011 meorum,
3867 2958 3923 3001 et

2382 3039 2609 3110 elﬁgiem
2647 3037 2822 3090 vultus
2857 3037 2961 3088 mei
2997 3035 3165 3088 nostis
3205 3051 3218 3085 :
3260 3035 3546 3087 secundum
3593 3033 3921 3087 divinitatem

2371 3138 2558 3182 autem
2595 3141 2699 3182 non
2735 3125 2919 3188 nostis,
2951 3125 3073 3192 quia
3109 3137 3139 3174 a
3171 3136 3259 3175 me
3284 3122 3396 3190 ipso
3427 3136 3532 3175 non
3555 3121 3698 3186 veni,
3721 3123 3815 3176 sed
3841 3132 3926 3175 est

2374 3223 2540 3272 “verus
2563 3218 2652 3285 qui
2677 3230 2762 3268 me
2785 3215 2946 3277 misit,
2970 3210 3125 3282 quem
3150 3227 3244 3266 vos
3269 3212 3503 3266 nescitis.
3538 3228 3557 3262 ε
3591 3210 3696 3265 Sed
3721 3220 3780 3265 nt
3798 3227 3922 3267 eum

2383 3306 2578 3377 sciatis,
2618 3303 2816 3358 credite
2853 3302 2908 3354 in
2945 3315 3064 3354 eum
3089 3314 3245 3368 quem
3283 3300 3443 3363 misit,
3482 3307 3539 3353 et
3575 3299 3756 3352 scietis
3780 3302 3922 3367 quod

2387 3407 2541 3448 nemo
2561 3393 2694 3444 vidit
2718 3390 2883 3443 Deum
2909 3403 3162 3457 unquam,
3191 3388 3291 3441 nisi
3318 3389 3617 3456 unigenitus
3638 3387 3803 3442 Filius
3830 3389 3920 3456 qui

2387 3489 2470 3535 est
2494 3481 2547 3534 in
2574 3480 2692 3533 sinu
2715 3477 2910 3541 Patris,
2935 3485 2992 3531 et
3017 3479 3129 3546 ipse
3149 3477 3384 3529 narravit
3411 3493 3424 3527 :
3451 3485 3506 3529 et
3534 3474 3746 3528 Patrem
3770 3489 3928 3528 nemo

2388 3574 2633 3643 cognovit
2650 3612 2665 3637 ,
2696 3572 2798 3625 nisi
2815 3570 3006 3635 lFilius,
3033 3579 3090 3626 et
3115 3572 3198 3625 cui
3224 3570 3450 3624 voluerit
3474 3569 3638 3622 Filius
3671 3568 3926 3624 revelare.

2394 3682 2414 3714 ι
2445 3664 2684 3731 Denique
2710 3677 2830 3714 cum
2855 3661 3074 3714 dixisset
3099 3678 3112 3712 :
3140 3661 3230 3714 sed
3253 3670 3326 3713 est
3351 3675 3517 3721 uerus,
3545 3660 3634 3728 qui
3659 3660 3800 3712 misit
3824 3676 3927 3723 me,

2389 3767 2538 3821 quem
2575 3765 2664 3802 vos
2707 3748 2929 3812 nescitis,
2969 3754 3031 3799 ut
3070 3746 3371 3799 ostenderet
3413 3731 3519 3806 eis,
3551 3746 3690 3799 unde
3723 3747 3931 3814 possint

2391 3838 2528 3892 scire
2551 3836 2690 3905 quod
2717 3833 3037 3895 nesciebant,
3065 3832 3284 3901 subjecit
3307 3849 3320 3883 ε
3345 3832 3527 3900 (Vm.
3550 3831 3664 3901 29.)
3690 3831 3799 3901 Ego
3821 3835 3928 3885 scio

2392 3943 2526 3985 eum.
2557 3925 2716 3998 538
2740 3923 2878 3993 Ergo
2898 3938 2928 3976 a
2953 3913 3293 3990 me'qumrite,
3315 3927 3375 3972 ut
3393 3920 3574 3974 sciatis
3591 3935 3732 3974 eum.
3756 3921 3931 3986 Quare

2392 4022 2567 4068 autem
2596 4014 2706 4066 scio
2731 4011 2887 4064 eum?
2915 4009 3051 4073 Quia
3079 4009 3142 4061 ab
3168 4011 3276 4079 ipso
3301 4002 3437 4073 sum,
3461 4019 3510 4062 et
3537 4012 3642 4079 ipse
3669 4027 3749 4064 nte
3769 4011 3928 4063 misit.

2396 4097 2666 4171 Magniﬁce
2685 4108 2964 4166 utrumque
2981 4097 3314 4150 monstravit.
3335 4096 3412 4148 Αι
3433 4098 3770 4165 ipso,inquit,
3794 4114 3928 4158 usu.

2396 4193 2518 4260 quia
2551 4189 2717 4244 Filius
2747 4189 2813 4243 de
2843 4188 3000 4243 Patre
3031 4205 3045 4241 :
3075 4195 3130 4241 et
3157 4186 3409 4257 quidquid
3432 4195 3514 4240 est
3538 4184 3721 4251 Filius,
3749 4187 3813 4240 de
3843 4187 3934 4239 illo

2398 4288 2479 4334 est
2501 4279 2652 4346 cujus
2683 4287 2766 4332 est
2796 4279 2974 4333 Filius.
3006 4278 3128 4333 Ideo
3159 4278 3437 4332 Dominum
3471 4277 3651 4331 Jesum
3687 4277 3932 4339 dicimus,

2326 4331 2377 4390 Β
2399 4331 2584 4422 Deum:
2711 4331 2851 4430 Deo;
3142 4331 3245 4418 non
3272 4367 3493 4418 dicimus
3519 4364 3681 4418 Deum
3708 4364 3774 4419 de

2399 4456 2490 4511 sed
2506 4465 2718 4510 tantum
2746 4457 2910 4509 Deum
2940 4473 2951 4506 :
2983 4462 3036 4507 et
3063 4452 3284 4507 dicimus
3307 4453 3588 4506 Dominum
3611 4451 3791 4506 Iesu
3807 4493 3825 4518 ,
3855 4453 3933 4507 lu-

2400 4558 2520 4597 men
2546 4545 2611 4597 de
2648 4544 2874 4605 lumine;
2914 4543 3125 4595 Patrem
3164 4555 3269 4592 non
3291 4538 3513 4591 dicimus
3549 4537 3725 4591 lumen
3758 4538 3822 4591 de
3856 4538 3934 4590 lu-

2401 4631 2560 4692 mine,
2581 4629 2680 4684 sed
2703 4638 2904 4682 tantum
2922 4629 3122 4681 iumen.
3150 4627 3228 4681 Ad
3255 4629 3355 4681 hoc
3377 4641 3502 4695 ergo
3525 4625 3775 4694 pertinet,
3795 4627 3937 4693 quod

2401 4719 2568 4772 dixit:
2591 4715 2666 4769 Ab
2692 4717 2800 4785 ipsa
2827 4730 2957 4766 sum.
2978 4711 3134 4778 Quod
3160 4723 3333 4766 autem
3358 4713 3547 4765 videtis
3571 4727 3656 4764 me
3680 4712 3732 4763 in
3756 4727 3932 4771 carne.

2402 4811 2507 4876 ipse
2539 4824 2616 4861 me
2649 4808 2804 4860 misit.
2845 4804 2943 4859 Ubi
2976 4804 3141 4863 audis,
3170 4804 3277 4870 ipse
3312 4817 3391 4853 me
3419 4801 3579 4862 misit,
3610 4799 3714 4852 noli
3750 4800 3938 4851 intelli-

2404 4908 2526 4962 gere
2550 4903 2750 4947 naturte
2775 4890 3274 4952 dissimilitudinem,
3300 4887 3393 4942 sed
3422 4885 3722 4954 generantia
3756 4894 3938 4938 aucto-

2407 4981 2633 5033 ritatem.
2673 4998 2690 5031 s
3209 4981 3213 4984 ’

2473 5090 2632 5144 Vsus.
2659 5089 2745 5144 30.
2771 5120 2838 5128 —
2866 5087 3170 5153 Quarebant
3195 5101 3314 5152 ergo
3339 5100 3456 5152 eum
3480 5083 3870 5152 apprchendere,
3895 5094 3942 5136 et

2406 5192 2551 5230 nemo
2570 5177 2704 5228 misit
2727 5177 2783 5228 in
2807 5174 2952 5226 illum
2978 5188 3179 5235 manus,
3199 5171 3320 5240 quia
3342 5170 3567 5223 nondum
3593 5178 3798 5223 semet
3815 5168 3944 5221 liora

2404 5265 2548 5330 ejus;
2576 5262 2678 5314 hoc
2702 5269 2814 5323 est,
2845 5261 2969 5327 quia
2998 5258 3224 5311 nolebat.
3255 5257 3353 5322 Qui
3382 5258 3524 5311 eni
3557 5254 3822 5308 voluntate
3849 5269 3945 5307 na-

2407 5361 2491 5402 tus
2528 5356 2630 5410 est,
2666 5346 2932 5400 voluntate
2966 5361 3154 5414 passus
3179 5355 3279 5408 est,
3315 5346 3452 5398 sicut
3484 5345 3668 5398 horam
3703 5341 3946 5412 praevidit

2410 5436 2504 5489 sibi
2538 5435 2825 5488 nativitatis
2852 5450 2977 5497 suze,
3011 5434 3080 5486 ita
3120 5435 3303 5486 horam
3330 5433 3718 5500 prtedestinuvit
3739 5431 3943 5497 passio-
