  <div class='ocr_page' id='page_1' title='image "/cluster/home/n/w/nwhite01/storage/ocr_20150623/100/uva.x000827058/432.png"; bbox 0 0 4266 6212; ppageno 0'>
   <div class='ocr_carea' id='block_1_1' title="bbox 392 391 492 447">
    <p class='ocr_par' dir='ltr' id='par_1_1' title="bbox 392 391 492 447">
     <span class='ocr_line' id='line_1_1' title="bbox 392 391 492 447; baseline -0.02 0"><span class='ocrx_word' id='word_1_1' title='bbox 392 391 492 447; x_wconf 65' lang='grc'><strong>819</strong></span> 
     </span>
    </p>
   </div>
   <div class='ocr_carea' id='block_1_2' title="bbox 1178 367 2763 442">
    <p class='ocr_par' dir='ltr' id='par_1_2' title="bbox 1178 367 2763 442">
     <span class='ocr_line' id='line_1_2' title="bbox 1178 367 2763 442; baseline -0.015 1"><span class='ocrx_word' id='word_1_2' title='bbox 1178 384 1574 442; x_wconf 72' lang='lat' dir='ltr'><strong>EXEGETICA.</strong></span> <span class='ocrx_word' id='word_1_3' title='bbox 1614 413 1683 424; x_wconf 90' lang='lat'><strong><em>—</em></strong></span> <span class='ocrx_word' id='word_1_4' title='bbox 1717 374 2062 436; x_wconf 64' lang='grc' dir='ltr'><strong>(ΖΟΠΜΕΝΤ.</strong></span> <span class='ocrx_word' id='word_1_5' title='bbox 2099 373 2164 427; x_wconf 73' lang='lat' dir='ltr'><strong>lN</strong></span> <span class='ocrx_word' id='word_1_6' title='bbox 2198 370 2382 427; x_wconf 49' lang='lat'><strong>10.1)&quot;.</strong></span> <span class='ocrx_word' id='word_1_7' title='bbox 2421 402 2485 409; x_wconf 89' lang='lat'><strong>—</strong></span> <span class='ocrx_word' id='word_1_8' title='bbox 2524 368 2647 424; x_wconf 80' lang='lat' dir='ltr'><strong>LIB.</strong></span> <span class='ocrx_word' id='word_1_9' title='bbox 2678 367 2763 422; x_wconf 74' lang='grc' dir='ltr'><strong>Π.</strong></span> 
     </span>
    </p>
   </div>
   <div class='ocr_carea' id='block_1_3' title="bbox 3460 354 3562 411">
    <p class='ocr_par' dir='ltr' id='par_1_3' title="bbox 3460 354 3562 411">
     <span class='ocr_line' id='line_1_3' title="bbox 3460 354 3562 411; baseline 0 -6"><span class='ocrx_word' id='word_1_10' title='bbox 3460 354 3562 411; x_wconf 75' lang='lat'><strong>850</strong></span> 
     </span>
    </p>
   </div>
   <div class='ocr_carea' id='block_1_4' title="bbox 391 461 3564 564">
    <p class='ocr_par' dir='ltr' id='par_1_4' title="bbox 391 461 3564 564">
     <span class='ocr_line' id='line_1_4' title="bbox 391 461 3564 564; baseline -0.013 -9"><span class='ocrx_word' id='word_1_11' title='bbox 391 500 478 555; x_wconf 83' lang='lat' dir='ltr'><strong>nis</strong></span> <span class='ocrx_word' id='word_1_12' title='bbox 499 511 624 552; x_wconf 67' lang='lat' dir='ltr'><strong>suis.</strong></span> <span class='ocrx_word' id='word_1_13' title='bbox 666 494 722 552; x_wconf 83' lang='lat' dir='ltr'><strong>Si</strong></span> <span class='ocrx_word' id='word_1_14' title='bbox 756 494 887 548; x_wconf 86' lang='lat' dir='ltr'><strong>hora</strong></span> <span class='ocrx_word' id='word_1_15' title='bbox 925 495 1111 548; x_wconf 85' lang='lat' dir='ltr'><strong>mortis</strong></span> <span class='ocrx_word' id='word_1_16' title='bbox 1143 504 1336 548; x_wconf 70' lang='lat' dir='ltr'><strong>nostra:</strong></span> <span class='ocrx_word' id='word_1_17' title='bbox 1369 492 1500 564; x_wconf 75' lang='grc' dir='ltr'><strong>[Αι.,</strong></span> <span class='ocrx_word' id='word_1_18' title='bbox 1526 488 1656 560; x_wconf 80' lang='lat' dir='ltr'><strong>suae]</strong></span> <span class='ocrx_word' id='word_1_19' title='bbox 1686 488 1827 541; x_wconf 85' lang='lat' dir='ltr'><strong>illius</strong></span> <span class='ocrx_word' id='word_1_20' title='bbox 1849 490 1935 538; x_wconf 88' lang='lat' dir='ltr'><strong>est</strong></span> <span class='ocrx_word' id='word_1_21' title='bbox 1962 487 2003 539; x_wconf 75' lang='grc' dir='ltr'><strong>Α</strong></span> <span class='ocrx_word' id='word_1_22' title='bbox 2031 482 2197 532; x_wconf 76' lang='lat' dir='ltr'><strong>iturus</strong></span> <span class='ocrx_word' id='word_1_23' title='bbox 2238 488 2348 542; x_wconf 87' lang='lat' dir='ltr'><strong>est,</strong></span> <span class='ocrx_word' id='word_1_24' title='bbox 2388 488 2436 531; x_wconf 89' lang='lat' dir='ltr'><strong>et</strong></span> <span class='ocrx_word' id='word_1_25' title='bbox 2477 480 2717 530; x_wconf 81' lang='lat' dir='ltr'><strong>docturus</strong></span> <span class='ocrx_word' id='word_1_26' title='bbox 2755 473 2962 543; x_wconf 76' lang='lat' dir='ltr'><strong>gentes?</strong></span> <span class='ocrx_word' id='word_1_27' title='bbox 3003 469 3116 524; x_wconf 79' lang='lat' dir='ltr'><strong>Non</strong></span> <span class='ocrx_word' id='word_1_28' title='bbox 3153 467 3294 521; x_wconf 91' lang='lat' dir='ltr'><strong>enim</strong></span> <span class='ocrx_word' id='word_1_29' title='bbox 3332 461 3564 519; x_wconf 73' lang='lat' dir='ltr'><strong>sciebant</strong></span> 
     </span>
    </p>
   </div>
   <div class='ocr_carea' id='block_1_5' title="bbox 392 572 1933 652">
    <p class='ocr_par' dir='ltr' id='par_1_5' title="bbox 392 572 1933 652">
     <span class='ocr_line' id='line_1_5' title="bbox 392 572 1933 652; baseline -0.011 -10"><span class='ocrx_word' id='word_1_30' title='bbox 392 583 655 650; x_wconf 86' lang='lat' dir='ltr'><strong>voluntas,</strong></span> <span class='ocrx_word' id='word_1_31' title='bbox 684 591 880 652; x_wconf 81' lang='lat' dir='ltr'><strong>quanto</strong></span> <span class='ocrx_word' id='word_1_32' title='bbox 915 583 1082 652; x_wconf 87' lang='lat' dir='ltr'><strong>magis</strong></span> <span class='ocrx_word' id='word_1_33' title='bbox 1112 582 1244 651; x_wconf 84' lang='lat' dir='ltr'><strong>hora</strong></span> <span class='ocrx_word' id='word_1_34' title='bbox 1267 579 1526 650; x_wconf 80' lang='lat' dir='ltr'><strong>passionis</strong></span> <span class='ocrx_word' id='word_1_35' title='bbox 1561 592 1669 632; x_wconf 79' lang='lat' dir='ltr'><strong>sua:</strong></span> <span class='ocrx_word' id='word_1_36' title='bbox 1704 576 1759 628; x_wconf 92' lang='lat' dir='ltr'><strong>in</strong></span> <span class='ocrx_word' id='word_1_37' title='bbox 1793 572 1933 626; x_wconf 78' lang='lat' dir='ltr'><strong>arbi-</strong></span> 
     </span>
    </p>
   </div>
   <div class='ocr_carea' id='block_1_6' title="bbox 390 663 1932 739">
    <p class='ocr_par' dir='ltr' id='par_1_6' title="bbox 390 663 1932 739">
     <span class='ocr_line' id='line_1_6' title="bbox 390 663 1932 739; baseline -0.009 -10"><span class='ocrx_word' id='word_1_38' title='bbox 390 673 499 730; x_wconf 86' lang='lat' dir='ltr'><strong>trio</strong></span> <span class='ocrx_word' id='word_1_39' title='bbox 523 671 810 728; x_wconf 71' lang='lat' dir='ltr'><strong>voluntatis</strong></span> <span class='ocrx_word' id='word_1_40' title='bbox 839 686 949 726; x_wconf 67' lang='lat' dir='ltr'><strong>suae</strong></span> <span class='ocrx_word' id='word_1_41' title='bbox 971 667 1149 725; x_wconf 81' lang='lat' dir='ltr'><strong>venit?</strong></span> <span class='ocrx_word' id='word_1_42' title='bbox 1180 688 1197 721; x_wconf 84' lang='lat' dir='ltr'><strong>t</strong></span> <span class='ocrx_word' id='word_1_43' title='bbox 1234 668 1421 739; x_wconf 70' lang='lat' dir='ltr'><strong>Magna</strong></span> <span class='ocrx_word' id='word_1_44' title='bbox 1446 668 1605 736; x_wconf 94' lang='lat' dir='ltr'><strong>igitur</strong></span> <span class='ocrx_word' id='word_1_45' title='bbox 1631 663 1932 718; x_wconf 86' lang='lat' dir='ltr'><strong>misericor-</strong></span> 
     </span>
    </p>
   </div>
   <div class='ocr_carea' id='block_1_7' title="bbox 394 750 1935 820">
    <p class='ocr_par' dir='ltr' id='par_1_7' title="bbox 394 750 1935 820">
     <span class='ocr_line' id='line_1_7' title="bbox 394 750 1935 820; baseline -0.011 -2"><span class='ocrx_word' id='word_1_46' title='bbox 394 765 481 818; x_wconf 90' lang='lat' dir='ltr'><strong>dia</strong></span> <span class='ocrx_word' id='word_1_47' title='bbox 521 759 730 816; x_wconf 82' lang='lat' dir='ltr'><strong>Domini</strong></span> <span class='ocrx_word' id='word_1_48' title='bbox 776 760 946 814; x_wconf 87' lang='lat' dir='ltr'><strong>nostri</strong></span> <span class='ocrx_word' id='word_1_49' title='bbox 987 755 1114 812; x_wconf 78' lang='lat' dir='ltr'><strong>lesu</strong></span> <span class='ocrx_word' id='word_1_50' title='bbox 1155 750 1374 820; x_wconf 80' lang='lat' dir='ltr'><strong>Christi,</strong></span> <span class='ocrx_word' id='word_1_51' title='bbox 1416 754 1614 808; x_wconf 86' lang='lat' dir='ltr'><strong>factum</strong></span> <span class='ocrx_word' id='word_1_52' title='bbox 1653 765 1771 805; x_wconf 88' lang='lat' dir='ltr'><strong>esse</strong></span> <span class='ocrx_word' id='word_1_53' title='bbox 1814 762 1935 802; x_wconf 85' lang='lat' dir='ltr'><strong>eum</strong></span> 
     </span>
    </p>
   </div>
   <div class='ocr_carea' id='block_1_8' title="bbox 396 838 1937 920">
    <p class='ocr_par' dir='ltr' id='par_1_8' title="bbox 396 838 1937 920">
     <span class='ocr_line' id='line_1_8' title="bbox 396 838 1937 920; baseline -0.011 -15"><span class='ocrx_word' id='word_1_54' title='bbox 396 857 611 920; x_wconf 84' lang='lat' dir='ltr'><strong>propter</strong></span> <span class='ocrx_word' id='word_1_55' title='bbox 642 864 740 902; x_wconf 89' lang='lat' dir='ltr'><strong>nos</strong></span> <span class='ocrx_word' id='word_1_56' title='bbox 772 849 825 902; x_wconf 89' lang='lat' dir='ltr'><strong>in</strong></span> <span class='ocrx_word' id='word_1_57' title='bbox 861 844 1116 916; x_wconf 85' lang='lat' dir='ltr'><strong>tempore,</strong></span> <span class='ocrx_word' id='word_1_58' title='bbox 1156 858 1253 914; x_wconf 90' lang='lat' dir='ltr'><strong>per</strong></span> <span class='ocrx_word' id='word_1_59' title='bbox 1283 838 1441 912; x_wconf 83' lang='lat' dir='ltr'><strong>quem</strong></span> <span class='ocrx_word' id='word_1_60' title='bbox 1476 841 1611 894; x_wconf 80' lang='lat' dir='ltr'><strong>facta</strong></span> <span class='ocrx_word' id='word_1_61' title='bbox 1649 845 1770 892; x_wconf 89' lang='lat' dir='ltr'><strong>sunt</strong></span> <span class='ocrx_word' id='word_1_62' title='bbox 1805 845 1937 890; x_wconf 88' lang='lat' dir='ltr'><strong>tem-</strong></span> 
     </span>
    </p>
   </div>
   <div class='ocr_carea' id='block_1_9' title="bbox 397 924 1940 1007">
    <p class='ocr_par' dir='ltr' id='par_1_9' title="bbox 397 924 1940 1007">
     <span class='ocr_line' id='line_1_9' title="bbox 397 924 1940 1007; baseline -0.012 -14"><span class='ocrx_word' id='word_1_63' title='bbox 397 953 559 1007; x_wconf 87' lang='lat' dir='ltr'><strong>pora;</strong></span> <span class='ocrx_word' id='word_1_64' title='bbox 592 936 786 991; x_wconf 88' lang='lat' dir='ltr'><strong>factum</strong></span> <span class='ocrx_word' id='word_1_65' title='bbox 807 949 925 989; x_wconf 89' lang='lat' dir='ltr'><strong>esse</strong></span> <span class='ocrx_word' id='word_1_66' title='bbox 949 934 1086 988; x_wconf 90' lang='lat' dir='ltr'><strong>inter</strong></span> <span class='ocrx_word' id='word_1_67' title='bbox 1113 931 1288 986; x_wconf 80' lang='lat' dir='ltr'><strong>omnia</strong></span> <span class='ocrx_word' id='word_1_68' title='bbox 1306 970 1322 994; x_wconf 97' lang='lat'><strong>,</strong></span> <span class='ocrx_word' id='word_1_69' title='bbox 1348 944 1446 999; x_wconf 84' lang='lat' dir='ltr'><strong>per</strong></span> <span class='ocrx_word' id='word_1_70' title='bbox 1471 942 1628 998; x_wconf 86' lang='lat' dir='ltr'><strong>quem</strong></span> <span class='ocrx_word' id='word_1_71' title='bbox 1651 924 1786 980; x_wconf 81' lang='lat' dir='ltr'><strong>facta</strong></span> <span class='ocrx_word' id='word_1_72' title='bbox 1814 929 1940 978; x_wconf 87' lang='lat' dir='ltr'><strong>sunt</strong></span> 
     </span>
    </p>
   </div>
   <div class='ocr_carea' id='block_1_10' title="bbox 397 1011 1934 1092">
    <p class='ocr_par' dir='ltr' id='par_1_10' title="bbox 397 1011 1934 1092">
     <span class='ocr_line' id='line_1_10' title="bbox 397 1011 1934 1092; baseline -0.009 -14"><span class='ocrx_word' id='word_1_73' title='bbox 397 1029 573 1082; x_wconf 81' lang='lat' dir='ltr'><strong>omnia</strong></span> <span class='ocrx_word' id='word_1_74' title='bbox 596 1046 609 1080; x_wconf 90' lang='lat'>:</span> <span class='ocrx_word' id='word_1_75' title='bbox 636 1027 828 1082; x_wconf 87' lang='lat' dir='ltr'><strong>factum</strong></span> <span class='ocrx_word' id='word_1_76' title='bbox 848 1040 965 1080; x_wconf 89' lang='lat' dir='ltr'><strong>esse</strong></span> <span class='ocrx_word' id='word_1_77' title='bbox 986 1023 1125 1092; x_wconf 87' lang='lat' dir='ltr'><strong>quod</strong></span> <span class='ocrx_word' id='word_1_78' title='bbox 1147 1018 1270 1076; x_wconf 90' lang='lat' dir='ltr'><strong>fecit</strong></span> <span class='ocrx_word' id='word_1_79' title='bbox 1291 1018 1444 1092; x_wconf 74' lang='lat' dir='ltr'><strong>[ls.,</strong></span> <span class='ocrx_word' id='word_1_80' title='bbox 1466 1017 1604 1087; x_wconf 89' lang='lat' dir='ltr'><strong>quod</strong></span> <span class='ocrx_word' id='word_1_81' title='bbox 1620 1015 1793 1070; x_wconf 80' lang='lat' dir='ltr'><strong>factus</strong></span> <span class='ocrx_word' id='word_1_82' title='bbox 1808 1011 1934 1082; x_wconf 86' lang='lat' dir='ltr'><strong>est],</strong></span> 
     </span>
    </p>
   </div>
   <div class='ocr_carea' id='block_1_11' title="bbox 397 1099 1937 1184">
    <p class='ocr_par' dir='ltr' id='par_1_11' title="bbox 397 1099 1937 1184">
     <span class='ocr_line' id='line_1_11' title="bbox 397 1099 1937 1184; baseline -0.01 -16"><span class='ocrx_word' id='word_1_83' title='bbox 397 1127 458 1171; x_wconf 85' lang='lat' dir='ltr'><strong>ut</strong></span> <span class='ocrx_word' id='word_1_84' title='bbox 487 1117 717 1172; x_wconf 83' lang='lat' dir='ltr'><strong>salvaret</strong></span> <span class='ocrx_word' id='word_1_85' title='bbox 742 1113 883 1184; x_wconf 88' lang='lat' dir='ltr'><strong>quod</strong></span> <span class='ocrx_word' id='word_1_86' title='bbox 918 1112 1134 1167; x_wconf 78' lang='lat' dir='ltr'><strong>fecerat.</strong></span> <span class='ocrx_word' id='word_1_87' title='bbox 1173 1110 1365 1164; x_wconf 81' lang='lat' dir='ltr'><strong>Factus</strong></span> <span class='ocrx_word' id='word_1_88' title='bbox 1388 1113 1470 1162; x_wconf 85' lang='lat' dir='ltr'><strong>est</strong></span> <span class='ocrx_word' id='word_1_89' title='bbox 1490 1105 1632 1159; x_wconf 87' lang='lat' dir='ltr'><strong>enim</strong></span> <span class='ocrx_word' id='word_1_90' title='bbox 1662 1104 1822 1158; x_wconf 89' lang='lat' dir='ltr'><strong>homo</strong></span> <span class='ocrx_word' id='word_1_91' title='bbox 1848 1099 1937 1169; x_wconf 85' lang='lat' dir='ltr'><strong>qui</strong></span> 
     </span>
    </p>
   </div>
   <div class='ocr_carea' id='block_1_12' title="bbox 397 1191 1939 1272">
    <p class='ocr_par' dir='ltr' id='par_1_12' title="bbox 397 1191 1939 1272">
     <span class='ocr_line' id='line_1_12' title="bbox 397 1191 1939 1272; baseline -0.013 -10"><span class='ocrx_word' id='word_1_92' title='bbox 397 1207 664 1262; x_wconf 87' lang='lat' dir='ltr'><strong>hominem</strong></span> <span class='ocrx_word' id='word_1_93' title='bbox 689 1205 907 1268; x_wconf 81' lang='lat' dir='ltr'><strong>fecerat,</strong></span> <span class='ocrx_word' id='word_1_94' title='bbox 929 1219 995 1257; x_wconf 91' lang='lat' dir='ltr'><strong>ne</strong></span> <span class='ocrx_word' id='word_1_95' title='bbox 1017 1202 1218 1272; x_wconf 82' lang='lat' dir='ltr'><strong>periret</strong></span> <span class='ocrx_word' id='word_1_96' title='bbox 1239 1197 1379 1268; x_wconf 91' lang='lat' dir='ltr'><strong>quod</strong></span> <span class='ocrx_word' id='word_1_97' title='bbox 1403 1197 1618 1272; x_wconf 79' lang='lat' dir='ltr'><strong>fecerat.</strong></span> <span class='ocrx_word' id='word_1_98' title='bbox 1640 1191 1939 1249; x_wconf 87' lang='lat' dir='ltr'><strong>Secundum</strong></span> 
     </span>
    </p>
   </div>
   <div class='ocr_carea' id='block_1_13' title="bbox 397 1283 1942 1364">
    <p class='ocr_par' dir='ltr' id='par_1_13' title="bbox 397 1283 1942 1364">
     <span class='ocr_line' id='line_1_13' title="bbox 397 1283 1942 1364; baseline -0.011 -13"><span class='ocrx_word' id='word_1_99' title='bbox 397 1292 540 1350; x_wconf 81' lang='lat' dir='ltr'><strong>lianc</strong></span> <span class='ocrx_word' id='word_1_100' title='bbox 560 1295 1001 1364; x_wconf 83' lang='lat' dir='ltr'><strong>dispensationem</strong></span> <span class='ocrx_word' id='word_1_101' title='bbox 1020 1288 1129 1360; x_wconf 79' lang='lat' dir='ltr'><strong>jam</strong></span> <span class='ocrx_word' id='word_1_102' title='bbox 1158 1296 1377 1343; x_wconf 81' lang='lat' dir='ltr'><strong>venerat</strong></span> <span class='ocrx_word' id='word_1_103' title='bbox 1399 1289 1533 1341; x_wconf 89' lang='lat' dir='ltr'><strong>hora</strong></span> <span class='ocrx_word' id='word_1_104' title='bbox 1556 1283 1862 1346; x_wconf 82' lang='lat' dir='ltr'><strong>nativitatis,</strong></span> <span class='ocrx_word' id='word_1_105' title='bbox 1887 1290 1942 1334; x_wconf 90' lang='lat' dir='ltr'><strong>et</strong></span> 
     </span>
    </p>
   </div>
   <div class='ocr_carea' id='block_1_14' title="bbox 401 1368 1941 1446">
    <p class='ocr_par' dir='ltr' id='par_1_14' title="bbox 401 1368 1941 1446">
     <span class='ocr_line' id='line_1_14' title="bbox 401 1368 1941 1446; baseline -0.013 -4"><span class='ocrx_word' id='word_1_106' title='bbox 401 1397 559 1442; x_wconf 78' lang='lat' dir='ltr'><strong>natus</strong></span> <span class='ocrx_word' id='word_1_107' title='bbox 576 1393 692 1441; x_wconf 89' lang='lat' dir='ltr'><strong>erat</strong></span> <span class='ocrx_word' id='word_1_108' title='bbox 713 1403 727 1438; x_wconf 86' lang='lat'><strong>:</strong></span> <span class='ocrx_word' id='word_1_109' title='bbox 750 1383 842 1439; x_wconf 90' lang='lat' dir='ltr'><strong>sed</strong></span> <span class='ocrx_word' id='word_1_110' title='bbox 864 1381 1098 1436; x_wconf 87' lang='lat' dir='ltr'><strong>nondum</strong></span> <span class='ocrx_word' id='word_1_111' title='bbox 1113 1386 1330 1446; x_wconf 71' lang='lat' dir='ltr'><strong>venerat</strong></span> <span class='ocrx_word' id='word_1_112' title='bbox 1354 1377 1486 1431; x_wconf 85' lang='lat' dir='ltr'><strong>hora</strong></span> <span class='ocrx_word' id='word_1_113' title='bbox 1513 1372 1802 1444; x_wconf 85' lang='lat' dir='ltr'><strong>passionis;</strong></span> <span class='ocrx_word' id='word_1_114' title='bbox 1825 1368 1941 1423; x_wconf 89' lang='lat' dir='ltr'><strong>ideo</strong></span> 
     </span>
    </p>
   </div>
   <div class='ocr_carea' id='block_1_15' title="bbox 402 1459 1940 1544">
    <p class='ocr_par' dir='ltr' id='par_1_15' title="bbox 402 1459 1940 1544">
     <span class='ocr_line' id='line_1_15' title="bbox 402 1459 1940 1544; baseline -0.012 -13"><span class='ocrx_word' id='word_1_115' title='bbox 402 1475 631 1532; x_wconf 71' lang='lat' dir='ltr'><strong>nondum</strong></span> <span class='ocrx_word' id='word_1_116' title='bbox 655 1487 843 1544; x_wconf 87' lang='lat' dir='ltr'><strong>passus</strong></span> <span class='ocrx_word' id='word_1_117' title='bbox 865 1479 999 1534; x_wconf 91' lang='lat' dir='ltr'><strong>erat,</strong></span> <span class='ocrx_word' id='word_1_118' title='bbox 1032 1489 1050 1521; x_wconf 68' lang='grc' dir='ltr'>ι</span> <span class='ocrx_word' id='word_1_119' title='bbox 1076 1469 1198 1537; x_wconf 86' lang='lat' dir='ltr'><strong>quia</strong></span> <span class='ocrx_word' id='word_1_120' title='bbox 1228 1465 1451 1520; x_wconf 87' lang='lat' dir='ltr'><strong>necdum</strong></span> <span class='ocrx_word' id='word_1_121' title='bbox 1467 1469 1687 1517; x_wconf 89' lang='lat' dir='ltr'><strong>venerat</strong></span> <span class='ocrx_word' id='word_1_122' title='bbox 1711 1461 1862 1524; x_wconf 90' lang='lat' dir='ltr'><strong>hora,</strong></span> <span class='ocrx_word' id='word_1_123' title='bbox 1887 1459 1940 1512; x_wconf 89' lang='lat' dir='ltr'><strong>in</strong></span> 
     </span>
    </p>
   </div>
   <div class='ocr_carea' id='block_1_16' title="bbox 403 1549 1942 1633">
    <p class='ocr_par' dir='ltr' id='par_1_16' title="bbox 403 1549 1942 1633">
     <span class='ocr_line' id='line_1_16' title="bbox 403 1549 1942 1633; baseline -0.011 -16"><span class='ocrx_word' id='word_1_124' title='bbox 403 1580 506 1632; x_wconf 82' lang='lat' dir='ltr'><strong>qua</strong></span> <span class='ocrx_word' id='word_1_125' title='bbox 529 1561 638 1633; x_wconf 82' lang='lat' dir='ltr'><strong>pati</strong></span> <span class='ocrx_word' id='word_1_126' title='bbox 663 1559 928 1617; x_wconf 86' lang='lat' dir='ltr'><strong>voluisset.</strong></span> <span class='ocrx_word' id='word_1_127' title='bbox 955 1559 1078 1612; x_wconf 88' lang='lat' dir='ltr'><strong>ideo</strong></span> <span class='ocrx_word' id='word_1_128' title='bbox 1106 1558 1158 1610; x_wconf 91' lang='lat' dir='ltr'><strong>in</strong></span> <span class='ocrx_word' id='word_1_129' title='bbox 1187 1569 1343 1610; x_wconf 86' lang='lat' dir='ltr'><strong>cruce</strong></span> <span class='ocrx_word' id='word_1_130' title='bbox 1367 1553 1562 1622; x_wconf 78' lang='lat' dir='ltr'><strong>legitur</strong></span> <span class='ocrx_word' id='word_1_131' title='bbox 1583 1565 1703 1604; x_wconf 91' lang='lat' dir='ltr'><strong>eum</strong></span> <span class='ocrx_word' id='word_1_132' title='bbox 1728 1549 1942 1610; x_wconf 79' lang='lat' dir='ltr'><strong>dixisse,</strong></span> 
     </span>
    </p>
   </div>
   <div class='ocr_carea' id='block_1_17' title="bbox 404 1636 1946 1716">
    <p class='ocr_par' dir='ltr' id='par_1_17' title="bbox 404 1636 1946 1716">
     <span class='ocr_line' id='line_1_17' title="bbox 404 1636 1946 1716; baseline -0.01 -12"><span class='ocrx_word' id='word_1_133' title='bbox 404 1652 529 1704; x_wconf 89' lang='lat' dir='ltr'><strong>dum</strong></span> <span class='ocrx_word' id='word_1_134' title='bbox 570 1650 744 1704; x_wconf 90' lang='lat' dir='ltr'><strong>omnia</strong></span> <span class='ocrx_word' id='word_1_135' title='bbox 789 1646 1021 1716; x_wconf 87' lang='lat' dir='ltr'><strong>perfecta</strong></span> <span class='ocrx_word' id='word_1_136' title='bbox 1066 1643 1274 1697; x_wconf 76' lang='lat' dir='ltr'><strong>fuerant</strong></span> <span class='ocrx_word' id='word_1_137' title='bbox 1317 1639 1602 1695; x_wconf 88' lang='lat' dir='ltr'><strong>secundum</strong></span> <span class='ocrx_word' id='word_1_138' title='bbox 1628 1636 1946 1707; x_wconf 25' lang='lat' dir='ltr'><strong>,Scripturas</strong></span> 
     </span>
    </p>
   </div>
   <div class='ocr_carea' id='block_1_18' title="bbox 404 1725 1948 1809">
    <p class='ocr_par' dir='ltr' id='par_1_18' title="bbox 404 1725 1948 1809">
     <span class='ocr_line' id='line_1_18' title="bbox 404 1725 1948 1809; baseline -0.014 -15"><span class='ocrx_word' id='word_1_139' title='bbox 404 1740 779 1809; x_wconf 84' lang='lat' dir='ltr'><strong>prophetarum</strong></span> <span class='ocrx_word' id='word_1_140' title='bbox 798 1776 813 1801; x_wconf 95' lang='lat'><strong>,</strong></span> <span class='ocrx_word' id='word_1_141' title='bbox 847 1738 1252 1788; x_wconf 78' lang='lat' dir='ltr'><strong>consummatum</strong></span> <span class='ocrx_word' id='word_1_142' title='bbox 1283 1738 1376 1782; x_wconf 89' lang='lat' dir='ltr'><strong>est.</strong></span> <span class='ocrx_word' id='word_1_143' title='bbox 1418 1727 1481 1779; x_wconf 83' lang='lat' dir='ltr'><strong>Et</strong></span> <span class='ocrx_word' id='word_1_144' title='bbox 1507 1725 1752 1778; x_wconf 78' lang='lat' dir='ltr'><strong>inclinato</strong></span> <span class='ocrx_word' id='word_1_145' title='bbox 1784 1725 1948 1792; x_wconf 85' lang='lat' dir='ltr'><strong>capite</strong></span> 
     </span>
    </p>
   </div>
   <div class='ocr_carea' id='block_1_19' title="bbox 2030 557 3567 638">
    <p class='ocr_par' dir='ltr' id='par_1_19' title="bbox 2030 557 3567 638">
     <span class='ocr_line' id='line_1_19' title="bbox 2030 557 3567 638; baseline -0.009 -15"><span class='ocrx_word' id='word_1_146' title='bbox 2030 570 2155 638; x_wconf 87' lang='lat' dir='ltr'><strong>quid</strong></span> <span class='ocrx_word' id='word_1_147' title='bbox 2179 569 2408 623; x_wconf 83' lang='lat' dir='ltr'><strong>dixerint</strong></span> <span class='ocrx_word' id='word_1_148' title='bbox 2434 565 2584 638; x_wconf 77' lang='lat' dir='ltr'><strong>[Hs.,</strong></span> <span class='ocrx_word' id='word_1_149' title='bbox 2607 565 2746 635; x_wconf 90' lang='lat' dir='ltr'><strong>quod</strong></span> <span class='ocrx_word' id='word_1_150' title='bbox 2772 560 3068 633; x_wconf 78' lang='lat' dir='ltr'><strong>dixerunt];</strong></span> <span class='ocrx_word' id='word_1_151' title='bbox 3099 561 3188 615; x_wconf 90' lang='lat' dir='ltr'><strong>sed</strong></span> <span class='ocrx_word' id='word_1_152' title='bbox 3217 558 3337 627; x_wconf 86' lang='lat' dir='ltr'><strong>quia</strong></span> <span class='ocrx_word' id='word_1_153' title='bbox 3365 557 3450 611; x_wconf 87' lang='lat' dir='ltr'><strong>ille</strong></span> <span class='ocrx_word' id='word_1_154' title='bbox 3474 570 3567 609; x_wconf 91' lang='lat' dir='ltr'><strong>vo-</strong></span> 
     </span>
    </p>
   </div>
   <div class='ocr_carea' id='block_1_20' title="bbox 2031 647 3566 728">
    <p class='ocr_par' dir='ltr' id='par_1_20' title="bbox 2031 647 3566 728">
     <span class='ocr_line' id='line_1_20' title="bbox 2031 647 3566 728; baseline -0.008 -18"><span class='ocrx_word' id='word_1_155' title='bbox 2031 657 2147 722; x_wconf 85' lang='lat' dir='ltr'><strong>luit,</strong></span> <span class='ocrx_word' id='word_1_156' title='bbox 2181 657 2644 728; x_wconf 88' lang='lat' dir='ltr'><strong>propbetaverunt.</strong></span> <span class='ocrx_word' id='word_1_157' title='bbox 2681 654 2855 708; x_wconf 86' lang='lat' dir='ltr'><strong>iturus</strong></span> <span class='ocrx_word' id='word_1_158' title='bbox 2889 653 3030 707; x_wconf 89' lang='lat' dir='ltr'><strong>enim</strong></span> <span class='ocrx_word' id='word_1_159' title='bbox 3060 656 3174 704; x_wconf 89' lang='lat' dir='ltr'><strong>erat</strong></span> <span class='ocrx_word' id='word_1_160' title='bbox 3213 647 3465 701; x_wconf 86' lang='lat' dir='ltr'><strong>Dominus</strong></span> <span class='ocrx_word' id='word_1_161' title='bbox 3501 647 3566 698; x_wconf 89' lang='lat' dir='ltr'><strong>ad</strong></span> 
     </span>
    </p>
   </div>
   <div class='ocr_carea' id='block_1_21' title="bbox 2032 737 3571 822">
    <p class='ocr_par' dir='ltr' id='par_1_21' title="bbox 2032 737 3571 822">
     <span class='ocr_line' id='line_1_21' title="bbox 2032 737 3571 822; baseline -0.011 -19"><span class='ocrx_word' id='word_1_162' title='bbox 2032 757 2234 817; x_wconf 88' lang='lat' dir='ltr'><strong>gentes,</strong></span> <span class='ocrx_word' id='word_1_163' title='bbox 2259 761 2364 800; x_wconf 91' lang='lat' dir='ltr'><strong>non</strong></span> <span class='ocrx_word' id='word_1_164' title='bbox 2388 743 2667 822; x_wconf 61' lang='lat' dir='ltr'><strong>praesentia</strong></span> <span class='ocrx_word' id='word_1_165' title='bbox 2703 741 2942 812; x_wconf 81' lang='lat' dir='ltr'><strong>cerporis</strong></span> <span class='ocrx_word' id='word_1_166' title='bbox 2966 740 3066 800; x_wconf 90' lang='lat' dir='ltr'><strong>sui,</strong></span> <span class='ocrx_word' id='word_1_167' title='bbox 3116 757 3134 790; x_wconf 71' lang='grc' dir='ltr'><strong><em>ι</em></strong></span> <span class='ocrx_word' id='word_1_168' title='bbox 3181 737 3274 790; x_wconf 88' lang='lat' dir='ltr'><strong>sed</strong></span> <span class='ocrx_word' id='word_1_169' title='bbox 3307 740 3571 804; x_wconf 83' lang='lat' dir='ltr'><strong>potestate</strong></span> 
     </span>
    </p>
   </div>
   <div class='ocr_carea' id='block_1_22' title="bbox 2033 819 3562 905">
    <p class='ocr_par' dir='ltr' id='par_1_22' title="bbox 2033 819 3562 905">
     <span class='ocr_line' id='line_1_22' title="bbox 2033 819 3562 905; baseline -0.013 -14"><span class='ocrx_word' id='word_1_170' title='bbox 2033 837 2207 891; x_wconf 86' lang='lat' dir='ltr'><strong>divina</strong></span> <span class='ocrx_word' id='word_1_171' title='bbox 2229 837 2283 889; x_wconf 91' lang='lat' dir='ltr'><strong>in</strong></span> <span class='ocrx_word' id='word_1_172' title='bbox 2319 819 2588 903; x_wconf 83' lang='lat' dir='ltr'><strong>discipulis</strong></span> <span class='ocrx_word' id='word_1_173' title='bbox 2622 819 2751 896; x_wconf 77' lang='lat' dir='ltr'><strong>suis,</strong></span> <span class='ocrx_word' id='word_1_174' title='bbox 2771 832 2838 885; x_wconf 87' lang='lat' dir='ltr'><strong>de</strong></span> <span class='ocrx_word' id='word_1_175' title='bbox 2862 829 3065 905; x_wconf 65' lang='lat' dir='ltr'><strong>quibus</strong></span> <span class='ocrx_word' id='word_1_176' title='bbox 3104 824 3236 882; x_wconf 76' lang='lat' dir='ltr'><strong>dixit</strong></span> <span class='ocrx_word' id='word_1_177' title='bbox 3267 823 3562 891; x_wconf 83' lang='lat' dir='ltr'><strong>Pmpheta:</strong></span> 
     </span>
    </p>
   </div>
   <div class='ocr_carea' id='block_1_23' title="bbox 2036 913 3566 993">
    <p class='ocr_par' dir='ltr' id='par_1_23' title="bbox 2036 913 3566 993">
     <span class='ocr_line' id='line_1_23' title="bbox 2036 913 3566 993; baseline -0.016 -9"><span class='ocrx_word' id='word_1_178' title='bbox 2036 925 2204 989; x_wconf 72' lang='lat' dir='ltr'><strong>Quam</strong></span> <span class='ocrx_word' id='word_1_179' title='bbox 2240 923 2444 993; x_wconf 76' lang='lat' dir='ltr'><strong>pulchri</strong></span> <span class='ocrx_word' id='word_1_180' title='bbox 2479 919 2638 991; x_wconf 72' lang='lat'><strong><em>539</em></strong></span> <span class='ocrx_word' id='word_1_181' title='bbox 2671 916 2808 974; x_wconf 68' lang='lat' dir='ltr'><strong>sunt!</strong></span> <span class='ocrx_word' id='word_1_182' title='bbox 2825 916 2982 989; x_wconf 76' lang='lat' dir='ltr'><strong>pedes</strong></span> <span class='ocrx_word' id='word_1_183' title='bbox 2995 913 3566 992; x_wconf 55' lang='lat' dir='ltr'><strong>euangelizandume</strong></span> 
     </span>
    </p>
   </div>
   <div class='ocr_carea' id='block_1_24' title="bbox 2034 996 3567 1079">
    <p class='ocr_par' dir='ltr' id='par_1_24' title="bbox 2034 996 3567 1079">
     <span class='ocr_line' id='line_1_24' title="bbox 2034 996 3567 1079; baseline -0.008 -13"><span class='ocrx_word' id='word_1_184' title='bbox 2034 1030 2171 1076; x_wconf 81' lang='lat' dir='ltr'><strong>cem,</strong></span> <span class='ocrx_word' id='word_1_185' title='bbox 2205 1010 2660 1079; x_wconf 57' lang='lat' dir='ltr'><strong>euangelizandum</strong></span> <span class='ocrx_word' id='word_1_186' title='bbox 2685 1002 3031 1077; x_wconf 49' lang='lat' dir='ltr'><strong>hominem.</strong></span> <span class='ocrx_word' id='word_1_187' title='bbox 3048 996 3118 1068; x_wconf 61' lang='grc' dir='ltr'><strong>ιζ</strong></span> <span class='ocrx_word' id='word_1_188' title='bbox 3132 1003 3252 1075; x_wconf 73' lang='grc' dir='ltr'><strong>15)Ῥ</strong></span> <span class='ocrx_word' id='word_1_189' title='bbox 3281 1002 3346 1056; x_wconf 66' lang='lat' dir='ltr'><strong>in</strong></span> <span class='ocrx_word' id='word_1_190' title='bbox 3369 1001 3454 1055; x_wconf 87' lang='lat' dir='ltr'><strong>his</strong></span> <span class='ocrx_word' id='word_1_191' title='bbox 3475 1015 3567 1070; x_wconf 77' lang='lat' dir='ltr'><strong>pc-</strong></span> 
     </span>
    </p>
   </div>
   <div class='ocr_carea' id='block_1_25' title="bbox 2036 1087 3568 1162">
    <p class='ocr_par' dir='ltr' id='par_1_25' title="bbox 2036 1087 3568 1162">
     <span class='ocr_line' id='line_1_25' title="bbox 2036 1087 3568 1162; baseline -0.007 -10"><span class='ocrx_word' id='word_1_192' title='bbox 2036 1098 2188 1152; x_wconf 86' lang='lat' dir='ltr'><strong>dibus</strong></span> <span class='ocrx_word' id='word_1_193' title='bbox 2212 1096 2455 1151; x_wconf 84' lang='lat' dir='ltr'><strong>Christus</strong></span> <span class='ocrx_word' id='word_1_194' title='bbox 2480 1095 2652 1150; x_wconf 87' lang='lat' dir='ltr'><strong>iturus</strong></span> <span class='ocrx_word' id='word_1_195' title='bbox 2683 1102 2800 1148; x_wconf 87' lang='lat' dir='ltr'><strong>erat</strong></span> <span class='ocrx_word' id='word_1_196' title='bbox 2826 1093 2892 1147; x_wconf 91' lang='lat' dir='ltr'><strong>ad</strong></span> <span class='ocrx_word' id='word_1_197' title='bbox 2924 1102 3125 1162; x_wconf 79' lang='lat' dir='ltr'><strong>gentes,</strong></span> <span class='ocrx_word' id='word_1_198' title='bbox 3152 1099 3206 1145; x_wconf 90' lang='lat' dir='ltr'><strong>et</strong></span> <span class='ocrx_word' id='word_1_199' title='bbox 3228 1093 3324 1161; x_wconf 80' lang='lat' dir='ltr'><strong>per</strong></span> <span class='ocrx_word' id='word_1_200' title='bbox 3357 1104 3450 1144; x_wconf 87' lang='lat' dir='ltr'><strong>eos</strong></span> <span class='ocrx_word' id='word_1_201' title='bbox 3471 1087 3568 1142; x_wconf 56' lang='lat' dir='ltr'><strong>dno</strong></span> 
     </span>
    </p>
   </div>
   <div class='ocr_carea' id='block_1_26' title="bbox 2037 1181 3580 1253">
    <p class='ocr_par' dir='ltr' id='par_1_26' title="bbox 2037 1181 3580 1253">
     <span class='ocr_line' id='line_1_26' title="bbox 2037 1181 3580 1253; baseline -0.005 -15"><span class='ocrx_word' id='word_1_202' title='bbox 2037 1194 2220 1238; x_wconf 84' lang='lat' dir='ltr'><strong>cturus</strong></span> <span class='ocrx_word' id='word_1_203' title='bbox 2263 1191 2464 1253; x_wconf 79' lang='lat' dir='ltr'><strong>gentes,</strong></span> <span class='ocrx_word' id='word_1_204' title='bbox 2506 1190 2567 1236; x_wconf 93' lang='lat' dir='ltr'><strong>ut</strong></span> <span class='ocrx_word' id='word_1_205' title='bbox 2607 1181 2763 1236; x_wconf 82' lang='lat' dir='ltr'><strong>iidem</strong></span> <span class='ocrx_word' id='word_1_206' title='bbox 2806 1181 3128 1250; x_wconf 83' lang='lat' dir='ltr'><strong>accepissent</strong></span> <span class='ocrx_word' id='word_1_207' title='bbox 3167 1187 3368 1249; x_wconf 84' lang='lat' dir='ltr'><strong>gentes,</strong></span> <span class='ocrx_word' id='word_1_208' title='bbox 3414 1192 3580 1246; x_wconf 83' lang='lat' dir='ltr'><strong>quam</strong></span> 
     </span>
    </p>
   </div>
   <div class='ocr_carea' id='block_1_27' title="bbox 2037 1267 3575 1342">
    <p class='ocr_par' dir='ltr' id='par_1_27' title="bbox 2037 1267 3575 1342">
     <span class='ocr_line' id='line_1_27' title="bbox 2037 1267 3575 1342; baseline -0.003 -18"><span class='ocrx_word' id='word_1_209' title='bbox 2037 1271 2200 1325; x_wconf 66' lang='lat' dir='ltr'><strong>Judaei</strong></span> <span class='ocrx_word' id='word_1_210' title='bbox 2244 1267 2594 1340; x_wconf 58' lang='lat' dir='ltr'><strong>spreverunt;</strong></span> <span class='ocrx_word' id='word_1_211' title='bbox 2617 1268 2716 1335; x_wconf 90' lang='lat' dir='ltr'><strong>Qui</strong></span> <span class='ocrx_word' id='word_1_212' title='bbox 2742 1284 2926 1342; x_wconf 88' lang='lat' dir='ltr'><strong>verum</strong></span> <span class='ocrx_word' id='word_1_213' title='bbox 2955 1268 3575 1341; x_wconf 73' lang='lat' dir='ltr'><strong>nescientes,&#39;propheta-</strong></span> 
     </span>
    </p>
   </div>
   <div class='ocr_carea' id='block_1_28' title="bbox 2037 1343 3577 1428">
    <p class='ocr_par' dir='ltr' id='par_1_28' title="bbox 2037 1343 3577 1428">
     <span class='ocr_line' id='line_1_28' title="bbox 2037 1343 3577 1428; baseline -0.002 -18"><span class='ocrx_word' id='word_1_214' title='bbox 2037 1367 2247 1421; x_wconf 82' lang='lat' dir='ltr'><strong>velunt,</strong></span> <span class='ocrx_word' id='word_1_215' title='bbox 2273 1360 2363 1427; x_wconf 90' lang='lat' dir='ltr'><strong>qui</strong></span> <span class='ocrx_word' id='word_1_216' title='bbox 2389 1356 2538 1428; x_wconf 69' lang='lat' dir='ltr'><strong>[ls.,</strong></span> <span class='ocrx_word' id='word_1_217' title='bbox 2570 1343 2717 1428; x_wconf 80' lang='lat' dir='ltr'><strong>quia]</strong></span> <span class='ocrx_word' id='word_1_218' title='bbox 2741 1353 2795 1412; x_wconf 88' lang='lat' dir='ltr'><strong>et</strong></span> <span class='ocrx_word' id='word_1_219' title='bbox 2819 1351 3189 1426; x_wconf 80' lang='lat' dir='ltr'><strong>ignoraveruut</strong></span> <span class='ocrx_word' id='word_1_220' title='bbox 3211 1354 3477 1409; x_wconf 82' lang='lat' dir='ltr'><strong>Christum</strong></span> <span class='ocrx_word' id='word_1_221' title='bbox 3499 1355 3577 1408; x_wconf 80' lang='lat' dir='ltr'><strong>di-</strong></span> 
     </span>
    </p>
   </div>
   <div class='ocr_carea' id='block_1_29' title="bbox 2039 1441 3572 1512">
    <p class='ocr_par' dir='ltr' id='par_1_29' title="bbox 2039 1441 3572 1512">
     <span class='ocr_line' id='line_1_29' title="bbox 2039 1441 3572 1512; baseline -0.003 -16"><span class='ocrx_word' id='word_1_222' title='bbox 2039 1451 2244 1497; x_wconf 88' lang='lat' dir='ltr'><strong>centem</strong></span> <span class='ocrx_word' id='word_1_223' title='bbox 2289 1460 2302 1494; x_wconf 93' lang='lat'><strong>:</strong></span> <span class='ocrx_word' id='word_1_224' title='bbox 2346 1442 2415 1496; x_wconf 83' lang='lat' dir='ltr'><strong>Et</strong></span> <span class='ocrx_word' id='word_1_225' title='bbox 2453 1442 2542 1496; x_wconf 80' lang='lat' dir='ltr'><strong>ubi</strong></span> <span class='ocrx_word' id='word_1_226' title='bbox 2578 1457 2668 1512; x_wconf 74' lang='lat' dir='ltr'><strong>ego</strong></span> <span class='ocrx_word' id='word_1_227' title='bbox 2706 1458 2842 1504; x_wconf 77' lang='lat' dir='ltr'><strong>sum,</strong></span> <span class='ocrx_word' id='word_1_228' title='bbox 2883 1457 2971 1494; x_wconf 74' lang='lat' dir='ltr'><strong>eos</strong></span> <span class='ocrx_word' id='word_1_229' title='bbox 3010 1441 3354 1509; x_wconf 76' lang='lat' dir='ltr'><strong>non&#39;potestis</strong></span> <span class='ocrx_word' id='word_1_230' title='bbox 3389 1441 3572 1507; x_wconf 69' lang='lat' dir='ltr'><strong>uenire.</strong></span> 
     </span>
    </p>
   </div>
   <div class='ocr_carea' id='block_1_30' title="bbox 2040 1524 3573 1601">
    <p class='ocr_par' dir='ltr' id='par_1_30' title="bbox 2040 1524 3573 1601">
     <span class='ocr_line' id='line_1_30' title="bbox 2040 1524 3573 1601; baseline -0.003 -16"><span class='ocrx_word' id='word_1_231' title='bbox 2040 1533 2214 1600; x_wconf 84' lang='lat' dir='ltr'><strong>Quare</strong></span> <span class='ocrx_word' id='word_1_232' title='bbox 2252 1547 2354 1587; x_wconf 92' lang='lat' dir='ltr'><strong>non</strong></span> <span class='ocrx_word' id='word_1_233' title='bbox 2380 1524 2604 1601; x_wconf 84' lang='lat' dir='ltr'><strong>petestis</strong></span> <span class='ocrx_word' id='word_1_234' title='bbox 2628 1530 2843 1585; x_wconf 78' lang='lat' dir='ltr'><strong>venire?</strong></span> <span class='ocrx_word' id='word_1_235' title='bbox 2876 1529 3001 1598; x_wconf 83' lang='lat' dir='ltr'><strong>quia</strong></span> <span class='ocrx_word' id='word_1_236' title='bbox 3027 1543 3130 1582; x_wconf 90' lang='lat' dir='ltr'><strong>non</strong></span> <span class='ocrx_word' id='word_1_237' title='bbox 3157 1528 3315 1582; x_wconf 78' lang='lat' dir='ltr'><strong>vultis</strong></span> <span class='ocrx_word' id='word_1_238' title='bbox 3338 1528 3573 1582; x_wconf 83' lang='lat' dir='ltr'><strong>credere.</strong></span> 
     </span>
    </p>
   </div>
   <div class='ocr_carea' id='block_1_31' title="bbox 2042 1601 3576 1698">
    <p class='ocr_par' dir='ltr' id='par_1_31' title="bbox 2042 1601 3576 1698">
     <span class='ocr_line' id='line_1_31' title="bbox 2042 1601 3576 1698; baseline -0.005 -23"><span class='ocrx_word' id='word_1_239' title='bbox 2042 1621 2178 1686; x_wconf 88' lang='lat' dir='ltr'><strong>Quid</strong></span> <span class='ocrx_word' id='word_1_240' title='bbox 2201 1623 2283 1698; x_wconf 84' lang='lat' dir='ltr'><strong>est</strong></span> <span class='ocrx_word' id='word_1_241' title='bbox 2306 1619 2446 1697; x_wconf 87' lang='lat' dir='ltr'><strong>quod</strong></span> <span class='ocrx_word' id='word_1_242' title='bbox 2469 1619 2626 1697; x_wconf 74' lang='lat' dir='ltr'><strong>dixit,</strong></span> <span class='ocrx_word' id='word_1_243' title='bbox 2649 1618 2738 1674; x_wconf 76' lang='lat' dir='ltr'><strong>ubi</strong></span> <span class='ocrx_word' id='word_1_244' title='bbox 2764 1620 2875 1672; x_wconf 81' lang='lat' dir='ltr'><strong>sum</strong></span> <span class='ocrx_word' id='word_1_245' title='bbox 2896 1616 3132 1688; x_wconf 50' lang='grc' dir='ltr'><strong>θερέω</strong></span> <span class='ocrx_word' id='word_1_246' title='bbox 3159 1615 3354 1669; x_wconf 72' lang='lat' dir='ltr'><strong>in&#39;sin&#39;u</strong></span> <span class='ocrx_word' id='word_1_247' title='bbox 3380 1601 3576 1677; x_wconf 79' lang='lat' dir='ltr'><strong>Patris,</strong></span> 
     </span>
    </p>
   </div>
   <div class='ocr_carea' id='block_1_32' title="bbox 2042 1703 3578 1776">
    <p class='ocr_par' dir='ltr' id='par_1_32' title="bbox 2042 1703 3578 1776">
     <span class='ocr_line' id='line_1_32' title="bbox 2042 1703 3578 1776; baseline -0.003 -14"><span class='ocrx_word' id='word_1_248' title='bbox 2042 1705 2498 1776; x_wconf 79' lang='lat' dir='ltr'><strong>consempiternns</strong></span> <span class='ocrx_word' id='word_1_249' title='bbox 2523 1706 2668 1760; x_wconf 87' lang='lat' dir='ltr'><strong>Patri</strong></span> <span class='ocrx_word' id='word_1_250' title='bbox 2695 1706 2852 1760; x_wconf 77' lang='lat' dir='ltr'><strong>sum?</strong></span> <span class='ocrx_word' id='word_1_251' title='bbox 2875 1704 2934 1758; x_wconf 89' lang='lat' dir='ltr'><strong>ln</strong></span> <span class='ocrx_word' id='word_1_252' title='bbox 2959 1713 3103 1759; x_wconf 84' lang='lat' dir='ltr'><strong>terra</strong></span> <span class='ocrx_word' id='word_1_253' title='bbox 3127 1703 3455 1772; x_wconf 87' lang='lat' dir='ltr'><strong>loquebatur,</strong></span> <span class='ocrx_word' id='word_1_254' title='bbox 3485 1703 3578 1757; x_wconf 84' lang='lat' dir='ltr'><strong>sed</strong></span> 
     </span>
    </p>
   </div>
   <div class='ocr_carea' id='block_1_33' title="bbox 406 1786 3038 1896">
    <p class='ocr_par' dir='ltr' id='par_1_33' title="bbox 406 1786 3038 1896">
     <span class='ocr_line' id='line_1_33' title="bbox 406 1786 3038 1896; baseline -0.013 -17"><span class='ocrx_word' id='word_1_255' title='bbox 406 1786 892 1896; x_wconf 62' lang='lat' dir='ltr'><strong>7..J.2Ei‘.‘;.~&#39;.’ii...</strong></span> <span class='ocrx_word' id='word_1_256' title='bbox 926 1786 1102 1893; x_wconf 58' lang='grc' dir='ltr'><strong>ζιοαη.</strong></span> <span class='ocrx_word' id='word_1_257' title='bbox 1138 1835 1258 1883; x_wconf 73' lang='grc' dir='ltr'><strong>ιιι,</strong></span> <span class='ocrx_word' id='word_1_258' title='bbox 1292 1817 1400 1888; x_wconf 72' lang='lat' dir='ltr'><strong>so).</strong></span> <span class='ocrx_word' id='word_1_259' title='bbox 1434 1816 1568 1869; x_wconf 85' lang='lat' dir='ltr'><strong>Dum</strong></span> <span class='ocrx_word' id='word_1_260' title='bbox 1600 1828 1727 1868; x_wconf 88' lang='lat' dir='ltr'><strong>vero</strong></span> <span class='ocrx_word' id='word_1_261' title='bbox 1757 1786 1944 1873; x_wconf 78' lang='lat' dir='ltr'><strong>voluit,</strong></span> <span class='ocrx_word' id='word_1_262' title='bbox 1976 1786 2020 1844; x_wconf 80' lang='grc' dir='ltr'><strong>Β</strong></span> <span class='ocrx_word' id='word_1_263' title='bbox 2046 1797 2099 1850; x_wconf 89' lang='lat' dir='ltr'><strong>in</strong></span> <span class='ocrx_word' id='word_1_264' title='bbox 2127 1795 2300 1896; x_wconf 60' lang='lat' dir='ltr'><strong>Patris</strong></span> <span class='ocrx_word' id='word_1_265' title='bbox 2327 1795 2444 1849; x_wconf 74' lang='lat' dir='ltr'><strong>sinu</strong></span> <span class='ocrx_word' id='word_1_266' title='bbox 2469 1808 2527 1896; x_wconf 68' lang='lat' dir='ltr'><strong>se</strong></span> <span class='ocrx_word' id='word_1_267' title='bbox 2551 1793 3038 1896; x_wconf 44' lang='lat' dir='ltr'><strong>esse-monstrabat.</strong></span> 
     </span>
    </p>
   </div>
   <div class='ocr_carea' id='block_1_34' title="bbox 406 1905 1948 1978">
    <p class='ocr_par' dir='ltr' id='par_1_34' title="bbox 406 1905 1948 1978">
     <span class='ocr_line' id='line_1_34' title="bbox 406 1905 1948 1978; baseline -0.012 -8"><span class='ocrx_word' id='word_1_268' title='bbox 406 1922 769 1970; x_wconf 83' lang='lat' dir='ltr'><strong>consummata</strong></span> <span class='ocrx_word' id='word_1_269' title='bbox 797 1911 1007 1964; x_wconf 91' lang='lat' dir='ltr'><strong>fuerunt</strong></span> <span class='ocrx_word' id='word_1_270' title='bbox 1031 1925 1149 1978; x_wconf 63' lang='lat' dir='ltr'><strong>qua</strong></span> <span class='ocrx_word' id='word_1_271' title='bbox 1172 1909 1236 1969; x_wconf 87' lang='lat' dir='ltr'><strong>de</strong></span> <span class='ocrx_word' id='word_1_272' title='bbox 1259 1921 1323 1960; x_wconf 91' lang='lat' dir='ltr'><strong>eo</strong></span> <span class='ocrx_word' id='word_1_273' title='bbox 1349 1905 1543 1972; x_wconf 87' lang='lat' dir='ltr'><strong>scripta</strong></span> <span class='ocrx_word' id='word_1_274' title='bbox 1567 1911 1690 1957; x_wconf 90' lang='lat' dir='ltr'><strong>sunt</strong></span> <span class='ocrx_word' id='word_1_275' title='bbox 1711 1919 1725 1954; x_wconf 88' lang='lat'><strong>:</strong></span> <span class='ocrx_word' id='word_1_276' title='bbox 1749 1911 1802 1955; x_wconf 90' lang='lat' dir='ltr'><strong>et</strong></span> <span class='ocrx_word' id='word_1_277' title='bbox 1824 1915 1948 1954; x_wconf 85' lang='lat' dir='ltr'><strong>con-</strong></span> 
     </span>
    </p>
   </div>
   <div class='ocr_carea' id='block_1_35' title="bbox 408 1988 1946 2066">
    <p class='ocr_par' dir='ltr' id='par_1_35' title="bbox 408 1988 1946 2066">
     <span class='ocr_line' id='line_1_35' title="bbox 408 1988 1946 2066; baseline -0.01 -11"><span class='ocrx_word' id='word_1_278' title='bbox 408 2000 684 2055; x_wconf 79' lang='lat' dir='ltr'><strong>summatis</strong></span> <span class='ocrx_word' id='word_1_279' title='bbox 700 1999 959 2060; x_wconf 86' lang='lat' dir='ltr'><strong>omnibus,</strong></span> <span class='ocrx_word' id='word_1_280' title='bbox 981 2002 1245 2066; x_wconf 87' lang='lat' dir='ltr'><strong>potestate</strong></span> <span class='ocrx_word' id='word_1_281' title='bbox 1262 1991 1475 2061; x_wconf 88' lang='lat' dir='ltr'><strong>propria</strong></span> <span class='ocrx_word' id='word_1_282' title='bbox 1493 1989 1666 2044; x_wconf 83' lang='lat' dir='ltr'><strong>emisit</strong></span> <span class='ocrx_word' id='word_1_283' title='bbox 1685 1988 1946 2057; x_wconf 88' lang='lat' dir='ltr'><strong>spiritum.</strong></span> 
     </span>
    </p>
   </div>
   <div class='ocr_carea' id='block_1_36' title="bbox 958 2116 1398 2177">
    <p class='ocr_par' dir='ltr' id='par_1_36' title="bbox 958 2116 1398 2177">
     <span class='ocr_line' id='line_1_36' title="bbox 958 2116 1398 2177; baseline -0.016 0"><span class='ocrx_word' id='word_1_284' title='bbox 958 2119 1179 2177; x_wconf 79' lang='lat' dir='ltr'><strong>CAPUT</strong></span> <span class='ocrx_word' id='word_1_285' title='bbox 1215 2116 1398 2172; x_wconf 74' lang='lat' dir='ltr'><strong>XVIII.</strong></span> 
     </span>
    </p>
   </div>
   <div class='ocr_carea' id='block_1_37' title="bbox 414 2202 1958 2274">
    <p class='ocr_par' dir='ltr' id='par_1_37' title="bbox 414 2202 1958 2274">
     <span class='ocr_line' id='line_1_37' title="bbox 414 2202 1958 2274; baseline -0.012 -5"><span class='ocrx_word' id='word_1_286' title='bbox 414 2215 593 2268; x_wconf 66' lang='lat' dir='ltr'><strong>luitis</strong></span> <span class='ocrx_word' id='word_1_287' title='bbox 627 2213 691 2266; x_wconf 81' lang='lat' dir='ltr'><strong>de</strong></span> <span class='ocrx_word' id='word_1_288' title='bbox 725 2212 877 2265; x_wconf 67' lang='lat' dir='ltr'><strong>turbo</strong></span> <span class='ocrx_word' id='word_1_289' title='bbox 913 2208 1231 2262; x_wconf 75' lang='lat' dir='ltr'><strong>credentibus</strong></span> <span class='ocrx_word' id='word_1_290' title='bbox 1266 2205 1492 2274; x_wconf 72' lang='lat' dir='ltr'><strong>plurima</strong></span> <span class='ocrx_word' id='word_1_291' title='bbox 1530 2202 1783 2274; x_wconf 74' lang='lat' dir='ltr'><strong>loquitur,</strong></span> <span class='ocrx_word' id='word_1_292' title='bbox 1809 2202 1958 2274; x_wconf 59' lang='lat' dir='ltr'><strong>inter</strong></span> 
     </span>
    </p>
   </div>
   <div class='ocr_carea' id='block_1_38' title="bbox 479 2267 1956 2352">
    <p class='ocr_par' dir='ltr' id='par_1_38' title="bbox 479 2267 1956 2352">
     <span class='ocr_line' id='line_1_38' title="bbox 479 2267 1956 2352; baseline -0.012 -18"><span class='ocrx_word' id='word_1_293' title='bbox 479 2267 595 2352; x_wconf 69' lang='lat' dir='ltr'><strong>ante</strong></span> <span class='ocrx_word' id='word_1_294' title='bbox 621 2282 693 2332; x_wconf 89' lang='lat' dir='ltr'><strong>ait</strong></span> <span class='ocrx_word' id='word_1_295' title='bbox 722 2294 741 2329; x_wconf 84' lang='lat'><strong>.&#39;</strong></span> <span class='ocrx_word' id='word_1_296' title='bbox 771 2278 870 2342; x_wconf 86' lang='lat' dir='ltr'><strong>Qui</strong></span> <span class='ocrx_word' id='word_1_297' title='bbox 898 2277 1043 2352; x_wconf 79' lang='lat' dir='ltr'><strong>sitit.</strong></span> <span class='ocrx_word' id='word_1_298' title='bbox 1060 2274 1246 2352; x_wconf 51' lang='lat' dir='ltr'><strong>veniat</strong></span> <span class='ocrx_word' id='word_1_299' title='bbox 1266 2267 1338 2352; x_wconf 65' lang='lat' dir='ltr'><strong>&#39;ad</strong></span> <span class='ocrx_word' id='word_1_300' title='bbox 1355 2286 1486 2352; x_wconf 44' lang='lat' dir='ltr'><strong>.me.</strong></span> <span class='ocrx_word' id='word_1_301' title='bbox 1515 2278 1568 2348; x_wconf 75' lang='lat' dir='ltr'><strong>et</strong></span> <span class='ocrx_word' id='word_1_302' title='bbox 1591 2267 1758 2352; x_wconf 63' lang='lat' dir='ltr'><strong>bibat.</strong></span> <span class='ocrx_word' id='word_1_303' title='bbox 1799 2267 1956 2352; x_wconf 48' lang='lat' dir='ltr'><strong>lyco-</strong></span> 
     </span>
    </p>
   </div>
   <div class='ocr_carea' id='block_1_39' title="bbox 477 2333 1958 2428">
    <p class='ocr_par' dir='ltr' id='par_1_39' title="bbox 477 2333 1958 2428">
     <span class='ocr_line' id='line_1_39' title="bbox 477 2333 1958 2428; baseline -0.011 -25"><span class='ocrx_word' id='word_1_304' title='bbox 477 2333 628 2428; x_wconf 66' lang='lat' dir='ltr'><strong>demo</strong></span> <span class='ocrx_word' id='word_1_305' title='bbox 657 2333 854 2416; x_wconf 55' lang='lat' dir='ltr'><strong>quoque</strong></span> <span class='ocrx_word' id='word_1_306' title='bbox 879 2344 942 2397; x_wconf 88' lang='lat' dir='ltr'><strong>de</strong></span> <span class='ocrx_word' id='word_1_307' title='bbox 973 2342 1235 2396; x_wconf 74' lang='lat' dir='ltr'><strong>audientis</strong></span> <span class='ocrx_word' id='word_1_308' title='bbox 1268 2340 1429 2408; x_wconf 77' lang='lat' dir='ltr'><strong>ipsius</strong></span> <span class='ocrx_word' id='word_1_309' title='bbox 1465 2338 1718 2391; x_wconf 74' lang='lat' dir='ltr'><strong>resistitur</strong></span> <span class='ocrx_word' id='word_1_310' title='bbox 1751 2353 1783 2389; x_wconf 90' lang='lat' dir='ltr'><strong>a</strong></span> <span class='ocrx_word' id='word_1_311' title='bbox 1818 2333 1958 2387; x_wconf 78' lang='lat' dir='ltr'><strong>Pha-</strong></span> 
     </span>
    </p>
   </div>
   <div class='ocr_carea' id='block_1_40' title="bbox 487 2431 671 2472">
    <p class='ocr_par' dir='ltr' id='par_1_40' title="bbox 487 2431 671 2472">
     <span class='ocr_line' id='line_1_40' title="bbox 487 2431 671 2472; baseline -0.016 0"><span class='ocrx_word' id='word_1_312' title='bbox 487 2431 671 2472; x_wconf 68' lang='lat' dir='ltr'><strong>mets.</strong></span> 
     </span>
    </p>
   </div>
   <div class='ocr_carea' id='block_1_41' title="bbox 490 2485 1960 2578">
    <p class='ocr_par' dir='ltr' id='par_1_41' title="bbox 490 2485 1960 2578">
     <span class='ocr_line' id='line_1_41' title="bbox 490 2485 1960 2578; baseline -0.009 0"><span class='ocrx_word' id='word_1_313' title='bbox 490 2545 509 2578; x_wconf 84' lang='lat' dir='ltr'><strong>t</strong></span> <span class='ocrx_word' id='word_1_314' title='bbox 546 2537 571 2566; x_wconf 81' lang='grc' dir='ltr'>ι</span> <span class='ocrx_word' id='word_1_315' title='bbox 602 2524 678 2578; x_wconf 84' lang='lat' dir='ltr'><strong>De</strong></span> <span class='ocrx_word' id='word_1_316' title='bbox 704 2522 853 2577; x_wconf 68' lang='lat' dir='ltr'><strong>turba</strong></span> <span class='ocrx_word' id='word_1_317' title='bbox 878 2531 1048 2575; x_wconf 75' lang='lat' dir='ltr'><strong>autem</strong></span> <span class='ocrx_word' id='word_1_318' title='bbox 1075 2518 1223 2574; x_wconf 70' lang='lat' dir='ltr'><strong>inulti</strong></span> <span class='ocrx_word' id='word_1_319' title='bbox 1251 2517 1575 2573; x_wconf 81' lang='lat' dir='ltr'><strong>crediderunt</strong></span> <span class='ocrx_word' id='word_1_320' title='bbox 1599 2516 1656 2570; x_wconf 75' lang='lat' dir='ltr'><strong>in&quot;</strong></span> <span class='ocrx_word' id='word_1_321' title='bbox 1678 2532 1810 2569; x_wconf 68' lang='lat' dir='ltr'><strong>eum</strong></span> <span class='ocrx_word' id='word_1_322' title='bbox 1853 2485 1960 2567; x_wconf 53' lang='lat' dir='ltr'><strong>illi?</strong></span> 
     </span>
    </p>
   </div>
   <div class='ocr_carea' id='block_1_42' title="bbox 415 2601 1961 2695">
    <p class='ocr_par' dir='ltr' id='par_1_42' title="bbox 415 2601 1961 2695">
     <span class='ocr_line' id='line_1_42' title="bbox 415 2601 1961 2695; baseline -0.011 -27"><span class='ocrx_word' id='word_1_323' title='bbox 415 2613 572 2668; x_wconf 82' lang='lat' dir='ltr'><strong>miles</strong></span> <span class='ocrx_word' id='word_1_324' title='bbox 588 2620 642 2665; x_wconf 87' lang='lat' dir='ltr'><strong>et</strong></span> <span class='ocrx_word' id='word_1_325' title='bbox 660 2623 920 2695; x_wconf 83' lang='lat' dir='ltr'><strong>pauperes</strong></span> <span class='ocrx_word' id='word_1_326' title='bbox 942 2608 1118 2661; x_wconf 85' lang='lat' dir='ltr'><strong>salvos</strong></span> <span class='ocrx_word' id='word_1_327' title='bbox 1140 2605 1368 2660; x_wconf 85' lang='lat' dir='ltr'><strong>faciebat</strong></span> <span class='ocrx_word' id='word_1_328' title='bbox 1385 2603 1640 2687; x_wconf 79' lang='lat' dir='ltr'><strong>Duminus</strong></span> <span class='ocrx_word' id='word_1_329' title='bbox 1662 2619 1676 2654; x_wconf 90' lang='lat'><strong>:</strong></span> <span class='ocrx_word' id='word_1_330' title='bbox 1696 2601 1961 2669; x_wconf 85' lang='lat' dir='ltr'><strong>principes</strong></span> 
     </span>
    </p>
   </div>
   <div class='ocr_carea' id='block_1_43' title="bbox 417 2689 1961 2763">
    <p class='ocr_par' dir='ltr' id='par_1_43' title="bbox 417 2689 1961 2763">
     <span class='ocr_line' id='line_1_43' title="bbox 417 2689 1961 2763; baseline -0.008 -9"><span class='ocrx_word' id='word_1_331' title='bbox 417 2691 769 2763; x_wconf 84' lang='lat' dir='ltr'><strong>iusaniebant,</strong></span> <span class='ocrx_word' id='word_1_332' title='bbox 794 2706 847 2751; x_wconf 90' lang='lat' dir='ltr'><strong>et</strong></span> <span class='ocrx_word' id='word_1_333' title='bbox 869 2697 986 2750; x_wconf 86' lang='lat' dir='ltr'><strong>ideo</strong></span> <span class='ocrx_word' id='word_1_334' title='bbox 1010 2696 1271 2750; x_wconf 88' lang='lat' dir='ltr'><strong>medicum</strong></span> <span class='ocrx_word' id='word_1_335' title='bbox 1295 2708 1399 2748; x_wconf 90' lang='lat' dir='ltr'><strong>non</strong></span> <span class='ocrx_word' id='word_1_336' title='bbox 1428 2693 1597 2747; x_wconf 87' lang='lat' dir='ltr'><strong>solum</strong></span> <span class='ocrx_word' id='word_1_337' title='bbox 1622 2689 1772 2762; x_wconf 90' lang='lat' dir='ltr'><strong>[non]</strong></span> <span class='ocrx_word' id='word_1_338' title='bbox 1799 2704 1961 2760; x_wconf 87' lang='lat' dir='ltr'><strong>agno-</strong></span> 
     </span>
    </p>
   </div>
   <div class='ocr_carea' id='block_1_44' title="bbox 417 2779 1958 2854">
    <p class='ocr_par' dir='ltr' id='par_1_44' title="bbox 417 2779 1958 2854">
     <span class='ocr_line' id='line_1_44' title="bbox 417 2779 1958 2854; baseline -0.006 -11"><span class='ocrx_word' id='word_1_339' title='bbox 417 2789 657 2852; x_wconf 81' lang='lat' dir='ltr'><strong>scebant,</strong></span> <span class='ocrx_word' id='word_1_340' title='bbox 682 2787 776 2842; x_wconf 85' lang='lat' dir='ltr'><strong>sed</strong></span> <span class='ocrx_word' id='word_1_341' title='bbox 802 2786 962 2841; x_wconf 89' lang='lat' dir='ltr'><strong>etiam</strong></span> <span class='ocrx_word' id='word_1_342' title='bbox 979 2785 1220 2841; x_wconf 89' lang='lat' dir='ltr'><strong>occidere</strong></span> <span class='ocrx_word' id='word_1_343' title='bbox 1247 2783 1542 2854; x_wconf 88' lang='lat' dir='ltr'><strong>cupiebant.</strong></span> <span class='ocrx_word' id='word_1_344' title='bbox 1573 2781 1702 2834; x_wconf 82' lang='lat' dir='ltr'><strong>Erat</strong></span> <span class='ocrx_word' id='word_1_345' title='bbox 1720 2779 1958 2850; x_wconf 70' lang='lat' dir='ltr'><strong>quaedam</strong></span> 
     </span>
    </p>
   </div>
   <div class='ocr_carea' id='block_1_45' title="bbox 2121 1869 3654 1954">
    <p class='ocr_par' dir='ltr' id='par_1_45' title="bbox 2121 1869 3654 1954">
     <span class='ocr_line' id='line_1_45' title="bbox 2121 1869 3654 1954; baseline -0.002 -15"><span class='ocrx_word' id='word_1_346' title='bbox 2121 1905 2141 1939; x_wconf 83' lang='grc'>‹</span> <span class='ocrx_word' id='word_1_347' title='bbox 2169 1888 2198 1927; x_wconf 70' lang='grc' dir='ltr'>δ</span> <span class='ocrx_word' id='word_1_348' title='bbox 2222 1869 2610 1941; x_wconf 65' lang='lat' dir='ltr'><strong>lutet-catum</strong></span> <span class='ocrx_word' id='word_1_349' title='bbox 2646 1885 3058 1954; x_wconf 84' lang='lat' dir='ltr'><strong>dispensationes</strong></span> <span class='ocrx_word' id='word_1_350' title='bbox 3083 1883 3294 1939; x_wconf 84' lang='lat' dir='ltr'><strong>Domini</strong></span> <span class='ocrx_word' id='word_1_351' title='bbox 3315 1883 3502 1947; x_wconf 83' lang='lat' dir='ltr'><strong>nostri,</strong></span> <span class='ocrx_word' id='word_1_352' title='bbox 3527 1878 3583 1937; x_wconf 84' lang='lat' dir='ltr'><strong>et</strong></span> <span class='ocrx_word' id='word_1_353' title='bbox 3651 1869 3654 1872; x_wconf 77' lang='grc'><strong>’</strong></span> 
     </span>
    </p>
   </div>
   <div class='ocr_carea' id='block_1_46' title="bbox 2047 1961 3582 2038">
    <p class='ocr_par' dir='ltr' id='par_1_46' title="bbox 2047 1961 3582 2038">
     <span class='ocr_line' id='line_1_46' title="bbox 2047 1961 3582 2038; baseline -0.004 -8"><span class='ocrx_word' id='word_1_354' title='bbox 2047 1975 2318 2030; x_wconf 81' lang='lat' dir='ltr'><strong>doctrinas</strong></span> <span class='ocrx_word' id='word_1_355' title='bbox 2352 1961 2538 2029; x_wconf 85' lang='lat' dir='ltr'><strong>salutis</strong></span> <span class='ocrx_word' id='word_1_356' title='bbox 2565 1979 2783 2038; x_wconf 65' lang='lat' dir='ltr'><strong>nostra,</strong></span> <span class='ocrx_word' id='word_1_357' title='bbox 2806 1978 2862 2026; x_wconf 91' lang='lat' dir='ltr'><strong>et</strong></span> <span class='ocrx_word' id='word_1_358' title='bbox 2885 1970 3240 2029; x_wconf 75' lang='lat' dir='ltr'><strong>dubitationes</strong></span> <span class='ocrx_word' id='word_1_359' title='bbox 3279 1966 3582 2025; x_wconf 66' lang='lat' dir='ltr'><strong>intimorum</strong></span> 
     </span>
    </p>
   </div>
   <div class='ocr_carea' id='block_1_47' title="bbox 2049 2055 3582 2132">
    <p class='ocr_par' dir='ltr' id='par_1_47' title="bbox 2049 2055 3582 2132">
     <span class='ocr_line' id='line_1_47' title="bbox 2049 2055 3582 2132; baseline -0.003 -12"><span class='ocrx_word' id='word_1_360' title='bbox 2049 2067 2116 2120; x_wconf 92' lang='lat' dir='ltr'><strong>de</strong></span> <span class='ocrx_word' id='word_1_361' title='bbox 2129 2066 2350 2119; x_wconf 90' lang='lat' dir='ltr'><strong>Domino</strong></span> <span class='ocrx_word' id='word_1_362' title='bbox 2364 2061 2486 2128; x_wconf 69' lang='lat' dir='ltr'><strong>Iesu</strong></span> <span class='ocrx_word' id='word_1_363' title='bbox 2505 2057 2724 2117; x_wconf 82' lang='lat' dir='ltr'><strong>Christo</strong></span> <span class='ocrx_word' id='word_1_364' title='bbox 2737 2055 2854 2131; x_wconf 75' lang='lat' dir='ltr'><strong>qua:</strong></span> <span class='ocrx_word' id='word_1_365' title='bbox 2875 2063 3030 2127; x_wconf 79' lang='lat' dir='ltr'><strong>dixit,</strong></span> <span class='ocrx_word' id='word_1_366' title='bbox 3053 2063 3244 2132; x_wconf 76' lang='lat' dir='ltr'><strong>quibus</strong></span> <span class='ocrx_word' id='word_1_367' title='bbox 3262 2061 3351 2116; x_wconf 86' lang='lat' dir='ltr'><strong>alii</strong></span> <span class='ocrx_word' id='word_1_368' title='bbox 3364 2059 3582 2126; x_wconf 67' lang='lat' dir='ltr'><strong>confun-</strong></span> 
     </span>
    </p>
   </div>
   <div class='ocr_carea' id='block_1_48' title="bbox 2040 2147 3584 2216">
    <p class='ocr_par' dir='ltr' id='par_1_48' title="bbox 2040 2147 3584 2216">
     <span class='ocr_line' id='line_1_48' title="bbox 2040 2147 3584 2216; baseline -0.001 -11"><span class='ocrx_word' id='word_1_369' title='bbox 2040 2154 2318 2214; x_wconf 83' lang='lat' dir='ltr'><strong>derentur,</strong></span> <span class='ocrx_word' id='word_1_370' title='bbox 2344 2149 2434 2202; x_wconf 89' lang='lat' dir='ltr'><strong>alii</strong></span> <span class='ocrx_word' id='word_1_371' title='bbox 2454 2151 2797 2211; x_wconf 83' lang='lat' dir='ltr'><strong>docerentur;</strong></span> <span class='ocrx_word' id='word_1_372' title='bbox 2823 2148 3093 2201; x_wconf 75' lang='lat' dir='ltr'><strong>novissimo</strong></span> <span class='ocrx_word' id='word_1_373' title='bbox 3116 2147 3403 2216; x_wconf 78' lang='lat' dir='ltr'><strong>festiuitatis</strong></span> <span class='ocrx_word' id='word_1_374' title='bbox 3441 2147 3584 2204; x_wconf 76' lang='lat' dir='ltr'><strong>illius</strong></span> 
     </span>
    </p>
   </div>
   <div class='ocr_carea' id='block_1_49' title="bbox 2050 2223 3585 2322">
    <p class='ocr_par' dir='ltr' id='par_1_49' title="bbox 2050 2223 3585 2322">
     <span class='ocr_line' id='line_1_49' title="bbox 2050 2223 3585 2322; baseline -0.001 -29"><span class='ocrx_word' id='word_1_375' title='bbox 2050 2241 2133 2295; x_wconf 88' lang='lat' dir='ltr'><strong>die</strong></span> <span class='ocrx_word' id='word_1_376' title='bbox 2158 2240 2305 2311; x_wconf 88' lang='lat' dir='ltr'><strong>(tunc</strong></span> <span class='ocrx_word' id='word_1_377' title='bbox 2331 2239 2473 2322; x_wconf 72' lang='lat' dir='ltr'><strong>enim</strong></span> <span class='ocrx_word' id='word_1_378' title='bbox 2492 2237 2595 2293; x_wconf 88' lang='lat' dir='ltr'><strong>ista</strong></span> <span class='ocrx_word' id='word_1_379' title='bbox 2623 2238 2929 2307; x_wconf 85' lang='lat' dir='ltr'><strong>agebantur,</strong></span> <span class='ocrx_word' id='word_1_380' title='bbox 2956 2252 3074 2307; x_wconf 76' lang='lat' dir='ltr'><strong>qua:</strong></span> <span class='ocrx_word' id='word_1_381' title='bbox 3110 2223 3439 2307; x_wconf 88' lang='lat' dir='ltr'><strong>appellantur</strong></span> <span class='ocrx_word' id='word_1_382' title='bbox 3459 2236 3585 2291; x_wconf 87' lang='lat' dir='ltr'><strong>Sce-</strong></span> 
     </span>
    </p>
   </div>
   <div class='ocr_carea' id='block_1_50' title="bbox 2053 2324 3584 2400">
    <p class='ocr_par' dir='ltr' id='par_1_50' title="bbox 2053 2324 3584 2400">
     <span class='ocr_line' id='line_1_50' title="bbox 2053 2324 3584 2400; baseline -0.003 -16"><span class='ocrx_word' id='word_1_383' title='bbox 2053 2330 2296 2400; x_wconf 87' lang='lat' dir='ltr'><strong>n0pegia,</strong></span> <span class='ocrx_word' id='word_1_384' title='bbox 2341 2329 2393 2383; x_wconf 92' lang='lat' dir='ltr'><strong>id</strong></span> <span class='ocrx_word' id='word_1_385' title='bbox 2432 2335 2542 2390; x_wconf 81' lang='lat' dir='ltr'><strong>est,</strong></span> <span class='ocrx_word' id='word_1_386' title='bbox 2573 2324 3029 2381; x_wconf 73' lang='lat' dir='ltr'><strong>tabernaculbrum</strong></span> <span class='ocrx_word' id='word_1_387' title='bbox 3066 2324 3447 2396; x_wconf 88' lang='lat' dir='ltr'><strong>constructio),</strong></span> <span class='ocrx_word' id='word_1_388' title='bbox 3473 2324 3584 2397; x_wconf 84' lang='lat' dir='ltr'><strong>[de]</strong></span> 
     </span>
    </p>
   </div>
   <div class='ocr_carea' id='block_1_51' title="bbox 2055 2415 3586 2492">
    <p class='ocr_par' dir='ltr' id='par_1_51' title="bbox 2055 2415 3586 2492">
     <span class='ocr_line' id='line_1_51' title="bbox 2055 2415 3586 2492; baseline -0.001 -17"><span class='ocrx_word' id='word_1_389' title='bbox 2055 2437 2158 2492; x_wconf 86' lang='lat' dir='ltr'><strong>qua</strong></span> <span class='ocrx_word' id='word_1_390' title='bbox 2198 2420 2483 2474; x_wconf 83' lang='lat' dir='ltr'><strong>festivitate</strong></span> <span class='ocrx_word' id='word_1_391' title='bbox 2519 2416 2631 2486; x_wconf 82' lang='lat' dir='ltr'><strong>jam</strong></span> <span class='ocrx_word' id='word_1_392' title='bbox 2670 2425 2826 2471; x_wconf 87' lang='lat' dir='ltr'><strong>antea</strong></span> <span class='ocrx_word' id='word_1_393' title='bbox 2867 2416 3108 2470; x_wconf 85' lang='lat' dir='ltr'><strong>meminit</strong></span> <span class='ocrx_word' id='word_1_394' title='bbox 3144 2415 3376 2471; x_wconf 85' lang='lat' dir='ltr'><strong>charitas</strong></span> <span class='ocrx_word' id='word_1_395' title='bbox 3411 2427 3586 2473; x_wconf 85' lang='lat' dir='ltr'><strong>vestra</strong></span> 
     </span>
    </p>
   </div>
   <div class='ocr_carea' id='block_1_52' title="bbox 2059 2502 3587 2570">
    <p class='ocr_par' dir='ltr' id='par_1_52' title="bbox 2059 2502 3587 2570">
     <span class='ocr_line' id='line_1_52' title="bbox 2059 2502 3587 2570; baseline -0.003 -7"><span class='ocrx_word' id='word_1_396' title='bbox 2059 2512 2219 2564; x_wconf 88' lang='lat' dir='ltr'><strong>fuisse</strong></span> <span class='ocrx_word' id='word_1_397' title='bbox 2263 2509 2569 2570; x_wconf 88' lang='lat' dir='ltr'><strong>dissertum,</strong></span> <span class='ocrx_word' id='word_1_398' title='bbox 2615 2512 2771 2560; x_wconf 89' lang='lat' dir='ltr'><strong>vocat</strong></span> <span class='ocrx_word' id='word_1_399' title='bbox 2811 2505 3065 2565; x_wconf 84' lang='lat' dir='ltr'><strong>Dominus</strong></span> <span class='ocrx_word' id='word_1_400' title='bbox 3090 2502 3360 2570; x_wconf 83' lang='lat' dir='ltr'><strong>Christus,</strong></span> <span class='ocrx_word' id='word_1_401' title='bbox 3394 2514 3448 2560; x_wconf 93' lang='lat' dir='ltr'><strong>et</strong></span> <span class='ocrx_word' id='word_1_402' title='bbox 3487 2504 3587 2558; x_wconf 91' lang='lat' dir='ltr'><strong>hoc</strong></span> 
     </span>
    </p>
   </div>
   <div class='ocr_carea' id='block_1_53' title="bbox 2055 2583 3641 2673">
    <p class='ocr_par' dir='ltr' id='par_1_53' title="bbox 2055 2583 3641 2673">
     <span class='ocr_line' id='line_1_53' title="bbox 2055 2583 3641 2673; baseline -0.007 -20"><span class='ocrx_word' id='word_1_403' title='bbox 2055 2613 2159 2653; x_wconf 91' lang='lat' dir='ltr'><strong>non</strong></span> <span class='ocrx_word' id='word_1_404' title='bbox 2193 2585 2460 2673; x_wconf 79' lang='lat' dir='ltr'><strong>utcunque</strong></span> <span class='ocrx_word' id='word_1_405' title='bbox 2485 2583 2780 2664; x_wconf 79' lang='lat' dir='ltr'><strong>loquendo,</strong></span> <span class='ocrx_word' id='word_1_406' title='bbox 2803 2593 2896 2648; x_wconf 86' lang='lat' dir='ltr'><strong>sed</strong></span> <span class='ocrx_word' id='word_1_407' title='bbox 2934 2591 3228 2657; x_wconf 81' lang='lat' dir='ltr'><strong>clamando,</strong></span> <span class='ocrx_word' id='word_1_408' title='bbox 3256 2583 3316 2647; x_wconf 88' lang='lat' dir='ltr'><strong>ut</strong></span> <span class='ocrx_word' id='word_1_409' title='bbox 3355 2592 3444 2662; x_wconf 88' lang='lat' dir='ltr'><strong>qui</strong></span> <span class='ocrx_word' id='word_1_410' title='bbox 3476 2593 3641 2656; x_wconf 57' lang='lat' dir='ltr'><strong>sitit,-</strong></span> 
     </span>
    </p>
   </div>
   <div class='ocr_carea' id='block_1_54' title="bbox 2057 2679 3590 2750">
    <p class='ocr_par' dir='ltr' id='par_1_54' title="bbox 2057 2679 3590 2750">
     <span class='ocr_line' id='line_1_54' title="bbox 2057 2679 3590 2750; baseline -0.005 -8"><span class='ocrx_word' id='word_1_411' title='bbox 2057 2688 2233 2742; x_wconf 89' lang='lat' dir='ltr'><strong>veniat</strong></span> <span class='ocrx_word' id='word_1_412' title='bbox 2260 2685 2325 2740; x_wconf 88' lang='lat' dir='ltr'><strong>ad</strong></span> <span class='ocrx_word' id='word_1_413' title='bbox 2366 2700 2508 2740; x_wconf 91' lang='lat' dir='ltr'><strong>eum.</strong></span> <span class='ocrx_word' id='word_1_414' title='bbox 2536 2683 2595 2740; x_wconf 90' lang='lat' dir='ltr'><strong>Si</strong></span> <span class='ocrx_word' id='word_1_415' title='bbox 2631 2683 2859 2749; x_wconf 81' lang='lat' dir='ltr'><strong>sitimus,</strong></span> <span class='ocrx_word' id='word_1_416' title='bbox 2883 2681 3182 2747; x_wconf 86' lang='lat' dir='ltr'><strong>veniamus;</strong></span> <span class='ocrx_word' id='word_1_417' title='bbox 3221 2689 3275 2736; x_wconf 87' lang='lat' dir='ltr'><strong>et</strong></span> <span class='ocrx_word' id='word_1_418' title='bbox 3302 2697 3407 2736; x_wconf 89' lang='lat' dir='ltr'><strong>non</strong></span> <span class='ocrx_word' id='word_1_419' title='bbox 3441 2679 3590 2750; x_wconf 59' lang='lat' dir='ltr'><strong>pedi;</strong></span> 
     </span>
    </p>
   </div>
   <div class='ocr_carea' id='block_1_55' title="bbox 2053 2768 3591 2842">
    <p class='ocr_par' dir='ltr' id='par_1_55' title="bbox 2053 2768 3591 2842">
     <span class='ocr_line' id='line_1_55' title="bbox 2053 2768 3591 2842; baseline -0.005 -11"><span class='ocrx_word' id='word_1_420' title='bbox 2053 2776 2174 2842; x_wconf 87' lang='lat' dir='ltr'><strong>bus,</strong></span> <span class='ocrx_word' id='word_1_421' title='bbox 2201 2773 2294 2830; x_wconf 87' lang='lat' dir='ltr'><strong>sed</strong></span> <span class='ocrx_word' id='word_1_422' title='bbox 2336 2772 2639 2838; x_wconf 78' lang='lat' dir='ltr'><strong>aﬂ’eetibus;</strong></span> <span class='ocrx_word' id='word_1_423' title='bbox 2681 2786 2781 2827; x_wconf 87' lang='lat' dir='ltr'><strong>nec</strong></span> <span class='ocrx_word' id='word_1_424' title='bbox 2807 2770 3099 2841; x_wconf 89' lang='lat' dir='ltr'><strong>migrando,</strong></span> <span class='ocrx_word' id='word_1_425' title='bbox 3125 2770 3235 2839; x_wconf 26' lang='lat' dir='ltr'><strong>sed,</strong></span> <span class='ocrx_word' id='word_1_426' title='bbox 3253 2768 3481 2824; x_wconf 84' lang='lat' dir='ltr'><strong>amando</strong></span> <span class='ocrx_word' id='word_1_427' title='bbox 3499 2782 3591 2830; x_wconf 58' lang='lat' dir='ltr'><strong>ves</strong></span> 
     </span>
    </p>
   </div>
   <div class='ocr_carea' id='block_1_56' title="bbox 416 2852 3588 2948">
    <p class='ocr_par' dir='ltr' id='par_1_56' title="bbox 416 2852 3588 2948">
     <span class='ocr_line' id='line_1_56' title="bbox 416 2852 3588 2948; baseline -0.007 -16"><span class='ocrx_word' id='word_1_428' title='bbox 416 2879 596 2943; x_wconf 81' lang='lat' dir='ltr'><strong>turba,</strong></span> <span class='ocrx_word' id='word_1_429' title='bbox 639 2892 755 2948; x_wconf 71' lang='lat' dir='ltr'><strong>quae</strong></span> <span class='ocrx_word' id='word_1_430' title='bbox 797 2890 949 2930; x_wconf 88' lang='lat' dir='ltr'><strong>suam</strong></span> <span class='ocrx_word' id='word_1_431' title='bbox 991 2852 1356 2945; x_wconf 68' lang='lat' dir='ltr'><strong>aegritudinem</strong></span> <span class='ocrx_word' id='word_1_432' title='bbox 1395 2873 1501 2928; x_wconf 90' lang='lat' dir='ltr'><strong>cito</strong></span> <span class='ocrx_word' id='word_1_433' title='bbox 1535 2871 1686 2936; x_wconf 84' lang='lat' dir='ltr'><strong>vidit,</strong></span> <span class='ocrx_word' id='word_1_434' title='bbox 1731 2881 1786 2926; x_wconf 80' lang='lat' dir='ltr'><strong>et</strong></span> <span class='ocrx_word' id='word_1_435' title='bbox 1822 2869 1964 2925; x_wconf 89' lang='lat' dir='ltr'><strong>illius</strong></span> <span class='ocrx_word' id='word_1_436' title='bbox 2058 2866 2285 2921; x_wconf 88' lang='lat' dir='ltr'><strong>niamus.</strong></span> <span class='ocrx_word' id='word_1_437' title='bbox 2315 2861 2624 2930; x_wconf 85' lang='lat' dir='ltr'><strong>Quanquam</strong></span> <span class='ocrx_word' id='word_1_438' title='bbox 2650 2852 2940 2948; x_wconf 70' lang='lat' dir='ltr'><strong>secundum</strong></span> <span class='ocrx_word' id='word_1_439' title='bbox 2971 2858 3276 2948; x_wconf 84' lang='lat' dir='ltr'><strong>interiorem</strong></span> <span class='ocrx_word' id='word_1_440' title='bbox 3300 2856 3588 2923; x_wconf 64' lang='lat' dir='ltr'><strong>hominem,</strong></span> 
     </span>
    </p>
   </div>
   <div class='ocr_carea' id='block_1_57' title="bbox 421 2945 3596 3034">
    <p class='ocr_par' dir='ltr' id='par_1_57' title="bbox 421 2945 3596 3034">
     <span class='ocr_line' id='line_1_57' title="bbox 421 2945 3596 3034; baseline -0.005 -11"><span class='ocrx_word' id='word_1_441' title='bbox 421 2945 738 3023; x_wconf 77' lang='lat' dir='ltr'><strong>medicinam</strong></span> <span class='ocrx_word' id='word_1_442' title='bbox 777 2967 891 3020; x_wconf 87' lang='lat' dir='ltr'><strong>sine</strong></span> <span class='ocrx_word' id='word_1_443' title='bbox 919 2965 1168 3020; x_wconf 90' lang='lat' dir='ltr'><strong>dilatione</strong></span> <span class='ocrx_word' id='word_1_444' title='bbox 1193 2965 1454 3034; x_wconf 80' lang='lat' dir='ltr'><strong>cognovit.</strong></span> <span class='ocrx_word' id='word_1_445' title='bbox 1490 2983 1508 3014; x_wconf 73' lang='grc' dir='ltr'><strong><em>ι</em></strong></span> <span class='ocrx_word' id='word_1_446' title='bbox 1541 2962 1668 3029; x_wconf 73' lang='lat' dir='ltr'><strong>Qua:</strong></span> <span class='ocrx_word' id='word_1_447' title='bbox 1700 2968 1960 3017; x_wconf 89' lang='lat' dir='ltr'><strong>commota</strong></span> <span class='ocrx_word' id='word_1_448' title='bbox 2059 2961 2112 3008; x_wconf 73' lang='lat' dir='ltr'><strong>et</strong></span> <span class='ocrx_word' id='word_1_449' title='bbox 2134 2952 2225 3021; x_wconf 88' lang='lat' dir='ltr'><strong>qui</strong></span> <span class='ocrx_word' id='word_1_450' title='bbox 2263 2957 2405 3004; x_wconf 88' lang='lat' dir='ltr'><strong>amat</strong></span> <span class='ocrx_word' id='word_1_451' title='bbox 2427 2949 2638 3017; x_wconf 80' lang='lat' dir='ltr'><strong>migrat.</strong></span> <span class='ocrx_word' id='word_1_452' title='bbox 2663 2946 2767 3001; x_wconf 86' lang='lat' dir='ltr'><strong>Sed</strong></span> <span class='ocrx_word' id='word_1_453' title='bbox 2802 2945 2944 2999; x_wconf 90' lang='lat' dir='ltr'><strong>aliud</strong></span> <span class='ocrx_word' id='word_1_454' title='bbox 2963 2952 3045 2999; x_wconf 90' lang='lat' dir='ltr'><strong>est</strong></span> <span class='ocrx_word' id='word_1_455' title='bbox 3083 2945 3312 3014; x_wconf 88' lang='lat' dir='ltr'><strong>migrare</strong></span> <span class='ocrx_word' id='word_1_456' title='bbox 3347 2960 3596 3014; x_wconf 56' lang='lat' dir='ltr'><strong>corpore;</strong></span> 
     </span>
    </p>
   </div>
   <div class='ocr_carea' id='block_1_58' title="bbox 419 3033 3590 3118">
    <p class='ocr_par' dir='ltr' id='par_1_58' title="bbox 419 3033 3590 3118">
     <span class='ocr_line' id='line_1_58' title="bbox 419 3033 3590 3118; baseline -0.008 -10"><span class='ocrx_word' id='word_1_457' title='bbox 419 3053 691 3117; x_wconf 84' lang='lat' dir='ltr'><strong>miraculis</strong></span> <span class='ocrx_word' id='word_1_458' title='bbox 717 3051 957 3112; x_wconf 83' lang='lat' dir='ltr'><strong>credidit,</strong></span> <span class='ocrx_word' id='word_1_459' title='bbox 991 3033 1312 3118; x_wconf 84' lang='lat' dir='ltr'><strong>principibus</strong></span> <span class='ocrx_word' id='word_1_460' title='bbox 1336 3050 1390 3102; x_wconf 89' lang='lat' dir='ltr'><strong>in</strong></span> <span class='ocrx_word' id='word_1_461' title='bbox 1418 3048 1724 3102; x_wconf 81' lang='lat' dir='ltr'><strong>infidelitate</strong></span> <span class='ocrx_word' id='word_1_462' title='bbox 1748 3061 1962 3099; x_wconf 83' lang='lat' dir='ltr'><strong>manen-</strong></span> <span class='ocrx_word' id='word_1_463' title='bbox 1980 3090 2028 3118; x_wconf 55' lang='grc' dir='ltr'>η</span> <span class='ocrx_word' id='word_1_464' title='bbox 2059 3043 2200 3096; x_wconf 87' lang='lat' dir='ltr'><strong>aliud</strong></span> <span class='ocrx_word' id='word_1_465' title='bbox 2228 3041 2423 3096; x_wconf 88' lang='lat' dir='ltr'><strong>corde:</strong></span> <span class='ocrx_word' id='word_1_466' title='bbox 2452 3039 2646 3118; x_wconf 84' lang='lat' dir='ltr'><strong>migrat</strong></span> <span class='ocrx_word' id='word_1_467' title='bbox 2665 3049 2909 3106; x_wconf 88' lang='lat' dir='ltr'><strong>corpore,</strong></span> <span class='ocrx_word' id='word_1_468' title='bbox 2933 3033 3023 3103; x_wconf 89' lang='lat' dir='ltr'><strong>qui</strong></span> <span class='ocrx_word' id='word_1_469' title='bbox 3046 3041 3192 3088; x_wconf 90' lang='lat' dir='ltr'><strong>motu</strong></span> <span class='ocrx_word' id='word_1_470' title='bbox 3221 3035 3455 3111; x_wconf 78' lang='lat' dir='ltr'><strong>corporis</strong></span> <span class='ocrx_word' id='word_1_471' title='bbox 3478 3051 3590 3094; x_wconf 61' lang='lat' dir='ltr'><strong>mu,</strong></span> 
     </span>
    </p>
   </div>
   <div class='ocr_carea' id='block_1_59' title="bbox 419 3090 3617 3212">
    <p class='ocr_par' dir='ltr' id='par_1_59' title="bbox 419 3090 3617 3212">
     <span class='ocr_line' id='line_1_59' title="bbox 419 3090 3617 3212; baseline -0.005 -16"><span class='ocrx_word' id='word_1_472' title='bbox 419 3090 1724 3212; x_wconf 61' lang='grc' dir='ltr'><strong>ἱέἱζιέῗ“ὶ’ἶγέἐξῗ’ἓέ.’)¹’ἒῖ”ἷ.ἰέιῖιέἑὲε’“ἱῑῖτεῗὲ</strong></span> <span class='ocrx_word' id='word_1_473' title='bbox 1748 3090 1960 3184; x_wconf 57' lang='lat' dir='ltr'><strong>is;</strong></span> <span class='ocrx_word' id='word_1_474' title='bbox 1980 3090 2030 3153; x_wconf 78' lang='grc' dir='ltr'>ο</span> <span class='ocrx_word' id='word_1_475' title='bbox 2058 3090 2582 3200; x_wconf 43' lang='lat' dir='ltr'><strong>animus;</strong></span> <span class='ocrx_word' id='word_1_476' title='bbox 2606 3090 2908 3192; x_wconf 68' lang='lat' dir='ltr'><strong>.....:..i</strong></span> <span class='ocrx_word' id='word_1_477' title='bbox 2927 3090 3075 3176; x_wconf 65' lang='lat'><strong>.2...</strong></span> <span class='ocrx_word' id='word_1_478' title='bbox 3098 3090 3279 3182; x_wconf 66' lang='lat' dir='ltr'><strong>.u.</strong></span> <span class='ocrx_word' id='word_1_479' title='bbox 3307 3090 3481 3183; x_wconf 69' lang='lat' dir='ltr'><strong>i...</strong></span> 
     </span>
    </p>
   </div>
   <div class='ocr_carea' id='block_1_60' title="bbox 421 3209 3598 3283">
    <p class='ocr_par' dir='ltr' id='par_1_60' title="bbox 421 3209 3598 3283">
     <span class='ocr_line' id='line_1_60' title="bbox 421 3209 3598 3283; baseline -0.006 -1"><span class='ocrx_word' id='word_1_480' title='bbox 421 3209 824 3283; x_wconf 74' lang='lat' dir='ltr'><strong>murmurantent</strong></span> <span class='ocrx_word' id='word_1_481' title='bbox 858 3226 922 3279; x_wconf 83' lang='lat' dir='ltr'><strong>de</strong></span> <span class='ocrx_word' id='word_1_482' title='bbox 957 3224 1048 3277; x_wconf 83' lang='lat' dir='ltr'><strong>iuo</strong></span> <span class='ocrx_word' id='word_1_483' title='bbox 1083 3223 1211 3277; x_wconf 78' lang='lat' dir='ltr'><strong>lucc.</strong></span> <span class='ocrx_word' id='word_1_484' title='bbox 1246 3222 1368 3278; x_wconf 83' lang='lat' dir='ltr'><strong>ideo</strong></span> <span class='ocrx_word' id='word_1_485' title='bbox 1401 3221 1579 3276; x_wconf 87' lang='lat' dir='ltr'><strong>audita</strong></span> <span class='ocrx_word' id='word_1_486' title='bbox 1610 3218 1960 3275; x_wconf 86' lang='lat' dir='ltr'><strong>multitudinis</strong></span> <span class='ocrx_word' id='word_1_487' title='bbox 2060 3218 2273 3273; x_wconf 86' lang='lat' dir='ltr'><strong>fectum.</strong></span> <span class='ocrx_word' id='word_1_488' title='bbox 2305 3215 2362 3270; x_wconf 91' lang='lat' dir='ltr'><strong>Si</strong></span> <span class='ocrx_word' id='word_1_489' title='bbox 2385 3214 2526 3269; x_wconf 89' lang='lat' dir='ltr'><strong>aliud</strong></span> <span class='ocrx_word' id='word_1_490' title='bbox 2552 3228 2720 3278; x_wconf 88' lang='lat' dir='ltr'><strong>amas,</strong></span> <span class='ocrx_word' id='word_1_491' title='bbox 2748 3211 2891 3266; x_wconf 80' lang='lat' dir='ltr'><strong>aliud</strong></span> <span class='ocrx_word' id='word_1_492' title='bbox 2913 3210 3144 3273; x_wconf 83' lang='lat' dir='ltr'><strong>amabas,</strong></span> <span class='ocrx_word' id='word_1_493' title='bbox 3173 3225 3278 3267; x_wconf 75' lang='lat' dir='ltr'><strong>non</strong></span> <span class='ocrx_word' id='word_1_494' title='bbox 3304 3209 3376 3265; x_wconf 89' lang='lat' dir='ltr'><strong>ibi</strong></span> <span class='ocrx_word' id='word_1_495' title='bbox 3399 3224 3474 3274; x_wconf 74' lang='lat' dir='ltr'><strong>et,</strong></span> <span class='ocrx_word' id='word_1_496' title='bbox 3502 3211 3598 3268; x_wconf 80' lang='lat' dir='ltr'><strong>ubi</strong></span> 
     </span>
    </p>
   </div>
   <div class='ocr_carea' id='block_1_61' title="bbox 424 3311 1962 3383">
    <p class='ocr_par' dir='ltr' id='par_1_61' title="bbox 424 3311 1962 3383">
     <span class='ocr_line' id='line_1_61' title="bbox 424 3311 1962 3383; baseline -0.005 -10"><span class='ocrx_word' id='word_1_497' title='bbox 424 3317 527 3373; x_wconf 77' lang='lat' dir='ltr'><strong>fide</strong></span> <span class='ocrx_word' id='word_1_498' title='bbox 553 3315 971 3378; x_wconf 84' lang='lat' dir='ltr'><strong>murmurabant,</strong></span> <span class='ocrx_word' id='word_1_499' title='bbox 992 3313 1116 3383; x_wconf 89' lang='lat' dir='ltr'><strong>quia</strong></span> <span class='ocrx_word' id='word_1_500' title='bbox 1139 3313 1384 3368; x_wconf 84' lang='lat' dir='ltr'><strong>Christus</strong></span> <span class='ocrx_word' id='word_1_501' title='bbox 1405 3311 1748 3381; x_wconf 76' lang='lat' dir='ltr'><strong>gloriabatur.</strong></span> <span class='ocrx_word' id='word_1_502' title='bbox 1771 3311 1838 3365; x_wconf 86' lang='lat' dir='ltr'><strong>Et</strong></span> <span class='ocrx_word' id='word_1_503' title='bbox 1855 3311 1962 3366; x_wconf 88' lang='lat' dir='ltr'><strong>cito</strong></span> 
     </span>
    </p>
   </div>
   <div class='ocr_carea' id='block_1_62' title="bbox 424 3402 1965 3471">
    <p class='ocr_par' dir='ltr' id='par_1_62' title="bbox 424 3402 1965 3471">
     <span class='ocr_line' id='line_1_62' title="bbox 424 3402 1965 3471; baseline -0.005 -9"><span class='ocrx_word' id='word_1_504' title='bbox 424 3407 685 3462; x_wconf 84' lang='lat' dir='ltr'><strong>miserunt</strong></span> <span class='ocrx_word' id='word_1_505' title='bbox 705 3404 994 3467; x_wconf 81' lang='lat' dir='ltr'><strong>ministros,</strong></span> <span class='ocrx_word' id='word_1_506' title='bbox 1022 3411 1083 3457; x_wconf 87' lang='lat' dir='ltr'><strong>ut</strong></span> <span class='ocrx_word' id='word_1_507' title='bbox 1105 3417 1225 3458; x_wconf 88' lang='lat' dir='ltr'><strong>eum</strong></span> <span class='ocrx_word' id='word_1_508' title='bbox 1247 3402 1774 3471; x_wconf 83' lang='lat' dir='ltr'><strong>comprehenderent,</strong></span> <span class='ocrx_word' id='word_1_509' title='bbox 1805 3416 1965 3469; x_wconf 90' lang='lat' dir='ltr'><strong>quem</strong></span> 
     </span>
    </p>
   </div>
   <div class='ocr_carea' id='block_1_63' title="bbox 423 3481 1964 3564">
    <p class='ocr_par' dir='ltr' id='par_1_63' title="bbox 423 3481 1964 3564">
     <span class='ocr_line' id='line_1_63' title="bbox 423 3481 1964 3564; baseline -0.006 -15"><span class='ocrx_word' id='word_1_510' title='bbox 423 3493 817 3564; x_wconf 84' lang='lat' dir='ltr'><strong>apprehendere</strong></span> <span class='ocrx_word' id='word_1_511' title='bbox 847 3507 988 3546; x_wconf 80' lang='lat' dir='ltr'><strong>&#39;non</strong></span> <span class='ocrx_word' id='word_1_512' title='bbox 1020 3481 1323 3560; x_wconf 74' lang='lat' dir='ltr'><strong>potuerunt</strong></span> <span class='ocrx_word' id='word_1_513' title='bbox 1369 3491 1538 3546; x_wconf 86' lang='lat' dir='ltr'><strong>adhuc</strong></span> <span class='ocrx_word' id='word_1_514' title='bbox 1588 3491 1850 3545; x_wconf 86' lang='lat' dir='ltr'><strong>nolentem</strong></span> <span class='ocrx_word' id='word_1_515' title='bbox 1905 3498 1964 3542; x_wconf 89' lang='lat' dir='ltr'><strong>ut</strong></span> 
     </span>
    </p>
   </div>
   <div class='ocr_carea' id='block_1_64' title="bbox 425 3578 1962 3652">
    <p class='ocr_par' dir='ltr' id='par_1_64' title="bbox 425 3578 1962 3652">
     <span class='ocr_line' id='line_1_64' title="bbox 425 3578 1962 3652; baseline -0.005 -14"><span class='ocrx_word' id='word_1_516' title='bbox 425 3581 986 3652; x_wconf 76' lang='lat' dir='ltr'><strong>comprehenderetur;</strong></span> <span class='ocrx_word' id='word_1_517' title='bbox 1013 3581 1105 3636; x_wconf 87' lang='lat' dir='ltr'><strong>sed</strong></span> <span class='ocrx_word' id='word_1_518' title='bbox 1129 3580 1408 3634; x_wconf 85' lang='lat' dir='ltr'><strong>audierunt</strong></span> <span class='ocrx_word' id='word_1_519' title='bbox 1430 3580 1730 3642; x_wconf 84' lang='lat' dir='ltr'><strong>docentem,</strong></span> <span class='ocrx_word' id='word_1_520' title='bbox 1758 3578 1846 3647; x_wconf 88' lang='lat' dir='ltr'><strong>qui</strong></span> <span class='ocrx_word' id='word_1_521' title='bbox 1875 3592 1962 3630; x_wconf 78' lang='lat' dir='ltr'><strong>vc-</strong></span> 
     </span>
    </p>
   </div>
   <div class='ocr_carea' id='block_1_65' title="bbox 424 3664 1960 3740">
    <p class='ocr_par' dir='ltr' id='par_1_65' title="bbox 424 3664 1960 3740">
     <span class='ocr_line' id='line_1_65' title="bbox 424 3664 1960 3740; baseline -0.005 -15"><span class='ocrx_word' id='word_1_522' title='bbox 424 3679 616 3725; x_wconf 88' lang='lat' dir='ltr'><strong>nerant</strong></span> <span class='ocrx_word' id='word_1_523' title='bbox 649 3669 1057 3740; x_wconf 81' lang='lat' dir='ltr'><strong>apprebendere.</strong></span> <span class='ocrx_word' id='word_1_524' title='bbox 1089 3667 1270 3737; x_wconf 75' lang='lat' dir='ltr'><strong>(Vens.</strong></span> <span class='ocrx_word' id='word_1_525' title='bbox 1301 3665 1412 3735; x_wconf 25' lang='lat'><strong>33,.)</strong></span> <span class='ocrx_word' id='word_1_526' title='bbox 1450 3665 1589 3719; x_wconf 67' lang='lat' dir='ltr'><strong>Dixit</strong></span> <span class='ocrx_word' id='word_1_527' title='bbox 1619 3682 1739 3734; x_wconf 85' lang='lat' dir='ltr'><strong>ergo</strong></span> <span class='ocrx_word' id='word_1_528' title='bbox 1762 3664 1917 3719; x_wconf 74' lang='lat' dir='ltr'><strong>Iesus</strong></span> <span class='ocrx_word' id='word_1_529' title='bbox 1942 3680 1960 3718; x_wconf 91' lang='lat'><strong><em>:</em></strong></span> 
     </span>
    </p>
   </div>
   <div class='ocr_carea' id='block_1_66' title="bbox 425 3753 1964 3823">
    <p class='ocr_par' dir='ltr' id='par_1_66' title="bbox 425 3753 1964 3823">
     <span class='ocr_line' id='line_1_66' title="bbox 425 3753 1964 3823; baseline -0.003 -13"><span class='ocrx_word' id='word_1_530' title='bbox 425 3759 608 3810; x_wconf 69' lang='lat' dir='ltr'><strong>Adhuc</strong></span> <span class='ocrx_word' id='word_1_531' title='bbox 644 3757 900 3809; x_wconf 69' lang='lat' dir='ltr'><strong>modicum</strong></span> <span class='ocrx_word' id='word_1_532' title='bbox 940 3764 1136 3823; x_wconf 77' lang='lat' dir='ltr'><strong>tempus</strong></span> <span class='ocrx_word' id='word_1_533' title='bbox 1171 3754 1429 3808; x_wconf 73' lang='lat' dir='ltr'><strong>uobiscum</strong></span> <span class='ocrx_word' id='word_1_534' title='bbox 1470 3769 1604 3817; x_wconf 82' lang='lat' dir='ltr'><strong>sum,</strong></span> <span class='ocrx_word' id='word_1_535' title='bbox 1643 3762 1690 3806; x_wconf 85' lang='lat' dir='ltr'><strong>et</strong></span> <span class='ocrx_word' id='word_1_536' title='bbox 1725 3753 1856 3806; x_wconf 83' lang='lat' dir='ltr'><strong>uado</strong></span> <span class='ocrx_word' id='word_1_537' title='bbox 1896 3753 1964 3807; x_wconf 91' lang='lat' dir='ltr'><strong>ad</strong></span> 
     </span>
    </p>
   </div>
   <div class='ocr_carea' id='block_1_67' title="bbox 426 3836 1965 3913">
    <p class='ocr_par' dir='ltr' id='par_1_67' title="bbox 426 3836 1965 3913">
     <span class='ocr_line' id='line_1_67' title="bbox 426 3836 1965 3913; baseline -0.003 -16"><span class='ocrx_word' id='word_1_538' title='bbox 426 3859 543 3897; x_wconf 74' lang='lat' dir='ltr'><strong>eum</strong></span> <span class='ocrx_word' id='word_1_539' title='bbox 568 3844 656 3913; x_wconf 79' lang='lat' dir='ltr'><strong>qui</strong></span> <span class='ocrx_word' id='word_1_540' title='bbox 679 3843 818 3895; x_wconf 80' lang='lat' dir='ltr'><strong>misit</strong></span> <span class='ocrx_word' id='word_1_541' title='bbox 842 3856 941 3895; x_wconf 73' lang='lat' dir='ltr'><strong>me.</strong></span> <span class='ocrx_word' id='word_1_542' title='bbox 970 3857 990 3892; x_wconf 85' lang='grc'><strong>‹</strong></span> <span class='ocrx_word' id='word_1_543' title='bbox 1018 3841 1170 3904; x_wconf 87' lang='lat' dir='ltr'><strong>Quod</strong></span> <span class='ocrx_word' id='word_1_544' title='bbox 1192 3840 1348 3895; x_wconf 88' lang='lat' dir='ltr'><strong>modo</strong></span> <span class='ocrx_word' id='word_1_545' title='bbox 1372 3839 1530 3893; x_wconf 88' lang='lat' dir='ltr'><strong>vultis</strong></span> <span class='ocrx_word' id='word_1_546' title='bbox 1552 3839 1749 3902; x_wconf 88' lang='lat' dir='ltr'><strong>facere,</strong></span> <span class='ocrx_word' id='word_1_547' title='bbox 1775 3836 1965 3894; x_wconf 87' lang='lat' dir='ltr'><strong>facturi</strong></span> 
     </span>
    </p>
   </div>
   <div class='ocr_carea' id='block_1_68' title="bbox 428 3921 1966 3997">
    <p class='ocr_par' dir='ltr' id='par_1_68' title="bbox 428 3921 1966 3997">
     <span class='ocr_line' id='line_1_68' title="bbox 428 3921 1966 3997; baseline -0.001 -13"><span class='ocrx_word' id='word_1_548' title='bbox 428 3932 575 3994; x_wconf 83' lang='lat' dir='ltr'><strong>estis,</strong></span> <span class='ocrx_word' id='word_1_549' title='bbox 606 3930 699 3984; x_wconf 89' lang='lat' dir='ltr'><strong>sed</strong></span> <span class='ocrx_word' id='word_1_550' title='bbox 727 3926 830 3983; x_wconf 82' lang='lat' dir='ltr'><strong>non</strong></span> <span class='ocrx_word' id='word_1_551' title='bbox 867 3929 1040 3991; x_wconf 87' lang='lat' dir='ltr'><strong>modo,</strong></span> <span class='ocrx_word' id='word_1_552' title='bbox 1069 3921 1191 3997; x_wconf 83' lang='lat' dir='ltr'><strong>quia</strong></span> <span class='ocrx_word' id='word_1_553' title='bbox 1222 3928 1379 3982; x_wconf 89' lang='lat' dir='ltr'><strong>modo</strong></span> <span class='ocrx_word' id='word_1_554' title='bbox 1408 3928 1548 3982; x_wconf 90' lang='lat' dir='ltr'><strong>nolo.</strong></span> <span class='ocrx_word' id='word_1_555' title='bbox 1588 3928 1763 3994; x_wconf 87' lang='lat' dir='ltr'><strong>Quare</strong></span> <span class='ocrx_word' id='word_1_556' title='bbox 1795 3929 1966 3982; x_wconf 85' lang='lat' dir='ltr'><strong>adhuc</strong></span> 
     </span>
    </p>
   </div>
   <div class='ocr_carea' id='block_1_69' title="bbox 431 4004 1966 4085">
    <p class='ocr_par' dir='ltr' id='par_1_69' title="bbox 431 4004 1966 4085">
     <span class='ocr_line' id='line_1_69' title="bbox 431 4004 1966 4085; baseline -0.003 -12"><span class='ocrx_word' id='word_1_557' title='bbox 431 4018 586 4073; x_wconf 91' lang='lat' dir='ltr'><strong>modo</strong></span> <span class='ocrx_word' id='word_1_558' title='bbox 610 4018 766 4072; x_wconf 75' lang='lat' dir='ltr'><strong>nolo?</strong></span> <span class='ocrx_word' id='word_1_559' title='bbox 799 4015 932 4082; x_wconf 87' lang='lat' dir='ltr'><strong>Quia</strong></span> <span class='ocrx_word' id='word_1_560' title='bbox 968 4016 1140 4071; x_wconf 89' lang='lat' dir='ltr'><strong>adhuc</strong></span> <span class='ocrx_word' id='word_1_561' title='bbox 1174 4016 1438 4070; x_wconf 90' lang='lat' dir='ltr'><strong>modicum</strong></span> <span class='ocrx_word' id='word_1_562' title='bbox 1467 4024 1672 4085; x_wconf 89' lang='lat' dir='ltr'><strong>tempus</strong></span> <span class='ocrx_word' id='word_1_563' title='bbox 1696 4004 1966 4080; x_wconf 76' lang='lat' dir='ltr'><strong>vobiscum</strong></span> 
     </span>
    </p>
   </div>
   <div class='ocr_carea' id='block_1_70' title="bbox 427 4103 1967 4175">
    <p class='ocr_par' dir='ltr' id='par_1_70' title="bbox 427 4103 1967 4175">
     <span class='ocr_line' id='line_1_70' title="bbox 427 4103 1967 4175; baseline -0.003 -13"><span class='ocrx_word' id='word_1_564' title='bbox 427 4123 570 4173; x_wconf 86' lang='lat' dir='ltr'><strong>sum,</strong></span> <span class='ocrx_word' id='word_1_565' title='bbox 595 4115 651 4162; x_wconf 91' lang='lat' dir='ltr'><strong>et</strong></span> <span class='ocrx_word' id='word_1_566' title='bbox 675 4115 801 4160; x_wconf 89' lang='lat' dir='ltr'><strong>tunc</strong></span> <span class='ocrx_word' id='word_1_567' title='bbox 825 4106 958 4161; x_wconf 89' lang='lat' dir='ltr'><strong>vado</strong></span> <span class='ocrx_word' id='word_1_568' title='bbox 983 4105 1049 4159; x_wconf 90' lang='lat' dir='ltr'><strong>ad</strong></span> <span class='ocrx_word' id='word_1_569' title='bbox 1076 4120 1198 4160; x_wconf 90' lang='lat' dir='ltr'><strong>eum</strong></span> <span class='ocrx_word' id='word_1_570' title='bbox 1223 4105 1312 4175; x_wconf 88' lang='lat' dir='ltr'><strong>qui</strong></span> <span class='ocrx_word' id='word_1_571' title='bbox 1336 4104 1478 4158; x_wconf 87' lang='lat' dir='ltr'><strong>misit</strong></span> <span class='ocrx_word' id='word_1_572' title='bbox 1504 4119 1608 4158; x_wconf 88' lang='lat' dir='ltr'><strong>me.</strong></span> <span class='ocrx_word' id='word_1_573' title='bbox 1634 4103 1856 4175; x_wconf 89' lang='lat' dir='ltr'><strong>lmplere</strong></span> <span class='ocrx_word' id='word_1_574' title='bbox 1879 4104 1967 4157; x_wconf 86' lang='lat' dir='ltr'><strong>de-</strong></span> 
     </span>
    </p>
   </div>
   <div class='ocr_carea' id='block_1_71' title="bbox 429 4192 1968 4267">
    <p class='ocr_par' dir='ltr' id='par_1_71' title="bbox 429 4192 1968 4267">
     <span class='ocr_line' id='line_1_71' title="bbox 429 4192 1968 4267; baseline -0.005 -14"><span class='ocrx_word' id='word_1_575' title='bbox 429 4199 534 4253; x_wconf 88' lang='lat' dir='ltr'><strong>beo</strong></span> <span class='ocrx_word' id='word_1_576' title='bbox 579 4196 1021 4267; x_wconf 87' lang='lat' dir='ltr'><strong>dispensationem</strong></span> <span class='ocrx_word' id='word_1_577' title='bbox 1069 4210 1238 4250; x_wconf 88' lang='lat' dir='ltr'><strong>meam</strong></span> <span class='ocrx_word' id='word_1_578' title='bbox 1257 4235 1273 4262; x_wconf 91' lang='lat'><strong>,</strong></span> <span class='ocrx_word' id='word_1_579' title='bbox 1316 4202 1371 4249; x_wconf 91' lang='lat' dir='ltr'><strong>et</strong></span> <span class='ocrx_word' id='word_1_580' title='bbox 1415 4193 1536 4267; x_wconf 90' lang='lat' dir='ltr'><strong>[sic]</strong></span> <span class='ocrx_word' id='word_1_581' title='bbox 1582 4194 1857 4263; x_wconf 85' lang='lat' dir='ltr'><strong>pervenire</strong></span> <span class='ocrx_word' id='word_1_582' title='bbox 1899 4192 1968 4245; x_wconf 89' lang='lat' dir='ltr'><strong>ad</strong></span> 
     </span>
    </p>
   </div>
   <div class='ocr_carea' id='block_1_72' title="bbox 433 4278 1969 4358">
    <p class='ocr_par' dir='ltr' id='par_1_72' title="bbox 433 4278 1969 4358">
     <span class='ocr_line' id='line_1_72' title="bbox 433 4278 1969 4358; baseline -0.007 -15"><span class='ocrx_word' id='word_1_583' title='bbox 433 4289 727 4358; x_wconf 82' lang='lat' dir='ltr'><strong>passionem</strong></span> <span class='ocrx_word' id='word_1_584' title='bbox 763 4278 955 4340; x_wconf 82' lang='lat' dir='ltr'><strong>meam.</strong></span> <span class='ocrx_word' id='word_1_585' title='bbox 995 4283 1177 4355; x_wconf 77' lang='lat' dir='ltr'><strong>(Vna.</strong></span> <span class='ocrx_word' id='word_1_586' title='bbox 1204 4283 1319 4352; x_wconf 69' lang='grc'><strong>34.)</strong></span> <span class='ocrx_word' id='word_1_587' title='bbox 1354 4281 1606 4347; x_wconf 69' lang='lat' dir='ltr'><strong>Quantis</strong></span> <span class='ocrx_word' id='word_1_588' title='bbox 1637 4297 1748 4343; x_wconf 78' lang='lat' dir='ltr'><strong>me,</strong></span> <span class='ocrx_word' id='word_1_589' title='bbox 1783 4289 1832 4333; x_wconf 87' lang='lat' dir='ltr'><strong>et</strong></span> <span class='ocrx_word' id='word_1_590' title='bbox 1866 4295 1969 4332; x_wconf 75' lang='lat' dir='ltr'><strong>non</strong></span> 
     </span>
    </p>
   </div>
   <div class='ocr_carea' id='block_1_73' title="bbox 433 4359 1966 4439">
    <p class='ocr_par' dir='ltr' id='par_1_73' title="bbox 433 4359 1966 4439">
     <span class='ocr_line' id='line_1_73' title="bbox 433 4359 1966 4439; baseline -0.006 -10"><span class='ocrx_word' id='word_1_591' title='bbox 433 4359 714 4437; x_wconf 57' lang='lat' dir='ltr'><strong>muenietii,</strong></span> <span class='ocrx_word' id='word_1_592' title='bbox 753 4382 803 4426; x_wconf 90' lang='lat' dir='ltr'><strong>et</strong></span> <span class='ocrx_word' id='word_1_593' title='bbox 845 4373 932 4424; x_wconf 76' lang='lat' dir='ltr'><strong>ubi</strong></span> <span class='ocrx_word' id='word_1_594' title='bbox 972 4388 1085 4424; x_wconf 80' lang='lat' dir='ltr'><strong>sum</strong></span> <span class='ocrx_word' id='word_1_595' title='bbox 1121 4387 1229 4439; x_wconf 81' lang='lat' dir='ltr'><strong>ego,</strong></span> <span class='ocrx_word' id='word_1_596' title='bbox 1270 4386 1358 4423; x_wconf 74' lang='lat' dir='ltr'><strong>res</strong></span> <span class='ocrx_word' id='word_1_597' title='bbox 1396 4381 1498 4425; x_wconf 74' lang='lat' dir='ltr'><strong>non</strong></span> <span class='ocrx_word' id='word_1_598' title='bbox 1538 4368 1742 4436; x_wconf 80' lang='lat' dir='ltr'><strong>potestis</strong></span> <span class='ocrx_word' id='word_1_599' title='bbox 1776 4365 1966 4421; x_wconf 74' lang='lat' dir='ltr'><strong>uenire.</strong></span> 
     </span>
    </p>
   </div>
   <div class='ocr_carea' id='block_1_74' title="bbox 2059 3297 3596 3373">
    <p class='ocr_par' dir='ltr' id='par_1_74' title="bbox 2059 3297 3596 3373">
     <span class='ocr_line' id='line_1_74' title="bbox 2059 3297 3596 3373; baseline -0.006 -11"><span class='ocrx_word' id='word_1_600' title='bbox 2059 3305 2476 3363; x_wconf 84' lang='lat' dir='ltr'><strong>eras.Clamabat</strong></span> <span class='ocrx_word' id='word_1_601' title='bbox 2482 3317 2609 3373; x_wconf 88' lang='lat' dir='ltr'><strong>ergo</strong></span> <span class='ocrx_word' id='word_1_602' title='bbox 2617 3301 2768 3357; x_wconf 86' lang='lat' dir='ltr'><strong>nobis</strong></span> <span class='ocrx_word' id='word_1_603' title='bbox 2777 3298 3028 3355; x_wconf 88' lang='lat' dir='ltr'><strong>Dominus</strong></span> <span class='ocrx_word' id='word_1_604' title='bbox 3040 3315 3054 3351; x_wconf 88' lang='lat'><strong>:</strong></span> <span class='ocrx_word' id='word_1_605' title='bbox 3071 3297 3252 3352; x_wconf 71' lang='lat' dir='ltr'><strong>Stabat</strong></span> <span class='ocrx_word' id='word_1_606' title='bbox 3262 3306 3308 3351; x_wconf 87' lang='lat' dir='ltr'><strong>et</strong></span> <span class='ocrx_word' id='word_1_607' title='bbox 3319 3297 3596 3353; x_wconf 76' lang='lat' dir='ltr'><strong>clamlbat:</strong></span> 
     </span>
    </p>
   </div>
   <div class='ocr_carea' id='block_1_75' title="bbox 2128 3383 3597 3456">
    <p class='ocr_par' dir='ltr' id='par_1_75' title="bbox 2128 3383 3597 3456">
     <span class='ocr_line' id='line_1_75' title="bbox 2128 3383 3597 3456; baseline -0.007 -8"><span class='ocrx_word' id='word_1_608' title='bbox 2128 3393 2289 3448; x_wconf 73' lang='lat' dir='ltr'><strong>Vsus.</strong></span> <span class='ocrx_word' id='word_1_609' title='bbox 2317 3392 2407 3454; x_wconf 79' lang='lat'><strong>58,</strong></span> <span class='ocrx_word' id='word_1_610' title='bbox 2434 3390 2522 3444; x_wconf 75' lang='lat'><strong>39.</strong></span> <span class='ocrx_word' id='word_1_611' title='bbox 2541 3419 2612 3428; x_wconf 89' lang='lat'><strong><em>—</em></strong></span> <span class='ocrx_word' id='word_1_612' title='bbox 2636 3387 2698 3443; x_wconf 90' lang='lat' dir='ltr'><strong>Si</strong></span> <span class='ocrx_word' id='word_1_613' title='bbox 2725 3387 2842 3456; x_wconf 79' lang='lat' dir='ltr'><strong>quis</strong></span> <span class='ocrx_word' id='word_1_614' title='bbox 2869 3387 2998 3448; x_wconf 80' lang='lat' dir='ltr'><strong>sitit,</strong></span> <span class='ocrx_word' id='word_1_615' title='bbox 3027 3386 3191 3439; x_wconf 76' lang='lat' dir='ltr'><strong>ueniat</strong></span> <span class='ocrx_word' id='word_1_616' title='bbox 3219 3383 3287 3438; x_wconf 83' lang='lat' dir='ltr'><strong>ad</strong></span> <span class='ocrx_word' id='word_1_617' title='bbox 3319 3401 3418 3449; x_wconf 75' lang='lat' dir='ltr'><strong>me,</strong></span> <span class='ocrx_word' id='word_1_618' title='bbox 3445 3395 3494 3438; x_wconf 87' lang='lat' dir='ltr'><strong>et</strong></span> <span class='ocrx_word' id='word_1_619' title='bbox 3521 3384 3597 3439; x_wconf 78' lang='lat' dir='ltr'><strong>bi-</strong></span> 
     </span>
    </p>
   </div>
   <div class='ocr_carea' id='block_1_76' title="bbox 2061 3468 3595 3542">
    <p class='ocr_par' dir='ltr' id='par_1_76' title="bbox 2061 3468 3595 3542">
     <span class='ocr_line' id='line_1_76' title="bbox 2061 3468 3595 3542; baseline -0.005 -10"><span class='ocrx_word' id='word_1_620' title='bbox 2061 3481 2164 3532; x_wconf 80' lang='lat' dir='ltr'><strong>bat.</strong></span> <span class='ocrx_word' id='word_1_621' title='bbox 2194 3478 2296 3542; x_wconf 80' lang='lat' dir='ltr'><strong>Qui</strong></span> <span class='ocrx_word' id='word_1_622' title='bbox 2326 3476 2485 3529; x_wconf 81' lang='lat' dir='ltr'><strong>credit</strong></span> <span class='ocrx_word' id='word_1_623' title='bbox 2526 3475 2582 3527; x_wconf 78' lang='lat' dir='ltr'><strong>iu</strong></span> <span class='ocrx_word' id='word_1_624' title='bbox 2606 3490 2705 3536; x_wconf 77' lang='lat' dir='ltr'><strong>nte,</strong></span> <span class='ocrx_word' id='word_1_625' title='bbox 2731 3474 2866 3526; x_wconf 84' lang='lat' dir='ltr'><strong>sicut</strong></span> <span class='ocrx_word' id='word_1_626' title='bbox 2897 3472 3021 3525; x_wconf 89' lang='lat' dir='ltr'><strong>dicit</strong></span> <span class='ocrx_word' id='word_1_627' title='bbox 3058 3468 3346 3542; x_wconf 74' lang='lat' dir='ltr'><strong>Scriptura,</strong></span> <span class='ocrx_word' id='word_1_628' title='bbox 3381 3474 3595 3542; x_wconf 70' lang='lat' dir='ltr'><strong>ﬂuntina</strong></span> 
     </span>
    </p>
   </div>
   <div class='ocr_carea' id='block_1_77' title="bbox 2060 3547 3595 3631">
    <p class='ocr_par' dir='ltr' id='par_1_77' title="bbox 2060 3547 3595 3631">
     <span class='ocr_line' id='line_1_77' title="bbox 2060 3547 3595 3631; baseline -0.002 -15"><span class='ocrx_word' id='word_1_629' title='bbox 2060 3565 2124 3616; x_wconf 89' lang='lat' dir='ltr'><strong>de</strong></span> <span class='ocrx_word' id='word_1_630' title='bbox 2149 3572 2318 3617; x_wconf 78' lang='lat' dir='ltr'><strong>uentre</strong></span> <span class='ocrx_word' id='word_1_631' title='bbox 2357 3562 2469 3631; x_wconf 84' lang='lat' dir='ltr'><strong>ejus</strong></span> <span class='ocrx_word' id='word_1_632' title='bbox 2504 3561 2663 3629; x_wconf 72' lang='lat' dir='ltr'><strong>ﬂuent</strong></span> <span class='ocrx_word' id='word_1_633' title='bbox 2708 3547 2855 3630; x_wconf 61' lang='lat' dir='ltr'><strong>aqua</strong></span> <span class='ocrx_word' id='word_1_634' title='bbox 2882 3559 3022 3613; x_wconf 63' lang='lat' dir='ltr'><strong>ciete.</strong></span> <span class='ocrx_word' id='word_1_635' title='bbox 3052 3574 3073 3613; x_wconf 71' lang='grc' dir='ltr'><strong><em>ς</em></strong></span> <span class='ocrx_word' id='word_1_636' title='bbox 3099 3557 3237 3626; x_wconf 77' lang='lat' dir='ltr'><strong>Quid</strong></span> <span class='ocrx_word' id='word_1_637' title='bbox 3281 3557 3382 3611; x_wconf 86' lang='lat' dir='ltr'><strong>hoc</strong></span> <span class='ocrx_word' id='word_1_638' title='bbox 3424 3568 3595 3626; x_wconf 75' lang='lat' dir='ltr'><strong>esset,</strong></span> 
     </span>
    </p>
   </div>
   <div class='ocr_carea' id='block_1_78' title="bbox 2061 3644 3595 3718">
    <p class='ocr_par' dir='ltr' id='par_1_78' title="bbox 2061 3644 3595 3718">
     <span class='ocr_line' id='line_1_78' title="bbox 2061 3644 3595 3718; baseline -0.003 -14"><span class='ocrx_word' id='word_1_639' title='bbox 2061 3649 2270 3718; x_wconf 79' lang='lat' dir='ltr'><strong>quando</strong></span> <span class='ocrx_word' id='word_1_640' title='bbox 2290 3647 2608 3717; x_wconf 83' lang='lat' dir='ltr'><strong>evangelista</strong></span> <span class='ocrx_word' id='word_1_641' title='bbox 2628 3645 2889 3714; x_wconf 74' lang='lat' dir='ltr'><strong>exposuit,</strong></span> <span class='ocrx_word' id='word_1_642' title='bbox 2911 3644 3184 3705; x_wconf 80' lang='lat' dir='ltr'><strong>immorari</strong></span> <span class='ocrx_word' id='word_1_643' title='bbox 3202 3657 3306 3702; x_wconf 78' lang='lat' dir='ltr'><strong>non</strong></span> <span class='ocrx_word' id='word_1_644' title='bbox 3325 3644 3595 3705; x_wconf 80' lang='lat' dir='ltr'><strong>debeums.</strong></span> 
     </span>
    </p>
   </div>
   <div class='ocr_carea' id='block_1_79' title="bbox 2064 3725 3608 3800">
    <p class='ocr_par' dir='ltr' id='par_1_79' title="bbox 2064 3725 3608 3800">
     <span class='ocr_line' id='line_1_79' title="bbox 2064 3725 3608 3800; baseline -0.006 -6"><span class='ocrx_word' id='word_1_645' title='bbox 2064 3739 2211 3794; x_wconf 87' lang='lat' dir='ltr'><strong>Unde</strong></span> <span class='ocrx_word' id='word_1_646' title='bbox 2233 3738 2372 3792; x_wconf 89' lang='lat' dir='ltr'><strong>enim</strong></span> <span class='ocrx_word' id='word_1_647' title='bbox 2401 3736 2594 3790; x_wconf 81' lang='lat' dir='ltr'><strong>dixerit</strong></span> <span class='ocrx_word' id='word_1_648' title='bbox 2620 3733 2915 3792; x_wconf 75' lang='lat' dir='ltr'><strong>Dominus:</strong></span> <span class='ocrx_word' id='word_1_649' title='bbox 2945 3725 3002 3786; x_wconf 85' lang='lat' dir='ltr'><strong>Si</strong></span> <span class='ocrx_word' id='word_1_650' title='bbox 3017 3731 3146 3800; x_wconf 78' lang='lat' dir='ltr'><strong>&#39;quis</strong></span> <span class='ocrx_word' id='word_1_651' title='bbox 3181 3731 3501 3795; x_wconf 79' lang='lat' dir='ltr'><strong>sitit,&#39;veniat</strong></span> <span class='ocrx_word' id='word_1_652' title='bbox 3528 3736 3608 3785; x_wconf 49' lang='lat' dir='ltr'><strong>ad?</strong></span> 
     </span>
    </p>
   </div>
   <div class='ocr_carea' id='block_1_80' title="bbox 2062 3820 3600 3891">
    <p class='ocr_par' dir='ltr' id='par_1_80' title="bbox 2062 3820 3600 3891">
     <span class='ocr_line' id='line_1_80' title="bbox 2062 3820 3600 3891; baseline -0.003 -10"><span class='ocrx_word' id='word_1_653' title='bbox 2062 3844 2162 3891; x_wconf 83' lang='lat' dir='ltr'><strong>me,</strong></span> <span class='ocrx_word' id='word_1_654' title='bbox 2192 3836 2240 3881; x_wconf 87' lang='lat' dir='ltr'><strong>et</strong></span> <span class='ocrx_word' id='word_1_655' title='bbox 2265 3826 2430 3891; x_wconf 74' lang='lat' dir='ltr'><strong>bibat;</strong></span> <span class='ocrx_word' id='word_1_656' title='bbox 2457 3831 2512 3878; x_wconf 90' lang='lat' dir='ltr'><strong>et</strong></span> <span class='ocrx_word' id='word_1_657' title='bbox 2555 3821 2668 3890; x_wconf 79' lang='lat' dir='ltr'><strong>Qui</strong></span> <span class='ocrx_word' id='word_1_658' title='bbox 2693 3822 2934 3876; x_wconf 69' lang='lat' dir='ltr'><strong>creditis:</strong></span> <span class='ocrx_word' id='word_1_659' title='bbox 2960 3837 3060 3884; x_wconf 82' lang='lat' dir='ltr'><strong>nte,</strong></span> <span class='ocrx_word' id='word_1_660' title='bbox 3086 3820 3301 3889; x_wconf 69' lang='lat' dir='ltr'><strong>ﬂumina</strong></span> <span class='ocrx_word' id='word_1_661' title='bbox 3343 3821 3406 3874; x_wconf 88' lang='lat' dir='ltr'><strong>de</strong></span> <span class='ocrx_word' id='word_1_662' title='bbox 3431 3833 3600 3877; x_wconf 72' lang='lat' dir='ltr'><strong>uentre</strong></span> 
     </span>
    </p>
   </div>
   <div class='ocr_carea' id='block_1_81' title="bbox 2061 3908 3600 3987">
    <p class='ocr_par' dir='ltr' id='par_1_81' title="bbox 2061 3908 3600 3987">
     <span class='ocr_line' id='line_1_81' title="bbox 2061 3908 3600 3987; baseline -0.005 -15"><span class='ocrx_word' id='word_1_663' title='bbox 2061 3919 2173 3987; x_wconf 80' lang='lat' dir='ltr'><strong>ejus</strong></span> <span class='ocrx_word' id='word_1_664' title='bbox 2209 3919 2367 3987; x_wconf 71' lang='lat' dir='ltr'><strong>[luent</strong></span> <span class='ocrx_word' id='word_1_665' title='bbox 2403 3908 2548 3984; x_wconf 57' lang='lat' dir='ltr'><strong>aqua</strong></span> <span class='ocrx_word' id='word_1_666' title='bbox 2575 3913 2721 3976; x_wconf 61' lang='lat' dir='ltr'><strong>vim,</strong></span> <span class='ocrx_word' id='word_1_667' title='bbox 2752 3917 3135 3980; x_wconf 82' lang='lat' dir='ltr'><strong>consequenter</strong></span> <span class='ocrx_word' id='word_1_668' title='bbox 3160 3910 3400 3979; x_wconf 74' lang='lat' dir='ltr'><strong>exposuit</strong></span> <span class='ocrx_word' id='word_1_669' title='bbox 3427 3911 3600 3965; x_wconf 76' lang='lat' dir='ltr'><strong>Evan—</strong></span> 
     </span>
    </p>
   </div>
   <div class='ocr_carea' id='block_1_82' title="bbox 2064 3995 3614 4077">
    <p class='ocr_par' dir='ltr' id='par_1_82' title="bbox 2064 3995 3614 4077">
     <span class='ocr_line' id='line_1_82' title="bbox 2064 3995 3614 4077; baseline -0.012 -14"><span class='ocrx_word' id='word_1_670' title='bbox 2064 4007 2269 4077; x_wconf 76' lang='lat' dir='ltr'><strong>gelista,</strong></span> <span class='ocrx_word' id='word_1_671' title='bbox 2297 4004 2520 4058; x_wconf 87' lang='lat' dir='ltr'><strong>dicens:</strong></span> <span class='ocrx_word' id='word_1_672' title='bbox 2549 3999 2661 4054; x_wconf 76' lang='lat' dir='ltr'><strong>H‘oc</strong></span> <span class='ocrx_word' id='word_1_673' title='bbox 2701 4008 2870 4056; x_wconf 80' lang='lat' dir='ltr'><strong>autem</strong></span> <span class='ocrx_word' id='word_1_674' title='bbox 2909 3997 3038 4051; x_wconf 65' lang='lat' dir='ltr'><strong>dixit</strong></span> <span class='ocrx_word' id='word_1_675' title='bbox 3078 3997 3142 4051; x_wconf 78' lang='lat' dir='ltr'><strong>de</strong></span> <span class='ocrx_word' id='word_1_676' title='bbox 3186 3995 3410 4066; x_wconf 83' lang='lat' dir='ltr'><strong>Spiritu,</strong></span> 
     </span>
    </p>
   </div>
   <div class='ocr_carea' id='block_1_83' title="bbox 2066 4085 3602 4163">
    <p class='ocr_par' dir='ltr' id='par_1_83' title="bbox 2066 4085 3602 4163">
     <span class='ocr_line' id='line_1_83' title="bbox 2066 4085 3602 4163; baseline -0.007 -15"><span class='ocrx_word' id='word_1_677' title='bbox 2066 4095 2320 4163; x_wconf 80' lang='lat' dir='ltr'><strong>accepturi</strong></span> <span class='ocrx_word' id='word_1_678' title='bbox 2351 4100 2497 4145; x_wconf 77' lang='lat' dir='ltr'><strong>erant</strong></span> <span class='ocrx_word' id='word_1_679' title='bbox 2540 4088 2798 4143; x_wconf 78' lang='lat' dir='ltr'><strong>credentes</strong></span> <span class='ocrx_word' id='word_1_680' title='bbox 2822 4090 3052 4140; x_wconf 82' lang='lat' dir='ltr'><strong>in--eulu.</strong></span> <span class='ocrx_word' id='word_1_681' title='bbox 3082 4085 3194 4142; x_wconf 79' lang='lat' dir='ltr'><strong>Hoc</strong></span> <span class='ocrx_word' id='word_1_682' title='bbox 3235 4085 3602 4139; x_wconf 67' lang='lat' dir='ltr'><strong>tantumvsciu-</strong></span> 
     </span>
    </p>
   </div>
   <div class='ocr_carea' id='block_1_84' title="bbox 2066 4170 3602 4248">
    <p class='ocr_par' dir='ltr' id='par_1_84' title="bbox 2066 4170 3602 4248">
     <span class='ocr_line' id='line_1_84' title="bbox 2066 4170 3602 4248; baseline -0.007 -14"><span class='ocrx_word' id='word_1_683' title='bbox 2066 4193 2202 4244; x_wconf 87' lang='lat' dir='ltr'><strong>mus,</strong></span> <span class='ocrx_word' id='word_1_684' title='bbox 2228 4179 2368 4248; x_wconf 83' lang='lat' dir='ltr'><strong>quod</strong></span> <span class='ocrx_word' id='word_1_685' title='bbox 2394 4179 2470 4232; x_wconf 88' lang='lat' dir='ltr'><strong>de-</strong></span> <span class='ocrx_word' id='word_1_686' title='bbox 2487 4177 2746 4230; x_wconf 81' lang='lat' dir='ltr'><strong>charitate</strong></span> <span class='ocrx_word' id='word_1_687' title='bbox 2773 4176 2877 4229; x_wconf 85' lang='lat' dir='ltr'><strong>hoc</strong></span> <span class='ocrx_word' id='word_1_688' title='bbox 2919 4172 3181 4228; x_wconf 87' lang='lat' dir='ltr'><strong>clamabat</strong></span> <span class='ocrx_word' id='word_1_689' title='bbox 3223 4172 3474 4230; x_wconf 75' lang='lat' dir='ltr'><strong>Dominus</strong></span> <span class='ocrx_word' id='word_1_690' title='bbox 3516 4170 3602 4225; x_wconf 70' lang='lat' dir='ltr'><strong>Je-</strong></span> 
     </span>
    </p>
   </div>
   <div class='ocr_carea' id='block_1_85' title="bbox 2067 4260 3597 4331">
    <p class='ocr_par' dir='ltr' id='par_1_85' title="bbox 2067 4260 3597 4331">
     <span class='ocr_line' id='line_1_85' title="bbox 2067 4260 3597 4331; baseline -0.005 -11"><span class='ocrx_word' id='word_1_691' title='bbox 2067 4280 2176 4320; x_wconf 84' lang='lat' dir='ltr'><strong>sus.</strong></span> <span class='ocrx_word' id='word_1_692' title='bbox 2210 4283 2229 4316; x_wconf 72' lang='grc' dir='ltr'>ι</span> <span class='ocrx_word' id='word_1_693' title='bbox 2257 4265 2462 4324; x_wconf 77' lang='lat' dir='ltr'><strong>Clamat</strong></span> <span class='ocrx_word' id='word_1_694' title='bbox 2488 4277 2616 4331; x_wconf 88' lang='lat' dir='ltr'><strong>ergo</strong></span> <span class='ocrx_word' id='word_1_695' title='bbox 2634 4261 2872 4324; x_wconf 47' lang='lat' dir='ltr'><strong>et-‘dicit;</strong></span> <span class='ocrx_word' id='word_1_696' title='bbox 2892 4260 3316 4316; x_wconf 70' lang='lat' dir='ltr'><strong>utveniamuset</strong></span> <span class='ocrx_word' id='word_1_697' title='bbox 3339 4261 3597 4320; x_wconf 66' lang='lat' dir='ltr'><strong>bimulus,</strong></span> 
     </span>
    </p>
   </div>
   <div class='ocr_carea' id='block_1_86' title="bbox 2066 4346 3603 4420">
    <p class='ocr_par' dir='ltr' id='par_1_86' title="bbox 2066 4346 3603 4420">
     <span class='ocr_line' id='line_1_86' title="bbox 2066 4346 3603 4420; baseline -0.006 -10"><span class='ocrx_word' id='word_1_698' title='bbox 2066 4356 2113 4410; x_wconf 86' lang='lat' dir='ltr'><strong>si</strong></span> <span class='ocrx_word' id='word_1_699' title='bbox 2142 4357 2284 4409; x_wconf 89' lang='lat' dir='ltr'><strong>intus</strong></span> <span class='ocrx_word' id='word_1_700' title='bbox 2311 4353 2438 4406; x_wconf 82' lang='lat' dir='ltr'><strong>sitit</strong></span> <span class='ocrx_word' id='word_1_701' title='bbox 2463 4351 2672 4406; x_wconf 87' lang='lat' dir='ltr'><strong>animus</strong></span> <span class='ocrx_word' id='word_1_702' title='bbox 2708 4347 2898 4420; x_wconf 64' lang='lat' dir='ltr'><strong>[Aug.,</strong></span> <span class='ocrx_word' id='word_1_703' title='bbox 2923 4348 2969 4401; x_wconf 85' lang='lat' dir='ltr'><strong>si</strong></span> <span class='ocrx_word' id='word_1_704' title='bbox 2996 4347 3145 4402; x_wconf 87' lang='lat' dir='ltr'><strong>intus</strong></span> <span class='ocrx_word' id='word_1_705' title='bbox 3157 4346 3452 4416; x_wconf 72' lang='lat' dir='ltr'><strong>sitiamus],</strong></span> <span class='ocrx_word' id='word_1_706' title='bbox 3478 4348 3603 4415; x_wconf 85' lang='lat' dir='ltr'><strong>quia</strong></span> 
     </span>
    </p>
   </div>
   <div class='ocr_carea' id='block_1_87' title="bbox 439 4418 3602 4530">
    <p class='ocr_par' dir='ltr' id='par_1_87' title="bbox 439 4418 3602 4530">
     <span class='ocr_line' id='line_1_87' title="bbox 439 4418 3602 4530; baseline -0.009 -19"><span class='ocrx_word' id='word_1_707' title='bbox 739 4418 1354 4513; x_wconf 36' lang='lat' dir='ltr'><strong>quwuuc&#39;tiuueiu&#39;éuitu</strong></span> <span class='ocrx_word' id='word_1_708' title='bbox 1997 4418 2046 4478; x_wconf 71' lang='grc' dir='ltr'><strong><em>υ</em></strong></span> <span class='ocrx_word' id='word_1_709' title='bbox 2069 4457 2191 4500; x_wconf 85' lang='lat' dir='ltr'><strong>cum</strong></span> <span class='ocrx_word' id='word_1_710' title='bbox 2217 4441 2539 4530; x_wconf 84' lang='lat' dir='ltr'><strong>biberimus,</strong></span> <span class='ocrx_word' id='word_1_711' title='bbox 2562 4418 2775 4530; x_wconf 73' lang='lat' dir='ltr'><strong>ﬁumina</strong></span> <span class='ocrx_word' id='word_1_712' title='bbox 2800 4451 2966 4530; x_wconf 67' lang='lat' dir='ltr'><strong>aquze</strong></span> <span class='ocrx_word' id='word_1_713' title='bbox 2982 4435 3115 4530; x_wconf 64' lang='lat' dir='ltr'><strong>vivae</strong></span> <span class='ocrx_word' id='word_1_714' title='bbox 3149 4433 3309 4530; x_wconf 74' lang='lat' dir='ltr'><strong>ﬂuent</strong></span> <span class='ocrx_word' id='word_1_715' title='bbox 3419 4436 3602 4487; x_wconf 68' lang='lat' dir='ltr'><strong>ventu:</strong></span> 
     </span>
    </p>
   </div>
   <div class='ocr_carea' id='block_1_88' title="bbox 433 4544 1966 4618">
    <p class='ocr_par' dir='ltr' id='par_1_88' title="bbox 433 4544 1966 4618">
     <span class='ocr_line' id='line_1_88' title="bbox 433 4544 1966 4618; baseline -0.006 -13"><span class='ocrx_word' id='word_1_716' title='bbox 433 4565 552 4605; x_wconf 88' lang='lat' dir='ltr'><strong>eum</strong></span> <span class='ocrx_word' id='word_1_717' title='bbox 599 4563 884 4618; x_wconf 86' lang='lat' dir='ltr'><strong>agnoscere</strong></span> <span class='ocrx_word' id='word_1_718' title='bbox 928 4553 1259 4615; x_wconf 68' lang='lat' dir='ltr'><strong>praisentem,</strong></span> <span class='ocrx_word' id='word_1_719' title='bbox 1310 4551 1364 4600; x_wconf 90' lang='lat' dir='ltr'><strong>et</strong></span> <span class='ocrx_word' id='word_1_720' title='bbox 1400 4551 1584 4618; x_wconf 84' lang='lat' dir='ltr'><strong>postea</strong></span> <span class='ocrx_word' id='word_1_721' title='bbox 1626 4544 1966 4613; x_wconf 67' lang='lat' dir='ltr'><strong>quaesierunt,</strong></span> 
     </span>
    </p>
   </div>
   <div class='ocr_carea' id='block_1_89' title="bbox 435 4632 1969 4707">
    <p class='ocr_par' dir='ltr' id='par_1_89' title="bbox 435 4632 1969 4707">
     <span class='ocr_line' id='line_1_89' title="bbox 435 4632 1969 4707; baseline -0.005 -15"><span class='ocrx_word' id='word_1_722' title='bbox 435 4653 554 4692; x_wconf 89' lang='lat' dir='ltr'><strong>cum</strong></span> <span class='ocrx_word' id='word_1_723' title='bbox 579 4637 818 4691; x_wconf 88' lang='lat' dir='ltr'><strong>viderent</strong></span> <span class='ocrx_word' id='word_1_724' title='bbox 853 4635 1239 4690; x_wconf 89' lang='lat' dir='ltr'><strong>multitudinem</strong></span> <span class='ocrx_word' id='word_1_725' title='bbox 1274 4635 1388 4707; x_wconf 77' lang='lat' dir='ltr'><strong>jam</strong></span> <span class='ocrx_word' id='word_1_726' title='bbox 1420 4633 1742 4696; x_wconf 83' lang='lat' dir='ltr'><strong>credentem.</strong></span> <span class='ocrx_word' id='word_1_727' title='bbox 1785 4632 1969 4701; x_wconf 70' lang='lat' dir='ltr'><strong>Magna</strong></span> 
     </span>
    </p>
   </div>
   <div class='ocr_carea' id='block_1_90' title="bbox 433 4721 1971 4800">
    <p class='ocr_par' dir='ltr' id='par_1_90' title="bbox 433 4721 1971 4800">
     <span class='ocr_line' id='line_1_90' title="bbox 433 4721 1971 4800; baseline -0.002 -24"><span class='ocrx_word' id='word_1_728' title='bbox 433 4727 576 4778; x_wconf 79' lang='lat' dir='ltr'><strong>enim</strong></span> <span class='ocrx_word' id='word_1_729' title='bbox 609 4725 758 4794; x_wconf 85' lang='lat' dir='ltr'><strong>signa</strong></span> <span class='ocrx_word' id='word_1_730' title='bbox 786 4723 919 4776; x_wconf 89' lang='lat' dir='ltr'><strong>facta</strong></span> <span class='ocrx_word' id='word_1_731' title='bbox 948 4731 1097 4800; x_wconf 42' lang='lat' dir='ltr'><strong>sunt,‘</strong></span> <span class='ocrx_word' id='word_1_732' title='bbox 1116 4723 1275 4777; x_wconf 81' lang='lat' dir='ltr'><strong>etiam</strong></span> <span class='ocrx_word' id='word_1_733' title='bbox 1308 4737 1427 4776; x_wconf 91' lang='lat' dir='ltr'><strong>cum</strong></span> <span class='ocrx_word' id='word_1_734' title='bbox 1461 4721 1713 4776; x_wconf 84' lang='lat' dir='ltr'><strong>Dominus</strong></span> <span class='ocrx_word' id='word_1_735' title='bbox 1738 4734 1971 4776; x_wconf 78' lang='lat' dir='ltr'><strong>resurre—</strong></span> 
     </span>
    </p>
   </div>
   <div class='ocr_carea' id='block_1_91' title="bbox 437 4806 1970 4879">
    <p class='ocr_par' dir='ltr' id='par_1_91' title="bbox 437 4806 1970 4879">
     <span class='ocr_line' id='line_1_91' title="bbox 437 4806 1970 4879; baseline -0.004 -13"><span class='ocrx_word' id='word_1_736' title='bbox 437 4815 516 4866; x_wconf 75' lang='lat' dir='ltr'><strong>xit</strong></span> <span class='ocrx_word' id='word_1_737' title='bbox 540 4820 595 4865; x_wconf 90' lang='lat' dir='ltr'><strong>et</strong></span> <span class='ocrx_word' id='word_1_738' title='bbox 621 4811 858 4864; x_wconf 88' lang='lat' dir='ltr'><strong>ascendit</strong></span> <span class='ocrx_word' id='word_1_739' title='bbox 885 4811 937 4861; x_wconf 90' lang='lat' dir='ltr'><strong>in</strong></span> <span class='ocrx_word' id='word_1_740' title='bbox 965 4810 1176 4879; x_wconf 64' lang='lat' dir='ltr'><strong>emittm.</strong></span> <span class='ocrx_word' id='word_1_741' title='bbox 1223 4809 1369 4864; x_wconf 80' lang='lat' dir='ltr'><strong>Tunc</strong></span> <span class='ocrx_word' id='word_1_742' title='bbox 1409 4824 1505 4879; x_wconf 88' lang='lat' dir='ltr'><strong>per</strong></span> <span class='ocrx_word' id='word_1_743' title='bbox 1530 4808 1809 4877; x_wconf 87' lang='lat' dir='ltr'><strong>discipulos</strong></span> <span class='ocrx_word' id='word_1_744' title='bbox 1834 4806 1970 4860; x_wconf 70' lang='lat' dir='ltr'><strong>facta</strong></span> 
     </span>
    </p>
   </div>
   <div class='ocr_carea' id='block_1_92' title="bbox 437 4871 1965 4966">
    <p class='ocr_par' dir='ltr' id='par_1_92' title="bbox 437 4871 1965 4966">
     <span class='ocr_line' id='line_1_92' title="bbox 437 4871 1965 4966; baseline -0.001 -16"><span class='ocrx_word' id='word_1_745' title='bbox 437 4905 562 4950; x_wconf 85' lang='lat' dir='ltr'><strong>sunt</strong></span> <span class='ocrx_word' id='word_1_746' title='bbox 578 4911 798 4966; x_wconf 87' lang='lat' dir='ltr'><strong>magna;</strong></span> <span class='ocrx_word' id='word_1_747' title='bbox 830 4895 922 4948; x_wconf 89' lang='lat' dir='ltr'><strong>sed</strong></span> <span class='ocrx_word' id='word_1_748' title='bbox 944 4896 1028 4947; x_wconf 86' lang='lat' dir='ltr'><strong>ille</strong></span> <span class='ocrx_word' id='word_1_749' title='bbox 1055 4871 1152 4964; x_wconf 62' lang='lat' dir='ltr'><strong>pur</strong></span> <span class='ocrx_word' id='word_1_750' title='bbox 1176 4897 1311 4958; x_wconf 81' lang='lat' dir='ltr'><strong>illos,</strong></span> <span class='ocrx_word' id='word_1_751' title='bbox 1334 4871 1468 4966; x_wconf 81' lang='lat' dir='ltr'><strong>[qui]</strong></span> <span class='ocrx_word' id='word_1_752' title='bbox 1493 4905 1548 4951; x_wconf 91' lang='lat' dir='ltr'><strong>et</strong></span> <span class='ocrx_word' id='word_1_753' title='bbox 1571 4871 1678 4965; x_wconf 65' lang='lat' dir='ltr'><strong>pel:</strong></span> <span class='ocrx_word' id='word_1_754' title='bbox 1687 4911 1744 4950; x_wconf 87' lang='lat' dir='ltr'><strong>se</strong></span> <span class='ocrx_word' id='word_1_755' title='bbox 1764 4897 1965 4964; x_wconf 83' lang='lat' dir='ltr'><strong>ipsum:</strong></span> 
     </span>
    </p>
   </div>
   <div class='ocr_carea' id='block_1_93' title="bbox 440 4979 1962 5060">
    <p class='ocr_par' dir='ltr' id='par_1_93' title="bbox 440 4979 1962 5060">
     <span class='ocr_line' id='line_1_93' title="bbox 440 4979 1962 5060; baseline -0.002 -25"><span class='ocrx_word' id='word_1_756' title='bbox 440 4985 550 5052; x_wconf 87' lang='lat' dir='ltr'><strong>ipse</strong></span> <span class='ocrx_word' id='word_1_757' title='bbox 573 4983 765 5060; x_wconf 75' lang='lat' dir='ltr'><strong>quippe</strong></span> <span class='ocrx_word' id='word_1_758' title='bbox 788 4981 891 5034; x_wconf 81' lang='lat' dir='ltr'><strong>illis</strong></span> <span class='ocrx_word' id='word_1_759' title='bbox 904 4980 1136 5036; x_wconf 79' lang='lat' dir='ltr'><strong>dixerat:</strong></span> <span class='ocrx_word' id='word_1_760' title='bbox 1157 4979 1280 5034; x_wconf 78' lang='lat' dir='ltr'><strong>Siue</strong></span> <span class='ocrx_word' id='word_1_761' title='bbox 1298 4997 1377 5033; x_wconf 81' lang='lat' dir='ltr'><strong>nte</strong></span> <span class='ocrx_word' id='word_1_762' title='bbox 1390 4981 1515 5034; x_wconf 72' lang='lat' dir='ltr'><strong>nihil</strong></span> <span class='ocrx_word' id='word_1_763' title='bbox 1536 4983 1742 5049; x_wconf 83' lang='lat' dir='ltr'><strong>potestis</strong></span> <span class='ocrx_word' id='word_1_764' title='bbox 1754 4982 1922 5050; x_wconf 80' lang='lat' dir='ltr'><strong>facere</strong></span> <span class='ocrx_word' id='word_1_765' title='bbox 1945 5001 1962 5032; x_wconf 73' lang='grc' dir='ltr'><strong><em>ι</em></strong></span> 
     </span>
    </p>
   </div>
   <div class='ocr_carea' id='block_1_94' title="bbox 441 5061 1970 5139">
    <p class='ocr_par' dir='ltr' id='par_1_94' title="bbox 441 5061 1970 5139">
     <span class='ocr_line' id='line_1_94' title="bbox 441 5061 1970 5139; baseline -0.001 -17"><span class='ocrx_word' id='word_1_766' title='bbox 441 5069 617 5138; x_wconf 81' lang='lat' dir='ltr'><strong>(Joan.</strong></span> <span class='ocrx_word' id='word_1_767' title='bbox 666 5061 752 5132; x_wconf 66' lang='lat' dir='ltr'><strong>xv‘,</strong></span> <span class='ocrx_word' id='word_1_768' title='bbox 799 5069 872 5139; x_wconf 85' lang='lat'><strong>5).</strong></span> <span class='ocrx_word' id='word_1_769' title='bbox 919 5067 1091 5136; x_wconf 80' lang='lat' dir='ltr'><strong>Quare</strong></span> <span class='ocrx_word' id='word_1_770' title='bbox 1128 5081 1232 5124; x_wconf 87' lang='lat' dir='ltr'><strong>non</strong></span> <span class='ocrx_word' id='word_1_771' title='bbox 1267 5075 1548 5135; x_wconf 89' lang='lat' dir='ltr'><strong>potuerunt</strong></span> <span class='ocrx_word' id='word_1_772' title='bbox 1589 5069 1803 5122; x_wconf 82' lang='lat' dir='ltr'><strong>venire?</strong></span> <span class='ocrx_word' id='word_1_773' title='bbox 1837 5070 1970 5134; x_wconf 88' lang='lat' dir='ltr'><strong>Quia</strong></span> 
     </span>
    </p>
   </div>
   <div class='ocr_carea' id='block_1_95' title="bbox 441 5155 1974 5226">
    <p class='ocr_par' dir='ltr' id='par_1_95' title="bbox 441 5155 1974 5226">
     <span class='ocr_line' id='line_1_95' title="bbox 441 5155 1974 5226; baseline 0 -16"><span class='ocrx_word' id='word_1_774' title='bbox 441 5159 718 5211; x_wconf 86' lang='lat' dir='ltr'><strong>noluerunt</strong></span> <span class='ocrx_word' id='word_1_775' title='bbox 743 5159 978 5220; x_wconf 89' lang='lat' dir='ltr'><strong>credere,</strong></span> <span class='ocrx_word' id='word_1_776' title='bbox 1019 5156 1142 5224; x_wconf 82' lang='lat' dir='ltr'><strong>quia</strong></span> <span class='ocrx_word' id='word_1_777' title='bbox 1170 5155 1340 5208; x_wconf 87' lang='lat' dir='ltr'><strong>nullus</strong></span> <span class='ocrx_word' id='word_1_778' title='bbox 1375 5155 1487 5208; x_wconf 89' lang='lat' dir='ltr'><strong>sine</strong></span> <span class='ocrx_word' id='word_1_779' title='bbox 1520 5155 1622 5208; x_wconf 85' lang='lat' dir='ltr'><strong>fide</strong></span> <span class='ocrx_word' id='word_1_780' title='bbox 1655 5157 1845 5210; x_wconf 88' lang='lat' dir='ltr'><strong>salvari</strong></span> <span class='ocrx_word' id='word_1_781' title='bbox 1882 5172 1974 5226; x_wconf 92' lang='lat' dir='ltr'><strong>po-</strong></span> 
     </span>
    </p>
   </div>
   <div class='ocr_carea' id='block_1_96' title="bbox 443 5241 1972 5313">
    <p class='ocr_par' dir='ltr' id='par_1_96' title="bbox 443 5241 1972 5313">
     <span class='ocr_line' id='line_1_96' title="bbox 443 5241 1972 5313; baseline 0.005 -19"><span class='ocrx_word' id='word_1_782' title='bbox 443 5251 563 5296; x_wconf 87' lang='lat' dir='ltr'><strong>test.</strong></span> <span class='ocrx_word' id='word_1_783' title='bbox 609 5241 788 5312; x_wconf 75' lang='lat' dir='ltr'><strong>(Veas.</strong></span> <span class='ocrx_word' id='word_1_784' title='bbox 834 5245 946 5313; x_wconf 77' lang='lat'><strong>35.)</strong></span> <span class='ocrx_word' id='word_1_785' title='bbox 997 5262 1016 5293; x_wconf 87' lang='grc'><em>‹</em></span> <span class='ocrx_word' id='word_1_786' title='bbox 1066 5244 1316 5297; x_wconf 69' lang='lat' dir='ltr'><strong>Dixerunt</strong></span> <span class='ocrx_word' id='word_1_787' title='bbox 1357 5261 1474 5312; x_wconf 86' lang='lat' dir='ltr'><strong>ergo</strong></span> <span class='ocrx_word' id='word_1_788' title='bbox 1517 5244 1719 5311; x_wconf 72' lang='lat' dir='ltr'><strong>Judwi,</strong></span> <span class='ocrx_word' id='word_1_789' title='bbox 1767 5263 1869 5302; x_wconf 88' lang='lat' dir='ltr'><strong>non</strong></span> <span class='ocrx_word' id='word_1_790' title='bbox 1908 5248 1972 5301; x_wconf 85' lang='lat' dir='ltr'><strong>ad</strong></span> 
     </span>
    </p>
   </div>
   <div class='ocr_carea' id='block_1_97' title="bbox 444 5329 1976 5399">
    <p class='ocr_par' dir='ltr' id='par_1_97' title="bbox 444 5329 1976 5399">
     <span class='ocr_line' id='line_1_97' title="bbox 444 5329 1976 5399; baseline 0.003 -17"><span class='ocrx_word' id='word_1_791' title='bbox 444 5331 612 5396; x_wconf 83' lang='lat' dir='ltr'><strong>ipsum</strong></span> <span class='ocrx_word' id='word_1_792' title='bbox 632 5368 648 5392; x_wconf 92' lang='lat'><strong>,</strong></span> <span class='ocrx_word' id='word_1_793' title='bbox 682 5329 776 5382; x_wconf 85' lang='lat' dir='ltr'><strong>sed</strong></span> <span class='ocrx_word' id='word_1_794' title='bbox 803 5329 870 5380; x_wconf 89' lang='lat' dir='ltr'><strong>ad</strong></span> <span class='ocrx_word' id='word_1_795' title='bbox 893 5331 1078 5394; x_wconf 86' lang='lat' dir='ltr'><strong>seipsos</strong></span> <span class='ocrx_word' id='word_1_796' title='bbox 1114 5344 1132 5379; x_wconf 92' lang='lat'><strong><em>:</em></strong></span> <span class='ocrx_word' id='word_1_797' title='bbox 1161 5331 1274 5393; x_wconf 83' lang='lat' dir='ltr'><strong>Quo</strong></span> <span class='ocrx_word' id='word_1_798' title='bbox 1301 5331 1382 5384; x_wconf 77' lang='lat' dir='ltr'><strong>llic</strong></span> <span class='ocrx_word' id='word_1_799' title='bbox 1407 5332 1571 5385; x_wconf 83' lang='lat' dir='ltr'><strong>iturus</strong></span> <span class='ocrx_word' id='word_1_800' title='bbox 1604 5342 1676 5386; x_wconf 85' lang='lat' dir='ltr'><strong>est</strong></span> <span class='ocrx_word' id='word_1_801' title='bbox 1693 5374 1707 5397; x_wconf 93' lang='lat'><strong>,</strong></span> <span class='ocrx_word' id='word_1_802' title='bbox 1733 5336 1854 5399; x_wconf 76' lang='lat' dir='ltr'><strong>quia</strong></span> <span class='ocrx_word' id='word_1_803' title='bbox 1876 5350 1976 5388; x_wconf 75' lang='lat' dir='ltr'><strong>non</strong></span> 
     </span>
    </p>
   </div>
   <div class='ocr_carea' id='block_1_98' title="bbox 444 5417 1976 5491">
    <p class='ocr_par' dir='ltr' id='par_1_98' title="bbox 444 5417 1976 5491">
     <span class='ocr_line' id='line_1_98' title="bbox 444 5417 1976 5491; baseline 0.003 -19"><span class='ocrx_word' id='word_1_804' title='bbox 444 5419 754 5472; x_wconf 71' lang='lat' dir='ltr'><strong>inveniemus</strong></span> <span class='ocrx_word' id='word_1_805' title='bbox 794 5419 951 5471; x_wconf 77' lang='lat' dir='ltr'><strong>eum?</strong></span> <span class='ocrx_word' id='word_1_806' title='bbox 991 5417 1238 5487; x_wconf 77' lang='lat' dir='ltr'><strong>Nunquid</strong></span> <span class='ocrx_word' id='word_1_807' title='bbox 1273 5421 1324 5474; x_wconf 81' lang='lat' dir='ltr'><strong>in</strong></span> <span class='ocrx_word' id='word_1_808' title='bbox 1356 5423 1732 5491; x_wconf 74' lang='lat' dir='ltr'><strong>dispersionem-</strong></span> <span class='ocrx_word' id='word_1_809' title='bbox 1757 5427 1976 5491; x_wconf 77' lang='lat' dir='ltr'><strong>gentiam</strong></span> 
     </span>
    </p>
   </div>
   <div class='ocr_carea' id='block_1_99' title="bbox 519 5596 1423 5666">
    <p class='ocr_par' dir='ltr' id='par_1_99' title="bbox 519 5596 1423 5666">
     <span class='ocr_line' id='line_1_99' title="bbox 519 5596 1423 5666; baseline -0.004 -16"><span class='ocrx_word' id='word_1_810' title='bbox 519 5607 549 5636; x_wconf 76' lang='grc' dir='ltr'>ι</span> <span class='ocrx_word' id='word_1_811' title='bbox 583 5596 640 5650; x_wconf 85' lang='lat' dir='ltr'><strong>S.</strong></span> <span class='ocrx_word' id='word_1_812' title='bbox 671 5597 827 5666; x_wconf 79' lang='lat' dir='ltr'><strong>Aug.,</strong></span> <span class='ocrx_word' id='word_1_813' title='bbox 856 5597 954 5650; x_wconf 79' lang='lat' dir='ltr'><strong>loc.</strong></span> <span class='ocrx_word' id='word_1_814' title='bbox 987 5597 1076 5649; x_wconf 65' lang='lat' dir='ltr'><strong>citi</strong></span> <span class='ocrx_word' id='word_1_815' title='bbox 1112 5611 1250 5649; x_wconf 87' lang='lat' dir='ltr'><strong>num.</strong></span> <span class='ocrx_word' id='word_1_816' title='bbox 1283 5596 1423 5648; x_wconf 79' lang='lat' dir='ltr'><strong>7-I0.</strong></span> 
     </span>
    </p>
   </div>
   <div class='ocr_carea' id='block_1_100' title="bbox 2056 4524 3606 4587">
    <p class='ocr_par' dir='ltr' id='par_1_100' title="bbox 2056 4524 3606 4587">
     <span class='ocr_line' id='line_1_100' title="bbox 2056 4524 3606 4587; baseline -0.006 0"><span class='ocrx_word' id='word_1_817' title='bbox 2056 4530 2272 4587; x_wconf 86' lang='lat' dir='ltr'><strong>nostro.</strong></span> <span class='ocrx_word' id='word_1_818' title='bbox 2301 4531 2498 4586; x_wconf 77' lang='lat' dir='ltr'><strong>Venter</strong></span> <span class='ocrx_word' id='word_1_819' title='bbox 2529 4528 2798 4582; x_wconf 78' lang='lat' dir='ltr'><strong>interioris</strong></span> <span class='ocrx_word' id='word_1_820' title='bbox 2824 4526 3054 4580; x_wconf 79' lang='lat' dir='ltr'><strong>hominis</strong></span> <span class='ocrx_word' id='word_1_821' title='bbox 3079 4524 3397 4579; x_wconf 88' lang='lat' dir='ltr'><strong>conscientia</strong></span> <span class='ocrx_word' id='word_1_822' title='bbox 3429 4527 3606 4580; x_wconf 87' lang='lat' dir='ltr'><strong>cordis</strong></span> 
     </span>
    </p>
   </div>
   <div class='ocr_carea' id='block_1_101' title="bbox 2071 4612 3607 4690">
    <p class='ocr_par' dir='ltr' id='par_1_101' title="bbox 2071 4612 3607 4690">
     <span class='ocr_line' id='line_1_101' title="bbox 2071 4612 3607 4690; baseline -0.005 -15"><span class='ocrx_word' id='word_1_823' title='bbox 2071 4629 2154 4675; x_wconf 88' lang='lat' dir='ltr'><strong>est</strong></span> <span class='ocrx_word' id='word_1_824' title='bbox 2193 4618 2338 4690; x_wconf 65' lang='grc' dir='ltr'><strong>[ιιι.</strong></span> <span class='ocrx_word' id='word_1_825' title='bbox 2367 4617 2531 4687; x_wconf 67' lang='lat' dir='ltr'><strong>eius]:</strong></span> <span class='ocrx_word' id='word_1_826' title='bbox 2563 4615 2903 4681; x_wconf 80' lang='lat' dir='ltr'><strong>Bibitu-ergo</strong></span> <span class='ocrx_word' id='word_1_827' title='bbox 2944 4612 3296 4679; x_wconf 69' lang='lat' dir='ltr'><strong>isto-liquore,</strong></span> <span class='ocrx_word' id='word_1_828' title='bbox 3340 4614 3607 4668; x_wconf 86' lang='lat' dir='ltr'><strong>reviviscit</strong></span> 
     </span>
    </p>
   </div>
   <div class='ocr_carea' id='block_1_102' title="bbox 2074 4699 3644 4777">
    <p class='ocr_par' dir='ltr' id='par_1_102' title="bbox 2074 4699 3644 4777">
     <span class='ocr_line' id='line_1_102' title="bbox 2074 4699 3644 4777; baseline -0.023 -10"><span class='ocrx_word' id='word_1_829' title='bbox 2074 4715 2295 4777; x_wconf 80' lang='lat' dir='ltr'><strong>purgata</strong></span> <span class='ocrx_word' id='word_1_830' title='bbox 2336 4703 2679 4766; x_wconf 82' lang='lat' dir='ltr'><strong>conscientia,</strong></span> <span class='ocrx_word' id='word_1_831' title='bbox 2721 4709 2774 4755; x_wconf 91' lang='lat' dir='ltr'><strong>et</strong></span> <span class='ocrx_word' id='word_1_832' title='bbox 2815 4701 3065 4755; x_wconf 86' lang='lat' dir='ltr'><strong>hauriens</strong></span> <span class='ocrx_word' id='word_1_833' title='bbox 3113 4699 3311 4755; x_wconf 81' lang='lat' dir='ltr'><strong>fontem</strong></span> <span class='ocrx_word' id='word_1_834' title='bbox 3361 4701 3603 4770; x_wconf 72' lang='lat' dir='ltr'><strong>habebit;</strong></span> <span class='ocrx_word' id='word_1_835' title='bbox 3639 4726 3644 4731; x_wconf 94' lang='lat'><strong>.</strong></span> 
     </span>
    </p>
   </div>
   <div class='ocr_carea' id='block_1_103' title="bbox 2073 4786 3608 4861">
    <p class='ocr_par' dir='ltr' id='par_1_103' title="bbox 2073 4786 3608 4861">
     <span class='ocr_line' id='line_1_103' title="bbox 2073 4786 3608 4861; baseline -0.001 -15"><span class='ocrx_word' id='word_1_836' title='bbox 2073 4795 2234 4849; x_wconf 86' lang='lat' dir='ltr'><strong>etiam</strong></span> <span class='ocrx_word' id='word_1_837' title='bbox 2263 4793 2375 4860; x_wconf 86' lang='lat' dir='ltr'><strong>ipsa</strong></span> <span class='ocrx_word' id='word_1_838' title='bbox 2400 4789 2518 4843; x_wconf 86' lang='lat' dir='ltr'><strong>fons</strong></span> <span class='ocrx_word' id='word_1_839' title='bbox 2537 4789 2661 4843; x_wconf 88' lang='lat' dir='ltr'><strong>erit.</strong></span> <span class='ocrx_word' id='word_1_840' title='bbox 2688 4786 2824 4854; x_wconf 90' lang='lat' dir='ltr'><strong>Quid</strong></span> <span class='ocrx_word' id='word_1_841' title='bbox 2849 4796 2929 4843; x_wconf 90' lang='lat' dir='ltr'><strong>est</strong></span> <span class='ocrx_word' id='word_1_842' title='bbox 2964 4787 3105 4852; x_wconf 79' lang='lat' dir='ltr'><strong>fons,</strong></span> <span class='ocrx_word' id='word_1_843' title='bbox 3131 4789 3213 4843; x_wconf 88' lang='lat' dir='ltr'><strong>vei</strong></span> <span class='ocrx_word' id='word_1_844' title='bbox 3240 4790 3368 4861; x_wconf 87' lang='lat' dir='ltr'><strong>quid</strong></span> <span class='ocrx_word' id='word_1_845' title='bbox 3398 4798 3486 4849; x_wconf 81' lang='lat' dir='ltr'><strong>est</strong></span> <span class='ocrx_word' id='word_1_846' title='bbox 3511 4788 3608 4847; x_wconf 82' lang='lat' dir='ltr'><strong>llu-</strong></span> 
     </span>
    </p>
   </div>
   <div class='ocr_carea' id='block_1_104' title="bbox 2073 4873 3608 4948">
    <p class='ocr_par' dir='ltr' id='par_1_104' title="bbox 2073 4873 3608 4948">
     <span class='ocr_line' id='line_1_104' title="bbox 2073 4873 3608 4948; baseline -0.003 -16"><span class='ocrx_word' id='word_1_847' title='bbox 2073 4881 2190 4932; x_wconf 82' lang='lat' dir='ltr'><strong>vius</strong></span> <span class='ocrx_word' id='word_1_848' title='bbox 2209 4879 2298 4948; x_wconf 87' lang='lat' dir='ltr'><strong>qui</strong></span> <span class='ocrx_word' id='word_1_849' title='bbox 2324 4884 2536 4931; x_wconf 86' lang='lat' dir='ltr'><strong>emanat</strong></span> <span class='ocrx_word' id='word_1_850' title='bbox 2560 4877 2626 4931; x_wconf 88' lang='lat' dir='ltr'><strong>de</strong></span> <span class='ocrx_word' id='word_1_851' title='bbox 2653 4885 2838 4931; x_wconf 88' lang='lat' dir='ltr'><strong>ventre</strong></span> <span class='ocrx_word' id='word_1_852' title='bbox 2865 4877 3130 4932; x_wconf 87' lang='lat' dir='ltr'><strong>interioris</strong></span> <span class='ocrx_word' id='word_1_853' title='bbox 3158 4875 3420 4936; x_wconf 69' lang='lat' dir='ltr'><strong>hominis?</strong></span> <span class='ocrx_word' id='word_1_854' title='bbox 3441 4873 3608 4936; x_wconf 70' lang='lat' dir='ltr'><strong>Belle-</strong></span> 
     </span>
    </p>
   </div>
   <div class='ocr_carea' id='block_1_105' title="bbox 2072 4961 3652 5035">
    <p class='ocr_par' dir='ltr' id='par_1_105' title="bbox 2072 4961 3652 5035">
     <span class='ocr_line' id='line_1_105' title="bbox 2072 4961 3652 5035; baseline -0.002 -17"><span class='ocrx_word' id='word_1_855' title='bbox 2072 4967 2301 5021; x_wconf 83' lang='lat' dir='ltr'><strong>volentia</strong></span> <span class='ocrx_word' id='word_1_856' title='bbox 2340 4981 2443 5034; x_wconf 90' lang='lat' dir='ltr'><strong>qua</strong></span> <span class='ocrx_word' id='word_1_857' title='bbox 2471 4966 2584 5019; x_wconf 85' lang='lat' dir='ltr'><strong>vult</strong></span> <span class='ocrx_word' id='word_1_858' title='bbox 2609 4965 2887 5020; x_wconf 89' lang='lat' dir='ltr'><strong>consulere</strong></span> <span class='ocrx_word' id='word_1_859' title='bbox 2911 4964 3168 5033; x_wconf 79' lang='lat' dir='ltr'><strong>proximo.</strong></span> <span class='ocrx_word' id='word_1_860' title='bbox 3198 4962 3256 5022; x_wconf 84' lang='lat' dir='ltr'><strong>Si</strong></span> <span class='ocrx_word' id='word_1_861' title='bbox 3289 4961 3429 5019; x_wconf 87' lang='lat' dir='ltr'><strong>enim</strong></span> <span class='ocrx_word' id='word_1_862' title='bbox 3456 4971 3609 5035; x_wconf 79' lang='lat' dir='ltr'><strong>putet</strong></span> <span class='ocrx_word' id='word_1_863' title='bbox 3637 4983 3652 4996; x_wconf 82' lang='lat'><strong>-</strong></span> 
     </span>
    </p>
   </div>
   <div class='ocr_carea' id='block_1_106' title="bbox 2073 5052 3606 5129">
    <p class='ocr_par' dir='ltr' id='par_1_106' title="bbox 2073 5052 3606 5129">
     <span class='ocr_line' id='line_1_106' title="bbox 2073 5052 3606 5129; baseline -0.007 -16"><span class='ocrx_word' id='word_1_864' title='bbox 2073 5059 2197 5127; x_wconf 88' lang='lat' dir='ltr'><strong>quia</strong></span> <span class='ocrx_word' id='word_1_865' title='bbox 2223 5059 2362 5129; x_wconf 87' lang='lat' dir='ltr'><strong>quod</strong></span> <span class='ocrx_word' id='word_1_866' title='bbox 2407 5059 2541 5114; x_wconf 88' lang='lat' dir='ltr'><strong>bibit</strong></span> <span class='ocrx_word' id='word_1_867' title='bbox 2582 5058 2679 5111; x_wconf 85' lang='lat' dir='ltr'><strong>soli</strong></span> <span class='ocrx_word' id='word_1_868' title='bbox 2723 5057 2824 5125; x_wconf 85' lang='lat' dir='ltr'><strong>ipsi</strong></span> <span class='ocrx_word' id='word_1_869' title='bbox 2864 5057 3019 5111; x_wconf 88' lang='lat' dir='ltr'><strong>debet</strong></span> <span class='ocrx_word' id='word_1_870' title='bbox 3059 5053 3316 5115; x_wconf 65' lang='lat' dir='ltr'><strong>audiuere,</strong></span> <span class='ocrx_word' id='word_1_871' title='bbox 3341 5066 3446 5105; x_wconf 87' lang='lat' dir='ltr'><strong>non</strong></span> <span class='ocrx_word' id='word_1_872' title='bbox 3490 5052 3606 5105; x_wconf 80' lang='lat' dir='ltr'><strong>linit</strong></span> 
     </span>
    </p>
   </div>
   <div class='ocr_carea' id='block_1_107' title="bbox 2075 5136 3608 5214">
    <p class='ocr_par' dir='ltr' id='par_1_107' title="bbox 2075 5136 3608 5214">
     <span class='ocr_line' id='line_1_107' title="bbox 2075 5136 3608 5214; baseline -0.003 -16"><span class='ocrx_word' id='word_1_873' title='bbox 2075 5161 2210 5214; x_wconf 90' lang='lat' dir='ltr'><strong>aqua</strong></span> <span class='ocrx_word' id='word_1_874' title='bbox 2234 5146 2352 5198; x_wconf 84' lang='lat' dir='ltr'><strong>viva</strong></span> <span class='ocrx_word' id='word_1_875' title='bbox 2381 5146 2447 5199; x_wconf 91' lang='lat' dir='ltr'><strong>de</strong></span> <span class='ocrx_word' id='word_1_876' title='bbox 2468 5152 2649 5198; x_wconf 89' lang='lat' dir='ltr'><strong>ventre</strong></span> <span class='ocrx_word' id='word_1_877' title='bbox 2673 5143 2786 5210; x_wconf 69' lang='lat' dir='ltr'><strong>eius</strong></span> <span class='ocrx_word' id='word_1_878' title='bbox 2810 5160 2824 5194; x_wconf 88' lang='lat'><strong>:</strong></span> <span class='ocrx_word' id='word_1_879' title='bbox 2853 5143 2896 5195; x_wconf 85' lang='lat' dir='ltr'><strong>si</strong></span> <span class='ocrx_word' id='word_1_880' title='bbox 2921 5149 3109 5202; x_wconf 76' lang='lat' dir='ltr'><strong>autem</strong></span> <span class='ocrx_word' id='word_1_881' title='bbox 3129 5139 3370 5214; x_wconf 77' lang='lat' dir='ltr'><strong>proximo</strong></span> <span class='ocrx_word' id='word_1_882' title='bbox 3391 5136 3608 5194; x_wconf 82' lang='lat' dir='ltr'><strong>festinat</strong></span> 
     </span>
    </p>
   </div>
   <div class='ocr_carea' id='block_1_108' title="bbox 2077 5225 3612 5296">
    <p class='ocr_par' dir='ltr' id='par_1_108' title="bbox 2077 5225 3612 5296">
     <span class='ocr_line' id='line_1_108' title="bbox 2077 5225 3612 5296; baseline -0.005 -8"><span class='ocrx_word' id='word_1_883' title='bbox 2077 5235 2370 5295; x_wconf 68' lang='lat' dir='ltr'><strong>consulere,</strong></span> <span class='ocrx_word' id='word_1_884' title='bbox 2399 5232 2515 5285; x_wconf 89' lang='lat' dir='ltr'><strong>ideo</strong></span> <span class='ocrx_word' id='word_1_885' title='bbox 2557 5245 2660 5283; x_wconf 89' lang='lat' dir='ltr'><strong>non</strong></span> <span class='ocrx_word' id='word_1_886' title='bbox 2686 5230 2867 5292; x_wconf 87' lang='lat' dir='ltr'><strong>siccat,</strong></span> <span class='ocrx_word' id='word_1_887' title='bbox 2896 5230 3018 5296; x_wconf 85' lang='lat' dir='ltr'><strong>quia</strong></span> <span class='ocrx_word' id='word_1_888' title='bbox 3045 5233 3273 5284; x_wconf 88' lang='lat' dir='ltr'><strong>emanat.</strong></span> <span class='ocrx_word' id='word_1_889' title='bbox 3301 5225 3612 5287; x_wconf 72' lang='lat' dir='ltr'><strong>Videbimus</strong></span> 
     </span>
    </p>
   </div>
   <div class='ocr_carea' id='block_1_109' title="bbox 2079 5310 3605 5390">
    <p class='ocr_par' dir='ltr' id='par_1_109' title="bbox 2079 5310 3605 5390">
     <span class='ocr_line' id='line_1_109' title="bbox 2079 5310 3605 5390; baseline -0.007 -17"><span class='ocrx_word' id='word_1_890' title='bbox 2079 5321 2206 5390; x_wconf 89' lang='lat' dir='ltr'><strong>quid</strong></span> <span class='ocrx_word' id='word_1_891' title='bbox 2233 5331 2371 5371; x_wconf 91' lang='lat' dir='ltr'><strong>nunc</strong></span> <span class='ocrx_word' id='word_1_892' title='bbox 2410 5318 2477 5368; x_wconf 85' lang='lat' dir='ltr'><strong>sit</strong></span> <span class='ocrx_word' id='word_1_893' title='bbox 2515 5315 2654 5382; x_wconf 91' lang='lat' dir='ltr'><strong>quod</strong></span> <span class='ocrx_word' id='word_1_894' title='bbox 2693 5315 2886 5372; x_wconf 82' lang='lat' dir='ltr'><strong>bibunt</strong></span> <span class='ocrx_word' id='word_1_895' title='bbox 2909 5315 3011 5382; x_wconf 75' lang='lat' dir='ltr'><strong>qui‘</strong></span> <span class='ocrx_word' id='word_1_896' title='bbox 3041 5314 3266 5372; x_wconf 83' lang='lat' dir='ltr'><strong>credunt</strong></span> <span class='ocrx_word' id='word_1_897' title='bbox 3298 5312 3352 5367; x_wconf 86' lang='lat' dir='ltr'><strong>in</strong></span> <span class='ocrx_word' id='word_1_898' title='bbox 3395 5310 3605 5374; x_wconf 68' lang='lat' dir='ltr'><strong>Dedin:</strong></span> 
     </span>
    </p>
   </div>
   <div class='ocr_carea' id='block_1_110' title="bbox 2082 5394 3608 5472">
    <p class='ocr_par' dir='ltr' id='par_1_110' title="bbox 2082 5394 3608 5472">
     <span class='ocr_line' id='line_1_110' title="bbox 2082 5394 3608 5472; baseline -0.003 -19"><span class='ocrx_word' id='word_1_899' title='bbox 2082 5403 2201 5472; x_wconf 82' lang='lat' dir='ltr'><strong>quia</strong></span> <span class='ocrx_word' id='word_1_900' title='bbox 2229 5401 2406 5466; x_wconf 86' lang='lat' dir='ltr'><strong>utique</strong></span> <span class='ocrx_word' id='word_1_901' title='bbox 2446 5397 2732 5452; x_wconf 85' lang='lat' dir='ltr'><strong>Christiani</strong></span> <span class='ocrx_word' id='word_1_902' title='bbox 2773 5411 2978 5459; x_wconf 77' lang='lat' dir='ltr'><strong>uulnus,</strong></span> <span class='ocrx_word' id='word_1_903' title='bbox 2999 5404 3052 5450; x_wconf 89' lang='lat' dir='ltr'><strong>et</strong></span> <span class='ocrx_word' id='word_1_904' title='bbox 3077 5397 3121 5450; x_wconf 87' lang='lat' dir='ltr'><strong>si</strong></span> <span class='ocrx_word' id='word_1_905' title='bbox 3150 5394 3433 5458; x_wconf 66' lang='lat' dir='ltr'><strong>creditum,</strong></span> <span class='ocrx_word' id='word_1_906' title='bbox 3467 5395 3608 5449; x_wconf 80' lang='lat' dir='ltr'><strong>bibi-</strong></span> 
     </span>
    </p>
   </div>
   <div class='ocr_carea' id='block_1_111' title="bbox 2150 5591 3232 5660">
    <p class='ocr_par' dir='ltr' id='par_1_111' title="bbox 2150 5591 3232 5660">
     <span class='ocr_line' id='line_1_111' title="bbox 2150 5591 3232 5660; baseline 0 -15"><span class='ocrx_word' id='word_1_907' title='bbox 2150 5595 2176 5634; x_wconf 68' lang='grc' dir='ltr'><strong>ὶν</strong></span> <span class='ocrx_word' id='word_1_908' title='bbox 2200 5594 2274 5652; x_wconf 75' lang='lat' dir='ltr'><strong>Ex</strong></span> <span class='ocrx_word' id='word_1_909' title='bbox 2306 5593 2361 5646; x_wconf 86' lang='lat' dir='ltr'><strong>S.</strong></span> <span class='ocrx_word' id='word_1_910' title='bbox 2387 5592 2539 5660; x_wconf 78' lang='lat' dir='ltr'><strong>Aug.,</strong></span> <span class='ocrx_word' id='word_1_911' title='bbox 2563 5599 2715 5645; x_wconf 88' lang='lat' dir='ltr'><strong>tract.</strong></span> <span class='ocrx_word' id='word_1_912' title='bbox 2745 5605 2909 5658; x_wconf 77' lang='lat' dir='ltr'><strong>um,</strong></span> <span class='ocrx_word' id='word_1_913' title='bbox 2937 5607 3080 5647; x_wconf 83' lang='lat' dir='ltr'><strong>llum.</strong></span> <span class='ocrx_word' id='word_1_914' title='bbox 3111 5592 3159 5654; x_wconf 79' lang='grc' dir='ltr'><strong>ι,</strong></span> <span class='ocrx_word' id='word_1_915' title='bbox 3181 5591 3232 5645; x_wconf 82' lang='lat'><strong>8.</strong></span> 
     </span>
    </p>
   </div>
  </div>
