4152 6208
722 334 816 386 851

1578 326 1636 377 n.
1676 324 1736 378 Ρ.
1777 321 1996 375 .thth
2034 321 2161 376 seu
2196 318 2469 375 Atcum
2504 278 2780 375 eruntin
2815 286 2991 377 ritus
3028 323 3087 376 ιι.

3821 325 3921 377 8.32

722 456 859 495 mus.
884 440 950 493 Et
971 439 1331 506 unusquisque
1353 439 1407 491 in
1430 454 1485 492 sc
1507 438 1660 491 debet
1679 448 2017 500 cognoscere.
2041 432 2085 485 si
2112 430 2263 483 bibit.
2293 430 2338 486 Δ
2368 427 2481 495 ipsa
2522 428 2777 493 Ecclesia,
2804 445 2921 498 qua:
2959 438 3042 485 est
3066 446 3256 500 corpus
3282 433 3500 496 Christi,
3526 434 3766 487 oninium
3797 450 3925 504 gen-

724 528 860 582 Etsi
897 526 1047 591 bibit,
1083 526 1341 595 largiatur
1378 539 1443 580 ex
1480 539 1545 577 eo
1571 522 1711 592 quod
1750 521 1888 575 bibit
1915 519 2095 591 [Aug.,
2120 526 2174 574 et
2217 518 2262 571 si

721 617 851 670 vivit
877 631 944 670 ex
965 629 1053 679 eo,
1077 614 1219 683 quod
1258 610 1443 683 bibit];
1470 627 1576 665 non
1601 610 1743 665 enim
1766 623 1865 663 nos
1891 607 2088 662 deserit
2124 604 2261 670 fons,

719 706 764 759 si
792 719 896 758 non
931 703 1238 757 deseramus
1269 699 1486 756 fontem.
1521 716 1540 750 ι
1566 698 1821 766 Exposuit
1854 695 2175 765 evangelista
2210 702 2263 749 et

718 792 880 855 dixit,
918 790 1057 846 unde
1096 789 1351 843 Dominus
1391 788 1693 844 clamasset.
1732 785 1800 838 ad
1828 784 2035 851 qualem
2081 790 2261 850 potum

719 880 1013 942 invitasset,
1038 877 1229 945 quidve
1253 892 1320 932 ex
1357 875 1658 931 bibentibus
1686 872 1839 944 [Ns.,
1877 872 2004 939 quid
2031 870 2260 924 bibenti-

716 965 836 1037 bus]
864 966 1215 1035 propinasset,
1244 965 1461 1019 dicens:
1494 961 1607 1016 Hoc
1629 971 1798 1015 autem
1826 958 2023 1013 dicebat
2050 958 2114 1013 de
2145 957 2261 1027 Spi-

716 1059 849 1121 ritu,
880 1072 1029 1125 quas
1073 1055 1329 1124 accepturi
1361 1062 1507 1106 erant
1550 1051 1807 1105 credentes
1848 1050 1904 1104 in
1935 1064 2069 1102 eum.
2108 1047 2259 1101 Non-

712 1148 836 1199 dum
877 1146 1012 1199 enim
1058 1152 1167 1198 erat
1200 1140 1425 1212 Spiritus
1451 1141 1625 1203 datus,
1667 1138 1789 1208 quia
1830 1135 1984 1189 Jesus
2034 1136 2260 1188 nondum

712 1234 880 1300 fuerat
908 1232 1241 1302 gloriﬁcatus.
1260 1230 1431 1296 Quem
1458 1229 1584 1283 dicit
1608 1228 1871 1296 spiritum,
1898 1225 1999 1278 uisi
2021 1234 2258 1285 sanctum

715 1320 994 1390 [Spiritum
1006 1319 1050 1391 ἲ]
1074 1318 1206 1374 Nam
1227 1318 1589 1387 unusquisque
1616 1318 1772 1371 homo
1798 1317 1957 1370 habet
1983 1316 2036 1369 in
2058 1329 2116 1369 se
2136 1330 2259 1383 pro-

714 1412 886 1478 prium
923 1409 1200 1477 spiritum,
1228 1408 1283 1462 id
1316 1415 1414 1470 est,
1456 1408 1704 1460 animam.
1746 1406 1935 1459 Anima
1968 1403 2118 1473 [Ms.,
2146 1405 2259 1457 ani-

715 1512 878 1549 mum.
904 1494 1148 1566 Animus]
1180 1496 1319 1551 enim
1359 1492 1614 1563 cujusque
1641 1492 1755 1559 ejus
1782 1500 1865 1548 est
1910 1492 2148 1561 spiritus.
2184 1491 2259 1547 De

714 1601 821 1653 quo
847 1583 977 1639 dicit
1008 1584 1198 1638 Paulus
1223 1583 1523 1653 apostolus:
1556 1581 1683 1646 Quis
1713 1584 1847 1635 enim
1872 1583 1964 1635 scit
1993 1583 2257 1633 hominum

710 1689 825 1739 quae
851 1680 969 1724 sunt
992 1671 1235 1733 hominis,
1262 1671 1361 1725 nisi
1382 1670 1591 1739 spiritus
1620 1670 1838 1721 hominis
1862 1670 1947 1737 qui
1974 1670 2027 1720 in
2051 1669 2159 1737 ipso
2182 1677 2257 1721 est

2368 518 2497 570 tium
2523 516 2713 585 linguis
2740 518 2991 587 loquitur.
3021 518 3170 584 Quod
3200 527 3324 573 tunc
3351 521 3401 573 in
3428 522 3700 588 primitiva
3740 522 3925 577 Eccle-

2362 606 2439 659 sia
2464 606 2841 676 praesignatum
2866 616 2967 671 est,
2991 623 3109 676 qua:
3138 609 3191 660 in
3212 606 3390 662 Judaaa
3417 624 3519 661 una
3550 610 3925 668 tantummodo

2359 702 2515 763 gente
2556 694 2763 748 initiata
2802 702 2903 758 est,
2950 711 3090 750 nunc
3119 711 3244 751 vero
3269 711 3334 750 ex
3376 697 3624 752 omnibus
3671 700 3923 768 gentibus

2361 788 2693 851 congregata.
2737 780 3010 847 Quomodo
3037 796 3163 836 vero
3203 798 3336 837 unus
3365 792 3489 839 tunc
3531 785 3690 838 homo
3730 786 3920 855 loque-

2359 870 2515 925 batur
2551 870 2797 925 omnibus
2824 871 3037 941 linguis,
3081 872 3153 925 ita
3182 872 3337 926 modo
3361 873 3537 926 unitas
3579 883 3779 927 sancta:
3823 875 3921 927 Ec-

2359 958 2534 1013 clesiae
2558 958 2804 1017 omnibus
2823 958 3057 1027 loquitur
3084 958 3295 1028 linguis.
3329 978 3346 1008 ι
3374 958 3680 1028 Accipimus
3706 975 3842 1031 ergo
3871 972 3923 1012 r-t

2360 1061 2457 1101 nos
2500 1045 2755 1115 Spiritum
2804 1053 3075 1110 sanctum,
3122 1047 3167 1100 si
3212 1061 3455 1101 amamus
3507 1046 3837 1111 Ecclesiam,
3878 1048 3921 1101 si

2358 1133 2617 1187 charitate
2644 1133 3099 1203 compaginamur,
3126 1134 3167 1188 si
3196 1134 3455 1189 catholico
3484 1135 3700 1188 nomine
3728 1144 3786 1188 et
3818 1134 3921 1189 (ide

2358 1220 2664 1288 gaudemus.
2701 1219 2865 1289 igitur
2892 1229 3148 1291 quantum
3176 1222 3399 1291 quisque
3442 1230 3585 1277 amat
3622 1222 3919 1277 Ecclesiam

2358 1237 2664 1288 gaudemus.
2702 1237 2865 1289 igitur
2892 1237 3148 1361 qrantum
3176 1237 3399 1291 quisque
3442 1237 3585 1277 amat
3622 1237 3919 1277 nccxcsram

2356 1308 2573 1372 Christi,
2589 1316 2789 1369 tantum
2802 1308 2936 1362 habe
2974 1308 3226 1378 Spiritum
3237 1319 3493 1364 sanctum.
3509 1310 3775 1365 Habemus
3790 1324 3923 1379 ergo

2357 1395 2611 1464 Spiritum
2658 1403 2921 1459 sanctum,
2961 1397 3005 1448 si
3034 1411 3271 1450 amamus
3318 1398 3642 1462 Ecelesiam;
3675 1412 3921 1451 amamus

2357 1490 2549 1539 autem.
2578 1482 2619 1535 si
2651 1481 2705 1534 in
2735 1481 2851 1549 ejus
2877 1496 3127 1552 compage
3167 1491 3222 1536 et
3248 1484 3507 1539 charitate
3549 1484 3919 1539 consentimus

2357 1568 2481 1639 [31s.
2492 1610 2506 1634 ,
2521 1569 2903 1640 consistimus],
2917 1586 3074 1637 quam
3086 1571 3366 1640 Apostolus
3374 1573 3618 1627 omnibus
3628 1572 3811 1625 virtuti
3819 1573 3920 1625 bus

2359 1657 2672 1711 ﬁducialitcr
2693 1660 2996 1727 pra-posuit.
3014 1657 3322 1727 Quicunque
3340 1660 3505 1728 ipsam
3526 1659 3705 1723 habet,
3721 1666 3918 1713 cuncta

714 1737 766 1826 (l
790 1756 910 1810 Cor.
933 1772 991 1821 ll,
1017 1757 1135 1826 ll)?
1157 1758 1259 1811 Sed
1284 1737 1418 1827 quid
1433 1767 1513 1812 est
1540 1757 1680 1828 quod
1702 1758 1812 1809 ait:
1842 1755 1963 1809 Non
1984 1757 2119 1809 enim
2146 1766 2256 1809 erat

2359 1744 2573 1813 habebit
2600 1746 2768 1810 bona;
2801 1748 2924 1813 quia
2953 1746 3065 1798 sine
3092 1746 3180 1798 illa
3209 1746 3337 1799 nihil
3362 1747 3627 1815 proderit,
3658 1747 3916 1816 quidquid

714 1845 937 1913 Spiritus
964 1846 1135 1909 datus,
1169 1848 1290 1916 quia
1316 1847 1469 1900 Jesus
1504 1846 1731 1900 nondum
1757 1853 1866 1898 erat
1903 1845 2260 1913 gloriﬁcatus?

713 1934 959 2003 Nunquid
985 1951 1091 1989 non
1134 1936 1351 2004 spiritus
1388 1935 1489 1989 fuit
1530 1935 1585 1989 in
1614 1936 1815 1989 sanctis
1859 1934 1950 1988 Dei
1982 1935 2255 2005 prophetis

712 2034 767 2077 et
792 2024 1127 2093 patr-iacebis,
1157 2024 1247 2093 qui
1292 2023 1456 2077 multa
1482 2038 1577 2091 per
1603 2023 1857 2090 Spiritum
1897 2029 2138 2075 sanctum
2171 2021 2254 2074 fu-
2305 2067 2307 2070 .

713 2124 835 2168 tura
859 2116 1251 2183 pacdixerunt?
1277 2116 1442 2184 igitur
1466 2123 1521 2168 et
1546 2113 1810 2167 Elisabetb
1845 2112 2036 2181 legitur
2058 2112 2256 2179 Spiritu

715 2214 900 2259 sancto
944 2205 1144 2273 repleta
1186 2220 1328 2268 esse,
1364 2212 1417 2257 et
1443 2203 1727 2257 Zacharias
1760 2201 2027 2265 similiter,
2050 2200 2257 2254 dicente

712 2295 1035 2361 evangelista
1072 2312 1086 2347 :
1135 2294 1201 2347 Et
1250 2293 1530 2347 Zacharias
1576 2301 1720 2361 pater
1764 2292 1877 2359 ejus
1928 2290 2143 2356 repletus
2184 2298 2258 2341 est

714 2376 916 2445 Spiritu
940 2386 1139 2440 sancto,
1168 2385 1215 2428 et
1243 2374 1555 2445 preplietavit
1579 2372 1725 2444 (Luc.
1757 2387 1798 2435 ι,
1826 2370 1937 2440 67).
1981 2370 2116 2435 Quid
2155 2378 2255 2431 est,

710 2465 855 2537 quod
888 2465 1050 2519 dicit:
1080 2464 1303 2533 Spiritus
1342 2472 1551 2517 sanctus
1596 2462 1810 2516 necdum
1856 2460 2026 2529 fuerat
2069 2460 2261 2514 datus?

717 2573 735 2605 ι
766 2553 923 2607 Multa
944 2568 1070 2623 ergo
1088 2553 1279 2621 indicia
1306 2551 1651 2621 praecedentis
1679 2548 1860 2621 [Aug.,
1881 2548 2257 2618 praecedentia]

713 2644 941 2712 Spiritus
965 2643 1133 2697 sancti
1159 2642 1435 2704 habemus,
1465 2647 1749 2708 antequam
1776 2636 2036 2690 Dominus
2062 2636 2259 2703 glorifi-

698 2738 931 2785 caretur
959 2728 1345 2784 resurrectione
1387 2727 1565 2782 carnis
1607 2740 1745 2790 suto;
1778 2739 1883 2779 non
1910 2723 2054 2777 enim
2098 2722 2257 2775 alium

713 2823 956 2891 spiritum
981 2821 1143 2875 etiam
1188 2821 1461 2891 propheta:
1498 2822 1821 2884 habuerunt,
1858 2818 1950 2887 qui
1990 2816 2259 2870 Christum

716 2920 995 2965 ventunrm
1024 2912 1524 2981 pneuuntiaverunt.
1563 2910 1669 2965 Sed
1696 2909 1884 2963 modus
1924 2908 2138 2976 quidam
2180 2903 2261 2957 fu-

714 3007 868 3052 turus
910 3005 1029 3051 erat
1074 2996 1370 3051 donationis
1417 2994 1609 3067 [Aug.,
1653 2993 1912 3065 dationis]
1958 2994 2134 3062 hujus,
2169 2990 2259 3060 qui

713 3086 929 3140 omnino
970 3094 1126 3140 antea
1172 3100 1274 3139 non
1303 3092 1649 3155 apparuerat:
1681 3083 1747 3138 de
1775 3084 1889 3153 ipso
1916 3083 2004 3137 hic
2045 3083 2256 3137 dicitur.

716 3172 987 3240 Nusquam
1018 3171 1159 3225 enim
1186 3172 1409 3241 legimus
1432 3180 1588 3226 antea
1630 3180 1977 3240 congregatos
2020 3171 2262 3226 homines

715 3267 933 3328 accepto
960 3258 1160 3328 Spiritu
1188 3266 1394 3325 sancto,
1428 3259 1622 3330 linguis
1648 3260 1883 3313 omnium
1909 3260 2144 3329 gentium
2182 3260 2262 3314 lo-

714 3354 865 3401 cutos
893 3344 1071 3420 fuisse.
1100 3347 1227 3401 Post
1269 3348 1708 3401 resurrectionem
1755 3356 1933 3401 autem
1971 3363 2120 3401 suam
2150 3350 2261 3417 pri-

716 3450 882 3495 mum,
924 3434 1135 3503 quando
1174 3433 1417 3503 apparuit
1446 3433 1717 3504 discipulis
1760 3436 1895 3499 suis,
1928 3428 2070 3490 dixit
2114 3437 2216 3492 illis
2247 3456 2259 3490 :

718 3524 943 3592 Accipite
975 3523 1134 3595 ξω
1159 3523 1411 3591 Spiritum
1436 3534 1669 3577 sanctum
1705 3524 1885 3595 (Joan.
1926 3541 2015 3589 xx,
2045 3526 2158 3597 22).
2190 3527 2264 3580 De

718 3614 817 3666 hoc
855 3627 982 3683 ergo
1008 3614 1207 3667 dictum
1235 3620 1351 3665 est:
1384 3611 1505 3665 Non
1531 3619 1641 3663 erat
1678 3611 1899 3679 Spiritus
1942 3612 2113 3676 datus,
2143 3616 2263 3683 quia

718 3700 867 3753 Iesus
890 3700 1115 3753 nondum
1134 3707 1243 3753 erat
1262 3696 1597 3767 glori/iectus.
1620 3694 1688 3749 Et
1711 3699 1979 3768 insufﬂauit
2003 3700 2056 3751 in
2080 3699 2265 3767 faciem

718 3804 894 3842 eorum
924 3785 1072 3856 (Gen.
1096 3802 1157 3851 ll,
1177 3785 1251 3857 7).
1278 3786 1393 3852 Quo
1412 3784 1535 3840 llatu
1560 3787 1787 3855 primum
1815 3789 2081 3843 hominem
2108 3806 2264 3857 quem

721 3880 863 3940 fecit,
894 3876 1194 3941 vivillcavit,
1220 3886 1274 3931 et
1296 3879 1360 3932 de
1384 3877 1508 3931 limo
1535 3878 1733 3938 erexit;
1758 3895 1863 3947 quo
1886 3878 2011 3932 ﬂatu
2036 3881 2264 3933 animam

719 3968 971 4022 membris
1008 3968 1122 4035 ejus
1158 3968 1329 4031 dedit;
1367 3966 1667 4035 signiﬁcans
1696 3967 1835 4020 enim
1864 3970 2108 4023 eumdem
2148 3983 2265 4023 esse

721 4060 982 4129 spiritum,
1025 4073 1181 4127 quem
1211 4058 1491 4117 insulllavit
1529 4058 1707 4129 [Aug.,
1732 4061 2033 4129 signiﬁcans
2058 4077 2178 4115 eum
2208 4078 2264 4116 se

721 4165 857 4214 esse,
886 4151 977 4216 qui
1012 4149 1317 4219 insuﬂlavit]
1341 4151 1393 4203 in
1434 4149 1618 4204 faciem
1646 4164 1851 4213 eorum,
1878 4159 1937 4202 ut
1965 4165 1995 4203 a
2036 4151 2147 4204 luto
2173 4166 2263 4203 cx-

722 4242 1017 4305 surgerent,
1041 4244 1093 4288 et
1117 4236 1273 4290 luteis
1297 4237 1545 4304 operibus
1572 4238 1953 4290 renuntiarent.
1982 4237 2128 4290 Tunc
2157 4238 2263 4305 pri-

721 4339 863 4407 mum
891 4331 1010 4390 post
1042 4324 1484 4377 resurrectionem
1520 4339 1668 4377 suam
1698 4325 1969 4387 Dominus,
1997 4340 2155 4391 quam
2185 4326 2261 4377 di-
2292 4353 2337 4410 ι)

720 4401 1136 4479 οἱιένθιιεεὶὶθιθ
1179 4409 1635 4479 gloriﬁcationem,
1675 4413 1818 4466 dedit
1859 4413 2130 4481 discipulis
2155 4414 2265 4467 suis

722 4499 978 4569 Spiritum
1015 4506 1273 4554 sanctum.
1306 4498 1503 4551 Deinde
1532 4508 1887 4553 commoratus
1924 4516 2043 4553 cum
2088 4501 2166 4554 eis
2199 4516 2264 4553 ιι

725 4587 940 4649 diebus,
973 4594 1029 4639 ut
1073 4586 1206 4643 liber
1248 4585 1474 4640 Actuum
1516 4584 1866 4652 apostolorum
1908 4588 2261 4649 demonstrat,

723 4674 852 4741 ipsis
896 4673 1214 4737 videntibus,
1254 4681 1308 4728 et
1335 4674 1559 4728 videndo
1604 4672 2001 4733 deducentibus,
2030 4674 2266 4728 ascendit

722 4762 777 4817 in
813 4762 1003 4817 omium
1034 4762 1167 4831 (Act.
1194 4778 1233 4825 ι,
1258 4764 1312 4824 ‘5,
1336 4760 1412 4831 9).
1449 4762 1521 4814 lbi
1564 4762 1793 4830 peractis
1836 4761 2018 4816 decem
2061 4762 2261 4825 diebus,

724 4852 807 4907 die
828 4847 1167 4907 Pentecostes
1191 4851 1334 4905 misit
1354 4850 1577 4919 desnper
1598 4849 1850 4919 Spiritum
1870 4860 2129 4915 sanctum,
2152 4854 2263 4921 qui,

660 4970 674 4981 ο
722 4940 859 4995 sicut
884 4939 1022 5004 dixi,
1059 4938 1266 4992 fuerant
1293 4955 1399 4995 uno
1439 4940 1490 4993 in
1521 4938 1635 4992 loco
1679 4941 2003 5007 congregati.
2033 4940 2149 5004 Quo
2180 4956 2263 4994 ac-

724 5036 876 5093 cepto
920 5026 1121 5096 Spiritu
1160 5034 1364 5087 sancto,
1401 5027 1633 5078 omnium
1680 5024 1911 5093 gentium
1957 5025 2148 5094 linguis
2186 5028 2262 5080 lo-

725 5115 831 5167 cuti
877 5122 1016 5167 sunt.
1061 5114 1259 5180 Qumrit
1302 5114 1492 5181 aliquis
1537 5112 1789 5175 forsitan,
1828 5112 1870 5165 si
1926 5112 2173 5180 baptizati
2214 5115 2265 5166 in

726 5201 956 5265 Christo,
995 5209 1050 5254 et
1076 5201 1127 5253 in
1166 5204 1422 5255 charitate
1458 5208 1840 5270 prmceptorum
1868 5201 1981 5269 ejus
2011 5200 2265 5264 viventes,

727 5305 895 5359 quare
925 5290 1159 5345 omnium
1197 5291 1427 5360 gentium
1453 5290 1644 5357 linguis
1678 5304 1779 5342 non
1808 5290 2113 5363 loquantur,
2144 5293 2265 5343 dum

726 5390 933 5438 certum
975 5387 1057 5436 est
1096 5379 1349 5447 Spiritum
1392 5388 1632 5432 sanctum
1676 5392 1767 5431 eos
1812 5379 2106 5447 accepisse?
2135 5377 2267 5443 Quia

800 5523 827 5577 ι,
854 5510 950 5563 Hic
986 5516 1158 5563 textus
1189 5510 1241 5561 in
1268 5510 1383 5561 cod.
1408 5523 1507 5560 ms.
1532 5516 1585 5561 et
1612 5507 1727 5561 aliis
1754 5508 1880 5560 edit.
1913 5508 2192 5571 omittitur,
2216 5517 2267 5561 et

732 5592 845 5645 qum
876 5579 1193 5645 praecedunt,
1217 5593 1335 5631 cum
1365 5578 1700 5644 sequentibus
1732 5592 1833 5631 uno
1863 5591 2019 5631 sensu
2049 5585 2264 5630 nectun-

2358 1832 2556 1887 habere
2582 1836 2814 1903 potuerit
2846 1835 3002 1887 homo
3042 1854 3060 1884 ι
3093 1834 3143 1904 (1
3176 1832 3297 1887 Cor.
3324 1832 3462 1904 xm).
3488 1836 3565 1887 De
3589 1851 3695 1903 qua
3723 1835 3918 1889 beatus

2357 1921 2585 1977 Jacobus
2614 1924 2879 1993 apostolus
2907 1925 3015 1977 ait:
3051 1923 3151 1987 Qui
3177 1932 3345 1976 autem
3386 1925 3657 1991 olenderit
3686 1925 3741 1976 in
3785 1941 3913 1985 uno,

2360 2012 2526 2079 factus
2551 2023 2622 2065 est
2657 2014 2881 2065 omnium
2914 2028 3028 2065 reus
3057 2012 3257 2081 (Iacob.
3287 2026 3349 2076 ιι,
3380 2012 3486 2080 l0).
3515 2013 3591 2067 De
3620 2014 3721 2067 hac
3750 2015 3914 2068 etiam

2358 2107 2413 2152 et
2447 2101 2557 2168 ipsa
2588 2100 2797 2154 Veritas
2824 2100 2939 2153 ait:
2968 2098 3034 2151 In
3062 2088 3155 2151 hoc
3188 2099 3324 2151 enim
3366 2108 3669 2167 cognoscent
3713 2116 3914 2161 omnes,

2357 2188 2478 2258 quia
2506 2190 2604 2241 mei
2635 2189 2874 2257 discipuli
2898 2190 3037 2251 estis,
3074 2190 3118 2240 si
3152 2188 3473 2241 dilectionem
3517 2187 3802 2241 habueritis
3843 2192 3913 2241 ad

2358 2276 2589 2328 invicem.
2614 2275 2744 2329 Cum
2785 2290 2911 2344 ergo
2939 2276 3051 2330 hzee
3081 2262 3396 2345 loquebatur
3434 2274 3679 2329 Christus
3721 2277 3778 2329 in
3822 2277 3912 2329 die

2360 2365 2645 2417 novissimo
2672 2363 2995 2425 festivitatis,
3022 2378 3139 2429 quae
3168 2361 3324 2416 modo
3351 2362 3745 2431 proposuimus,
3772 2370 3827 2417 et
3854 2371 3913 2416 ut

2359 2452 2645 2521 potuimus,
2674 2452 3035 2515 tractavimus,

2429 2553 2587 2605 Vens.
2618 2550 2709 2614 40,
2735 2551 2821 2603 ll.
2842 2580 2913 2590 -
2941 2548 3023 2603 Ex
3050 2550 3143 2603 illa
3167 2566 3287 2620 ergo
3316 2550 3463 2604 turba
3492 2565 3610 2603 cuni
3643 2550 3907 2605 audissent

2358 2640 2572 2709 quidam
2607 2640 2671 2693 de
2699 2638 2849 2692 turba
2892 2654 3145 2693 sermones
3174 2637 3332 2703 Iesu,
3374 2637 3653 2692 dicebant:
3685 2638 3788 2693 Hic
3833 2649 3909 2693 est

2358 2743 2469 2781 uere
2491 2726 2755 2794 propheta.
2778 2725 2880 2778 Alii
2901 2726 3155 2789 dicebant,
3178 2726 3258 2779 hic
3276 2735 3348 2780 est
3370 2723 3603 2781 Christus
3624 2739 3673 2779 II.
3692 2746 3710 2777 ι
3736 2728 3764 2767 b
3778 2726 3911 2782 Nata

2359 2824 2442 2870 est
2468 2816 2532 2870 de
2559 2815 2646 2868 illo
2673 2814 2725 2867 in
2764 2816 2919 2869 turba
2963 2815 3243 2880 dissensio,
3267 2814 3385 2868 aliis
3412 2815 3741 2885 putantibus,
3770 2816 3914 2883 quod

2360 2903 2473 2972 ipse
2513 2911 2653 2955 esset
2676 2899 2946 2965 Christus;
2978 2901 3099 2954 aliis
3119 2901 3433 2974 dicentibus,
3456 2902 3582 2969 quia
3602 2900 3670 2955 de
3696 2900 3912 2955 Gahlma

2365 3013 2467 3051 non
2506 3002 2754 3065 exsurget
2781 2994 3040 3048 Christus.
3084 2992 3183 3059 Qui
3226 3007 3353 3047 vero
3396 2993 3545 3047 missi
3594 2986 3807 3046 fuerant
3851 3001 3910 3046 ut

2362 3102 2482 3142 eum
2506 3090 2765 3146 tenerent,
2797 3083 3068 3138 redierunt
3093 3083 3351 3137 immunes
3377 3096 3409 3137 a
3430 3081 3655 3137 crimine
3688 3090 3743 3135 et
3768 3080 3906 3150 pleni

2362 3174 2739 3228 admirationis.
2774 3171 2904 3225 Nam
2944 3182 2999 3226 et
3025 3173 3380 3229 testimonium
3407 3173 3793 3241 perhibuerunt
3832 3174 3910 3228 di-

2362 3262 2495 3315 vinae
2534 3260 2787 3315 doctrinae
2826 3260 2961 3329 ejus,
3002 3274 3122 3313 cum
3166 3258 3481 3322 dicerent,a
3525 3259 3720 3327 quibus
3761 3260 3908 3313 missi

2363 3348 2607 3402 fuerant:
2641 3348 2834 3417 (Vens.
2874 3347 2995 3417 45.)
3046 3347 3217 3411 Quare
3270 3363 3372 3399 non
3420 3346 3712 3400 adduxistis
3756 3346 3913 3399 eum?

2364 3439 2763 3507 Responderunt
2786 3438 2927 3490 enim
2955 3452 3222 3504 nunquam
3262 3451 3319 3489 se
3354 3436 3617 3490 audivisse
3639 3437 3906 3491 hominem

2362 3531 2439 3585 sic
2466 3530 2714 3583 locutum.
2755 3526 2934 3597 (Vens.
2961 3525 3071 3596 46.)
3106 3525 3397 3577 Νοηεηὶηι
3433 3524 3702 3593 quisquam
3730 3526 3806 3577 sic
3833 3525 3905 3577 lo-

2362 3621 2531 3689 quitur
2558 3606 2733 3670 homo.
2768 3616 2857 3670 Ille
2900 3623 3075 3670 autem
3105 3616 3187 3669 sic
3229 3615 3436 3669 locutus
3477 3620 3579 3677 est,
3618 3614 3742 3683 quia
3771 3614 3908 3667 Deus

2361 3720 2477 3765 erat
2515 3718 2570 3764 et
2598 3712 2774 3763 homo.
2807 3708 3004 3761 Tamen
3035 3706 3286 3759 Pharisaei
3328 3704 3693 3758 testimonium
3722 3718 3907 3758 eorum

2362 3800 2703 3868 repellentes,
2744 3798 2992 3850 dixerunt
3024 3795 3139 3847 eis:
3177 3793 3365 3862 (Vens.
3395 3792 3482 3854 47,
3514 3790 3626 3861 48.)
3656 3790 3905 3862 Nunquid

2361 3898 2407 3939 et
2437 3903 2520 3939 vos
2542 3885 2735 3938 seducti
2757 3884 2877 3936 estis
2891 3882 2919 3934 .’
2939 3882 3187 3936 Videmus
3204 3882 3343 3934 enim
3369 3880 3658 3935 delectatos
3676 3894 3771 3933 vos
3788 3894 3910 3934 esse

2363 3975 2695 4028 sermonibus
2745 3972 2901 4024 illius.
2954 3970 3199 4039 Nunquid
3244 3968 3537 4038 aliquisqde
3587 3968 3905 4036 principibus

2361 4064 2573 4116 credidit
2609 4063 2662 4114 in
2697 4077 2831 4122 eum,
2869 4070 2958 4112 aut
2995 4076 3057 4112 ea:
3092 4057 3413 4112 Pharisais?
3448 4057 3551 4112 Sed
3585 4058 3737 4111 turba
3773 4058 3897 4117 Ita'c,

2360 4163 2474 4217 quae
2502 4162 2603 4198 non
2632 4146 2766 4197 novit
2800 4145 2979 4213 legem,
3008 4144 3266 4198 maledicti
3298 4154 3437 4197 sunt.
3468 4143 3569 4210 Qui
3610 4158 3714 4197 non
3746 4158 3901 4197 nove—

2361 4241 2482 4286 rant
2522 4232 2709 4301 legem,
2740 4232 2837 4300 ipsi
2878 4233 3163 4286 credebant
3190 4233 3242 4284 in
3268 4246 3417 4297 eum;
3446 4239 3499 4285 et
3526 4232 3616 4301 qui
3644 4232 3902 4289 docebant

2363 4323 2561 4392 legem,
2590 4336 2711 4376 eum
2753 4322 2845 4390 qui
2892 4321 3109 4375 miserat
3139 4322 3330 4390 legem,
3374 4320 3814 4375 contemnebant:
3846 4329 3901 4375 ut

2364 4412 2674 4481 impleretur
2692 4407 2831 4478 quod
2858 4410 3066 4464 dixerat
3089 4411 3200 4480 ipse
3232 4410 3479 4465 Dominus
3508 4428 3519 4463 :
3550 4408 3661 4479 Ego
3689 4410 3823 4473 veni,
3847 4418 3898 4461 ut

2363 4516 2463 4552 non
2509 4500 2729 4552 uidentes
2775 4500 3010 4563 videant,
3047 4507 3094 4550 et
3138 4498 3359 4551 videntes
3405 4498 3528 4550 cazci
3577 4498 3727 4565 ﬁant.
3767 4496 3900 4552 (ἰξεςί

2363 4588 2503 4640 enim
2544 4588 2667 4641 lacti
2708 4596 2831 4641 sunt
2876 4588 3128 4640 Pharisaei
3172 4587 3434 4647 doctores,
3466 4584 3745 4639 illuminati
3782 4593 3900 4639 sunt

2361 4675 2537 4743 populi
2565 4676 2731 4743 legem
2756 4676 3069 4733 nescientes,
3083 4680 3137 4725 et
3162 4674 3214 4725 in
3244 4680 3511 4725 auctorem
3535 4673 3668 4740 legis
3688 4673 3899 4727 creden-

2364 4774 2460 4817 tes.
2498 4782 2515 4812 ι
2546 4764 2858 4817 Nicodemus
2885 4771 3057 4816 tamen
3094 4760 3270 4831 [unus]
3299 4776 3361 4813 ex
3389 4760 3691 4825 Phariszeis,
3720 4763 3809 4831 qui
3834 4762 3899 4815 ad

2364 4851 2640 4905 Dominum
2671 4858 2825 4903 nocte
2864 4859 3101 4912 venerat,
3126 4859 3180 4905 et
3219 4850 3328 4917 ipse
3353 4850 3563 4917 quidem
3591 4866 3696 4905 non
3736 4852 3898 4903 incre-

2364 4943 2535 5005 dulus,
2564 4940 2655 4995 sed
2700 4941 2939 5004 timidus;
2973 4955 3092 4992 nam
3134 4938 3252 4991 ideo
3292 4947 3345 4991 et
3389 4946 3542 4991 nocte
3582 4946 3799 4990 venerat
3838 4937 3896 4990 ad

2365 5030 2556 5091 lucem,
2597 5030 2717 5095 quia
2749 5028 3028 5081 illuminari
3061 5027 3269 5079 volebat
3292 5033 3345 5079 et
3369 5024 3499 5077 sciri
3535 5023 3773 5101 timebat.
3802 5024 3896 5079 Re-

2365 5118 2571 5184 spondit
2616 5113 2908 5185 [Iudaeis]:
2943 5115 3135 5183 (Vens.
3174 5112 3288 5181 5|.)
3324 5110 3568 5179 Nunquid
3608 5109 3691 5165 lea:
3731 5123 3897 5169 nostra

2354 5204 2559 5271 judicat
2594 5204 2865 5265 hominem,
2894 5204 2991 5255 nisi
3036 5202 3256 5254 audierit
3296 5200 3358 5252 ab
3396 5201 3505 5268 ipso
3530 5202 3696 5267 prius,
3732 5210 3779 5253 et
3819 5216 3897 5251 co-

2364 5295 2587 5363 gnoverit
2633 5294 2754 5362 quid
2801 5294 3005 5361 faciat?
3050 5293 3303 5346 Volebam
3353 5294 3493 5346 enim
3542 5292 3615 5345 illi
3665 5289 3896 5359 perversi

2369 5381 2547 5451 [Aag.,
2587 5380 2855 5450 perverse]
2883 5388 3005 5434 ante
3031 5394 3146 5434 esse
3173 5381 3508 5434 damnatores
3532 5392 3696 5447 qnam
3726 5379 3897 5448 cogni-

2365 5522 2451 5567 tur
2479 5514 2554 5565 sic
2582 5530 2592 5563 :
2624 5512 2966 5570 tractavimus,
3000 5520 3119 5562 nam
3146 5519 3237 5571 est,
3266 5517 3366 5561 etc.

2435 5583 2459 5620 ι)
2494 5582 2567 5635 Ex
2598 5582 2651 5635 S,
2684 5582 2841 5648 Aug,
2862 5588 3014 5632 tract.
3043 5593 3228 5642 nstri,
3252 5592 3396 5630 num.
3430 5578 3476 5643 l,
3504 5577 3555 5632 2.
