4152 6190
320 398 420 453 833

1106 401 1503 459 EXEGETICA.
1546 433 1615 443 —
1649 394 1990 456 COMMENT.
2028 399 2096 454 ΙΝ
2130 400 2315 459 JOAN.
2352 433 2419 443 —
2456 403 2581 457 LIB.
2622 404 2704 459 IV.

3392 396 3499 471 δεῖ

325 522 483 566 tores.
526 512 735 566 Sciebat
774 520 947 566 autem
991 512 1326 579 Nicodemus,
1352 516 1437 570 vel
1467 516 1641 584 potius
1677 513 1860 583 crede-
1884 510 1935 570 Α
1956 511 2285 581 decerneret,
2303 517 2602 571 deriderent
2624 533 2768 582 eum,
2789 520 2938 588 quasi
2954 520 3327 577 misericordia:
3339 538 3497 592 quam

321 606 433 669 bat,
460 606 581 674 quia
617 606 659 660 si
706 604 1069 659 tantummodo
1092 621 1211 659 eum
1242 607 1504 675 patienter
1528 606 1725 660 vellent
1762 622 1859 660 au-

322 694 459 758 dire,
497 692 632 747 liorte
665 694 864 747 similes
891 693 1078 748 ﬁerent
1103 694 1206 749 illis
1232 695 1321 761 qui
1349 695 1495 749 missi
1527 701 1650 748 sunt
1680 701 1862 748 tenere

321 797 463 844 eum,
489 789 543 834 et
588 782 885 835 maluerunt
917 781 1137 837 credere
1162 781 1237 836 illi
1266 796 1424 849 quam
1472 789 1650 837 tenere
1692 780 1857 835 illum.

325 870 728 938 Responderunt
747 885 813 924 ex
840 868 1143 939 praeiudicio
1160 870 1337 925 cordis
1356 870 1458 934 sui,
1481 870 1622 939 quod
1648 879 1701 926 et
1726 872 1857 927 illis:

323 960 505 1028 (Vens.
533 958 643 1028 52.)
675 959 922 1028 Nunquid
955 970 1003 1013 et
1028 968 1085 1013 tu
1114 956 1364 1013 Galilteus
1382 959 1475 1014 es?
1497 959 1553 1014 id
1580 968 1682 1025 est,
1710 962 1860 1029 quasi

322 1063 351 1099 a
372 1047 588 1101 Galiheo
610 1049 875 1103 seductus.
897 1048 1150 1103 Dominus
1168 1047 1322 1119 551
1350 1047 1493 1102 enim
1510 1047 1755 1103 Galilaeus
1782 1050 1862 1103 di-

320 1138 559 1201 cebatur,
585 1140 831 1205 quoniam
856 1140 921 1192 de
944 1137 1204 1193 Nazareth
1238 1138 1454 1195 civitate
1479 1146 1633 1193 erant
1674 1154 1862 1208 paren-

322 1232 403 1294 tes
443 1227 575 1294 ejus.
608 1225 905 1280 Secundum
936 1226 1155 1279 Mariam
1192 1224 1305 1279 dixi
1346 1234 1615 1295 parentes,
1640 1243 1745 1281 non
1779 1242 1861 1281 se-

318 1315 549 1370 cundum
578 1316 730 1371 virile
771 1329 988 1370 semen:
1020 1329 1127 1369 non
1165 1314 1308 1369 enim
1337 1314 1579 1383 quaesivit
1619 1316 1674 1368 in
1718 1323 1859 1369 terra

320 1402 420 1456 nisi
450 1411 695 1467 matrem,
726 1405 816 1472 qui
837 1404 949 1472 jam
972 1402 1204 1457 habebat
1223 1403 1450 1472 desuper
1472 1402 1705 1457 Patrem.
1728 1402 1858 1456 Nam

320 1497 544 1558 utraque
562 1490 676 1559 ejus
701 1492 947 1545 nativitas
974 1489 1232 1544 mirabilis
1256 1490 1384 1554 fuit;
1418 1490 1595 1543 divina
1617 1490 1730 1545 sine
1751 1506 1863 1543 ma-

321 1587 419 1641 tre,
457 1579 683 1632 humana
714 1580 828 1633 sine
856 1580 1012 1633 Patre
1036 1579 1269 1633 homine.
1293 1577 1430 1643 Quid
1456 1592 1584 1644 ergo
1610 1577 1685 1630 illi
1710 1580 1860 1646 quasi

321 1665 451 1731 legis
474 1666 717 1720 doctores
742 1668 808 1720 ad
836 1667 1211 1721 Nicodemum?
1254 1666 1436 1735 (Vens.
1464 1665 1576 1735 53.)
1618 1664 1861 1720 Scrutare

323 1755 632 1821 Scripturas,
653 1764 701 1807 et
736 1756 848 1808 vide
880 1755 999 1824 quia
1025 1755 1270 1822 propheta
1297 1770 1329 1805 a
1357 1751 1575 1807 Galiltea
1609 1771 1713 1808 non
1740 1771 1858 1807 sur-

1960 618 2168 671 semper
2194 606 2413 659 docebat
2447 606 2690 671 oblitum;
2719 608 2764 661 si
2789 607 3009 677 lapidari
3048 617 3278 676 vetaret,
3306 614 3499 669 stride-

1961 701 2080 746 rent
2108 694 2352 749 dentibus
2377 694 2488 749 suis
2520 695 2573 748 in
2600 710 2740 760 eum,
2776 704 2833 751 et
2856 700 3004 766 quasi
3043 698 3302 755 fautorem
3336 702 3498 757 scele-

1960 795 2078 833 rum
2114 780 2347 851 legisque
2377 783 2734 849 contrarium,
2768 785 2906 839 velut
2942 787 3133 843 merito
3169 790 3497 845 damnarent.

1960 866 2141 938 (Vens.
2166 868 2244 941 6.)
2288 870 2442 925 Iesus
2479 881 2652 926 autem
2683 871 2937 929 inclinans
2961 892 3015 931 se
3054 876 3313 943 deorsum,
3338 877 3497 948 digito

1958 957 2205 1011 scribebat
2232 960 2288 1012 in
2315 967 2473 1013 terra.
2512 958 2616 1014 Per
2642 959 3035 1017 inclinationem
3058 961 3183 1018 Jesu
3207 965 3496 1030 humilitas,

1956 1059 2056 1113 per
2094 1044 2335 1115 digitum,
2362 1046 2452 1115 qui
2480 1047 2823 1128 articuldrum
2847 1051 3228 1120 compositione
3255 1050 3501 1111 ﬂexibilis

1959 1141 2061 1199 est,
2084 1135 2347 1190 subtilitas
2370 1136 2703 1193 discretionis
2726 1141 3066 1208 exprimitur;
3093 1155 3252 1211 porro
3272 1156 3371 1211 per
3392 1149 3501 1198 ter-

1960 1237 2093 1287 ram,
2124 1237 2217 1278 cor
2241 1223 2549 1290 humanum,
2574 1226 2714 1295 quod
2741 1228 2827 1281 vel
2852 1228 3107 1284 bonarum
3135 1228 3218 1284 vel
3237 1229 3495 1285 malarum

1959 1310 2225 1365 actionum
2253 1312 2385 1367 solet
2412 1312 2634 1368 reddere
2675 1313 2899 1380 fructus,
2922 1316 3234 1371 ostenditur.
3260 1316 3499 1371 Postula-

1958 1405 2043 1451 tus
2068 1410 2195 1468 ergo
2222 1401 2476 1457 Dominus
2496 1402 2735 1469 judicare
2758 1402 2824 1456 de
2847 1404 3158 1472 peccatrice,
3187 1419 3293 1459 non
3318 1402 3501 1460 statim

1958 1486 2046 1539 dat
2067 1487 2342 1555 judicium,
2370 1490 2463 1544 sed
2489 1490 2638 1560 prius
2662 1504 2719 1544 se
2745 1490 3005 1545 inclinans
3040 1494 3307 1558 deorsum,
3335 1493 3499 1562 digito

1958 1574 2143 1628 scribit
2170 1576 2225 1629 in
2253 1583 2417 1651 terra,
2434 1592 2505 1653 ac
2533 1578 2613 1633 sic
2638 1578 2849 1633 demum
2886 1578 3026 1647 quod
3054 1580 3247 1635 obnixe
3282 1578 3499 1651 rogatur

1959 1664 2120 1737 [Ms.,
2149 1680 2307 1735 quam
2345 1666 2501 1722 enixe
2535 1666 2800 1739 rogatus],
2843 1668 3044 1738 jndicat
3077 1684 3090 1721 :
3121 1681 3219 1723 nos
3258 1667 3500 1723 videlicet

1961 1755 2132 1823 typice
2171 1754 2452 1809 instituens
2481 1754 2630 1826 [Hs.,
2653 1753 2978 1826 instruens],
3020 1762 3081 1810 ut
3107 1770 3226 1811 cum
3255 1756 3503 1824 quaelibet

320 1850 419 1909 get.
457 1842 562 1897 Sed
602 1845 851 1898 Dominus
891 1844 1265 1911 prophetarum
1306 1842 1427 1895 inde
1471 1843 1723 1897 surrexit.
1762 1841 1860 1895 Re-
1891 1839 1935 1898 Β
1959 1842 2317 1909 proximorum
2345 1848 2522 1895 errata
2548 1841 2924 1908 conspicimus,
2963 1842 3211 1896 non-hac
3236 1851 3391 1895 antea
3416 1856 3499 1895 re-

320 1935 451 1985 versi
473 1942 609 1997 sunt,
638 1934 810 2001 inquit
835 1933 1174 2002 evangelista,
1202 1932 1544 2001 unusquisque
1570 1932 1624 1985 in
1649 1932 1855 1985 domum

320 2036 489 2073 suam.
512 2040 530 2070 ι

884 2126 1106 2182 CAPUT
1142 2127 1282 2181 XIX.

322 2232 587 2286 Mulierem
620 2236 676 2304 in]
701 2236 953 2287 adulterio
980 2235 1362 2304 deprehensam,
1394 2236 1766 2304 adductamque
1790 2237 1859 2289 ad

384 2318 457 2361 se,
499 2318 587 2353 nec
626 2303 689 2353 ab
736 2303 1115 2355 accusatoribus
1162 2303 1578 2365 condemnatam,
1621 2303 1727 2365 ipse
1762 2304 1856 2357 sub

385 2369 694 2433 conditione,
724 2386 825 2439 qua
851 2369 1065 2423 ulterius
1092 2386 1192 2424 non
1216 2379 1470 2439 peccaret,
1500 2369 1735 2424 absolvit.

384 2477 562 2531 CAPUT
600 2493 727 2547 vui,
756 2478 914 2533 Vens.
946 2479 996 2540 l,
1023 2478 1076 2531 2.
1097 2508 1168 2518 —
1190 2478 1321 2532 Inde
1356 2476 1509 2532 Iesus
1546 2481 1769 2548 perrexit
1802 2481 1857 2543 in

316 2575 534 2619 montem
561 2563 765 2630 Oliveti,
792 2575 838 2619 et
866 2564 1093 2618 diluculo
1121 2567 1303 2618 iterum
1340 2566 1473 2618 venit
1510 2566 1563 2616 in
1593 2564 1855 2632 templum.

322 2673 341 2703 ι
370 2664 396 2691 ιι
420 2652 566 2705 Mons
589 2652 780 2719 quippe
813 2651 1004 2706 Oliveti
1030 2653 1403 2706 sublimitatem
1433 2651 1720 2704 Dominicae
1746 2651 1857 2717 pie-

317 2739 442 2791 tatis
469 2746 525 2791 et
558 2738 931 2791 misericordiae
969 2737 1226 2805 designat.
1263 2736 1395 2802 Quia
1421 2744 1476 2790 et
1514 2737 1696 2791 Graece
1717 2736 1855 2798 ἵλεος

316 2826 698 2890 misericordia,
722 2825 971 2880 olivetum
998 2834 1217 2881 vocatur
1238 2826 1437 2891 ἐλαιῶνς
1459 2833 1515 2881 et
1543 2826 1655 2895 ipsa
1676 2828 1855 2881 unctio

314 2915 415 2969 olei
447 2914 600 2969 fessis
624 2930 686 2969 ac
730 2914 1025 2969 dolentibus
1050 2914 1303 2970 membris
1330 2913 1465 2969 solet
1490 2912 1678 2969 ati'erre
1716 2914 1855 2968 leva-

314 3020 454 3058 men.
482 3004 587 3059 Sed
609 3013 663 3059 et
689 3006 790 3059 hoc
818 3006 957 3073 quod
997 3006 1170 3060 oleum
1207 3012 1262 3059 et
1292 3007 1489 3061 virtute
1519 3019 1583 3060 ac
1624 3006 1854 3073 puritate

313 3096 635 3163 praeminet,
660 3104 713 3149 et
738 3108 1103 3161 quemcunque
1121 3096 1171 3149 ei
1195 3094 1453 3162 liquorem
1474 3094 1855 3161 superfundere

1953 1932 2326 1998 prehendendo
2364 1930 2681 2000 judicemus,
2706 1945 2863 1999 quam
2891 1932 2958 1985 ad
2984 1931 3363 1987 conscientiam
3398 1946 3497 1985 no-

1954 2030 2119 2094 stram
2148 2018 2417 2076 humiliter
2452 2024 2667 2087 reversi,
2710 2023 2873 2092 digito
2899 2036 3018 2077 eam
3047 2022 3384 2079 discretionis
3406 2037 3495 2079 δοδ

1956 2110 2118 2165 lerter
2139 2110 2479 2179 cxculpamus
2505 2109 2654 2185 [Ms.,
2678 2108 3103 2182 exsculpamus];
3128 2118 3183 2165 et
3205 2111 3333 2180 quid
3357 2111 3412 2165 in
3434 2126 3496 2167 ea

1954 2199 2215 2254 conditori
2242 2198 2461 2267 placeat,
2485 2199 2678 2267 quidve
2700 2198 2995 2266 displiceat,
3020 2198 3200 2253 sedula
3228 2200 3499 2254 examina—

1952 2286 2097 2341 tione
2120 2285 2450 2349 dirimamus,
2472 2285 2624 2355 juxta
2670 2286 2795 2339 illud
2820 2286 3055 2353 Apostoli
3081 2304 3095 2340 :
3123 2285 3357 2353 Fratres,
3383 2297 3430 2341 et
3454 2289 3501 2341 si

1952 2381 2338 2443 prwoccupatus
2376 2373 2533 2441 fuerit
2575 2373 2725 2426 homo
2748 2374 2804 2426 in
2840 2372 3013 2443 aliqua
3048 2373 3256 2439 delicto,
3296 2391 3384 2429 vos
3410 2375 3501 2445 qui

1952 2461 2207 2531 spiritales
2230 2463 2369 2526 estis,
2396 2463 2631 2515 instruite
2656 2462 2950 2531 hujusmodi
2976 2464 3032 2516 in
3054 2464 3238 2532 spiritu
3262 2480 3500 2519 mansue-

1953 2549 2170 2613 tudinis,
2197 2547 2525 2602 considerans
2553 2550 2802 2615 “ipsum,
2844 2564 2909 2601 ne
2933 2557 2980 2601 et
3019 2558 3076 2602 tu
3111 2552 3319 2606 tenteris
3354 2550 3500 2623 (Gal.

1953 2652 2036 2701 vt,
2065 2635 2137 2706 l).

2022 2726 2182 2781 Vens.
2213 2725 2265 2779 7.
2286 2756 2358 2767 —
2383 2723 2513 2780 Cum
2535 2734 2705 2781 autem
2728 2736 3103 2797 perseverarent
3127 2727 3497 2796 interrogantes

1951 2833 2087 2882 eum,
2127 2818 2286 2872 erexit
2312 2810 2367 2872 se
2396 2827 2447 2871 et
2470 2818 2603 2871 dixit
2639 2819 2711 2871 eis
2742 2832 2761 2868 .'
2788 2816 2890 2882 Qui
2919 2818 3030 2871 sine
3054 2824 3259 2885 peccato
3300 2823 3374 2868 est
3409 2829 3496 2867 ue-

1952 2915 2133 2970 strum,
2162 2908 2358 2975 primus
2398 2908 2455 2959 in
2480 2904 2625 2958 illam
2662 2904 2885 2973 lapidem
2912 2905 3098 2957 mittat.
3125 2902 3260 2969 Quia
3296 2901 3421 2956 hinc
3441 2908 3499 2956 et

1954 2996 2075 3049 inde
2103 2996 2323 3049 Domino
2367 2992 2568 3048 Scribze
2594 3000 2648 3047 et
2688 2992 2939 3047 Pharisaei
2968 2986 3251 3047 tendebant
3274 2991 3497 3061 laqueos

1952 3079 2282 3147 insidiarum,
2312 3088 2557 3151 putantes
2582 3096 2705 3136 eum
2734 3082 2815 3135 vel
2843 3080 3329 3136 immisericordem'
3351 3080 3496 3136 futu-

312 3162 561 3244 volueris,
594 3180 867 3234 confestim
901 3182 1042 3234 hunc
1070 3181 1462 3245 transcendere,
1488 3181 1643 3249 eique
1666 3196 1849 3250 super-
1874 3162 1922 3223 (ἶ
1952 3187 2071 3227 rum
2098 3174 2152 3225 in
2180 3172 2275 3242 iud

1874 3162 1922 3223 C
1952 3187 2071 3227 rum
2098 3174 2152 3225 in
2180 3171 2489 3242 iudicando,
2512 3170 2597 3225 vel
2627 3169 2879 3241 injustam
2903 3187 2917 3222 :
2946 3170 3241 3239 praevidens
3266 3169 3353 3225 ille
3394 3170 3490 3226 do-

310 3269 439 3325 ferri
468 3270 760 3334 consuevit,
790 3272 1014 3339 gratiam
1057 3270 1433 3324 misericordiae
1471 3269 1702 3325 caelestis
1744 3285 1848 3325 non

312 3359 740 3414 inconvenienter
768 3359 1019 3423 insinuat,
1060 3360 1123 3413 de
1152 3374 1255 3425 qua
1282 3357 1538 3429 scriptum
1562 3366 1681 3414 est:
1712 3360 1848 3415 Sua-

312 3448 385 3500 vis
414 3446 661 3498 Dominus
687 3446 952 3509 uniuersis,
978 3454 1022 3497 et
1051 3446 1400 3500 miserationes
1427 3447 1539 3515 ejus
1564 3462 1717 3514 super
1742 3463 1850 3500 ons-

312 3535 398 3587 nia
426 3548 577 3599 opera
598 3532 710 3599 ejus
733 3530 951 3601 (Psalm.
975 3546 1149 3595 cxuv,
1172 3532 1246 3601 9).
1280 3533 1507 3601 Tempus
1534 3547 1743 3601 quoque
1771 3534 1850 3586 di-

311 3620 471 3675 luculi
492 3628 730 3673 exortum
753 3617 984 3685 ejusdem
1014 3620 1194 3688 gratiae
1217 3618 1345 3687 [Al.,
1369 3619 1601 3686 ejusdem
1624 3620 1847 3687 gratiam

308 3709 593 3778 exortam],
625 3724 728 3777 qua
772 3717 974 3761 remota
1024 3708 1153 3775 legis
1182 3706 1386 3769 umbra,
1415 3706 1503 3758 lux
1533 3706 1847 3775 evangelica:

310 3798 550 3851 veritatis
594 3804 712 3849 erat
755 3795 1053 3857 revelanda,
1098 3795 1441 3847 demonstrat.
1490 3794 1669 3865 Pergit
1720 3809 1847 3863 ergo

308 3885 462 3939 Jesus
495 3883 548 3936 in
578 3890 811 3937 montem
847 3881 1059 3945 Oliveti,
1098 3890 1156 3935 ut
1187 3897 1364 3938 arcem
1392 3885 1765 3939 misericordia:
1793 3886 1846 3939 in

311 3989 369 4027 se
396 3980 636 4026 constare
665 3972 951 4025 denuntiet.
988 3969 1133 4024 Venit
1161 3973 1345 4025 iterum
1383 3974 1611 4027 diluculo
1641 3977 1695 4027 in
1723 3985 1847 4029 tem-

308 4061 479 4129 plum,
520 4070 578 4114 ut
619 4061 857 4114 eamdem
907 4061 1348 4125 misericordiam,
1394 4076 1514 4115 cum
1563 4064 1847 4131 incipiente

310 4153 435 4207 novi
484 4151 780 4205 testamenti
821 4149 1018 4203 lumine
1066 4148 1331 4215 ﬁdelibus,
1372 4151 1565 4219 templo
1606 4152 1847 4206 videlicet

309 4259 427 4307 suo,
448 4239 1239 4312 pandendam‘pmzhendamque
1267 4239 1544 4309 signiﬁcet.
1572 4239 1639 4292 Et
1660 4240 1841 4305 omnis,

308 4334 502 4400 inquit,
543 4331 761 4400 populus
799 4330 933 4383 venit
960 4329 1026 4381 ad
1055 4346 1191 4393 eum,
1219 4338 1266 4382 et
1295 4329 1474 4382 sedens
1501 4328 1709 4381 docebat
1736 4343 1839 4381 eos.

310 4422 489 4475 Sessio
535 4421 739 4473 Domini
769 4418 1120 4473 humilitatem
1165 4417 1543 4469 incarnationis
1570 4414 1704 4482 ejus,
1748 4432 1845 4487 per

307 4527 466 4580 quam
493 4510 645 4563 nobis
662 4507 901 4561 misereri
931 4506 1173 4574 dignatus
1192 4511 1291 4566 est,
1322 4504 1568 4558 insinuat.
1587 4504 1727 4559 Bene
1751 4520 1844 4559 au-

310 4609 417 4653 tem
453 4599 644 4663 dicitur
685 4597 806 4664 quia
834 4610 954 4649 cum
994 4593 1180 4649 sedens
1220 4592 1434 4647 doceret
1474 4589 1647 4657 Iesus,
1673 4594 1845 4649 omnis

282 4687 529 4757 \populus
564 4686 707 4739 venit
750 4684 815 4737 ad
856 4698 1021 4738 eum:
1061 4684 1183 4753 quia
1225 4691 1503 4755 pcatquam
1548 4682 1846 4739 humilitate

308 4791 417 4830 suae
446 4774 819 4828 incarnationis
846 4773 1117 4845 proximus
1143 4772 1415 4826 hominum
1453 4769 1622 4826 factus
1648 4781 1748 4836 est,
1777 4772 1843 4824 li-

308 4860 517 4913 bentius
543 4866 624 4912 est
650 4873 680 4910 a
719 4858 898 4910 multis
937 4856 1051 4931 ejus
1083 4872 1257 4911 sermo
1285 4866 1554 4927 receptus;
1586 4874 1617 4912 a
1642 4858 1839 4922 multis,

307 4952 542 5017 inquam,
566 4954 647 5001 est
682 4943 837 5016 [ejus]
881 4960 1054 5000 sermo
1094 4952 1359 5014 receptus;
1404 4961 1632 5014 namque
1668 4961 1700 4999 a
1724 4945 1841 5015 plu-

310 5041 454 5095 ribus
481 5044 565 5093 est
600 5038 824 5105 superba
865 5034 1130 5103 impietate
1158 5042 1507 5103 contemptus.
1548 5034 1840 5089 Audierunt

308 5130 448 5183 enim
491 5126 787 5189 mansueti,
830 5132 883 5178 et
926 5124 1083 5177 laetati
1128 5130 1251 5176 sunt
1292 5120 1510 5193 (Psalm.
1538 5138 1731 5189 χχχιιι,
1760 5125 1836 5196 ὅ).

309 5217 490 5285 (Vsus.
514 5214 590 5283 5.)
615 5213 849 5281 Denique
876 5212 1042 5267 Judaei
1070 5217 1349 5275 tentantes,
1378 5212 1702 5267 adduxerunt
1730 5232 1841 5267 mu-

1949 3265 2048 3332 los,
2073 3268 2223 3336 quasi
2246 3266 2405 3337 542
2424 3265 2509 3319 tila
2537 3267 2727 3319 transit
2750 3279 2974 3330 araneae,
2998 3272 3053 3320 et
3071 3262 3325 3332 judicium
3343 3262 3496 3333 justi-

1949 3361 2038 3412 ti:e
2067 3372 2162 3428 per
2184 3359 2359 3412 omnia
2384 3367 2439 3412 et
2464 3357 2918 3413 mansuetudinem
2945 3357 3156 3425 pietatis
3190 3357 3489 3412 ostendens.

1950 3447 2087 3501 Ecce
2112 3446 2459 3513 temperantia
2491 3430 2807 3507 miserandi,
2841 3445 2930 3512 qui
2956 3445 3066 3497 sine
3088 3452 3290 3512 peccato
3317 3453 3390 3497 est
3413 3459 3493 3497 ue-

1947 3543 2143 3599 strum;
2166 3546 2291 3587 ecce
2312 3534 2504 3586 iterum
2521 3530 2725 3598 justitia
2741 3528 3009 3596 iudicandi
3021 3570 3034 3593 ,
3058 3532 3253 3598 primus
3276 3531 3330 3584 in
3346 3530 3491 3583 illam

1948 3621 2169 3690 lapidem
2199 3622 2389 3674 mittat.
2424 3619 2503 3675 Ac
2532 3620 2579 3674 si
2620 3619 2875 3673 dixisSet:
2906 3617 2963 3671 Si
2989 3618 3196 3687 Moyses
3223 3618 3491 3672 mandavit

1948 3711 2097 3765 vobis
2130 3709 2403 3763 mulierem
2428 3707 2726 3775 huiusmodi
2752 3707 3003 3774 lapidare,
3037 3706 3211 3759 videte
3235 3706 3358 3773 quia
3383 3720 3486 3759 non

1947 3800 2048 3854 hoc
2086 3806 2408 3867 peccatores,
2449 3798 2541 3851 sed
2577 3796 2751 3863 justos
2788 3795 2962 3849 facere
3004 3794 3269 3863 praecepit.
3308 3793 3491 3851 Primo

1948 3903 2041 3943 vos
2066 3888 2161 3956 ipsi
2184 3886 2445 3955 justitiam
2468 3885 2601 3955 legis
2624 3884 2855 3952 implete,
2879 3892 2932 3938 et
2954 3885 3031 3938 sic
3055 3884 3360 3937 innocentes
3381 3899 3486 3937 ma-

1948 3976 2103 4030 nibus
2127 3984 2180 4028 et
2208 3978 2403 4029 mundo
2428 3975 2607 4038 corde,
2636 3974 2701 4026 ad
2729 3972 3060 4041 lapidandam
3096 3986 3241 4026 ream
3269 3984 3488 4026 concur-

1950 4066 2068 4118 rite.
2098 4064 2277 4118 Primo
2319 4062 2577 4131 spiritalia
2618 4061 2750 4131 legis
2772 4062 2962 4125 edicta,
2988 4059 3169 4125 iidem,
3192 4060 3487 4114 misericor-

1946 4150 2085 4203 diam
2111 4158 2164 4203 et
2190 4149 2504 4203 charitatem
2533 4147 2788 4217 perlicite,
2815 4155 2868 4201 et
2895 4149 2972 4201 sic
2998 4148 3065 4201 ad
3104 4146 3334 4201 carnalia
3350 4145 3490 4214 judi-

1945 4237 2112 4291 cauda
2140 4236 2402 4291 divertite.
2430 4236 2560 4289 Dato
2590 4242 2767 4289 autem
2788 4233 3003 4302 judicio,
3030 4233 3278 4287 Dominus
3300 4236 3485 4289 iterum

1943 4341 1997 4377 se
2034 4323 2286 4376 inclinans
2312 4322 2561 4374 scribebat
2586 4323 2640 4373 in
2682 4330 2839 4373 terra.
2876 4322 2940 4373 Et
2965 4320 3176 4389 quidem
3198 4320 3351 4387 juxta
3373 4336 3487 4377 mo-

1943 4425 2056 4464 rem
2098 4406 2491 4464 consuetudinis
2537 4407 2779 4461 humante
2826 4414 3001 4475 potest
3045 4406 3299 4477 intelligi,
3346 4409 3484 4476 quod

1870 4473 1923 4531 θ
1942 4499 2061 4557 ideo
2082 4498 2339 4553 Dominus
2363 4511 2542 4552 coram
2568 4473 2919 4552 tentatoribus
2942 4497 3197 4567 improbis
3219 4473 3481 4561 inclinari,

1940 4596 1996 4644 et
2022 4589 2075 4643 in
2113 4594 2257 4643 terra
2295 4586 2533 4642 scribere
2568 4586 2815 4651 voluerit,
2842 4595 2901 4641 ut
2924 4586 3027 4640 alio
3070 4586 3269 4640 vultum
3308 4586 3482 4642 inten-

1941 4675 2093 4738 dens,
2116 4674 2414 4729 libertatem
2436 4675 2515 4729 eis
2540 4674 2691 4731 daret
2716 4674 2862 4729 exire
2894 4673 3021 4743 [Al.,
3048 4672 3271 4728 liberum
3296 4674 3374 4731 eis
3401 4677 3487 4731 da-

1941 4776 2025 4823 ret
2042 4768 2243 4823 exitum
2261 4785 2275 4833 ;
2293 4766 2457 4833 Beda,
2480 4767 2625 4822 exire
2646 4762 2969 4834 arbitrium],
2994 4778 3127 4833 quos
3149 4779 3245 4820 sua
3267 4780 3482 4836 respon-

1940 4863 2089 4918 sione
2113 4863 2383 4932 perculsos
2408 4862 2562 4915 citius
2586 4856 2843 4920 exituros,
2869 4869 3029 4925 quam
3063 4855 3216 4925 plura
3260 4857 3485 4913 interro-

1942 4962 2157 5023 gaturos
2180 4967 2297 5007 esse
2315 4950 2644 5021 praeviderat.

2014 5045 2170 5099 Vsus.
2194 5043 2247 5097 9.
2266 5071 2337 5081 —
2361 5040 2583 5108 Denique
2610 5035 2873 5091 audientes
2903 5054 3034 5092 unus
3058 5046 3167 5107 post
3192 5051 3347 5089 unum
3369 5036 3479 5088 exi.-

1945 5133 2081 5195 bant,
2112 5130 2404 5199 incipientes
2432 5142 2463 5178 a
2489 5126 2792 5179 senioribus.
2837 5125 2940 5180 Sed
2974 5124 3195 5193 ﬁgurate
3236 5137 3331 5177 nos
3374 5124 3468 5178 ad-

1944 5229 2121 5276 monet
2149 5222 2202 5275 in
2228 5233 2312 5281 eo,
2341 5215 2479 5285 quod
2501 5223 2556 5269 et
2586 5222 2707 5269 ante
2730 5213 2909 5269 datam
2936 5221 2989 5268 et
3013 5223 3132 5283 post
3158 5212 3329 5265 datam
3358 5226 3477 5269 sen-

310 5306 484 5357 liercm
517 5304 573 5357 in
611 5301 862 5354 adulterio
888 5303 1279 5371 deprehensam.
1324 5301 1693 5371 interrogantes
1718 5306 1840 5374 quid
1943 5312 2158 5367 tentiam
2190 5307 2446 5362 inclinans
2473 5305 2684 5373 scripsit
2708 5304 2762 5358 in
2792 5314 2964 5370 terra;
2990 5312 3048 5357 ut
3074 5309 3127 5355 et
3150 5302 3296 5370 prius
3319 5317 3490 5370 quam.

312 5395 373 5446 de
398 5410 458 5446 ea
483 5394 597 5459 ﬁeri
626 5391 847 5459 juberet.
890 5392 1146 5456 Quoniam
1186 5392 1388 5460 Moyses
1418 5392 1573 5446 talem
1614 5393 1845 5461 lapidare
1944 5408 2247 5469 peccantem
2278 5398 2576 5466 proximum
2604 5399 2968 5466 corripiamus,
2998 5402 3050 5446 et
3083 5400 3359 5460 postquam
3386 5393 3477 5447 de-

212 5470 217 5473 “
313 5482 653 5538 mandaverat
676 5478 981 5551 (Levius).
1010 5481 1131 5534 utsi
1153 5489 1203 5535 et
1233 5483 1340 5551 ipsc
1360 5482 1493 5536 hanc
1516 5482 1841 5551 lapidandam
1942 5490 2064 5543 bitas
2088 5471 2448 5558 castigationis
2475 5489 2546 5543 illi
2577 5487 2923 5544 ministerium
2952 5482 3351 5547 rcddiderimus,
3381 5497 3480 5536 nos

357 5614 405 5674 ’⁸
437 5633 509 5687 Ex
536 5600 677 5687 item.
704 5631 734 5685 5
762 5632 890 5685 Ven.
918 5631 1095 5715 Betim.~
