4266 6198
699 421 798 474 διδ

1519 421 1576 471 Β.
1622 421 1676 470 l".
1713 420 1932 471 ALBIM
1972 420 2096 472 seu“
2138 418 2405 471 ALLUINI
2443 419 2716 473 ονειιωι
2753 420 2926 473 PARS
2964 421 3023 472 ll.

3772 415 3879 472 833

698 537 840 601 ipsos
867 534 1020 601 digna
1048 532 1356 586 humilitatis
1399 532 1800 599 investigatione
1837 531 2238 600 perpendamus.
2268 532 2313 586 Α
2343 526 2500 597 543
2527 531 2600 581 ait
2629 549 2640 581 :
2683 529 2785 593 Qui
2805 530 3032 597 sequitur
3057 544 3158 588 me,
3199 543 3298 578 non
3334 527 3608 580 antbulabit
3645 529 3697 578 in
3735 538 3876 580 tene-

699 637 762 674 ne
796 621 928 675 forte
949 631 1037 674 aut
1059 621 1275 683 eisdem,
1303 636 1419 689 qua:
1445 623 1495 673 in
1521 624 1649 690 ipsis
1669 623 2121 690 reprehendimus,
2149 630 2238 674 aut

698 715 813 766 aliis
859 714 1178 782 quibuslibet
1220 715 1385 767 simus
1433 714 1752 767 facinoribus
1796 714 2004 766 irretiti.
2032 733 2049 764 ι
2089 713 2238 766 Sicut

591 796 598 801 ’
698 803 832 856 forte
855 803 967 857 ﬁeri
990 811 1184 871 potest,
1208 811 1266 855 ut
1294 803 1403 870 ipsc
1426 803 1514 870 qui
1540 801 1855 855 homicidam
1880 815 2026 854 reum
2050 799 2236 853 mortis

694 906 810 945 esse
832 890 1168 958 iudicaverit,
1211 892 1321 959 ipse
1350 892 1402 944 in
1447 891 1620 957 scipso
1661 905 1755 958 per
1782 889 1961 942 odium
1992 887 2234 940 fraterna:

697 979 882 1033 mortis
909 995 1031 1033 reus
1070 993 1187 1033 esse
1215 987 1335 1031 ante
1361 978 1566 1043 oculum
1593 975 1882 1030 conditoris
1915 975 2228 1026 inveniatur.

697 1066 949 1120 Similiter
986 1067 1076 1133 qui
1104 1065 1465 1124 fornicationis
1491 1066 1688 1118 crimen
1721 1064 1773 1115 in
1812 1064 1975 1116 fratre
1999 1070 2229 1120 accusat,

693 1159 744 1210 in
774 1171 831 1211 se
874 1157 987 1223 ipso
1013 1154 1271 1224 superbire
1295 1154 1498 1207 facinus
1525 1169 1626 1207 non
1661 1151 1852 1205 videat.
1877 1151 1998 1204 Ideo
2016 1150 2235 1217 jubetur

690 1245 843 1310 iudex
879 1244 1034 1298 alieni
1062 1244 1298 1298 criminis
1321 1227 1485 1312 digito
1511 1241 1842 1307 discretionis
1872 1241 1924 1292 in
1952 1238 2109 1293 corde
2136 1255 2233 1292 suo

692 1333 1008 1394 describere,
1038 1346 1105 1385 ne
1129 1331 1264 1384 forte
1285 1332 1337 1384 in
1363 1332 1534 1396 scipso
1560 1344 1682 1382 rens
1704 1329 2017 1382 inveniatur.
2055 1345 2072 1378 t
2097 1327 2232 1392 Quid

692 1422 852 1485 igitur
873 1420 1024 1473 nobis
1050 1420 1101 1472 in
1130 1418 1426 1486 hujusmodi
1453 1417 1699 1487 periculis
1725 1412 1962 1479 remedii,
1995 1417 2120 1483 quid
2150 1431 2231 1469 re-

690 1517 790 1560 stat
845 1508 1058 1569 salutis,
1113 1509 1212 1560 nisi
1261 1516 1320 1561 ut
1362 1521 1483 1562 cum
1531 1514 1833 1573 peccantem
1877 1505 2230 1572 conspicimus

689 1596 867 1655 alium,
899 1610 1020 1648 mox
1063 1594 1376 1648 inclinemus
1411 1592 1679 1655 deorsum,
1726 1594 1777 1646 id
1804 1601 1918 1655 est,
1946 1607 2104 1660 quam
2135 1592 2231 1645 de-

684 1686 805 1752 iecti
840 1699 903 1738 ex
933 1694 1126 1738 nostne
1157 1684 1456 1738 conditione
1498 1683 1796 1751 fragilitatis
1834 1682 2018 1744 simus,
2046 1683 2088 1734 si
2123 1697 2226 1735 non

686 1789 783 1827 nos
804 1773 980 1826 divina
1009 1774 1176 1840 pietas
1197 1773 1453 1826 sustineat
1477 1770 1605 1842 [Al.,
1629 1770 1931 1842 sustentet],
1958 1771 2229 1825 humiliter

686 1834 1055 1931 lnSpiciamus?
1079 1860 1250 1931 Digito
1271 1834 1562 1915 scribamus
1585 1862 1636 1914 in
1660 1868 1816 1920 terra,
1848 1834 2023 1923 idest,
2048 1861 2227 1914 discri-
2258 1834 2304 1892 Β

685 1953 828 2006 mine
874 1952 1054 2006 solerti
1102 1966 1403 2019 pensemus,
1444 1965 1511 2003 an
1550 1964 1670 2003 cum
1715 1950 1871 2002 beato
1913 1947 2012 2001 Job
2054 1948 2231 2002 dicere

683 2044 982 2113 possimus:
1014 2039 1190 2110 Neque
1228 2042 1361 2093 enim
1400 2039 1715 2107 reprehendit
1750 2053 1840 2090 nos
1878 2052 1969 2089 cor
2001 2046 2228 2088 nostrum

683 2135 738 2186 in
779 2133 918 2185 omni
959 2132 1062 2183 vita
1108 2138 1283 2181 nostra
1308 2126 1447 2197 (Job.
1473 2141 1634 2188 xxv",
1667 2124 1740 2192 6).
1778 2125 1916 2176 Bene
1945 2123 2033 2190 qui
2075 2123 2228 2174 incli-

685 2232 840 2276 natus
879 2221 1092 2288 scripsit
1132 2219 1186 2272 in
1222 2228 1386 2279 terra,
1412 2223 1622 2269 erectus
1652 2211 2028 2266 misericordiae
2071 2210 2228 2264 verba

685 2311 966 2380 depromit,
993 2309 1112 2378 quia
1143 2306 1283 2376 quod
1310 2321 1404 2375 per
1433 2305 1673 2357 humana:
1709 2299 2034 2354 inﬁrmitatis
2060 2302 2230 2352 socie-

685 2411 846 2455 tatem
875 2398 1135 2467 promisit,
1165 2412 1261 2465 per
1288 2395 1478 2449 divina:
1503 2392 1752 2444 virtutem
1788 2390 2034 2459 potentia:
2062 2390 2230 2442 homi-

685 2489 842 2541 nibus
867 2486 1062 2539 donum
1089 2484 1302 2552 pietatis
1330 2481 1601 2548 impendit.

755 2574 912 2628 Vens.
947 2572 1029 2636 10,
1061 2571 1144 2624 ll.
1162 2599 1233 2609 ——
1260 2566 1492 2636 Erigcns,
1523 2567 1711 2634 inquit,
1734 2583 1786 2620 se
1813 2565 1965 2620 Iesus
1993 2567 2123 2620 dixit
2145 2568 2190 2619 ei
2211 2585 2228 2619 :

687 2660 893 2725 llulier,
922 2661 1011 2713 ubi
1054 2669 1200 2722 sunt,
1227 2660 1313 2727 qui
1349 2669 1396 2710 te
1433 2657 1779 2709 accusabant?
1821 2655 1987 2710 Nemo
2025 2668 2072 2710 te
2111 2674 2231 2710 con—

684 2750 979 2804 demnavit.’
1025 2746 1154 2811 Qua:
1182 2745 1309 2798 dixit
1336 2762 1353 2797 :
1395 2743 1577 2807 Nemo,
1617 2743 1852 2797 Domine.
1899 2742 2066 2798 Nemo
2099 2759 2229 2797 con-

684 2839 936 2895 demnare
977 2851 1138 2890 ausus
1177 2842 1260 2888 est
1305 2833 1672 2902 peccatricem,
1704 2833 1826 2900 quia
1869 2833 1924 2886 in
1950 2847 2008 2886 se
2039 2832 2230 2902 singuli

688 2941 906 2984 cernere
947 2931 1219 2994 cmperant
1262 2923 1404 2991 quod
1445 2922 1612 2990 magis
1652 2921 2005 2974 damnandum
2034 2936 2229 2990 cogno-

688 3027 913 3073 scerent.
956 3014 1059 3068 Sed
1086 3013 1210 3081 quia
1237 3011 1593 3065 accusantium
1622 3010 1806 3062 turbas
1833 3010 2040 3077 prolato
2076 3008 2233 3074 justi-

690 3108 777 3160 tiae
800 3102 1030 3174 pondere
1054 3099 1269 3167 fugavit,
1293 3095 1566 3152 videamus
1587 3104 1889 3150 accusatam
1914 3105 2111 3164 quanto
2133 3096 2231 3148 mi-

691 3193 989 3248 sericordia:
1016 3203 1232 3243 munere
1252 3186 1504 3241 sublevet.
1525 3205 1544 3237 ι
1576 3185 1860 3254 Sequitur:
1887 3184 2032 3237 Dixit
2061 3193 2230 3236 autem

689 3281 842 3334 Jesus
865 3293 883 3329 :
915 3278 1022 3331 Nec
1049 3292 1138 3345 ego
1158 3287 1206 3328 te
1229 3275 1592 3327 condemnabo.
1626 3269 1785 3336 Vade,
1810 3282 1858 3326 et
1883 3273 2100 3342 amplius
2126 3272 2232 3326 noli

691 3384 918 3439 peccare.
959 3365 1216 3430 Quoniam
1259 3363 1558 3417 misericors
1595 3370 1650 3415 et
1679 3363 1798 3431 pius
1821 3371 1935 3425 est,
1965 3364 2232 3430 praeterita

692 3467 908 3529 peccata
975 3456 1192 3510 relaxat.
1223 3452 1482 3518 Quoniam
1519 3450 1693 3518 justus
1733 3460 1844 3516 est,
1877 3459 1931 3505 et
1972 3453 2232 3521 justitiam

693 3549 891 3617 diligit,
925 3561 992 3602 ne
1033 3544 1256 3616 amplius
1282 3543 1390 3612 jam
1434 3551 1634 3611 peccet,
1666 3541 1951 3596 interdicit.
1986 3559 2004 3591 ι
2036 3542 2231 3594 Verum

693 3638 817 3708 quia
846 3643 1089 3706 poterant
1113 3633 1353 3686 dubitare
1379 3630 1538 3697 aliqui
1566 3646 1632 3683 an
1658 3639 1834 3696 posset
1873 3629 2046 3692 lesus,
2074 3645 2231 3697 quem

693 3742 876 3783 verum
918 3725 1183 3779 hominem
1225 3730 1506 3784 noverant,
1550 3719 1816 3774 dimittere
1858 3729 2098 3788 peccata,
2148 3720 2229 3774 di-

698 3827 891 3887 gnatur
943 3814 1054 3881 ipse
1105 3811 1366 3882 apertius,
1415 3809 1540 3876 quid
1586 3809 1834 3861 divinitus
1891 3807 2095 3872 valeat,
2139 3823 2227 3862 os-

702 3907 937 3960 tendere.
964 3903 1089 3956 Post
1127 3901 1389 3969 repulsam
1427 3912 1652 3965 namque
1687 3905 2003 3950 tentatorutn
2043 3900 2229 3966 nequi-

698 3996 858 4057 tiam,
901 4001 1020 4059 post
1049 3990 1270 4042 solutam
1303 3989 1608 4058 peccatricis
1643 3987 1881 4053 culpam,
1927 3987 2115 4040 iterum
2153 3989 2230 4041 lo-

699 4090 852 4136 CUHIS
873 4090 975 4132 est.

1279 4143 1498 4198 CAPUT
1536 4141 1650 4196 XX.

693 4210 889 4290 Lucem
925 4235 1101 4286 mundi
1135 4249 1187 4284 se
1227 4233 1369 4284 dicit.
1411 4230 1704 4297 Pbarisreos
1749 4229 1811 4282 de
1841 4233 2046 4297 proprio
2094 4236 2235 4285 testi-

770 4305 938 4356 monia
974 4301 1200 4368 refutans
1229 4299 1414 4367 arguit.
1454 4296 1717 4349 Iudicium
1750 4312 1900 4350 suum
1924 4296 2094 4351 a’erum
2129 4301 2236 4368 ipse

768 4371 1055 4439 conﬁrmat.

2335 618 2458 679 bris,
2489 619 2805 670 sedvhabebit
2847 619 3008 671 lucem
3040 617 3182 689 [Ms.,
3206 617 3398 688 lumen]
3440 621 3574 671 vita.
3601 617 3700 684 Qui
3740 619 3876 672 meis

2336 704 2491 757 modo
2513 705 2676 772 jussis
2699 714 2752 757 et
2789 705 3044 773 exemplis
3081 706 3406 772 obsequitur,
3435 721 3539 758 non
3569 707 3775 760 timebit
3817 707 3874 759 in

2334 790 2513 846 futuro
2542 793 2789 846 tenebras
2821 794 3192 857 damnationis,
3220 795 3312 847 sed
3337 795 3505 848 lucem
3531 796 3705 864 potius
3729 796 3872 858 vita,

2333 882 2422 937 ubi
2443 899 2713 952 nunquam
2736 898 2956 952 prorsus
2983 886 3258 948 moriatur,
3285 884 3498 938 habebit
3525 896 3604 937 ι.»

2406 1011 2424 1043 t
2453 995 2479 1031 ι)
2506 993 2705 1061 Itaque,
2729 992 2923 1046 fratres
2943 992 3066 1054 mei,
3097 1008 3382 1061 sequamur
3407 992 3672 1046 Christum
3695 992 3870 1046 lumen

2332 1080 2542 1142 mundi,
2581 1094 2647 1132 ne
2668 1079 2998 1133 ambulemus
3023 1081 3074 1132 in
3093 1081 3343 1133 tenebris.
3361 1079 3616 1134 Tenebrae
3638 1088 3872 1134 metuen-

2330 1171 2411 1225 da:
2438 1180 2560 1224 sunt
2583 1185 2807 1233 morum,
2831 1185 2935 1223 non
2961 1169 3268 1235 oculorum;
3298 1179 3351 1223 et
3375 1171 3419 1225 si
3442 1171 3734 1234 oculorum,
3766 1187 3871 1226 non

2329 1261 2672 1322 exteriorum,
2699 1260 2789 1313 sed
2841 1260 3179 1338 interiorum,
3231 1261 3369 1314 unde
3415 1261 3735 1316 discernitur
3766 1251 3880 1317 non

2329 1348 2505 1402 album
2527 1358 2580 1401 et
2623 1348 2852 1416 nigrum,
2881 1341 2974 1403 sed
3007 1347 3208 1415 justum
3232 1358 3286 1403 et
3307 1350 3580 1418 iniustum.
3610 1350 3744 1405 Cum
3769 1352 3874 1406 hoc

2328 1451 2454 1505 ergo
2468 1438 2687 1491 dixisset
2714 1438 2966 1491 Dominus
2995 1447 3176 1492 noster
3194 1437 3346 1492 Jcsus
3365 1440 3628 1503 Christus,
3657 1456 3877 1508 respon-

2327 1525 2518 1591 derunt
2543 1526 2709 1581 Judmi
2741 1545 2753 1578 :
2780 1525 2960 1597 (Vens.
2984 1526 3094 1597 15.)
3119 1526 3195 1579 Tu
3213 1528 3278 1580 de
3295 1537 3345 1580 te
3371 1529 3716 1582 testimonium
3742 1531 3874 1582 dicis

2329 1614 2459 1685 [Al.,
2471 1615 2747 1686 perhibes],
2765 1615 3109 1668 testimonium
3125 1623 3269 1668 tuum
3289 1631 3390 1668 non
3403 1623 3477 1668 est
3499 1632 3688 1668 verum.
3713 1617 3876 1670 Ante-

2328 1719 2485 1772 quam
2508 1706 2714 1756 veniret
2736 1702 2992 1756 Dominus
3020 1711 3201 1756 noster
3221 1700 3375 1756 Jesus
3394 1701 3657 1764 Christus,
3680 1705 3878 1758 multas

2328 1799 2450 1845 ante
2469 1805 2527 1846 se
2552 1790 2795 1844 lucernas
2814 1791 3152 1860 propheticas
3167 1792 3410 1845 accendit
3429 1799 3483 1844 et
3510 1793 3672 1845 misit.
3695 1793 3769 1846 De
3793 1795 3876 1847 his

2329 1887 2443 1933 erat
2493 1878 2651 1930 etiam
2697 1876 2926 1930 Joannes
2976 1877 3211 1945 Baptista
3276 1878 3403 1948 [cui
3460 1887 3566 1931 tarn
3624 1895 3872 1949 magnum

2330 1966 2500 2034 ipsum
2546 1965 2722 2018 lumen
2745 2003 2760 2028 ,
2811 1965 2951 2033 quod
2979 1973 3060 2018 est
3099 1963 3372 2028 Christus,
3427 1967 3694 2035 perhibuit
3726 1970 3876 2022 testi-

2329 2054 2592 2116 monium,
2619 2053 2776 2120 quale
2818 2051 2947 2105 nulli
2995 2052 3298 2117 hominum;
3330 2055 3404 2106 ait
3428 2056 3566 2108 enim
3601 2074 3614 2108 :
3648 2055 3713 2109 In
3739 2059 3874 2110 natis

2329 2141 2598 2196 mulierum
2619 2158 2722 2194 non
2733 2141 2959 2193 surrexit
2981 2142 3153 2208 major
3173 2139 3377 2193 Joanne
3400 2142 3636 2210 Baptista
3660 2143 3871 2212 (Matth.

2329 2248 2403 2295 xi,
2437 2232 2574 2302 ll)].
2613 2231 2710 2285 llic
2736 2239 2914 2284 tamen
2937 2244 3042 2297 quo
3091 2244 3246 2284 nemo
3275 2239 3390 2284 erat
3437 2231 3610 2298 major
3653 2232 3705 2285 in
3735 2235 3876 2287 natis

2329 2319 2631 2382 mulierum,
2661 2318 2790 2371 dicit
2811 2317 2875 2370 de
2900 2317 3123 2370 Domino
3141 2326 3323 2372 nostro
3340 2317 3465 2372 Jesu
3483 2319 3695 2374 Christo
3722 2335 3736 2372 :
3760 2319 3874 2389 Ego

2327 2406 2531 2474 quidem
2569 2405 2770 2472 (raptito
2799 2420 2886 2457 vos
2911 2406 2966 2456 in
2986 2421 3121 2473 aqua
3139 2445 3154 2469 ,
3183 2406 3273 2474 qui
3291 2416 3463 2458 autem
3487 2408 3621 2460 venit
3640 2418 3752 2477 post
3772 2425 3876 2472 nte,

2329 2495 2514 2563 fortior
2535 2509 2614 2546 me
2651 2503 2746 2556 est,
2778 2493 2862 2544 cui
2894 2507 2996 2544 non
3022 2509 3136 2545 sum
3159 2493 3345 2561 dignus
3367 2494 3644 2562 corrigiam
3683 2495 3878 2548 calcea-

2329 2584 2484 2636 menti
2512 2581 2702 2635 solvere
2753 2580 2930 2651 (Joan.
2972 2596 3010 2643 ι,
3051 2579 3159 2650 26).
3215 2581 3400 2635 Videte
3434 2581 3873 2649 quemadmodum

2329 2685 2386 2723 se
2415 2670 2626 2723 lucerna
2656 2669 2748 2722 Dei
2789 2666 2919 2738 [Αι.,
2949 2667 3076 2738 diei]
3104 2668 3399 2722 submittat.
3431 2669 3726 2723 Lucernam
3750 2685 3878 2724 vero

2329 2765 2498 2833 ipsum
2525 2761 2782 2816 Joannem
2829 2760 3013 2824 fuisse,
3043 2762 3297 2817 Dominus
3338 2764 3452 2831 ipse
3476 2771 3702 2826 testatur
3737 2783 3749 2818 :
3779 2763 3880 2818 Ille

2328 2865 2456 2918 erat,
2490 2854 2682 2921 inquit,
2708 2852 2920 2905 lucerna
2947 2852 3134 2905 ardetis
3162 2861 3211 2906 et
3232 2851 3426 2916 lucens,
3458 2863 3505 2905 et
3533 2869 3620 2907 vos
3645 2854 3878 2907 voluistis

2329 2942 2400 2996 ad
2451 2942 2631 2993 lteram
2681 2937 2938 2991 exsultare
2989 2939 3044 2991 in
3088 2939 3280 2992 lumine
3313 2941 3426 3008 ejus
3449 2939 3626 3010 (loan.
3670 2956 3721 3001 v,
3763 2940 3874 3006 35).

2336 3046 2354 3078 ι
2375 3026 2780 3096 Responderunt
2797 3039 2924 3094 ergo
2947 3024 3114 3077 Judaei
3143 3042 3157 3079 :
3185 3023 3260 3077 Tu
3279 3025 3342 3078 de
3364 3035 3411 3078 te
3435 3027 3779 3079 testimonium
3802 3027 3880 3078 di-

2331 3119 2435 3180 cit,
2465 3115 2808 3169 testimonium
2867 3123 3012 3165 tuum
3070 3129 3172 3166 non
3233 3124 3307 3167 est
3340 3130 3531 3166 verum.
3572 3113 3876 3177 Videamus,

2330 3205 2456 3274 quid
2479 3203 2701 3258 audiunt
2728 3220 2740 3254 :
2779 3201 3054 3254 audiamus
3075 3210 3130 3253 et
3149 3215 3246 3255 nos
3268 3241 3282 3263 ,
3319 3201 3411 3255 sed
3435 3217 3540 3254 non
3588 3201 3726 3256 sicut
3776 3201 3874 3256 illi.

2327 3292 2407 3348 Illi
2436 3295 2855 3351 contemnentes,
2881 3302 2980 3341 nos
3005 3287 3310 3350 credentes;
3337 3287 3411 3340 illi
3443 3287 3712 3341 Christum
3735 3287 3878 3342 occi—

2330 3379 2457 3435 dere
2488 3377 2725 3433 volentes
2747 3415 2763 3439 ,
2800 3391 2899 3431 nos
2943 3373 3215 3429 Christum
3245 3372 3423 3444 [Aug.,
3454 3389 3552 3443 per
3575 3372 3875 3444 Christum]

2329 3467 2506 3521 vivere
2528 3465 2820 3534 cupientes.
2840 3461 3054 3515 Interim
3075 3463 3174 3514 ista
3204 3461 3450 3514 distantia
3475 3461 3766 3528 distinguat
3783 3475 3879 3515 au-

2331 3569 2416 3609 res
2443 3562 2753 3620 mentesque
2779 3557 3008 3614 nostras,
3036 3555 3090 3603 et
3115 3548 3390 3603 audiamus
3429 3548 3554 3620 quid
3578 3546 3771 3602 Iudaeis
3793 3564 3878 3603 re-

2331 3641 2603 3711 sponderit
2632 3640 2886 3694 Dominus
2911 3655 2922 3688 :

2400 3761 2560 3816 Vens.
2593 3759 2678 3812 υ.
2695 3757 3050 3826 —Respondit
3070 3757 3240 3818 Iesus,
3272 3766 3320 3810 et
3344 3758 3468 3809 dicit
3495 3758 3568 3810 eis
3590 3774 3607 3809 :
3635 3756 3703 3809 Et
3724 3759 3768 3810 si
3787 3775 3878 3826 ego

2332 3852 2676 3904 testimonium
2697 3847 2933 3916 perhibeo
2965 3847 3029 3900 de
3052 3849 3245 3916 meipso
3268 3887 3282 3909 ,
3316 3863 3490 3900 rerum
3532 3858 3606 3901 est
3650 3848 3876 3900 testimo—

2332 3943 2476 3995 nium
2503 3955 2702 3999 nteant;
2739 3937 2860 4005 quia
2889 3939 2995 3990 scio
3022 3936 3155 3990 unde
3179 3938 3288 3990 ueni
3308 3947 3355 3990 et
3381 3955 3485 4006 quo
3501 3938 3649 3990 uado.
3674 3937 3875 3991 Lumen

2331 4042 2386 4086 et
2415 4031 2518 4084 alia
2560 4031 2889 4084 demonstrat
2913 4035 2970 4081 et
3009 4027 3259 4094 seipsum.
3290 4025 3530 4080 Christus
3547 4033 3603 4080 et
3619 4041 3677 4080 se
3700 4035 3878 4080 osten-

2333 4122 2411 4174 dit
2439 4129 2496 4172 et
2517 4119 2741 4171 Patrem
2773 4116 3029 4180 ostendit,
3060 4124 3114 4168 et
3138 4114 3203 4168 de
3225 4113 3421 4168 ludatis
3444 4113 3570 4182 quid
3592 4123 3733 4168 esset
3753 4127 3878 4165 ven-

2335 4218 2531 4262 turum.
2557 4206 2696 4273 Ergo
2712 4205 2788 4257 ait
2806 4205 3088 4265 Dominus,
3112 4211 3167 4255 et
3192 4217 3375 4255 verum
3400 4203 3474 4254 ait
3504 4202 3602 4253 :Et
3628 4203 3674 4253 si
3697 4217 3787 4269 ego
3815 4201 3876 4252 de

2333 4311 2412 4348 me
2463 4292 2807 4347 testimonium
2842 4290 3077 4360 perhibet)
3098 4330 3114 4355 ,
3175 4305 3348 4342 verum
3408 4300 3480 4342 est
3535 4288 3880 4340 testimonium

2335 4397 2524 4446 meum,
2550 4382 2672 4450 quia
2698 4382 2803 4434 scio
2830 4379 2963 4432 unde
2989 4379 3103 4432 veni
3131 4388 3176 4431 et
3203 4395 3302 4448 quo
3327 4378 3474 4430 vado.
3500 4377 3714 4431 Patrem
3738 4375 3880 4430 vole-

771 4465 932 4517 Vcns.
966 4462 1049 4514 l2.
1084 4489 1154 4499 —
1181 4457 1292 4527 Ego
1331 4473 1443 4509 sum
1487 4457 1578 4508 luat
1620 4458 1818 4509 mundi.
1863 4458 1964 4520 Qui
2011 4461 2236 4530 sequitur
2260 4468 2312 4528 υ
2337 4469 2456 4523 bati

2193 4478 2236 4513 ιν
2260 4468 2312 4528 D
2337 4471 2428 4523 hat
2451 4469 2687 4536 intelligi,
2713 4468 2858 4521 Patri
2884 4458 3105 4537 gloriam
3126 4468 3282 4521 dabat
3303 4467 3495 4531 Filius;
3526 4467 3744 4535 aequalis
3769 4466 3878 4537 glo-

703 4569 801 4614 me,
829 4567 927 4602 non
955 4547 1230 4601 ambulabit
1254 4547 1307 4598 in
1329 4544 1568 4606 tenebris,
1588 4545 1676 4597 sed
1697 4544 1894 4614 habebit
1915 4545 2077 4598 lucem
2096 4551 2231 4602 vita.

707 4610 805 4698 Ubi
835 4638 1111 4694 manifeste
1147 4639 1298 4690 docet
1321 4652 1426 4689 non
1456 4637 1626 4690 solum
1651 4610 1754 4705 qu/a
1787 4638 2099 4693 auctoritate
2122 4649 2238 4694 mti-

704 4731 821 4784 licri
850 4736 1063 4799 peccata
1087 4726 1374 4788 dimiserit;
1399 4726 1489 4779 sed
1515 4726 1694 4787 etiam,
1720 4726 1859 4793 quod
1888 4728 1999 4796 ipse
2023 4730 2090 4782 sit
2112 4745 2237 4786 vera

704 4821 811 4880 lux,
856 4834 971 4886 qua:
1009 4817 1270 4870 illuminat
1300 4828 1508 4868 omnem
1551 4813 1816 4866 hominem
1859 4817 2153 4871 venientem
2183 4819 2236 4872 in

706 4909 848 4962 hunc
893 4908 1183 4959 mundum:
1222 4903 1369 4971 cujus
1410 4913 1720 4972 perpetuum
1762 4903 2091 4972 splendorem
2142 4908 2238 4961 hu-

712 5017 863 5056 mana
893 4999 1147 5067 fragilitas
1173 4999 1350 5052 videre
1377 5014 1480 5051 non
1508 4998 1778 5066 potuisset,
1819 4999 1924 5050 nisi
1958 4999 2093 5052 nube
2126 5017 2240 5054 car-

711 5090 791 5143 nls
814 5097 1093 5159 tegeretur,
1120 5100 1215 5153 per
1240 5099 1415 5152 quam‘
1433 5086 1580 5152 quasi
1610 5098 1706 5152 per
1729 5084 1990 5149 quoddam
2033 5086 2243 5141 lucidis-

713 5182 900 5233 simum
956 5175 1222 5245 speculum
1270 5174 1432 5226 divini
1483 5175 1692 5227 luminis
1743 5173 1954 5227 claritas
1999 5175 2242 5230 humanis

715 5265 974 5320 mentibus
1020 5265 1386 5322 innotesceret,
1414 5276 1529 5328 quae
1578 5262 1678 5315 [ide
1718 5261 1986 5329 purganda
2030 5271 2139 5325 est,
2185 5274 2243 5316 ut

712 5354 843 5409 tanti
866 5352 1078 5407 luminis
1106 5351 1334 5420 aspectui
1363 5351 1515 5420 digna
1555 5348 1825 5402 elliciatur.
1859 5349 2007 5404 Unde
2035 5362 2245 5406 secutus

785 5513 808 5538 η
848 5500 1124 5566 ﬂuensque
1144 5515 1205 5553 ex
1237 5500 1444 5553 homilia
1469 5499 1597 5554 Ven.
1630 5500 1798 5554 Βεὼρ.

724 5636 742 5687 1
790 5569 829 5658 ιιἸ
854 5569 1128 5686 εἴξαντα
1150 5569 1456 5637 Augustino,
1479 5578 1627 5623 tract.
1661 5586 1792 5623 xxxv
1824 5571 1875 5626 in
1900 5569 2075 5635 lcum,
2099 5589 2238 5627 num.

2341 4556 2578 4611 rilicahat
2603 4571 2746 4619 eum,
2789 4571 2818 4607 a
2867 4569 2971 4622 quo
2999 4562 3083 4608 est
3107 4555 3300 4609 missus
3350 4573 3363 4608 :
3420 4566 3675 4624 quantum
3724 4555 3880 4609 debet

2339 4647 2499 4700 homo
2523 4644 2819 4715 gloriﬁcare
2840 4658 2983 4707 eum,
3016 4659 3045 4696 a
3075 4658 3179 4712 quo
3198 4653 3281 4698 est
3302 4646 3546 4698 creatus?
3584 4643 3707 4696 Seio
3743 4643 3880 4696 unde

2340 4735 2450 4786 veni
2471 4744 2516 4786 et
2540 4750 2641 4801 quo
2670 4732 2818 4786 vado.
2853 4751 2872 4782 ι
2898 4731 3126 4800 lste,qni
3155 4733 3206 4784 in
3232 4733 3510 4799 prmsentia
3535 4733 3682 4786 vobis
3710 4732 3878 4801 loqui-

2341 4833 2445 4886 tur,
2473 4823 2635 4876 habet
2669 4823 2809 4889 quod
2836 4836 2940 4874 non
2967 4821 3218 4883 deseruit,
3246 4823 3335 4875 sed
3361 4831 3534 4875 tamen
3575 4822 3748 4884 venit;
3772 4835 3876 4874 non

2340 4916 2479 4968 enim
2510 4913 2765 4967 veniendo
2789 4912 2910 4966 inde
2929 4912 3203 4974 discessit,
3238 4923 3328 4965 aut
3348 4913 3595 4966 rediendo
3617 4926 3713 4963 nos
3733 4910 3879 4963 dere~

2348 5002 2522 5070 liquit.
2557 5001 2690 5067 Quid
2729 5001 3035 5056 miramini?
3087 5000 3224 5054 Dens
3278 5009 3378 5053 est.
3410 4999 3522 5051 Non
3561 5006 3739 5066 potest
3776 4998 3878 5051 hoc

2342 5093 2456 5145 fieri
2474 5131 2489 5154 ,
2514 5092 2607 5145 sed
2665 5092 2732 5144 ab
2782 5091 2992 5143 homine
3020 5108 3032 5141 :
3059 5105 3161 5142 non
3185 5096 3356 5156 potest
3400 5087 3500 5139 hoc
3525 5085 3638 5138 ﬁeri
3666 5085 3732 5138 ab
3761 5087 3874 5154 ipso

2341 5179 2451 5233 sole
2478 5180 2699 5232 oriente.
2737 5177 2827 5232 Sol
2860 5178 3036 5231 oriens
3083 5176 3252 5245 pergit
3297 5175 3363 5227 ad
3413 5173 3735 5227 occidentem
3760 5214 3774 5237 ,
3818 5182 3873 5228 et

2343 5267 2539 5320 deserit
2554 5269 2830 5320 orientem.
2855 5266 2970 5319 Non
2999 5279 3062 5324 eo
3082 5278 3226 5315 more
3254 5262 3504 5315 Domin..s
3525 5270 3704 5316 noster
3721 5259 3876 5314 Iesus

2344 5355 2583 5408 Christus
2621 5365 2642 5391 ε
2678 5364 2770 5406 :et
2799 5353 2941 5407 venit
2962 5350 3122 5414 enim,
3167 5361 3220 5402 et
3249 5349 3316 5404 ibi
3345 5359 3462 5413 est;
3501 5357 3554 5402 et
3597 5347 3773 5410 rediit,
3821 5353 3879 5400 et

2415 5514 2436 5541 ε
2478 5505 2609 5571 Aug.
2640 5521 2651 5554 :
2688 5520 2706 5550 ι
2742 5501 2853 5555 Νοη
2882 5509 3052 5571 potest
3077 5501 3175 5555 hoc
3210 5501 3324 5571 fieri
3361 5502 3428 5571 ab
3473 5498 3726 5571 homine:
3771 5510 3876 5571 non

2343 5580 2513 5641 potest
2541 5564 2642 5626 Hoc
2670 5571 2781 5625 lieri
2813 5564 3011 5640 ab'ipso
3039 5571 3167 5626 sole.
3194 5569 3610 5641 Quandopergit
3645 5564 3710 5641 ad
3735 5564 3876 5641 θοάς

2344 5630 2568 5704 dentem,
2589 5641 2780 5695 deserit
2803 5630 3080 5702 orientem,
3104 5648 3151 5691 et
3178 5630 3337 5692 donec
3358 5630 3586 5691 oritunis
3608 5635 3786 5693 redeat
3803 5630 3876 5689 ad
