4152 6190
322 423 421 475 857

1113 410 1510 470 EXEGETICA.
1548 440 1618 451 —
1653 397 1999 463 ΕΟΜΜΕΝΤ.
2039 402 2104 457 ΙΝ
2138 396 2324 460 ιοΑΝ.
2355 431 2420 442 -—-
2457 397 2580 458 LIB.
2621 395 2705 456 ιγ.

3388 394 3488 453 858

322 535 408 586 hic
429 538 529 585 est.
551 527 686 581 Audi
722 527 890 595 ipsum
916 523 1289 592 evangelistam
1309 521 1412 573 alio
1438 518 1554 571 loco
1571 516 1857 575 dicentem,
1887 513 1933 569 Δ
1953 508 2196 576 judicare
2214 511 2487 576 mundum,
2511 510 2603 565 sed
2623 510 2827 564 salvare
2840 509 3110 569 mundum,
3137 507 3268 562 dixit
3293 526 3304 559 :
3333 506 3488 579 [εςοξ

319 627 376 673 ct
396 619 442 672 si
459 625 630 686 potes,
652 627 815 681 cape;
850 612 897 665 si
919 626 1023 664 nou
1050 618 1225 678 potes,
1248 606 1426 661 crede.
1455 605 1645 667 Deum,
1663 601 1854 670 inquit,

323 722 469 760 nemo
497 705 622 758 cidit
645 716 867 770 unquam
884 739 899 762 ,
927 700 1026 751 nisi
1049 698 1338 766 unigenilus
1371 693 1562 755 Filius,
1595 691 1683 760 qui
1705 699 1778 743 est
1803 691 1859 741 in

320 798 437 850 sinu
465 793 661 854 Patris,
701 791 809 859 ipse
833 789 1088 843 enarravit
1122 785 1299 856 (Joan.
1331 802 1370 847 ι,
1404 784 1510 853 18).
1542 780 1655 835 Non
1678 780 1811 833 diuit
1841 792 1856 830 :

316 884 423 950 Qui
445 882 546 938 fuit
566 883 622 936 in
649 883 766 936 sinu
785 879 974 932 Patris.
1019 877 1116 931 Hic
1139 877 1468 944 loquebatur,
1496 882 1550 926 et
1569 872 1640 925 ibi
1665 885 1724 924 se
1742 883 1860 922 esse

323 973 531 1028 dicebat
576 985 593 1024 :
642 971 732 1039 qui
770 978 826 1024 et
849 969 974 1022 hinc
1008 966 1338 1020 discessurus
1390 964 1520 1017 dixit
1561 976 1574 1014 :
1606 960 1740 1013 Ecce
1767 974 1859 1025 ego

324 1061 577 1114 vobiscum
599 1074 714 1113 sum
741 1056 976 1112 omnibus
998 1054 1175 1108 diebus
1200 1068 1358 1121 usque
1374 1049 1443 1103 ad
1467 1047 1860 1104 consummatio-

324 1164 439 1201 nem
469 1147 649 1202 seculi
683 1144 893 1217 (Matth.
938 1157 1123 1204 xxvnt,
1176 1140 1286 1210 ΞΟ).
1341 1157 1359 1188 t
1384 1138 1520 1206 Ergo
1558 1150 1740 1189 verum
1779 1138 1862 1185 est

324 1235 680 1288 testimonium
726 1232 972 1294 luminis,
1015 1231 1128 1284 sive
1154 1243 1211 1281 se
1230 1225 1498 1288 ostendat,
1548 1224 1659 1278 sive
1707 1220 1810 1273 alia
1844 1237 1856 1270 :

322 1322 446 1392 quia
470 1321 586 1375 sine
630 1319 828 1373 lumine
849 1332 953 1372 non
981 1323 1155 1385 potest
1176 1311 1343 1367 videri
1386 1311 1593 1372 lumen;
1649 1316 1706 1361 et
1747 1305 1862 1359 sine

323 1411 520 1465 lumine
534 1423 640 1464 non
669 1414 846 1476 potest
862 1405 1028 1458 videri
1051 1400 1322 1473 quodlibet
1343 1396 1486 1451 aliud
1504 1394 1645 1463 quod
1664 1407 1769 1446 non
1781 1400 1863 1445 est

326 1503 519 1554 lumen.
539 1519 558 1551 ›
591 1497 775 1566 Itaque
792 1503 848 1550 et
870 1494 1048 1548 lumen
1067 1499 1125 1546 et
1143 1491 1374 1559 seipsum
1397 1483 1648 1546 ostendit,
1670 1489 1726 1534 et
1744 1494 1864 1549 qua:

325 1590 466 1641 circa
493 1601 552 1640 se
569 1593 721 1650 sunt;
750 1584 825 1638 ita
844 1592 901 1637 et
921 1581 1186 1643 Christus,
1211 1585 1266 1630 et
1285 1575 1516 1642 seipsum
1532 1567 1785 1631 ostendit,
1810 1575 1866 1620 et

327 1674 729 1730 aliosilluminat
741 1668 832 1740 qui
847 1671 1109 1724 charitate
1122 1667 1263 1720 circa
1277 1678 1334 1717 se
1348 1670 1490 1724 sunt,
1505 1668 1560 1713 et
1573 1664 1866 1725 sequuntur

326 1768 472 1820 illum
492 1779 596 1819 non
617 1764 809 1833 pedum
831 1759 1128 1830 gressibus,
1149 1755 1244 1809 sed
1278 1750 1554 1807 charitatis
1587 1747 1791 1803 ciliciis.

396 1811 1050 1909 Duo—svatlrvve‘n-tus'iiomini
1269 1840 1396 1894 Jesu
1421 1837 1617 1893 Christi
1644 1835 1865 1903 legimus
1898 1811 1940 1867 Β

328 1943 382 1996 iu
416 1940 706 2010 Scripturis
753 1939 951 1992 sanctis
1002 1951 1034 1988 a
1081 1931 1357 2002 prophetis
1413 1943 1530 1982 esse
1564 1926 1864 1995 praedictos,

327 2045 488 2085 unum
510 2024 883 2082 misericordia:
905 2023 995 2092 qui
1033 2028 1282 2090 peractus
1302 2027 1403 2079 est,
1435 2016 1660 2069 alterum
1679 2012 1867 2082 iudicii

329 2119 418 2186 qui
459 2125 713 2169 venturus
744 2120 845 2167 est.
891 2130 909 2161 ι
931 2123 954 2150 ει
979 2108 1158 2163 Prima
1173 2121 1300 2175 ergo
1322 2103 1640 2173 dispensatio
1661 2099 1869 2154 Domini

329 2206 497 2260 nostri
515 2203 641 2258 Jesu
670 2201 865 2257 Christi
890 2196 1237 2260 medicinalis,
1281 2209 1386 2249 non
1424 2190 1718 2260 iudicialis;
1745 2201 1869 2240 nam

330 2298 373 2350 si
405 2295 577 2363 primo
599 2291 829 2345 venisset
868 2287 1202 2355 iudicaturus
1224 2308 1244 2347 ,ν
1289 2281 1551 2335 neminem
1585 2277 1872 2350 invenisset

329 2381 413 2436 cui
440 2378 658 2449 praemia
679 2373 900 2442 iustitiae
923 2371 1186 2426 redderet.
1213 2368 1346 2434 Quia
1373 2381 1500 2434 ergo
1521 2363 1651 2418 vidit
1685 2376 1872 2417 omnes

331 2477 635 2538 peccatores
658 2508 674 2532 ,
721 2473 775 2520 et
822 2464 1036 2518 omnino
1087 2474 1204 2514 esse
1231 2458 1495 2512 neminem
1529 2456 1817 2508 immunem
1840 2467 1872 2505 a

332 2571 502 2618 morte
538 2558 771 2631 peccati,
808 2557 957 2625 prius
977 2554 1092 2623 ejus
1117 2559 1231 2605 erat
1274 2546 1636 2602 misericordia
1678 2556 1874 2612 praero-

333 2627 605 2721 ganda,vet
625 2655 747 2715 post
779 2641 1130 2696 exercendum
1168 2635 1357 2707 [Aug.,
1396 2627 1766 2697 exserendum]
1789 2628 1875 2696 ju-

331 2713 527 2793 dicium
575 2754 588 2788 :
629 2713 762 2801 quia
790 2730 857 2784 de
893 2729 984 2782 illo
1009 2730 1313 2781 cantaverat
1349 2720 1589 2775 Psalmus
1625 2735 1637 2768 :
1672 2713 1874 2769 Miseri-

333 2827 562 2882 cordiam
589 2835 636 2878 et
657 2823 914 2894 judicium
960 2818 1174 2873 cantabo
1213 2815 1344 2877 tibi,
1390 2812 1607 2866 Domine
1651 2804 1871 2874 (Psalm.

336 2933 387 2982 c,
407 2918 477 2987 l).
496 2915 609 2970 Non
621 2915 760 2969 enim
781 2920 904 2966 ante
922 2909 1176 2978 judicium
1203 2913 1257 2960 et
1282 2911 1400 2972 post
1423 2896 1834 2987 misericordiam
1859 2911 1872 2947 :

339 2983 462 3059 nam
483 3005 526 3058 si
553 3004 781 3072 primum
804 3008 946 3054 esset
961 2996 1239 3064 judicium,
1268 2991 1409 3046 nulla
1434 2997 1575 3043 esset
1595 2984 1754 3056 5“
1780 2983 1878 3037 mi-

1958 615 2059 651 nati
2079 597 2263 668 judico
2288 613 2624 668 quemquam;
2652 598 2764 651 sive
2796 595 3233 664 quemadmodum
3261 610 3493 651 comme-

1957 689 2189 754 moravi,
2220 688 2470 770 quoniam
2511 687 2718 741 dixerat
2765 703 2778 737 :
2841 684 2943 738 Vos
2983 684 3257 739 secundum
3285 699 3494 738 carnem

1947 766 2242 847 judicatis,
2275 775 2473 830 addidit
2523 766 2538 828 ἑ
2581 773 2693 843 Ego
2726 790 2829 828 non
2868 773 3048 840 judico
3082 788 3401 844 queinquam,
3431 783 3494 827 ut

1959 866 2310 934 intelligamus
2344 863 2633 926 Christum,
2660 877 2763 916 non
2789 851 3078 916 secundum
3102 861 3316 915 carnem
3349 861 3492 928 judi-

1957 968 2114 1015 care,
2147 953 2302 1019 sicut,
2333 950 2401 1003 ab
2438 950 2739 1004 hominibus
2780 948 3047 1015 judicatus
3079 957 3178 1001 est.
3224 964 3244 998 ε
3282 947 3413 1002 Nam
3435 956 3494 1002 ut

1957 1038 2287 1106 cognoscatis
2306 1035 2416 1116 jam
2444 1033 2751 1105 et'judicem
2778 1036 3043 1104 Christum
3069 1075 3085 1098 ,
3138 1035 3315 1089 audite
3367 1036 3494 1106 quid

1959 1128 2198 1196 sequitur
2216 1144 2229 1178 :
2248 1126 2428 1196 (Vsus.
2451 1123 2558 1195 l6.)
2579 1123 2646 1177 Et
2667 1126 2714 1176 si
2723 1124 2908 1193 judico
2925 1140 3037 1193 ego,
3051 1122 3311 1192 judicium
3329 1141 3497 1179 meum

1960 1231 2129 1268 rerum
2151 1224 2246 1268 est.
2273 1213 2408 1267 Ecce
2427 1211 2584 1266 habet
2598 1220 2652 1265 et
2660 1210 2912 1278 judicium
2930 1210 2991 1282 [Α
3000 1227 3109 1281 ης..
3129 1209 3492 1279 etjudieem...

1959 1317 2027 1356 ne
2053 1303 2253 1356 sentias
2290 1299 2542 1371 iudicem]
2565 1341 2580 1366 ,
2607 1301 2698 1355 sed
2725 1294 2951 1370 agnosce
3000 1291 3330 1356 salvatorem
3356 1344 3371 1367 ,
3433 1321 3500 1358 ne

1960 1394 2158 1445 sentias
2174 1390 2449 1456 judicium.
2479 1390 2654 1455 Quare
2692 1399 2867 1443 autem
2902 1392 3036 1444 dixit
3055 1389 3314 1459 judicium
3343 1406 3496 1447 suum

1962 1494 2142 1533 verum
2171 1479 2324 1531 esse?
2348 1477 2482 1542 Quia
2504 1477 2642 1530 solus
2663 1517 2677 1538 ,
2713 1478 2910 1544 inquit,
2938 1495 3039 1531 non
3064 1495 3178 1532 sum
3196 1518 3211 1544 ,
3247 1482 3338 1536 sed
3385 1488 3499 1552 ego,

1960 1577 2006 1619 et
2033 1567 2120 1636 qui
2147 1582 2225 1620 me
2247 1567 2384 1618 misit
2415 1563 2592 1641 Pater.
2626 1584 2644 1616 ι
2675 1563 2807 1629 Quid
2829 1573 2910 1618 est
2939 1566 3120 1619 missio
3148 1565 3376 1639 Christi,
3399 1571 3500 1623 nisi

1963 1654 2256 1707 incarnatio
2273 1653 2423 1720 ejus?
2450 1652 2638 1706 Missus
2657 1661 2739 1705 est
2775 1651 3016 1705 Christus
3036 1692 3053 1717 ,
3085 1651 3220 1706 idem
3262 1664 3342 1709 est
3369 1666 3425 1708 ut
3452 1657 3498 1709 si

1964 1742 2130 1804 dicas,
2159 1742 2468 1794 incarnatus
2509 1750 2592 1793 est
2631 1739 2895 1794 Christus.
2948 1741 3010 1794 Et
3049 1733 3089 1794 'a
3126 1741 3282 1798 Patre
3308 1745 3502 1801 missus

1963 1836 2101 1891 erat,
2124 1837 2180 1882 et
2208 1843 2239 1880 a
2271 1827 2425 1880 Patre
2453 1841 2721 1893 nunquam
2750 1829 2970 1881 recessit
3005 1846 3018 1881 :
3071 1838 3124 1882 et
3148 1830 3234 1885 hic
3283 1830 3382 1886 fuit
3405 1847 3506 1903 per

1964 1916 2417 1977 incarnationem,
2466 1923 2521 1967 et
2567 1915 2653 1969 hic
2684 1922 2766 1968 est
2812 1913 2969 1969 ωοάο
3011 1932 3109 1986 per
3155 1918 3500 1977 divinitatem.

1963 2003 2120 2057 Fides
2143 2018 2270 2073 ergo
2299 2003 2511 2057 mundet
2535 2003 2695 2056 corda
2720 2012 2929 2068 nostra,
2974 2013 3028 2059 et
3069 2006 3364 2063 intellectus
3406 2011 3506 2066 im-

1966 2089 2107 2157 pleat
2127 2091 2290 2144 corda
2315 2098 2515 2152 nostra,
2541 2100 2600 2143 ut
2619 2089 2970 2171 intelligamus
2993 2095 3297 2163 mysterium
3322 2097 3508 2154 salutis

1966 2190 2177 2234 nostra.
2206 2180 2383 2234 Altum
2411 2189 2527 2244 est,
2549 2180 2867 2249 profundum
2917 2192 2999 2237 est
3022 2223 3038 2246 ,
3095 2196 3380 2241 secretum
3403 2199 3504 2243 est.

1934 2322 1944 2323 ,
1968 2267 2082 2322 Una
2099 2275 2182 2321 est
2199 2268 2514 2331 substantia,
2535 2282 2639 2321 una
2660 2268 2926 2332 divinitas,
2944 2270 3508 2338 nnamajestas-Pntris

1967 2362 2021 2406 et
2054 2351 2192 2406 Filii;
2220 2353 2379 2408 Pater
2392 2365 2504 2409 non
2531 2369 2717 2424 passus
2748 2363 2859 2418 est,
2889 2355 2980 2410 sed
3001 2356 3146 2410 solus
3163 2357 3344 2413 Filius.
3369 2360 3509 2432 Ergo

1970 2441 2322 2511 intelligamus
2348 2443 2655 2497 missionem
2683 2442 2800 2495 Filii
2828 2443 3153 2497 nominatam
3187 2444 3506 2502 incarnatio-

1970 2544 2090 2582 nem
2117 2528 2235 2581 Filii
2263 2526 2510 2582 :Patrem
2545 2540 2722 2581 autem
2758 2529 3088 2582 incarnatnm
3116 2544 3236 2584 esse
3267 2547 3370 2587 non
3391 2549 3510 2589 cre-

1970 2619 2172 2671 damus.
2210 2615 2358 2671 Unde
2379 2630 2505 2684 ergo
2531 2631 2712 2686 verum
2739 2615 2861 2687 [est]
2900 2616 3354 2686 judicium.'ejus,
3406 2623 3511 2676 nisi

1970 2706 2092 2775 quia
2124 2719 2280 2764 verus
2317 2714 2398 2759 est
2423 2704 2587 2760 Filius
2615 2703 2984 2760 Patrisl‘ldeo
3016 2705 3149 2760 dixit
3191 2723 3208 2760 :
3242 2705 3512 2763 Iudicium

1971 2809 2139 2848 meum
2161 2809 2334 2846 verum
2356 2801 2430 2846 est
2452 2833 2468 2858 ,
2506 2796 2626 2864 quia
2667 2792 2805 2847 solus
2825 2810 2945 2848 non
2981 2810 3092 2847 sum
3118 2832 3133 2857 ,
3187 2795 3387 2863 inquit,
3421 2798 3514 2850 sed

1972 2898 2083 2952 ego,
2118 2890 2166 2936 et
2210 2881 2298 2952 qui
2339 2898 2418 2934 me
2455 2883 2594 2935 misit
2618 2879 2794 2935 Pater.
2825 2883 2964 2936 Idem
3002 2899 3129 2952 ergo
3159 2883 3213 2936 in
3259 2884 3364 2939 alio
3397 2884 3515 2940 loco

1975 2972 2106 3026 dixit
2131 2985 2146 3023 :
2163 2969 2274 3038 Ego
2284 2979 2333 3023 et
2355 2967 2515 3022 Pater
2531 2986 2689 3022 unum
2702 2987 2878 3024 sumus
2898 2988 2917 3035 ;
2943 2986 3105 3039 unum
3128 2971 3180 3025 in
3195 2971 3512 3038 substantia,

805 3053 980 3156 primt;
996 3053 1378 3169 misericordia,
1398 3084 1583 3169 postea
1599 3053 1871 3169 iudicium.
1901 3110 1946 3169 Β
1976 3057 2157 3169 filiai"
2191 3053 2806 3169 ῗῖιξιξῗεξκςέξξὶι,
2830 3066 3046 3124 Propter
3071 3056 3378 3169 multum
3398 3060 3517 3158 uui-

340 3181 468 3246 Qua:
489 3186 570 3232 est
605 3178 780 3245 primo
825 3172 974 3244 [ιιι.
1002 3167 1196 3240 prima]
1233 3161 1627 3232 misericordia?
1657 3159 1878 3246 Creator

343 3245 571 3322 hominis
602 3267 762 3318 homo
798 3275 917 3315 esse
949 3260 1328 3327 dignatus‘est,
1354 3250 1538 3304 ‘l'actus
1559 3247 1699 3317 quod
1741 3245 1880 3299 fece-

344 3365 448 3418 rat,
487 3369 552 3407 ne
573 3352 769 3421 periret
795 3348 933 3418 quod
958 3345 1173 3400 fecerat.
1198 3341 1335 3408 Quid
1363 3341 1484 3393 huic
1509 3334 1880 3392 miscricordize

344 3445 466 3499 addi
493 3441 705 3512 potest?
727 3438 942 3493 Addidit
972 3443 1167 3490 tamen.
1206 3452 1225 3482 ι
1273 3430 1406 3483 Nam
1450 3425 1758 3494 reprobatus
1801 3429 1882 3476 est

347 3533 415 3586 ab
444 3511 691 3586 omnibus
729 3526 861 3599 [Αι.,
901 3522 1246 3592 hominibus],
1292 3533 1390 3587 pro
1433 3529 1656 3585 quorum
1714 3511 1882 3599 salute

348 3628 568 3677 venerat
613 3619 668 3672 in
713 3597 986 3675 mundum,
1039 3610 1310 3665 irrisiones
1342 3604 1609 3664 sustinuit,
1656 3597 1881 3669 ﬂagella,

349 3715 532 3776 sputa,
556 3702 837 3772 opprobria
879 3698 1209 3753 inimicorum
1233 3731 1248 3756 ,
1277 3689 1632 3758 turpissimam
1661 3692 1881 3736 mortem

350 3771 543 3849 crucis.
568 3771 692 3844 litae
715 3787 890 3843 omnia
913 3782 1164 3839 sustinuit
1188 3781 1312 3850 quia
1345 3777 1544 3838 voluit,
1575 3781 1633 3826 ut
1658 3771 1887 3824 salvaret

351 3879 618 3936 hominem
641 3890 798 3944 quem
823 3877 1114 3926 creaverat.
1132 3867 1341 3921 Nullum
1365 3878 1530 3935 genus
1548 3862 1733 3916 mortis
1752 3860 1888 3914 into-

352 3967 622 4024 lerabilius
648 3964 746 4018 fuit
782 3976 959 4024 cruce,
985 3966 1200 4029 propter
1239 3957 1422 4023 longos
1456 3951 1756 4005 cruciatus:
1795 3949 1888 4002 sed

355 4057 487 4112 nihil
510 4069 650 4109 nunc
677 4046 958 4123 gloriosius
978 4062 1133 4117 quam
1161 4045 1368 4112 signum
1406 4041 1581 4094 crucis
1599 4047 1811 4107 portare
1836 4037 1889 4089 in

355 4148 549 4200 fronte.
567 4142 717 4198 Unde
734 4136 1016 4208 Apostolus
1028 4134 1121 4198 ait,
1138 4132 1357 4202 gloriam
1378 4128 1552 4183 crucis
1569 4125 1888 4195 prmdicans:

361 4231 490 4286 lilii
517 4239 686 4283 autem
722 4225 853 4281 absit
878 4222 1116 4293 gloriari,
1139 4219 1236 4272 nisi
1255 4218 1312 4270 in
1329 4231 1478 4270 cruce
1505 4213 1711 4267 Domini
1730 4210 1891 4263 nostri

355 4326 483 4379 Iesu
508 4319 717 4388 Christi,
742 4333 832 4386 per
854 4329 1002 4385 quem
1028 4311 1153 4364 mihi
1174 4306 1392 4362 mundus
1417 4303 1693 4370 cruciﬁxus
1717 4308 1811 4361 est,
1843 4307 1890 4352 et

360 4430 451 4482 ego
472 4409 662 4463 mundo
699 4405 894 4475 (Colat.
935 4417 1011 4465 τι,
1038 4399 1148 4470 ﬂ).

1977 3151 2139 3196 tatem
2160 3182 2176 3206 ,
2201 3158 2378 3196 sumus
2404 3142 2558 3206 dixit,
2589 3151 2806 3212 propter
2852 3157 3194 3210 personarum
3222 3144 3520 3200 distinctio-

1977 3249 2116 3288 nem.
2139 3231 2272 3287 Audi
2293 3231 2585 3304 [agnosce],
2607 3233 2733 3302 quid
2763 3233 2915 3296 dixit,
2945 3233 3056 3302 Ego
3079 3243 3127 3288 et
3151 3236 3239 3305 qui
3263 3252 3342 3289 me
3381 3236 3522 3290 misit

1980 3324 2160 3379 Pater.
2186 3324 2460 3394 Distingue
2513 3338 2801 3393 personas,
2830 3331 2884 3378 et
2925 3338 3152 3393 agnosce
3193 3325 3316 3393 quia
3364 3324 3525 3380 Pater

1980 3420 2131 3481 pater
2156 3420 2270 3476 est,
2292 3419 2346 3465 et
2372 3409 2537 3465 Filius
2562 3407 2702 3463 (ilius
2717 3417 2821 3481 est,
2845 3425 2912 3463 ne
2933 3412 2987 3463 in
3011 3410 3319 3465 baratth
3340 3410 3522 3466 Sabel-

1979 3499 2104 3552 liani
2126 3498 2423 3567 pervenias.
2481 3497 2548 3549 Et
2580 3497 2686 3551 noli
2734 3499 2912 3565 dicere
2953 3517 2965 3550 :
3005 3497 3142 3562 alius
3184 3497 3521 3571 [lis.,.aiiud]

1979 3596 2025 3639 ct
2049 3585 2213 3649 aliud,
2242 3584 2336 3640 sed
2354 3585 2469 3648 die,
2496 3583 2632 3636 alius
2651 3593 2699 3636 et
2719 3584 2876 3638 alius.
2895 3583 3009 3638 Non
3032 3586 3175 3639 aliud
3200 3587 3252 3639 in
3273 3588 3521 3640 substan-

1982 3675 2074 3736 tia,
2100 3660 2214 3726 /sed
2242 3671 2378 3726 alius
2425 3672 2478 3724 in
2527 3685 2770 3739 persona.
2811 3669 2924 3725 Non
2978 3671 3136 3725 Pater
3183 3673 3374 3739 major,
3417 3690 3523 3728 non

1983 3760 2146 3814 Filius
2171 3759 2344 3812 minor
2369 3756 2420 3810 in
2450 3757 2743 3812 divinitatis
2768 3756 2933 3824 gloria
2959 3774 2974 3821 ;
3006 3757 3099 3810 sed
3143 3758 3320 3819 crede,
3363 3775 3524 3812 unum

1983 3868 2178 3905 sumus.
2215 3869 2234 3902 ι
2263 3850 2318 3905 In
2340 3866 2404 3906 eo
2431 3850 2571 3918 quod
2592 3851 2729 3905 dixit
2747 3851 2869 3918 ipsa
2898 3850 3110 3904 Veritas
3131 3866 3315 3913 unum,
3336 3850 3526 3904 liberat

1988 3950 2038 3994 te
2060 3941 2128 3995 ab
2153 3940 2312 4005 Ario;
2518 3939 2652 3993 dixit
2674 3954 2872 4003 sumus,
2899 3937 3091 3991 liberat
3127 3947 3178 3991 te
3203 3953 3232 3990 a
3272 3938 3523 3993 Sabellio.

1987 4031 2042 4084 Si
2069 4047 2246 4093 unum,
2293 4044 2397 4084 nou
2428 4043 2555 4100 ergo
2579 4028 2885 4091 diversum;
2935 4028 2980 4082 si
3007 4043 3203 4089 sumus,
3253 4041 3359 4081 non
3401 4041 3529 4098 ergo

1987 4136 2142 4174 unus.
2179 4139 2198 4173 ι
2242 4121 2318 4174 De
2331 4119 2532 4187 judicio
2560 4119 2785 4182 dixerat,
2805 4115 2931 4170 dum
2957 4116 3124 4170 dixit:
3158 4115 3270 4186 Ego
3309 4133 3413 4171 non
3428 4117 3526 4187 ju-

1987 4208 2103 4260 dico
2125 4221 2472 4276 quemquam;
2505 4206 2572 4259 de
2614 4203 2919 4258 testimonio
2938 4217 3077 4256 nunc
3101 4202 3215 4256 vult
3240 4203 3441 4277 dicere,
3470 4211 3532 4255 ut

1989 4294 2286 4348 intellectus
2307 4293 2523 4360 impleat
2540 4292 2702 4346 corda
2729 4297 2932 4343 nostra.

2059 4383 2217 4438 Vsus.
2262 4379 2348 4432 17.
2369 4403 2449 4428 .--
2473 4378 2542 4432 In
2582 4377 2688 4446 lege
2712 4386 2913 4440 vestra,
2936 4376 3144 4447 inquit,
3160 4377 3405 4444 scriptum
3431 4388 3530 4429 est.

430 4463 590 4554 Unas.
613 4463 793 4547 15.“-
813 4490 947 4556 Quia
969 4463 1117 4541 venit
1149 4483 1410 4538 neminem
1430 4479 1689 4546 judicare,
1713 4489 1894 4531 conse-
1917 4463 1967 4482 ”
1997 4475 2234 4528 Vestram
2256 4470 2410 4535 dixit,
2435 4477 2683 4538 tanquam
2705 4467 2941 4522 diceret:
2972 4465 3030 4520 In
3056 4463 3171 4535 lege
3189 4465 3481 4533 quae-vobis
3497 4480 3530 4517 a

363 4594 587 4657 quenter
625 4581 818 4636 Judmis
867 4575 1135 4647 respondit
1175 4591 1188 4624 :
1234 4571 1336 4626 Vos
1361 4569 1642 4624 secundum
1690 4582 1896 4620 carnem

362 4655 629 4743 iudicatis,
650 4686 740 4740 ego
771 4684 871 4722 non
887 4666 1067 4739 judico
1089 4676 1410 4734 qumquam.
1457 4676 1475 4708 t
1497 4656 1720 4712 Pertulit
1763 4655 1899 4726 inju.

368 4773 506 4819 stum
542 4759 829 4827 judicium,
879 4764 940 4809 ut
967 4761 1148 4824 ageret
1187 4751 1406 4821 justum.
1455 4748 1558 4802 Sed
1587 4747 1639 4801 in
1660 4762 1725 4801 eo
1759 4745 1899 4815 quod

369 4847 584 4918 pertulit
637 4844 915 4912 iniustum,
967 4829 1338 4918 misericordiae
1386 4837 1504 4892 fuit.
1552 4836 1788 4904 Denique
1827 4836 1898 4887 ita

371 4895 580 4918 r""‘"'
639 4895 707 4912 η.
758 4895 764 4896 κ
839 4895 846 4896 κ
901 4895 914 4904 ι
1126 4895 1136 4937 χ
1703 4895 1720 4904 -

371 4934 584 4993 humilis
606 4932 775 4986 lactus
801 4937 903 4993 est,
922 4937 982 4982 ut
997 4928 1297 4996 perveniret
1321 4927 1397 4980 ad
1421 4940 1672 4987 erucem;
1700 4921 1902 4976 distulit

374 5026 585 5098 quidem
629 5021 954 5094 potentiam,
999 5016 1090 5070 sed
1132 5014 1416 5082 publicavit
1461 5010 1896 5067 misericordiam.

381 5115 527 5172 Unde
545 5111 746 5167 distulit
773 5105 1105 5180 potentiam?
1133 5101 1271 5168 Quia
1311 5102 1378 5155 de
1426 5115 1582 5154 cruce
1623 5099 1789 5153 noluit
1812 5098 1904 5153 de—

375 5205 646 5264 scendere,
666 5201 756 5268 qui
783 5199 953 5267 potuit
973 5197 1036 5250 de
1056 5193 1295 5264 sepulcro
1317 5204 1612 5258 resurgere.
1644 5189 1792 5244 Unde
1809 5204 1904 5256 pu-

374 5292 590 5349 blicavit
609 5285 1058 5344 misericordiam?
1084 5283 1214 5350 Quia
1233 5280 1466 5351 pendens
1481 5279 1530 5332 in
1559 5295 1717 5334 cruce
1737 5279 1869 5333 dixit
1889 5297 1900 5330 :

382 5381 537 5436 Pater
563 5381 765 5450 ignosce
788 5373 912 5437 illis,
938 5375 1060 5441 quia
1087 5374 1314 5426 nesciunt
1373 5368 1494 5439 quid
1522 5368 1717 5437 faciunt
1756 5365 1901 5437 (Luc.

381 5486 534 5533 xxttt,
553 5469 664 5538 24).
714 5466 837 5521 Sive
860 5477 986 5532 ergo
1015 5468 1230 5531 prepter
1260 5459 1380 5523 hoc,
1409 5458 1529 5527 quia
1557 5473 1656 5511 non
1695 5464 1908 5510 venerat

382 5604 658 5660 oriattem.
680 5612 782 5652 non
809 5595 957 5649 estin
983 5591 1182 5646 oriente
1213 5606 1223 5640 :
1256 5588 1506 5642 Dominus
1528 5592 1700 5637 autem
1729 5590 1906 5636 noster

385 5671 538 5729 Iesus
562 5667 801 5722 Christus
829 5673 880 5716 et
909 5661 1074 5725 venit,
1097 5665 1212 5713 etc-
1232 5677 1248 5708 ι

1993 4563 2101 4618 Deo
2121 4562 2243 4617 data
2269 4567 2379 4624 est;
2418 4558 2556 4613 sicut
2576 4556 2799 4612 dicimus
2833 4573 2848 4608 :
2879 4552 3076 4606 Panem
3102 4562 3328 4606 nostrum
3359 4554 3532 4622 quoti-

1995 4651 2228 4716 dianum,
2250 4665 2406 4721 quem
2444 4663 2475 4702 a
2504 4649 2613 4702 Deo
2640 4646 2794 4700 nobis
2813 4643 2930 4698 dari
2972 4641 3259 4711 poscimus.
3293 4639 3430 4708 Quid
3452 4649 3536 4696 est

1996 4743 2135 4814 quod
2157 4744 2220 4810 in
2231 4741 2346 4808 lege
2363 4749 2540 4794 vestra
2560 4735 2814 4804 scriptum
2828 4739 2926 4789 est
2940 4771 2956 4795 ,
2974 4731 3101 4800 quia
3123 4731 3344 4800 duorum
3369 4731 3536 4785 Itami-

1997 4816 2118 4883 num
2147 4828 2491 4882 testimonium
2539 4838 2713 4876 verum
2745 4821 2854 4874 est?
2908 4820 3152 4889 Nunquid
3202 4833 3410 4887 semper
3431 4819 3535 4873 duo

1997 4919 2238 4973 homines
2258 4931 2442 4970 verum
2468 4916 2649 4970 dicunt
2670 4913 3062 4969 testimonium?
3083 4911 3265 4964 Nonne
3285 4910 3388 4963 duo
3413 4908 3533 4962 falsi

1998 5013 2158 5060 testes
2175 5014 2358 5059 contra
2384 5003 2680 5060 Susannam
2711 5002 2898 5057 falsum
2923 5000 3255 5070 protulerunt
3298 4994 3537 5049 testimo-

2000 5094 2144 5148 nium
2166 5091 2323 5164 (Dan.
2345 5110 2467 5159 xm,
2492 5093 2614 5164 36).?
2637 5093 2702 5146 Et
2721 5088 2915 5156 Judmis
2939 5086 3310 5156 quaerentibus
3325 5083 3536 5144 ,falsum

2002 5184 2360 5238 testimonium
2405 5191 2586 5238 contra
2628 5180 2926 5240 Christum,
2985 5174 3114 5229 dicit
3163 5172 3533 5243 Evangelista,

2007 5272 2292 5327 Novissime
2318 5280 2553 5326 venerunt
2583 5269 2686 5332 duo
2714 5265 2835 5336 falsi
2873 5273 3042 5318 testes.
3096 5283 3113 5313 ι
3140 5262 3383 5336 Nunquid
3413 5267 3539 5330 quia

2005 5361 2107 5414 duo
2135 5369 2317 5424 erant,
2345 5359 2462 5413 ideo
2490 5355 2607 5410 falsi
2637 5334 2799 5410 testes
2817 5370 2924 5410 non
2954 5352 3147 5408 erant?
3171 5334 3304 5415 Quid
3329 5350 3542 5405 deduo-

2005 5459 2104 5511 bus
2121 5450 2342 5503 dicimus
2369 5445 2447 5499 vel
2472 5445 2669 5499 tribus?
2708 5443 2996 5499 Universus
3022 5439 3263 5510 populus
3289 5438 3544 5494 mentitus

2141 5584 2215 5638 Ex
2248 5582 2303 5634 S.
2337 5579 2492 5649 Aug,
2531 5584 2684 5630 tract.
2721 5589 2907 5635 xxxvi,
2933 5585 3078 5624 num.
3107 5567 3158 5628 4,
3195 5566 3248 5630 5,
3281 5567 3329 5628 9,
3372 5564 3456 5621 l0.
