4152 6230
644 354 746 407 859

1479 353 1537 405 ll.
1578 355 1638 408 ν.
1677 354 1896 407 ALlllNl
1937 352 2064 408 SEU
2103 351 2376 409 .lLCUINl
2411 355 2690 413 OPERUM
2726 359 2900 416 PARS
2936 361 2996 415 11.

3737 363 3844 419 800

640 475 723 519 est
747 473 934 518 contra
957 463 1245 518 Christum.
1266 462 1320 516 Si
1344 479 1470 532 ergo
1494 473 1634 515 totus
1654 462 1893 530 populus,
1925 459 2082 531 545
2099 459 2189 528 qui
2217 462 2266 519 Α
2293 466 2510 519 verbum
2535 468 2898 532 dubitationis,
2924 484 3044 535 cum
3070 469 3292 526 Domino
3319 469 3468 540 [iils.,
3501 471 3687 539 Deum]
3711 478 3844 531 nihil

639 561 850 608 constat
872 569 936 606 ex
953 567 1139 621 magna
1163 553 1433 605 hominum
1460 551 1814 613 multitudine,
1841 549 2030 602 falsum
2052 549 2196 601 testi-

643 643 878 697 inonium
919 643 1098 696 dicere
1131 643 1375 695 inventus
1398 651 1501 706 est,
1535 640 1798 708 quomodo
1827 635 2192 708 accipiendum

638 742 740 796 est,
773 732 840 785 In
863 749 950 785 ore
974 732 1197 784 duorum
1221 730 1293 784 vel
1323 733 1479 784 trium
1505 733 1711 784 testium
1734 730 1888 782 stabit
1916 745 2064 782 omne
2083 744 2195 780 ver-

637 820 787 884 bum,
814 822 914 875 nisi
953 823 1074 891 quia
1105 823 1205 875 hoc
1257 823 1412 875 modo
1452 837 1547 888 per
1600 821 1914 890 mysterium
1961 819 2194 872 Trinitas

636 913 1004 966 commendata
1038 921 1138 976 est,
1171 913 1222 965 in
1254 927 1357 980 qua
1382 921 1634 980 perpetua
1663 909 1926 963 stabilitas
1950 908 2194 962 veritatis

647 1005 758 1057 est?
783 1004 838 1055 Si
866 1004 944 1055 vis
967 1004 1163 1056 habere
1210 1003 1402 1054 bonam
1430 1015 1645 1054 causam
1668 1039 1681 1060 ,
1732 998 1926 1053 habeto
1953 998 2084 1051 duos
2112 996 2191 1050 vel

639 1101 746 1144 tres
770 1099 950 1153 testes,
980 1089 1196 1143 Patrem
1224 1098 1276 1142 et
1300 1088 1514 1152 Filium,
1545 1098 1600 1141 et
1640 1087 1897 1156 Spiritum
1924 1095 2186 1140 sanctum.

633 1181 872 1248 Denique
901 1181 1113 1248 quando
1171 1179 1414 1233 Susanna
1466 1188 1613 1233 casta
1665 1177 1865 1232 femina
1913 1176 2190 1243 ﬁdelisque

631 1269 825 1335 eoiijux
854 1270 1060 1321 duobus
1086 1268 1230 1321 falsis
1261 1269 1486 1322 testibus
1511 1252 1819 1336 urgebatur,
1851 1265 2086 1319 Trinitas
2115 1264 2189 1316 illi

628 1359 681 1410 in
708 1359 1033 1410 conscientia
1079 1367 1240 1425 atque
1290 1359 1343 1410 in
1383 1357 1590 1411 occulto
1624 1355 2013 1424 suﬁ‘ragabatur
2045 1374 2056 1408 :
2101 1355 2188 1409 illa

628 1447 864 1500 Trinitas
887 1447 950 1498 de
971 1447 1180 1499 occulto
1209 1462 1372 1499 unum
1396 1455 1585 1500 testem
1608 1445 1877 1498 Danielem
1901 1445 2181 1506 excitavit,

626 1546 680 1588 et
719 1536 854 1590 duos
899 1536 1144 1589 convicit.
1179 1535 1315 1602 Ergo
1342 1535 1464 1602 quia
1493 1535 1542 1586 in
1575 1534 1687 1604 lege
1713 1544 1894 1588 vestra
1925 1535 2182 1602 scriptum

624 1635 705 1678 est
731 1645 742 1676 :
771 1623 1005 1678 Duorum
1027 1625 1291 1675 hominum
1316 1624 1662 1675 testimonium
1685 1639 1858 1674 verum
1886 1639 2013 1686 esse,
2045 1623 2188 1676 acci-

625 1714 731 1781 pite
753 1728 938 1765 verum
982 1711 1359 1772 testimonium,
1409 1724 1474 1762 ne
1505 1709 1747 1763 sentiatis
1761 1710 2036 1778 judicium.
2067 1709 2181 1777 Ego

2296 556 2477 624 utique
2506 556 2703 620 lateat,
2757 558 2843 610 illa
2871 558 3199 611 dubitatione
3243 561 3485 627 arguitur
3538 561 3838 626 inﬁdelitas,

2293 659 2398 696 non
2425 646 2676 711 opinatur
2715 646 2984 716 divinitas.
3018 645 3268 701 Homines
3293 645 3432 700 enim
3475 647 3541 712 de
3578 648 3650 701 his
3687 648 3842 703 rebus

2293 748 2426 800 quas
2454 742 2627 787 certas
2655 733 2874 799 habent,
2921 733 3203 802 aliquando
3253 733 3616 804 increpatione
3661 735 3837 805 [sugq

2294 822 2639 894 increpative]
2669 823 2913 878 dubitant
2937 862 2952 888 ,
3004 823 3058 878 id
3083 832 3200 887 est,
3231 824 3455 880 verbum
3498 825 3838 878 dubitationis

2292 922 2524 980 ponunt,
2555 927 2674 966 cum
2722 914 2881 967 corde
2907 928 3010 967 non
3052 912 3335 968 dubitant:
3361 913 3507 966 velut
3532 913 3579 967 si
3608 914 3838 983 indigne-

2292 1002 2366 1054 ris
2389 1015 2540 1056 scrvo
2568 1009 2677 1064 tuo,
2726 1009 2779 1055 et
2807 1000 2954 1054 dicas
2985 1018 2999 1053 :
3039 997 3348 1054 Contemnis
3386 1013 3502 1064 me;
3528 998 3803 1054 considera
3823 1035 3840 1065 ,

2293 1090 2514 1155 forsitan
2553 1089 2805 1144 Dominus
2842 1097 2964 1144 tuus
3009 1105 3145 1144 sum.
3192 1089 3327 1144 Hinc
3371 1099 3428 1145 et
3467 1089 3748 1158 Apostolus
3773 1090 3843 1145 ad

2291 1181 2547 1249 quosdam
2592 1187 2985 1248 contemptores
3011 1195 3137 1234 suos
3165 1179 3387 1248 loquens
3412 1181 3490 1234 ait
3520 1198 3534 1232 :
3571 1175 3703 1233 Puto
3744 1199 3841 1236 aa-

2291 1279 2411 1332 teni,
2443 1278 2488 1321 et
2510 1285 2599 1338 ego
2623 1267 2874 1336 Spiritum
2903 1268 3001 1336 tDei
3040 1269 3201 1323 habeo
3245 1267 3295 1340 (1
3328 1267 3449 1324 Cor.
3479 1283 3577 1331 vn,
3603 1264 3690 1330 40)
3721 1269 3843 1333 .Qni

2289 1359 2416 1413 dicit
2437 1367 2584 1427 puto,
2612 1358 2854 1412 dubitare
2882 1358 3117 1419 videtur:
3145 1359 3237 1413 sed
3264 1358 3352 1412 ille
3379 1357 3706 1425 increpabat,
3737 1370 3838 1406 non

2289 1448 2577 1504 dubitabat.
2603 1447 2672 1500 Et
2695 1447 2949 1520 Dominus
2975 1445 3130 1500 Jesus
3153 1446 3396 1500 Christus
3415 1446 3520 1499 alio
3545 1444 3840 1498 locoincre-

2289 1555 2418 1608 pans
2459 1537 2823 1591 inﬁdelitatem
2876 1535 3107 1589 futuram
3152 1537 3362 1605 generis
3411 1533 3674 1588 humani:
3708 1531 3833 1585 Cum

2288 1630 2497 1691 venerit,
2529 1627 2736 1695 inquit,
2778 1624 2823 1678 F
2828 1626 2949 1679 ilius
2977 1626 3220 1688 hominis,
3265 1633 3417 1693 putas
3443 1622 3660 1676 inueniet
3686 1619 3839 1688 ﬁdem

2287 1735 2440 1785 super
2461 1729 2653 1770 terram
2683 1715 2832 1786 (Luc.
2863 1731 3018 1777 xvnt,
3046 1715 3136 1783 8)?
3171 1733 3189 1764 ι
3221 1714 3334 1768 Scit
3363 1728 3491 1781 ergo
3513 1711 3690 1766 omnia
3709 1749 3725 1774 ,
3747 1722 3841 1776 per

623 1805 776 1864 enim,
812 1803 1000 1869 inquit,
1045 1818 1144 1853 non
1167 1801 1348 1868 judico
1371 1816 1696 1869 quemquam,
1723 1801 1812 1852 sed
1832 1776 2180 1853 testimonium
2213 1776 2256 1833 Β
2289 1776 2443 1873 quem
2466 1805 2604 1859 facta
2631 1776 2753 1858 su‘nt
2773 1803 2970 1864 omnia,
3002 1776 3058 1856 et
3083 1776 3257 1855 iamen
3281 1776 3572 1854 dubitando
3601 1799 3839 1863 inerepa-
3896 1863 3902 1868 η

621 1894 856 1960 perhibeo
879 1891 1076 1951 deme;
1126 1888 1313 1943 dill‘ero
1332 1886 1591 1953 judicium
1618 1928 1632 1950 ,
1683 1902 1788 1940 non
1816 1886 2001 1940 diliero
2031 1887 2181 1940 testi-

626 1983 880 2035 monium.
907 2001 925 2031 ι
960 1980 1250 2046 Eligamus,
1280 1977 1493 2040 fratres,
1519 1978 1878 2030 testimonium
1903 1976 2030 2039 Dei;
2061 1976 2182 2043 quia

635 2070 993 2122 testimonium
1021 2066 1114 2119 Dei
1168 2082 1350 2119 verum
1385 2074 1466 2119 est
1490 2082 1503 2128 ;
1544 2075 1598 2118 et
1627 2066 1716 2132 qui
1744 2066 1899 2118 modo
1929 2065 2078 2117 testis
2106 2070 2192 2118 est

624 2156 859 2208 omnium
888 2170 1005 2223 qua:
1034 2155 1264 2223 agimus,
1303 2152 1466 2221 judex
1498 2154 1601 2208 erit
1650 2155 1888 2207 omnium
1914 2168 2031 2221 qua:
2057 2151 2184 2207 feci-

628 2263 768 2300 mus.
809 2247 874 2300 Et
895 2247 1055 2299 alium
1083 2261 1185 2298 non
1216 2245 1407 2313 qnzerit
1436 2253 1620 2299 testem
1649 2245 1750 2298 nisi
1778 2245 2027 2311 scipsum,
2060 2245 2181 2312 quia

620 2339 799 2391 onmia
829 2346 1036 2390 secreta
1059 2336 1235 2390 cordis
1265 2335 1433 2389 nostri
1466 2334 1792 2396 considerat,
1815 2333 2014 2399 etquid
2037 2337 2178 2386 et’ex

549 2426 561 2439 ’
621 2442 727 2496 quo
779 2425 923 2479 fonte
971 2424 1242 2492 procedat.
1302 2423 1424 2478 Ideo
1472 2423 1638 2486 testis,
1695 2423 1816 2490 quia
1861 2436 1962 2475 non
1993 2422 2183 2490 quierit

620 2517 782 2570 alium
811 2515 950 2568 unde
969 2521 1254 2583 cognoscat
1279 2514 1398 2582 quis
1429 2514 1501 2566 sis
1526 2513 1608 2567 vel
1637 2511 1810 2581 qualis
1836 2513 1904 2565 sit
1932 2513 2040 2566 vita
2070 2523 2178 2576 tua,

619 2606 710 2673 qui
734 2605 918 2660 reddet
941 2604 1224 2672 unicuique
1248 2604 1537 2657 secundum
1560 2617 1722 2670 opera
1749 2616 1866 2656 sua.
1897 2619 1914 2650 τ
1947 2602 2181 2669 ltespon-

619 2695 813 2746 derunt
834 2707 962 2762 ergo
989 2691 1155 2745 Judaei
1182 2692 1404 2744 Domino
1431 2690 1663 2758 loquenti
1692 2689 1756 2743 de
1784 2689 1941 2742 Patre
1985 2703 2100 2752 suo,
2128 2697 2182 2742 et

619 2782 910 2835 dixerunt:
955 2781 1138 2852 (V'Ens.
1200 2780 1308 2851 19.)
1355 2778 1450 2832 Ubi
1480 2790 1552 2833 est
1586 2787 1728 2848 pater
1776 2778 1933 2832 tuus?
1965 2777 2176 2831 Patrem

618 2873 816 2926 Christi
861 2871 1146 2926 carnaliter
1177 2879 1535 2940 acceperunt,
1588 2869 1712 2937 quia
1764 2869 1928 2921 verba
1979 2865 2177 2921 Christi

619 2963 909 3017 secundum
937 2976 1151 3015 carnem
1185 2960 1575 3028 judicaverunt.
1609 2959 1738 3012 Erat
1764 2969 1940 3012 autem
1987 2958 2075 3025 qui
2103 2957 2180 3010 lo-

618 3053 884 3122 quebatur
912 3052 964 3104 in
992 3061 1178 3120 aperto
1198 3067 1353 3112 caro,
1401 3051 1452 3104 in
1473 3049 1684 3105 occulto
1711 3050 1970 3122 Verbum;
2019 3048 2178 3101 homo

623 3141 956 3204 manifestus,
992 3117 1129 3193 Deus
1153 3139 1394 3194 occultus
1447 3154 1461 3192 :
1512 3139 1763 3193 videbant
1788 3117 2174 3199 indumentum,

619 3242 675 3286 ct
703 3230 1118 3285 contemnebant
1142 3229 1404 3283 indutum.
1441 3246 1458 3279 τ
1495 3229 1781 3281 Videamus
1803 3241 1930 3297 ergo
1959 3225 2083 3292 quid
2115 3225 2179 3278 ad

621 3331 732 3381 lucc
748 3326 1003 3380 Dominus
1020 3324 1319 3393 respondit:
1344 3321 1440 3375 Ubi
1460 3331 1554 3386 cst,
1577 3322 1843 3391 inquiunt,
1859 3331 2005 3390 pater
2023 3320 2181 3373 tuus?

624 3418 930 3471 Audivimus
970 3415 1112 3469 enim
1142 3424 1192 3467 te
1221 3414 1399 3467 dicere
1429 3429 1441 3464 :
1470 3411 1624 3465 Solus
1655 3427 1753 3464 non
1787 3426 1921 3475 sunt,
1948 3409 2036 3462 sed
2065 3425 2177 3478 ego,

620 3517 665 3559 et
685 3508 862 3575 quinte
892 3505 1028 3558 misit
1049 3501 1223 3556 Pater.
1250 3501 1382 3554 Nam
1406 3501 1576 3553 solum
1606 3507 1656 3553 te
1679 3500 1937 3563 videmus,
1969 3498 2180 3553 Patrem

625 3608 770 3650 tuum
819 3605 990 3649 tecum
1044 3609 1144 3647 non
1179 3592 1416 3646 videmus
1447 3611 1458 3644 :
1485 3590 1747 3660 quomodo
1778 3600 1827 3643 te
1853 3591 1984 3644 dicis
2011 3590 2182 3643 solum

623 3703 726 3740 non
773 3700 910 3749 esse,
960 3685 1050 3738 sed
1100 3700 1221 3737 cum
1253 3682 1409 3734 Patre
1467 3690 1558 3732 tuo
1602 3681 1759 3733 esse?
1799 3678 1933 3751 [aut]
1963 3679 2182 3733 ostende

623 3777 776 3828 nobis
803 3786 973 3827 tecum
1001 3789 1118 3826 esse
1140 3773 1352 3823 Patrem
1386 3766 1552 3822 tuum.
1582 3769 1647 3822 Et
1683 3769 1935 3822 Dominus
1980 3787 1994 3821 ι
2039 3767 2182 3821 Nun-

622 3863 748 3933 quid
775 3880 856 3916 me
885 3863 1098 3924 videtis,
1127 3870 1182 3914 ct
1207 3861 1417 3912 Patrem
1443 3874 1616 3910 meum
1649 3874 1750 3910 non
1777 3857 1967 3909 videtis
2002 3856 2180 3926 [Aug.,

623 3965 678 4008 ut
699 3955 911 4006 Patrem
942 3953 1217 4004 ostendam
1243 3948 1454 4017 vobis]?
1485 3948 1591 4000 lloc
1614 3949 1754 4000 enim
1793 3947 2049 4014 sequitur,
2084 3947 2184 3999 hoc

622 4048 733 4100 suis
763 4044 939 4096 verbis
969 4039 1077 4110 ipse
1109 4039 1400 4107 respondit,
1450 4052 1678 4105 quorum
1709 4037 1990 4091 verborum
2023 4050 2185 4103 expc-

621 4137 868 4189 sitionem
919 4148 1013 4185 nos
1055 4138 1177 4184 ante
1218 4129 1588 4198 pracn'iisimus.
1645 4127 1832 4179 Videte
1887 4128 2028 4178 enim
2059 4126 2184 4193 quid

622 4227 820 4279 dixerit
852 4243 862 4274 :
901 4222 1078 4291 Neque
1106 4238 1183 4271 me
1213 4221 1374 4281 scitis,
1403 4235 1560 4286 neque
1588 4215 1794 4268 Patrem
1819 4231 2004 4267 meum.
2035 4213 2091 4267 Si
2106 4231 2185 4267 me

625 4315 850 4373 sciretis,
877 4312 1004 4379 forte
1033 4321 1076 4361 et
1104 4307 1310 4360 Patrem
1348 4324 1513 4359 meum
1543 4307 1762 4358 sciretis.
1793 4304 1979 4357 Dicitis
2009 4319 2133 4371 ergo
2167 4321 2177 4354 :

2199 3094 2249 3159 α

2287 1895 2393 1948 bat.
2428 1894 2483 1948 Si
2511 1911 2588 1948 me
2613 1895 2832 1956 sciretis,
2861 1892 3081 1960 forsitan
3110 1900 3158 1943 et
3190 1888 3395 1942 Patrem
3424 1903 3592 1941 meum
3619 1885 3834 1939 sciretis.

2286 1985 2597 2053 lncrepabat
2647 1984 2905 2045 infideles,
2961 1982 3210 2035 admonet
3238 1979 3451 2043 ﬁdeles;
3481 1999 3499 2031 τ
3563 1987 3623 2031 ιιι
3669 1977 3840 2031 sciant

2286 2089 2444 2130 unam
2479 2088 2596 2128 esse
2649 2072 3024 2142 cogitationem
3076 2069 3252 2122 Patris
3292 2076 3348 2120 et
3373 2067 3529 2129 Filii,
3581 2073 3839 2134 quatenus

2285 2167 2457 2220 sciant
2493 2164 2845 2233 cognitionem
2878 2161 3002 2230 Filii
3027 2159 3381 2228 mgnitionem
3403 2171 3520 2211 esse
3555 2164 3610 2210 et
3643 2155 3834 2208 Patris.

2283 2254 2405 2308 Ideo
2431 2253 2688 2320 discipulo
2716 2251 2883 2306 electo
2910 2249 3146 2319 poscenti
3191 2257 3250 2301 ut
3287 2245 3591 2300 ostenderet
3629 2245 3706 2298 eis
3740 2243 3836 2298 Pa-

2284 2351 2419 2396 trem
2443 2382 2456 2406 ,
2498 2341 2768 2408 respondit
2808 2355 2821 2391 :
2867 2338 3031 2391 Tanto
3055 2347 3297 2404 tempore
3324 2334 3584 2388 vobiscum
3622 2348 3756 2394 sum,
3788 2339 3836 2383 et

2285 2449 2385 2485 non
2413 2429 2718 2500 cognovistis
2745 2427 2863 2479 me.'
2891 2424 3148 2494 Philippe,
3177 2425 3267 2492 qui
3293 2423 3427 2474 videt
3471 2439 3572 2485 me,
3615 2421 3748 2475 videt
3787 2429 3836 2472 et

2285 2519 2493 2572 Patrem
2523 2534 2689 2570 meum
2720 2514 2898 2586 (Joan.
2925 2530 3035 2578 xw,
3066 2514 3141 2584 8).
3187 2511 3242 2566 Si
3269 2511 3542 2566 dissimilis
3570 2517 3714 2566 esset
3752 2509 3837 2563 Fi-

2280 2611 2383 2664 lius
2424 2609 2590 2670 Patri,
2622 2606 2858 2674 nunquid
2884 2605 3085 2659 diceret
3105 2601 3382 2671 discipulis
3406 2602 3518 2657 suis
3551 2619 3564 2653 :
3617 2599 3719 2664 Qui
3758 2615 3838 2653 me

2279 2701 2411 2753 ridet
2441 2739 2454 2762 ,
2487 2699 2616 2752 ridet
2650 2707 2700 2751 et
2747 2694 2998 2748 Patrem?
3023 2695 3260 2763 nunquid
3300 2693 3502 2748 diceret
3526 2691 3723 2747 ludatis
3752 2708 3764 2744 :
3791 2691 3837 2744 si

2279 2805 2358 2841 me
2380 2789 2600 2849 sciretis,
2632 2785 2852 2855 forsitan
2880 2794 2927 2837 et
2950 2781 3162 2837 Patrem
3195 2799 3362 2837 meum
3388 2782 3629 2836 sciretis?

2347 2877 2507 2948 546
2530 2878 2691 2930 Vens.
2720 2874 2810 2928 20.
2839 2906 2909 2914 -
2939 2893 2957 2925 τ
2995 2874 3123 2928 Hcce
3157 2873 3310 2927 verba
3352 2872 3554 2926 locutus
3581 2882 3655 2926 est
3685 2872 3834 2926 Iesus

2278 2968 2331 3019 in
2358 2965 2720 3036 gazophylacio
2749 2965 2934 3018 docens
2954 2965 3011 3016 in
3047 2962 3251 3032 templo.
3280 2961 3466 3030 Magna
3500 2961 3691 3016 fiducia
3722 2963 3834 3016 sine

2281 3057 2487 3110 timore.
2543 3055 2655 3108 Non
2705 3055 2846 3108 enim
2896 3061 3188 3122 pateretur,
3235 3053 3279 3106 si
3325 3051 3525 3117 nollet;
3576 3051 3703 3120 quia
3740 3066 3835 3105 nec

2280 3155 2608 3209 nasceretur,
2656 3145 2700 3200 si
2750 3144 2932 3200 nollet.
2959 3163 2975 3195 τ
3017 3142 3155 3208 Quid
3205 3149 3288 3197 est
3329 3142 3470 3210 quod
3513 3142 3628 3196 htcc
3679 3141 3834 3195 verba

2282 3234 2482 3308 [Iesus]
2535 3236 2588 3290 in
2629 3234 3006 3305 gazophylacio
3055 3234 3250 3288 docens
3294 3232 3346 3285 in
3387 3232 3581 3300 templo
3632 3231 3838 3287 loeutus

2281 3326 2392 3379 est?
2425 3324 2870 3394 Gazophylaeium
2899 3324 3050 3378 locus
3072 3332 3155 3378 est
3197 3323 3286 3377 ubi
3333 3321 3564 3377 thesauri
3606 3323 3839 3376 condun-

2283 3423 2386 3468 tur.
2417 3413 2572 3466 Jesus
2602 3412 2654 3465 in
2684 3411 3061 3482 gazophylacio
3100 3410 3419 3479 loquebatur
3457 3408 3674 3472 Iudicis,
3709 3409 3828 3462 dum

2283 3505 2333 3557 in
2363 3503 2631 3571 parabolis
2658 3502 2866 3557 locutus
2902 3509 2982 3557 est
3011 3501 3200 3555 turbis.
3242 3499 3373 3553 Nam
3402 3499 3832 3569 gazophylacium

2284 3593 2382 3645 fuit
2415 3591 2678 3656 Christus,
2711 3593 2763 3645 in
2791 3607 2896 3660 quo
2928 3592 3103 3645 omnia
3144 3591 3410 3644 latuerunt
3441 3590 3694 3658 mysteria
3718 3597 3837 3643 tunc

2283 3681 2584 3750 aperienda,
2614 3682 2736 3734 dum
2761 3682 2892 3750 ipse,
2917 3681 3006 3749 qui
3030 3681 3182 3734 latuit
3203 3680 3256 3734 in
3284 3680 3480 3744 littera,
3507 3679 3835 3749 loquebatur,

2284 3785 2387 3824 non
2424 3771 2476 3824 in
2507 3771 2819 3840 proverbiis,
2866 3770 2960 3824 sed
3002 3769 3175 3838 palam
3220 3770 3396 3824 cmnia
3445 3769 3686 3825 ﬁdelibus
3734 3771 3842 3824 suis

2283 3875 2557 3912 cnarrans.
2599 3859 2730 3911 Nam
2757 3867 2809 3911 et
2838 3858 3212 3926 gazOphylacia
3258 3859 3599 3912 adhterebant
3629 3858 3839 3925 templo,

2285 3951 2407 4017 quia
2447 3952 2554 4017 ipse
2597 3949 2841 4003 Christus
2874 3948 3125 4015 templum
3169 3957 3270 4012 est,
3307 3949 3372 4002 de
3417 3964 3524 4017 quo
3573 3948 3687 4017 ipse
3724 3949 3836 4002 ait:

2287 4039 2476 4092 So!rite
2517 4038 2756 4108 templum
2799 4039 2892 4091 hoc
2936 4036 3112 4106 (Joan.
3147 4054 3203 4101 ll,
3241 4037 3345 4107 19),
3395 4038 3479 4092 cui
3526 4037 3704 4092 omnia
3731 4052 3841 4107 my-

2287 4132 2446 4186 steria
2484 4129 2680 4184 veteris
2727 4130 2860 4198 legis
2905 4129 3261 4192 adluercbant,
3311 4137 3365 4182 et
3407 4130 3472 4181 ad
3516 4143 3636 4182 cum
3665 4127 3841 4181 omnia

2286 4221 2658 4289 respiciebant,
2691 4220 2857 4271 donec
2886 4219 3090 4271 veniret
3117 4219 3182 4271 ad
3212 4217 3493 4284 aperienda
3519 4217 3843 4285 singulorum

2285 4291 2658 4383 gazophylacia
2691 4311 3084 4379 mysteriorum,
3113 4311 3382 4379 aperiente
3405 4325 3467 4364 eo
3491 4323 3679 4364 sensus
3720 4307 3844 4362 ﬁde-

627 4403 722 4455 t'bi
747 4399 992 4454 estl’uter
1016 4397 1344 4461 tuns?Quasi
1363 4394 1565 4460 mcjam
1596 4395 1803 4457 sciatis;
1831 4395 1981 4462 quasi
2013 4403 2177 4447 totum

2287 4406 2411 4458 lium
2435 4417 2673 4464 suorum,
2689 4411 2744 4454 ut
2767 4401 3118 4470 intelligerent
3135 4417 3251 4469 qua:
3272 4399 3524 4465 latebant,
3541 4399 3677 4453 sicut
3693 4413 3844 4455 evan-

627 4495 727 4544 hoc
748 4489 847 4543 sim
873 4487 1011 4555 quod
1043 4487 1248 4538 videtis.
1275 4485 1413 4552 Ergo
1442 4485 1563 4550 quia
1597 4498 1681 4535 me
1707 4498 1810 4535 non
1841 4483 2029 4544 nostis,
2061 4483 2178 4537 ideo

629 4583 777 4636 vobis
813 4581 1021 4634 Patrem
1053 4592 1228 4630 meum
1269 4591 1372 4628 non
1415 4575 1654 4627 ostendo.
1691 4573 1770 4626 Me
1795 4575 1987 4643 quippe
2013 4575 2182 4627 homi-

633 4687 753 4726 nem
780 4670 997 4739 putatis.
1028 4667 1147 4720 idco
1167 4666 1380 4718 Patrem
1411 4679 1585 4716 meum
1615 4664 1882 4717 hominem
1913 4665 2148 4734 qumritis
2168 4706 2180 4728 ,

629 4762 754 4830 quia
778 4757 1065 4813 secundum
1079 4771 1288 4808 carnem
1309 4753 1576 4823 iudicatis.
1604 4753 1734 4818 Quia
1753 4768 1877 4805 vero
1897 4756 2185 4808 secundum

631 4847 774 4920 quod
804 4850 989 4903 videtis
1018 4847 1158 4901 aliud
1185 4861 1324 4908 sum,
1351 4854 1404 4898 et
1431 4844 1570 4896 aliud
1603 4845 1890 4898 secundum
1914 4846 2053 4913 quod
2083 4863 2186 4898 non

625 4925 840 5006 'videtis,
870 4943 1078 4997 Patrem
1108 4958 1281 4996 nicum
1308 4941 1498 5009 loquor
1517 4940 1782 4992 occultum
1811 4940 1990 5011 [Aug.,
2014 4943 2190 4994 occul-

637 5050 722 5090 tus
751 5033 1074 5102 occultum];
1115 5033 1263 5100 prius
1291 5041 1461 5085 estut
1509 5047 1591 5085 me
1648 5035 1919 5097 noveritis,
1965 5043 2088 5088 tunc
2139 5044 2192 5089 ct

640 5127 848 5178 Patrem
872 5137 1042 5174 meum
1059 5121 1259 5174 scietis.
1292 5139 1306 5166 ‹
1331 5117 1386 5171 Si
1414 5121 1547 5172 enim
1565 5137 1644 5172 me
1668 5121 1882 5181 sciretis,
1908 5133 1952 5173 et
1983 5121 2193 5174 Patrem

639 5229 806 5266 meum
851 5210 1070 5278 forsitan
1119 5210 1333 5262 sciretis.
1381 5207 1469 5260 ille
1497 5208 1587 5274 qui
1614 5206 1792 5260 omnia
1836 5209 1954 5270 scit,
1984 5209 2194 5274 quando

637 5303 766 5355 dicit
790 5299 1029 5369 forsitan,
1077 5313 1181 5350 non
1221 5298 1461 5360 dubitat,
1513 5301 1603 5352 sed
1659 5300 1914 5365 increpat.
1968 5299 2194 5352 Attende

639 5389 782 5443 enim
810 5389 1072 5455 quomodo
1121 5387 1444 5455 increpativc
1497 5387 1705 5442 dicatur
1735 5389 1905 5457 ipsum
1936 5388 2190 5456 forsitan,

643 5480 781 5546 quod
806 5477 1013 5530 videtur
1048 5491 1163 5530 esse
1193 5477 1415 5530 verbum
1454 5477 1813 5531 dubitationis.
1862 5478 1964 5532 Sed
1993 5478 2196 5531 dubita-

647 5570 806 5622 tionis
851 5568 1068 5621 verbum
1098 5575 1212 5628 est,
1261 5569 1473 5635 quando
1501 5567 1692 5620 dicitur
1722 5567 1788 5619 ab
1816 5569 2046 5627 homine,
2081 5569 2198 5622 ideo

648 5657 919 5712 dubitante
961 5658 1085 5726 quia
1117 5659 1418 5726 nesciente;
1475 5676 1593 5712 eum
1630 5673 1753 5711 vero
1797 5657 1986 5710 dicitur
2016 5676 2042 5710 a
2093 5659 2197 5711 Deo

2281 4505 2467 4573 gelista
2495 4501 2570 4552 ait
2595 4519 2606 4551 :
2641 4497 2781 4550 Tunc
2808 4498 3006 4565 aperuit
3031 4496 3136 4549 illis
3161 4511 3384 4558 sensum,
3421 4503 3475 4547 ut
3505 4492 3842 4561 intelligerent

2284 4591 2573 4659 Scripturas
2607 4585 2754 4658 (Luc.
2790 4601 2936 4648 xxiv,
2976 4584 3086 4653 45).
3124 4583 3360 4650 Denique
3397 4581 3524 4648 quid
3563 4580 3843 4649 sequitur?

2288 4679 2451 4731 Nemo
2499 4676 2829 4744 apprehendit
2876 4691 3011 4735 eum,
3057 4673 3178 4742 quia
3219 4671 3432 4726 necdum
3473 4679 3681 4725 venerat
3718 4670 3841 4723 hora

2285 4770 2414 4838 ejus.
2441 4767 2650 4820 Scilicet
2665 4765 2839 4819 omnia
2859 4764 3212 4832 dispositionis
3233 4779 3359 4827 suae,
3375 4764 3551 4818 omnia
3567 4760 3844 4818 voluntatis

2287 4876 2412 4915 sure.
2449 4858 2576 4922 Quia
2604 4856 2692 4923 qni
2714 4854 2979 4907 voluntate
3005 4862 3158 4907 natus
3185 4863 3285 4919 est,
3303 4854 3571 4908 voluntate
3590 4861 3643 4907 et
3661 4867 3842 4920 passus

2289 4955 2387 5002 est.
2417 4966 2432 4996 τ
2465 4945 2519 4999 Si
2540 4959 2664 5012 ergo
2682 4943 2791 5012 pati
2811 4942 2988 5005 nollet,
3006 4957 3109 4996 non
3135 4951 3432 5012 pateretur;
3459 4941 3622 4995 sinon
3641 4948 3841 5011 patere-

2291 5025 2399 5096 tur,
2429 5033 2641 5103 sanguis
2670 5032 2754 5085 ille
2789 5047 2892 5084 non
2940 5031 3270 5096 funderetur,
3313 5031 3542 5084 mundus
3565 5018 3670 5084 non
3712 5030 3840 5085 redi-

2293 5130 2544 5174 meretur.
2594 5119 2826 5189 Agamus
2857 5119 3034 5187 itaque
3062 5118 3261 5188 gratias
3306 5127 3358 5172 et
3384 5119 3635 5190 potestati
3663 5118 3840 5174 divini-

2295 5211 2417 5266 tatis
2441 5219 2494 5263 et
2528 5211 2853 5264 miserationi
2899 5207 3221 5262 inﬁrmitatis
3245 5206 3380 5275 ejus,
3410 5209 3474 5263 de
3509 5209 3714 5263 occulta
3755 5219 3841 5273 po-

2295 5299 2456 5352 tentia
2499 5313 2653 5364 quam
2705 5297 2869 5350 Judaei
2915 5312 3017 5351 non
3049 5305 3337 5362 noverant;
3374 5296 3514 5351 unde
3548 5295 3652 5348 illis
3692 5291 3842 5347 modo

2293 5387 2493 5441 dictum
2520 5394 2633 5438 cst:
2688 5385 2864 5454 Neque
2912 5401 2989 5438 me
3028 5388 3206 5449 nostis,
3239 5403 3398 5454 neque
3439 5382 3651 5435 Patrem
3683 5395 3842 5435 meum

2298 5477 2472 5546 (Joan.
2501 5491 2614 5538 vni,
2644 5473 2763 5542 l9);
2811 5483 2863 5528 et
2892 5477 2954 5528 de
3001 5492 3160 5531 carne
3193 5483 3455 5542 suscepta,
3485 5487 3644 5542 quam
3682 5469 3841 5526 Jndsri

2300 5575 2569 5628 noverant,
2602 5575 2654 5619 ct
2683 5564 2832 5632 cujus
2862 5570 3088 5635 patriam
3127 5568 3399 5628 sciebant;
3449 5564 3588 5618 unde
3620 5563 3724 5618 illis
3745 5557 3843 5613 alio

2299 5660 2410 5713 loco
2437 5658 2604 5712 dixit:
2655 5657 2718 5710 Et
2771 5675 2844 5713 mc
2894 5660 3072 5722 nostis,
3102 5669 3146 5711 et
3185 5656 3313 5710 unde
3354 5658 3447 5712 sim
3488 5655 3626 5708 scitis
3666 5648 3841 5722 (Joan.

3785 5755 4070 6168 Δ
