4152 6198
320 368 415 423 861

1110 361 1507 417 EXECETICA.
1546 393 1614 402 —
1651 340 1997 416 COMMENT.
2034 361 2101 415 IN
2136 362 2322 418 JOAN.
2364 394 2431 404 -—
2467 365 2573 419 un
2629 366 2713 420 IV.

3404 369 3505 424 862

320 494 415 542 vn,
438 476 548 545 28).
598 475 884 544 Utrumque
927 474 1225 526 noverimus
1257 473 1311 526 in
1358 472 1587 535 Christo,
1626 480 1681 525 et
1722 469 1858 525 unde
1882 469 1933 529 Α
1958 486 2057 539 quo
2084 487 2177 540 ego
2198 472 2329 525 vado
2351 474 2502 539 dixit,
2531 490 2637 529 non
2660 490 2767 543 quo
2793 476 2900 528 itur
2918 477 2986 531 ad
3013 484 3258 541 mortem,
3288 479 3382 531 sed
3401 494 3507 546 quo

319 564 537 635 aequalis
561 561 685 633 [est]
708 560 871 625 Patri,
896 570 950 614 ct
976 561 1113 614 unde
1140 560 1229 614 illo
1248 560 1415 628 major
1431 568 1513 615 est
1536 560 1708 614 Pater.
1730 560 1862 614 illud

319 656 549 711 Verbum
586 663 687 715 est,
730 653 857 707 illud
893 666 1049 717 caro;
1079 653 1203 707 illud
1234 653 1374 707 Deus
1400 661 1497 717 est,
1527 652 1653 706 illud
1681 652 1862 707 homo.

322 742 425 799 Sed
451 757 586 798 unus
611 741 855 797 Christus
879 741 1015 794 Deus
1044 748 1097 793 et
1121 741 1295 795 homo.
1318 761 1337 792 ›
1363 740 1515 796 Μοᾱο
1536 741 1605 797 de
1622 757 1716 796 sua
1742 755 1863 809 pas-

320 833 486 898 sione,
511 832 636 900 quid
656 830 900 901 loquatur
920 828 1177 893 Christus,
1205 831 1501 885 audiamus.

899 957 1122 1013 CAPUT
1152 955 1288 1009 XXI.

318 1047 453 1101 Dicit
477 1047 676 1100 Judteis
695 1047 900 1127 quodin
926 1056 1130 1127 peccato
1152 1060 1245 1125 suo
1282 1053 1580 1127 monentur.
1615 1042 1862 1127 ignitius

384 1133 502 1169 cum
540 1128 667 1170 esset
707 1114 1046 1184 interrogatus
1073 1115 1199 1184 quis
1242 1122 1390 1184 esset,
1420 1114 1864 1184 responditprin-

388 1186 577 1251 cipiunt
613 1201 666 1237 se
689 1200 813 1249 esse,
844 1178 1035 1236 addens
1058 1178 1193 1235 hoc:
1232 1178 1361 1251 Cum
1397 1178 1751 1251 exaltaveritis
1777 1180 1863 1233 Fi-

388 1249 513 1305 lium
545 1252 792 1316 hominis,
830 1261 954 1305 tunc
981 1250 1304 1319 cognoscetis
1332 1249 1452 1316 quia
1478 1263 1575 1317 ego
1598 1264 1732 1301 sum.

390 1360 549 1414 Vens.
583 1360 668 1413 21.
696 1389 765 1399 -
795 1378 814 1409 ι
845 1372 869 1399 ι
905 1358 1015 1428 Ego
1038 1358 1191 1422 uado,
1215 1367 1264 1410 et
1308 1357 1543 1427 qurerelis
1572 1372 1671 1419 me,
1715 1363 1762 1409 et
1808 1356 1863 1407 in

319 1463 523 1521 peccato
546 1462 709 1506 vestro
738 1446 1056 1505 moriemini.”
1082 1448 1197 1514 Quo
1220 1465 1311 1519 ego
1347 1448 1501 1513 vado,
1529 1464 1616 1501 vos
1646 1462 1747 1500 non
1772 1462 1864 1514 po-

320 1544 458 1595 testis
486 1542 672 1595 venire.
704 1540 814 1611 Ego
838 1540 993 1603 vado,
1028 1538 1217 1607 inquit,
1253 1546 1306 1591 et
1327 1536 1575 1606 quaeretis
1606 1550 1726 1589 me:
1757 1548 1861 1587 non

322 1631 598 1694 desiderio,
616 1630 725 1684 sed
750 1630 892 1685 odio.
921 1628 1051 1681 Nam
1082 1628 1248 1689 illum,
1274 1636 1616 1694 posteaquam
1654 1625 1864 1678 absces-

319 1722 390 1775 sit
412 1721 478 1774 ab
501 1719 668 1775 oculis
692 1718 983 1781 hominum,
1025 1716 1391 1784 inquisierunt,
1431 1720 1484 1767 et
1507 1713 1596 1781 qui
1620 1712 1859 1776 oderant,

1959 561 2069 614 ibat
2110 561 2222 629 ipse
2244 572 2365 631 post
2404 572 2646 627 mortem,
2680 573 2740 619 ut
2770 566 3050 621 occideret
3068 574 3311 621 mortem.
3346 586 3366 618 α
3400 568 3507 623 Illis

1958 649 2135 719 itaque
2156 654 2273 706 non
2289 653 2702 723 intelligentibus
2728 655 2847 720 ista,
2879 656 3148 725 respondit
3174 657 3425 713 Dominus
3443 657 3502 711 δε

1969 735 2067 791 Vos
2092 734 2329 793 deorsum
2355 741 2495 794 estis.
2523 740 2642 797 Ideo
2663 750 2860 797 terram
2885 741 3014 814 [Al.,
3041 742 3272 816 terrena]
3298 745 3503 812 sapitis,

1960 826 2081 893 quia
2115 827 2254 882 sicut
2280 843 2499 898 serpens
2523 837 2719 885 terram
2743 833 3091 887 manducatis.
3113 833 3247 899 Quid
3276 843 3374 899 est,
3400 843 3513 899 tera

1962 929 2073 969 ram
2121 918 2472 983 manducatis,
2524 920 2625 976 nisi
2670 922 2897 975 terrenis
2940 922 3231 989 pascimini,
3282 926 3511 980 terrenis

1959 1000 2311 1071 delectamini,
2362 1009 2585 1062 terrenis
2627 1009 2859 1073 inhiatis,
2901 1024 3109 1064 sursum
3147 1024 3235 1065 eos
3280 1027 3383 1066 non
3414 1013 3509 1066 ha-

1960 1092 2127 1145 betis?
2162 1092 2261 1147 Vos
2282 1093 2344 1147 de
2373 1094 2610 1149 deorsum
2630 1100 2769 1161 estis,
2795 1114 2885 1166 ego
2904 1098 2969 1151 de
2992 1100 3225 1167 supernis
3248 1116 3361 1153 sum
3375 1116 3393 1163 ;
3421 1116 3507 1152 vos

1960 1180 2023 1233 de
2053 1182 2241 1235 mundo
2266 1182 2360 1235 hoc
2384 1182 2638 1253 estis,'ego
2668 1202 2769 1249 non
2789 1202 2902 1240 sum
2928 1186 2992 1241 de
3016 1187 3111 1240 hoc
3131 1188 3341 1241 mundo.
3371 1187 3511 1252 Quo-

1960 1270 2117 1324 modo
2146 1285 2272 1340 ergo
2297 1287 2401 1325 non
2432 1281 2549 1326 erat
2574 1274 2639 1328 de
2660 1274 2759 1328 hoc
2788 1275 3001 1339 mundo,
3033 1289 3130 1343 per
3156 1289 3311 1343 quem
3337 1275 3507 1329 factus

1960 1364 2041 1410 est
2066 1360 2309 1422 mundus,
2348 1368 2401 1413 et
2445 1376 2655 1429 semper
2691 1363 2883 1430 ubique
2924 1365 3046 1418 est?
3088 1363 3191 1418 Sed
3233 1378 3419 1417 omnes
3446 1364 3510 1415 de

1961 1447 2155 1499 mundo
2180 1464 2194 1498 :
2218 1448 2318 1501 sed
2340 1448 2489 1515 prius
2516 1448 2759 1511 mundus,
2788 1458 2969 1516 postea
2994 1452 3171 1504 homo.
3219 1450 3322 1504 Sed
3350 1451 3505 1503 Chri-

1961 1545 2074 1589 stus
2120 1544 2243 1591 ante
2295 1538 2562 1601 mundnm,
2612 1545 2733 1592 ante
2780 1537 3046 1593 Christum
3090 1538 3241 1593 nihil.
3292 1538 3425 1604 Quia
3456 1541 3507 1591 in

1961 1626 2220 1693 principio
2259 1634 2375 1682 erat
2424 1628 2677 1690 Verbum,
2720 1634 2774 1682 et
2812 1628 2987 1681 omnia
3030 1642 3127 1696 per
3172 1630 3343 1696 ipsum
3373 1620 3511 1682 faeta

1963 1722 2101 1765 sunt.
2133 1713 2222 1767 Sic
2247 1715 2387 1768 enim
2416 1723 2532 1768 erat
2573 1715 2660 1770 ille
2685 1716 2751 1769 de
2778 1717 3019 1783 supernis
3047 1733 3062 1780 ;
3111 1717 3175 1771 de
3201 1718 3393 1785 quibus
3416 1732 3517 1770 su-t

319 1817 372 1862 et
397 1807 488 1875 qui
511 1805 793 1859 amabant:
824 1803 898 1858 illi
922 1778 1304 1872 persequendo,
1332 1800 1407 1853 illi
1432 1778 1625 1855 habere
1648 1799 1861 1867 cupien-
1890 1778 1937 1835 Β
1964 1802 2142 1868 pernis
2174 1801 2458 1857 Christus?
2499 1802 2580 1855 Ab
2610 1803 2723 1869 ipso
2753 1778 2921 1865 Patre,
2952 1778 3080 1858 nihil
3108 1804 3197 1858 illo
3218 1778 3505 1872 superius;

318 1898 404 1950 do.
448 1897 652 1950 Bonum
678 1901 759 1948 est
804 1893 1033 1946 animam
1073 1891 1269 1946 Christi
1308 1880 1563 1957 quzerere,
1614 1887 1707 1942 sed
1734 1902 1865 1955 quo-

319 1984 474 2037 modo
500 1980 740 2049 discipuli
770 1994 888 2034 eam
912 1978 1232 2047 qnzesierunt
1255 1995 1269 2042 ;
1307 1985 1361 2031 et
1384 1977 1580 2031 malum
1620 1985 1701 2031 est
1723 1991 1863 2044 qum-

322 2088 439 2127 rere
465 2071 694 2125 animam
722 2068 939 2134 Christi,
967 2068 1059 2122 sed
1094 2067 1356 2136 quomodo
1384 2080 1499 2121 eam
1522 2064 1697 2120 ‘Judrei
1723 2080 1865 2132 qum-

230 2184 235 2186 τ
320 2163 564 2226 sierunt;
612 2158 685 2213 illi
725 2158 865 2213 enim
891 2166 949 2211 ut
988 2156 1263 2218 haberent,
1308 2154 1415 2221 isti,
1468 2162 1525 2207 ut
1562 2153 1860 2221 perderent.

319 2253 553 2320 Denique
587 2250 693 2313 isti,
730 2249 853 2317 quia
878 2248 956 2301 sic
996 2247 1299 2315 quznrebant
1337 2260 1483 2298 more
1509 2244 1666 2305 malo,
1705 2244 1863 2298 corde

320 2356 586 2411 perverso,
618 2339 751 2411 quid
787 2345 999 2393 secutus
1039 2333 1323 2401 adiunxit?
1362 2333 1613 2397 Quteretis
1650 2349 1771 2395 me;
1810 2342 1864 2387 et

319 2444 385 2483 ne
408 2430 623 2497 putetis,
658 2427 780 2495 quia
808 2426 941 2480 bene
971 2438 1054 2478 me
1075 2422 1344 2491 quazretis,
1386 2423 1440 2474 in
1464 2431 1668 2490 peccato
1699 2430 1863 2475 vestro

319 2519 649 2582 moriemini;
676 2517 774 2571 hoc
800 2523 883 2571 est
904 2508 1171 2568 Christum
1202 2511 1339 2564 male
1371 2504 1627 2579 qumrere,
1655 2510 1708 2562 in
1744 2524 1865 2577 pec-

320 2606 439 2662 cato
463 2621 558 2661 suo
586 2605 741 2660 mori.
768 2624 791 2657 ι
825 2604 882 2657 In
911 2609 1125 2670 peccato
1154 2616 1249 2654 suo
1275 2602 1517 2662 moritur,
1548 2600 1635 2668 qui
1664 2600 1715 2651 in
1744 2612 1863 2667 pec-

229 2682 233 2686 ’
318 2703 438 2751 eato
466 2701 741 2763 permanet
767 2705 933 2759 usque
956 2689 1021 2743 ad
1060 2695 1305 2741 mortem.
1352 2688 1439 2741 ille
1463 2686 1733 2742 Christum
1758 2702 1863 2740 non

319 2784 507 2852 quaerit
524 2783 612 2851 qui
638 2781 858 2835 salutem
895 2779 1084 2831 animae
1108 2792 1216 2831 suae
1244 2790 1341 2844 per
1362 2776 1725 2843 paenitentiam
1758 2790 1863 2829 non

320 2870 525 2941 quaerit.
562 2870 640 2924 Ad
668 2883 823 2938 quem
866 2867 1127 2936 Propheta
1160 2864 1382 2919 clamat:
1431 2864 1658 2929 Quterite
1688 2863 1865 2917 Domi-

322 2979 471 3023 num,
511 2960 634 3013 dum
676 2958 894 3012 inveniri
948 2964 1110 3024 potest
1149 2953 1299 3025 (Isai.
1337 2968 1422 3017 ιν,
1460 2951 1538 3024 6).
1589 2951 1741 3007 Modo
1774 2952 1865 3020 qui

321 3050 737 3111 misericordem,
775 3048 899 3101 dum
942 3054 1148 3111 tempus
1182 3043 1360 3105 habet,
1397 3056 1501 3095 non
1547 3042 1751 3109 quaerit,
1784 3041 1865 3094 in-

320 3140 492 3192 veniet
517 3152 636 3190 eum
680 3136 890 3188 iratum.
930 3131 1123 3186 Judaeis
1152 3130 1315 3184 dixit:
1362 3128 1430 3181 In
1465 3137 1669 3197 peccato
1698 3138 1863 3182 vestro

322 3224 629 3285 moriemini,
657 3223 779 3290 quia
805 3219 1113 3289 praesciebat
1153 3231 1246 3269 eos
1275 3216 1329 3269 in
1360 3222 1580 3283 peccato
1608 3229 1706 3269 suo
1744 3230 1865 3282 per-

322 3327 553 3369 manere.
599 3308 859 3379 Singulari
892 3305 1063 3378 [vero]
1106 3316 1326 3358 numero
1362 3301 1494 3356 dixit
1530 3303 1587 3354 in
1636 3310 1862 3370 peccato,

323 3410 377 3456 et
405 3399 591 3469 plurali
642 3411 861 3451 numero
904 3393 1204 3454 moriemini,
1251 3392 1375 3459 quia
1400 3390 1646 3446 omnibus
1672 3390 1776 3445 illis
1801 3392 1866 3445 ad

324 3507 456 3559 quos
497 3488 823 3558 loquebatur,
862 3498 1019 3538 unam
1062 3496 1177 3537 esse
1222 3481 1562 3543 voluntatem,
1610 3480 1865 3548 :equalem

324 3579 576 3633 malitiam
622 3574 871 3645 perdendi
918 3586 1037 3626 eum
1083 3569 1346 3640 [sciebat],
1384 3570 1475 3636 qui
1528 3569 1733 3621 salvare
1776 3582 1867 3621 eos

325 3676 559 3721 venerat.
592 3684 610 3717 ι
642 3666 758 3719 Alio
792 3679 917 3717 vero
944 3663 1057 3715 loco
1084 3659 1351 3726 discipulis
1378 3658 1487 3711 suis
1528 3658 1658 3709 dixit
1687 3674 1699 3709 :
1752 3655 1865 3719 Quo

322 3773 413 3825 ego
431 3755 579 3818 vado,
597 3752 727 3823 [vos]
746 3768 845 3803 non
860 3748 1061 3818 potestis
1076 3746 1223 3799 modo
1240 3746 1406 3798 venire
1428 3742 1605 3815 (Ioan.
1627 3759 1735 3808 χχι,
1753 3743 1862 3812 22),

325 3842 438 3896 Non
457 3840 671 3895 abstulit
694 3840 773 3893 eis
791 3852 957 3905 spem,
980 3836 1071 3890 sed
1088 3836 1330 3903 przedixit
1348 3835 1668 3889 dilationem.
1692 3834 1868 3899 Quan—

324 3930 392 3987 do
412 3932 553 3995 enim
575 3930 676 3984 hoc
698 3926 967 3995 discipulis
992 3927 1241 3980 Dominus
1262 3926 1590 3993 loquebatur,
1621 3931 1743 3977 tunc
1764 3938 1866 3975 non

325 4028 570 4089 poterant
614 4018 794 4072 venire
832 4030 937 4085 quo
986 4014 1071 4067 ille
1118 4014 1243 4074 ibat,
1298 4012 1389 4065 sed
1435 4021 1618 4093 postea
1662 4010 1873 4065 venturi

324 4115 476 4161 erant
511 4126 522 4158 :
555 4106 642 4158 isti
670 4111 845 4157 autem
873 4115 1137 4169 nunquam
1174 4100 1362 4166 quibus
1390 4098 1672 4168 praesciens
1714 4096 1865 4168 [Ms.,

324 4194 593 4265 praescius]
620 4194 787 4248 dixit:
822 4191 886 4245 In
932 4199 1134 4261 peccato
1161 4200 1323 4244 vestro
1368 4191 1673 4243 moriemini.
1703 4209 1720 4241 ι
1774 4189 1869 4243 His

324 4295 497 4339 autem
522 4283 714 4349 auditis
750 4282 944 4345 verbis,
976 4280 1237 4349 quomodo
1261 4280 1429 4333 solent
1473 4279 1699 4333 carnalia
1727 4277 1869 4346 cogi-

1960 1892 2083 1959 quia
2108 1889 2265 1944 Pater
2306 1891 2748 1961 Verbumgenuit
2780 1892 2993 1959 male
3019 1893 3143 1957 sibi,
3188 1901 3508 1948 comternnm

1958 1982 2079 2044 sibi,
2107 1982 2433 2050 unigenitum
2459 1982 2579 2046 sibi,
2626 1984 2739 2037 sine
2770 1991 3026 2052 tempore,
3069 1999 3165 2053 per
3192 1999 3349 2065 quem
3384 2000 3510 2041 eon-

1960 2071 2108 2125 deret
2122 2078 2386 2138 tempora.
2419 2090 2438 2122 ›
2470 2071 2592 2125 ldeo
2616 2071 2859 2127 Christus
2878 2080 3000 2126 ante
3014 2085 3201 2127 omnes
3220 2080 3507 2137 creaturas,

1959 2169 2011 2214 et
2056 2170 2177 2214 ante
2218 2163 2395 2215 omnia
2442 2172 2697 2231 tempora,
2744 2164 2867 2231 quia
2912 2164 2979 2218 de
3028 2164 3186 2219 Patre
3215 2174 3508 2219 ooeternus

1959 2247 2101 2300 Patri
2128 2248 2335 2324 genitus
2374 2259 2474 2303 est.
2524 2250 2635 2320 Ego
2678 2252 2740 2304 de
2767 2252 2999 2319 supernis
3039 2268 3173 2316 sunt,
3213 2267 3302 2305 vos
3332 2252 3395 2303 de
3416 2252 3512 2304 hoc

1960 2334 2150 2387 mundo
2172 2337 2292 2389 estis
2314 2353 2332 2400 ;
2364 2353 2454 2404 ego
2489 2354 2589 2390 non
2614 2355 2727 2391 sum
2752 2338 2815 2391 de
2840 2337 2933 2390 hoc
2967 2338 3177 2390 mundo.

2032 2424 2191 2477 VERE.
2223 2422 2311 2475 24.
2339 2454 2407 2462 -
2438 2442 2456 2473 ι
2495 2424 2619 2477 Dixi
2661 2441 2781 2491 ergo
2813 2424 2975 2489 vobis,
2996 2425 3118 2493 quia
3145 2422 3432 2476 moriemini
3455 2422 3514 2475 in

1961 2512 2177 2577 peccatis
2205 2512 2401 2563 vestris.
2428 2511 2719 2579 Exposuit,
2740 2512 2910 2575 nobis,
2955 2512 3168 2577 fratres,
3196 2512 3337 2580 quod
3361 2510 3511 2583 [Ms.,

1961 2594 2110 2666 quid]
2137 2596 2354 2666 intelligi
2392 2597 2573 2661 voluit,
2619 2615 2705 2652 vos
2743 2598 2806 2652 de
2844 2600 3035 2653 mundo
3074 2602 3170 2655 hoc
3209 2603 3348 2654 estis.
3391 2600 3516 2654 Ideo

1962 2681 2154 2750 quippe
2180 2680 2348 2737 dixit:
2389 2682 2491 2737 Vos
2529 2682 2591 2737 de
2640 2686 2733 2739 hoc
2773 2686 2964 2741 mundo
2993 2687 3133 2753 estis,
3177 2688 3301 2755 quia
3325 2702 3512 2756 pecca-

1964 2778 2106 2823 tores
2132 2778 2306 2835 erant,
2341 2772 2464 2840 quia
2496 2772 2664 2841 iniqui
2709 2782 2882 2839 erant,
2913 2775 3035 2844 quia
3080 2776 3317 2831 inﬁdeles
3336 2785 3514 2838 erant,

1965 2858 2087 2926 quia
2116 2867 2325 2913 terrena
2354 2861 2648 2927 sapiebant.
2684 2880 2701 2911 ι
2738 2860 2982 2930 Nunquid
3007 2864 3233 2930 apostoli
3258 2871 3312 2916 et
3338 2867 3523 2917 sancti

1964 2947 2055 3002 Dei
2085 2947 2149 3001 de
2178 2947 2277 3001 hoc
2315 2948 2509 3001 mundo
2538 2962 2641 3002 non
2666 2950 2855 3003 erant?
2890 2950 3055 3003 Erant
3080 2950 3358 3019 siquidem,
3387 2954 3510 3020 quia

1965 3035 2028 3089 de
2051 3034 2219 3087 Adam
2249 3034 2360 3087 nati
2384 3044 2524 3100 sunt,
2567 3036 2660 3089 sed
2690 3036 2799 3105 ipsa
2830 3037 3036 3093 Veritas
3058 3038 3123 3093 de
3141 3039 3222 3093 eis
3247 3040 3355 3093 ait:
3401 3039 3514 3107 Ego

1962 3122 2091 3191 elegi
2115 3139 2203 3176 vos
2232 3122 2295 3175 de
2336 3123 2526 3185 mundo
2558 3122 2737 3194 (Joan.
2760 3140 2853 3199 _xv,
2875 3124 2984 3195 19),
3013 3126 3067 3181 id
3094 3132 3192 3189 est,
3222 3127 3288 3180 de
3314 3125 3511 3179 carnali

1963 3211 2380 3274 conversatione,
2422 3212 2539 3279 quae
2580 3213 2758 3266 mundi
2789 3212 2998 3266 nomine
3037 3213 3137 3269 hoc
3164 3212 3280 3268 loco
3316 3212 3516 3283 signiﬁ-

1964 3298 2073 3352 cari
2094 3298 2319 3352 videtur.
2356 3316 2375 3348 ι
2422 3297 2521 3363 Qui
2564 3313 2690 3368 ergo
2717 3307 2868 3353 erant
2896 3301 2961 3354 de
2982 3301 3197 3363 mundo,
3227 3301 3353 3354 facti
3381 3309 3509 3355 sunt

1964 3401 2069 3439 non
2113 3386 2177 3439 de
2216 3386 2435 3449 mundo,
2469 3394 2522 3439 et
2565 3388 2831 3454 pertinere
2864 3396 3136 3455 coeperunt
3172 3388 3236 3441 ad
3274 3403 3393 3443 eum
3422 3402 3517 3457 per

1964 3489 2121 3541 quem
2154 3474 2323 3527 factus
2366 3482 2448 3527 est
2490 3475 2734 3539 mundus.
2785 3476 2875 3529 isti
2927 3486 3103 3531 autem
3150 3484 3519 3532 remanserunt

1964 3577 2082 3615 esse
2105 3561 2158 3612 in
2187 3561 2399 3624 mundo,
2430 3561 2625 3627 quibus
2648 3562 2845 3631 dictum
2865 3570 2981 3616 est:
3009 3563 3300 3617 Moriemini
3326 3564 3380 3617 in
3401 3579 3516 3631 pec-

1965 3650 2091 3701 catis
2112 3650 2289 3701 vestris
2313 3685 2326 3699 .
2358 3666 2374 3697 ι
2400 3642 2577 3703 Nemo
2600 3626 2773 3711 dicat;
2790 3649 2855 3702 de
2896 3650 2997 3704 hoc
3022 3651 3214 3705 mundo
3240 3666 3344 3704 non
3371 3666 3510 3704 sum.
3538 3712 3547 3721 η

1965 3737 2213 3806 Quisquis
2237 3752 2315 3800 es,
2343 3752 2375 3790 ο
2400 3738 2575 3803 homo,
2604 3736 2670 3792 de
2696 3724 2797 3793 hoc
2825 3740 3018 3794 mundo
3038 3755 3095 3793 es
3119 3758 3131 3792 :
3159 3741 3253 3794 sed
3283 3741 3425 3795 venit
3446 3744 3513 3795 ad

1967 3836 2018 3880 te
2043 3826 2133 3894 qui
2162 3826 2285 3879 fecit
2308 3827 2579 3890 mundum,
2618 3834 2672 3881 et
2694 3827 2938 3881 liberavit
2966 3836 3018 3881 te
3058 3829 3120 3882 de
3145 3830 3246 3883 hoc
3287 3830 3503 3884 mundo.

1968 3912 2024 3968 Si
2054 3915 2275 3969 delectat
2321 3924 2373 3967 te
2414 3915 2656 3979 mundus,
2704 3930 2912 3984 semper
2938 3917 3017 3971 vis
3052 3931 3170 3971 esse
3212 3918 3265 3970 in
3312 3920 3513 3973 mundo

1969 4005 2122 4076 [Aug.
2148 4016 2195 4073 et
2226 4006 2349 4069 Ms.,
2382 4006 2723 4078 immundus].
2768 4006 2825 4061 Si
2860 4016 3033 4062 autem
3072 4009 3185 4079 jam
3214 4025 3319 4063 non
3368 4009 3513 4064 dele-

1967 4106 2076 4152 ctat
2103 4107 2154 4152 te
2178 4098 2263 4151 hic
2304 4100 2546 4163 mundus,
2568 4101 2677 4168 jam
2707 4116 2810 4156 non
2839 4103 2944 4155 eris
2992 4101 3140 4173 [Ms.,
3164 4104 3275 4173 jam
3302 4098 3355 4157 tu
3385 4103 3519 4173 eris]

1968 4189 2193 4243 mundus
2237 4199 2282 4251 ε,
2322 4196 2375 4243 et
2409 4203 2511 4244 non
2550 4190 2751 4253 audies,
2799 4191 2938 4261 quod
2985 4190 3150 4246 Judaei
3194 4193 3514 4247 audierunt:

1970 4275 2260 4327 Μονίεωὶηὲ
2302 4277 2354 4328 in
2398 4286 2602 4344 peccato
2647 4286 2827 4329 vestro.
2863 4297 2881 4329 ι
2928 4279 2994 4331 Et
3022 4279 3112 4345 qui
3154 4280 3271 4347 plus
3308 4288 3513 4347 peccat,

326 4383 517 4438 tantes,
560 4382 614 4429 et
656 4373 943 4428 secundum
987 4386 1194 4426 carnem
1238 4369 1549 4435 judicantes,
1601 4377 1655 4421 et
1699 4375 1865 4420 totum
1895 4363 2081 4444 Dplus
2108 4371 2189 4415 est
2228 4362 2304 4431 [in
2346 4363 2540 4415 mundo
2582 4370 2633 4415 et
2674 4363 2810 4434 plus]
2849 4365 3188 4429 immundus;
3231 4375 3285 4419 et
3312 4376 3514 4433 quanto

326 4464 607 4519 carnaliter
618 4463 888 4517 audientes
898 4469 950 4515 et
963 4461 1240 4529 sapientes,
1261 4459 1530 4512 dixerunt:
1554 4456 1732 4526 (Vens.
1750 4456 1861 4525 22.)

332 4551 575 4619 Nunquid
595 4549 859 4615 interﬁciet
883 4548 1219 4614 semetipsum,
1243 4546 1363 4614 quia
1381 4545 1503 4597 dicit
1524 4558 1541 4595 :
1572 4544 1725 4614 547
1751 4544 1863 4609 Quo

327 4655 416 4706 ego
446 4637 597 4699 uado,
637 4652 725 4689 vos
752 4652 853 4687 non
897 4628 1101 4703 potestis
1146 4635 1362 4687 venire?
1410 4632 1579 4687 Stulta
1625 4620 1783 4688 verba
1811 4642 1864 4687 et

327 4728 540 4780 omnino
569 4726 1075 4794 insipientimplcna.
1103 4723 1239 4789 Quid
1270 4725 1453 4779 enim?
1482 4724 1593 4779 Non
1621 4734 1866 4795 poterant

330 4814 417 4867 illo
445 4814 620 4867 venire
662 4828 764 4881 quo
790 4813 875 4867 ille
899 4802 1233 4881 perrexisset,
1260 4814 1303 4868 si
1330 4814 1659 4877 interﬁceret
1676 4823 1867 4868 semet-

330 4904 542 4970 ipsum?
583 4902 826 4970 Nnnquid
854 4902 949 4970 ipsi
994 4906 1096 4956 non
1122 4911 1276 4956 erant
1313 4904 1597 4957 morituri?
1620 4904 1756 4967 Quid
1784 4912 1866 4955 est

329 4991 728 5087 ergo‘nunquid
754 4990 1015 5056 interﬁciet
1041 4991 1382 5055 semetipsum,
1403 4990 1523 5056 quia
1548 4989 1679 5040 dixit
1705 5001 1723 5037 .'
1751 4988 1863 5052 Quo

330 5096 417 5146 ego
446 5074 596 5142 v‘ado,
625 5096 711 5132 vos
752 5096 851 5131 non
888 5078 1092 5146 potestis
1131 5076 1299 5129 venire
1321 5078 1345 5125 ?
1384 5074 1441 5127 Si
1466 5076 1528 5129 dc
1578 5084 1745 5129 morte
1772 5076 1863 5128 h0-

333 5166 487 5219 minis
527 5167 743 5229 diceret,
791 5167 911 5233 quis
955 5164 1223 5218 hominum
1266 5177 1369 5215 non
1405 5164 1672 5216 moritur?
1707 5163 1863 5233 Ergo,

398 5326 425 5354 ι
450 5312 505 5367 S.
536 5311 691 5382 Aug.,
714 5318 867 5382 tract.
898 5326 1115 5382 xxxviii,
1143 5326 1290 5382 num.
1316 5310 1427 5374 2-8,
1456 5311 1537 5382 11.

400 5383 429 5422 δ
454 5381 560 5441 AL,
595 5378 725 5433 (Illi
752 5381 925 5445 itaque
945 5394 1047 5430 non
1076 5380 1445 5446 intelligentes.
1474 5380 1572 5431 ista
1602 5381 1870 5447 respondit

334 5452 411 5505 eis
439 5450 709 5517 Dominus,
754 5450 843 5517 qui
888 5456 1082 5501 terram
1122 5448 1411 5514 sapiebant.
1460 5448 1590 5511 Quid
1628 5448 1739 5501 ait?
1780 5448 1869 5500 Di-

337 5518 611 5596 cebat-eis:
651 5515 952 5596 Vosietcxi
988 5590 997 5596 Δ
1043 5591 1052 5596 Δ
1081 5592 1090 5596 Α
1297 5584 1309 5596 _
1443 5572 1460 5596 I

407 5598 425 5623 τ
454 5585 651 5653 S.Aug.
681 5602 690 5635 :
716 5603 731 5632 ι
753 5585 807 5637 Si
840 5585 1059 5637 delectat
1077 5592 1125 5634 te
1154 5584 1395 5647 mundus,
1419 5584 1625 5650 s'cmper
1653 5584 1727 5635 vis
1756 5599 1869 5637 esse

1967 4449 2086 4517 quis
2120 4464 2175 4502 se
2201 4450 2416 4502 mundat
2447 4464 2474 4502 a
2499 4458 2741 4518 peccato,
2768 4458 2914 4505 tanto
2940 4465 2996 4505 se
3018 4452 3190 4505 elevat
3217 4453 3279 4505 de
3318 4451 3515 4506 mundo

1968 4551 2071 4589 non
2095 4551 2229 4590 esse.
2258 4554 2275 4585 ‹
2332 4534 2516 4589 Merito
2560 4537 2836 4592 audierunt
2882 4537 3083 4592 Judmi:
3130 4538 3419 4593 Moricmini
3462 4541 3517 4592 in

1968 4628 2183 4696 peccatis
2221 4628 2448 4691 vestris;
2493 4627 2617 4694 quia
2664 4643 2765 4682 non
2812 4628 3004 4680 habere
3053 4635 3328 4694 peccatum
3373 4628 3519 4682 nullo

1969 4720 2125 4777 modo
2152 4718 2414 4786 potuistis,
2444 4716 2531 4784 qui
2561 4731 2680 4769 cum
2721 4721 2936 4783 peccato
2964 4715 3071 4769 nati
3113 4717 3241 4771 estis
3266 4734 3281 4781 ;
3322 4718 3414 4771 sed
3439 4726 3516 4771 ta-

1970 4820 2112 4867 men,
2131 4806 2174 4856 si
2200 4807 2254 4856 in
2278 4820 2375 4867 me,
2406 4804 2590 4871 inquit,
2622 4801 2963 4867 credideritis,
3010 4818 3129 4857 cum
3158 4814 3373 4872 peccato
3402 4805 3518 4871 qui-

1967 4894 2083 4962 dem
2109 4892 2216 4943 nati
2252 4891 2401 4953 estis,
2446 4891 2539 4943 sed
2582 4891 2633 4943 in
2678 4899 2897 4961 peccato
2934 4899 3112 4946 vestro
3140 4892 3377 4945 morituri
3411 4906 3514 4941 non

1964 4979 2108 5031 estis.
2145 4978 2277 5031 Tota
2318 4994 2444 5047 ergo
2473 4978 2755 5033 infelicitas
2785 4981 2894 5049 ipsa
2930 4988 3068 5045 erat,
3109 4963 3215 5033 non
3238 4984 3513 5048 peccatum

1965 5070 2180 5133 habere,
2206 5070 2297 5123 sed
2324 5069 2374 5123 in
2399 5070 2630 5138 peccatis
2655 5071 2808 5124 mori.
2842 5070 2952 5124 Hoc
2990 5078 3070 5123 est
3094 5068 3231 5135 quod
3259 5065 3413 5118 debet
3435 5064 3513 5116 fu-

1965 5174 2088 5229 gere
2111 5160 2283 5214 omnis
2322 5160 2691 5226 Christianus;
2718 5167 2932 5227 propter
2966 5158 3064 5209 hoc
3089 5156 3155 5208 ad
3195 5154 3513 5222 baptismum

1976 5313 2272 5366 immundus
2298 5330 2312 5374 ;
2342 5314 2384 5365 si
2412 5319 2586 5365 autem
2624 5312 2730 5377 jam
2762 5323 2864 5361 non
2892 5316 2941 5361 te
2982 5308 3206 5361 delectat
3237 5308 3513 5377 liiepmnn-

1972 5380 2089 5441 dus,
2110 5382 2219 5446 jam
2246 5388 2298 5431 tu
2328 5395 2385 5431 es
2413 5374 2655 5430 mundus.
2694 5378 3066 5446 Verumtamen
3092 5377 3135 5446 si
3164 5390 3259 5446 per
3282 5374 3511 5446 aliquam

1974 5441 2331 5499 inﬁrmitatem
2376 5447 2549 5499 adhuc
2592 5455 2643 5499 te
2683 5445 2909 5499 delectat
2957 5441 3201 5502 mundus.
3232 5443 3433 5495 habitet
3458 5441 3510 5492 in

1976 5524 2026 5567 te
2074 5515 2160 5579 qui
2210 5515 2443 5577 mundat,
2482 5523 2536 5565 et
2582 5515 2686 5565 eris
2731 5514 2991 5575 mundus;
3028 5513 3071 5565 si
3120 5522 3295 5564 autem
3350 5508 3512 5563 literis

1975 5582 2215 5647 rnnndus,
2245 5598 2346 5637 non
2374 5582 2668 5637 rcmanebis
2688 5582 2738 5635 in
2770 5581 2981 5644 mundo,
3011 5594 3105 5635 nec
3137 5580 3335 5643 audies,
3362 5586 3461 5632 etc.
3490 5598 3505 5627 ι
