4266 6194
697 346 798 400 863

1534 347 1593 402 Β.
1635 348 1695 403 1-⁸.
1737 353 1954 406 ALBINI
1992 351 2119 406 SEU
2157 349 2426 405 ALCUINI
2464 343 2741 405 OPERUM
2779 348 2952 404 PARS
2989 345 3025 403 ΙΙ

3773 359 3878 418 86$

695 453 945 515 curritur,
971 464 1183 523 propter
1207 457 1306 508 hoc
1329 457 1418 524 qui
1439 458 1749 526 aegritudine
1773 459 1851 512 vel
1875 459 2083 513 aliunde
2106 463 2245 529 peri-
2270 463 2316 517 Α
2345 457 2483 510 enim
2534 458 2588 513 in
2615 475 2680 512 eo
2711 458 2850 528 quod
2879 459 3122 512 diuertunt
3145 479 3156 511 :
3206 460 3279 512 Tu
3306 465 3419 530 quis
3446 466 3539 517 es?
3577 465 3700 521 nihil
3736 471 3882 525 aliud

695 539 926 605 ditatur,
954 541 1054 596 sibi
1078 543 1341 597 desiderat
1365 545 1630 599 subveniri
1656 565 1670 610 ;
1710 557 1928 616 propter
1958 550 2062 602 hoc
2085 550 2245 602 etiam

695 642 890 696 sugens
931 630 1180 698 parvulus
1203 647 1232 683 a
1263 643 1431 687 matre
1469 634 1570 701 piis
1598 637 1839 689 manibus
1864 637 1931 689 ad
1958 637 2245 692 Ecclesium

697 714 881 776 fertur,
904 733 971 771 ne
994 719 1108 772 sine
1131 721 1392 788 baptismo
1419 730 1591 788 exeat,
1623 732 1677 775 et
1702 723 1755 776 in
1779 732 1998 791 peccato
2024 725 2115 792 qui
2153 741 2246 777 na-

697 813 781 856 tus
807 813 908 863 est,
938 819 1043 858 non
1088 809 1345 861 moriatur
1373 807 1545 878 ,[Αας.
1574 820 1620 862 et
1647 810 1770 874 ιιι,
1817 827 1922 880 quo
1960 822 2116 866 natus
2141 824 2239 876 est,

696 893 991 964 moriatur].
1019 894 1269 966 Adjunsit
1293 899 1434 952 enim
1454 899 1635 953 dicens
1658 915 1673 953 :
1720 901 1781 956 Si
1802 918 1910 955 non
1928 904 2244 957 credideritis

691 981 814 1046 quia
838 998 928 1059 ego
955 999 1086 1047 sum,
1133 987 1420 1039 moriemini
1459 989 1515 1041 in
1554 990 1771 1057 peccatis
1799 993 1990 1044 reatris.
2032 991 2173 1060 Ergo
2197 993 2241 1046 si

691 1058 1018 1123 credideritis
1041 1073 1164 1139 quia
1192 1087 1287 1141 ego
1315 1089 1454 1138 sum,
1483 1091 1586 1129 non
1617 1078 1911 1146 moriemini
1935 1081 1987 1132 in
2013 1058 2244 1146 peccatis

691 1156 899 1209 vestris.
930 1173 950 1207 ι
1001 1156 1221 1212 Reddita
1263 1169 1347 1214 est
1383 1177 1505 1231 spes
1534 1143 1954 1231 desperantibus,
1993 1143 2242 1219 oscitatio

693 1242 830 1298 facta
866 1253 948 1298 est
974 1246 1355 1303 dormientibus
1380 1266 1395 1314 ;
1417 1251 1665 1305 cordibus
1690 1253 2091 1322 evigilaverunt,
2122 1255 2243 1312 inde

689 1331 901 1400 plurimi
948 1335 1305 1401 crediderunt,
1352 1339 1492 1393 sicut
1539 1339 1806 1410 Evangelii
1860 1342 2024 1408 ipsius
2055 1357 2243 1399 conse-

687 1420 900 1489 quentia
929 1430 1171 1488 testatur,
1220 1425 1308 1479 ubi
1350 1426 1454 1480 ait:
1491 1425 1636 1482 ‘Ha'c
1678 1428 1769 1481 illo
1796 1428 2046 1499 loquente,
2091 1432 2240 1485 multi

688 1507 1011 1562 crediderunt
1035 1511 1088 1563 in
1117 1527 1251 1565 eum.
1282 1513 1336 1567 In
1366 1514 1464 1568 hoc
1491 1530 1618 1586 ergo
1653 1517 1846 1585 populo
1872 1519 1957 1572 cui
1987 1519 2239 1574 Dominus

689 1594 1017 1662 loquebatur,
1045 1608 1197 1652 erant
1240 1603 1330 1668 qui
1371 1604 1423 1655 in
1453 1612 1671 1671 peccato
1697 1619 1793 1658 suo
1843 1605 2051 1659 fuerant
2074 1609 2239 1660 mori-

691 1681 831 1736 turi:
864 1693 1018 1739 erant
1057 1687 1216 1741 etiam
1250 1690 1338 1757 qui
1379 1691 1431 1743 in
1471 1692 1640 1759 ipsum
1670 1693 1757 1760 qui
1783 1691 2095 1761 loquebatur
2120 1694 2234 1749 fue-

2343 545 2588 600 dixerunt
2620 562 2778 615 quam
2822 545 2948 614 quid
2986 557 3038 601 te
3072 563 3187 603 esse
3211 549 3521 606 credemus?
3547 553 3833 623 Respondit
3862 578 3874 610 :

2344 629 2662 701 Principium
2703 647 2786 687 me
2827 648 2944 687 esse
2968 635 3184 698 credite,
3211 645 3264 690 et
3305 637 3540 694 addidit:
3570 643 3704 712 quod
3732 654 3780 696 et
3802 642 3879 697 Io-

2341 736 2470 788 quor
2493 721 2654 772 vobis.
2697 720 2752 774 Id
2783 731 2885 784 est,
2929 723 3050 790 quia
3082 723 3296 778 humilis
3329 736 3543 795 propter
3577 745 3669 785 vos
3707 731 3881 786 raetiis

2341 806 2407 859 ad
2439 807 2535 860 ista
2582 809 2742 860 verba
2776 809 3040 863 descendi.
3092 810 3222 864 Nam
3264 811 3308 864 si
3341 813 3676 883 principium,
3721 819 3878 874 sicuti

2339 907 2441 960 est,
2468 899 2540 951 ita
2571 908 2809 952 maneret
2852 901 2990 967 apud
3033 901 3241 956 Patrem
3265 911 3324 955 ut
3347 919 3451 958 non
3478 907 3739 974 acciperet
3763 907 3875 962 for-

2341 1002 2480 1039 mam
2505 987 2665 1050 servi,
2684 995 2739 1039 et
2763 987 2922 1041 homo
2944 987 3243 1056 loqueretur
3269 991 3590 1056 hominibus,
3617 997 3877 1062 quomodo

2336 1074 2388 1127 ei
2421 1074 2719 1137 crederent,
2746 1089 2867 1127 cum
2895 1075 3102 1128 intlrma
3123 1077 3282 1130 corda
3311 1077 3636 1147 iutelligibile
3656 1082 3876 1136 verbum

2339 1161 2454 1214 sine
2476 1176 2604 1216 voce
2629 1161 2862 1216 sensibili
2896 1162 3079 1216 audire
3107 1161 3235 1234 [Αι.,
3262 1166 3376 1238 sine
3402 1180 3552 1234 voce,
3583 1169 3675 1243 sed
3703 1171 3874 1224 sensi—

2338 1249 2448 1313 bili,
2475 1249 2676 1321 videre]
2719 1265 2823 1304 non
2848 1253 3104 1320 pq’ssent?
3147 1253 3304 1321 Ergo,
3333 1255 3522 1323 inquit,
3563 1256 3761 1311 credite
3790 1274 3876 1312 me

2337 1352 2457 1391 esse
2481 1339 2821 1408 principium,
2865 1339 2988 1408 quia
3033 1349 3092 1393 ut
3120 1342 3346 1398 credatis
3374 1358 3479 1398 non
3519 1344 3691 1399 solum
3735 1361 3873 1408 sum,

2337 1425 2430 1481 sed
2450 1433 2504 1480 et
2532 1425 2718 1494 loquor
2741 1427 2912 1481 vobis.
2966 1438 2968 1440 '

2411 1531 2430 1564 ι
2467 1526 2492 1554 ι
2521 1514 2694 1569 Verba
2723 1513 2928 1570 Domini
2970 1517 3138 1570 nostri
3163 1516 3287 1572 Jesu
3319 1516 3518 1573 Christi
3543 1532 3662 1588 qua:
3690 1520 3874 1575 habuit

2337 1615 2459 1655 cum
2493 1599 2709 1667 ludatis,
2741 1602 2813 1656 ita
2856 1602 3136 1658 moderans
3161 1603 3424 1672 loquelam
3463 1622 3634 1670 suam,
3667 1617 3724 1662 ut
3746 1610 3870 1663 «αἱ

2338 1703 2444 1741 non
2480 1689 2718 1743 viderent
2741 1698 2796 1743 et
2833 1688 3013 1746 ﬁdeles
3037 1692 3219 1766 oculos
3238 1695 3501 1762 aperirent
3540 1694 3745 1767 [Adde:
3771 1700 3871 1754 ista

690 1782 805 1824 ram
830 1775 1101 1839 credituri,
1135 1789 1185 1832 et
1226 1780 1292 1833 ab
1339 1782 1482 1833 omni
1508 1791 1726 1849 peccato
1756 1760 2031 1837 liberandi.
2070 1803 2088 1834 ‹
2127 1786 2232 1838 Ta-
2267 1760 2309 1819 Β
2335 1776 2500 1849 sunt].
2541 1777 2784 1832 Dicebant
2827 1794 2944 1850 ergo
2965 1760 3176 1835 Judtei:
3205 1760 3286 1835 Τά
3314 1786 3428 1854 quis
3460 1760 3558 1840 es?
3575 1790 3697 1854 quia
3721 1791 3872 1845 dlxeo

690 1875 809 1915 uteu
834 1863 931 1918 hoc
959 1866 1187 1928 attende,
1211 1867 1374 1938 εῆε
1405 1871 1544 1937 quod
1569 1872 1644 1923 ait
1672 1871 1925 1926 Dominus
1953 1871 2232 1928 Christus:

689 1948 748 2003 Si
774 1965 875 2004 non
909 1953 1229 2008 credideritis
1263 1957 1384 2025 quia
1425 1973 1515 2026 ego
1554 1975 1690 2022 sum,
1726 1961 2014 2013 moriemini
2043 1962 2094 2014 in
2120 1979 2236 2031 pec-

685 2044 798 2092 cato
819 2054 999 2095 oestro.
1023 2043 1157 2109 Quid
1180 2053 1284 2109 est,
1309 2048 1352 2099 si
1375 2063 1474 2098 non
1495 2048 1814 2101 credideritis
1839 2050 1960 2118 quia
1974 2065 2065 2118 ego
2083 2068 2194 2104 sum
2213 2053 2237 2104 .’

687 2126 855 2193 Quid?
879 2129 1018 2184 Nihil
1038 2133 1254 2187 addidit.
1281 2134 1498 2188 Multum
1521 2135 1757 2204 estquod
1782 2138 2188 2192 commendavit.
2210 2160 2228 2192 ι

689 2219 851 2280 Dixit,
879 2236 969 2289 ego
994 2237 1128 2285 sum,
1167 2231 1220 2277 et
1257 2238 1362 2278 non
1406 2212 1606 2278 addidit
1633 2224 1775 2294 quid,
1821 2228 1932 2280 sive
1968 2227 2233 2294 Christus,

689 2306 799 2359 sive
829 2305 994 2362 Filius
1040 2309 1155 2373 Dei,
1207 2310 1317 2364 sive
1348 2311 1433 2365 ille
1469 2327 1624 2379 quem
1670 2314 1940 2381 propheta:
1978 2316 2253 2383 przedixe-'

689 2402 829 2458 runt,
855 2396 964 2450 sive
991 2397 1234 2452 Salvator
1267 2401 1469 2464 mundi,
1499 2402 1609 2455 sive
1634 2400 1819 2474 [aliud]
1849 2404 2066 2474 aliquid,
2094 2408 2235 2474 quod

688 2482 841 2539 deeo
867 2485 917 2538 in
963 2485 1248 2557 Scripturis
1291 2489 1499 2558 legitur.
1548 2491 1766 2545 Multum
1810 2502 1910 2559 est,
1960 2495 2100 2562 quod
2136 2497 2230 2561 ait,

687 2576 799 2643 ipse
838 2574 988 2645 IUL,
1036 2577 1274 2650 ipsum]:
1328 2579 1438 2648 Ego
1491 2597 1621 2632 sum.
1673 2580 1803 2646 Quia
1839 2583 2048 2636 dixerat
2095 2582 2233 2639 Deus

687 2661 882 2734 Moysi:
915 2665 1024 2734 Ego
1048 2683 1181 2730 sum,
1209 2669 1295 2737 qui
1321 2685 1432 2721 sum
1460 2668 1650 2737 (Exod.
1676 2686 1759 2734 ιιι,
1788 2669 1903 2740 14);
1935 2681 1986 2725 et
2009 2674 2097 2727 hic
2123 2689 2234 2726 mo-

684 2751 783 2806 do:
815 2751 932 2807 Nisi
955 2754 1271 2811 credideritis
1297 2760 1416 2828 quia
1443 2774 1534 2829 ego
1573 2776 1706 2822 sum,
1736 2760 1920 2814 eodem
1952 2763 2113 2816 verbo
2141 2754 2232 2817 ‘es-

683 2843 867 2896 scotia:
891 2845 1223 2912 sempiterna:
1249 2861 1377 2901 usus
1403 2857 1483 2901 est
1516 2849 1583 2902 ad
1618 2848 1865 2917 p0pulum
1906 2850 2225 2913 Judaeorum,

681 2944 788 2998 quo
832 2938 956 2986 tunc
984 2933 1049 2986 ad
1101 2933 1315 3003 Moysen
1354 2950 1452 3004 per
1476 2938 1718 3006 angelum
1765 2939 1817 2991 in
1847 2941 1978 2993 rubo
2007 2939 2229 2995 ﬂamma:

682 3018 836 3089 ignis,
879 3036 1035 3089 quem
1067 3023 1322 3077 missurus
1351 3033 1466 3078 erat
1509 3026 1576 3080 ad
1623 3026 1951 3082 liberandum
1981 3032 2229 3100 populum

2334 1875 2415 1920 rat
2439 1881 2596 1934 supra
2629 1866 2916 1920 Dominus:
2967 1866 3084 1921 Nisi
3111 1871 3429 1925 credideritis
3465 1874 3587 1942 quia
3614 1891 3704 1944 ego
3737 1893 3868 1940 sum,

2333 1955 2619 2007 moriemini
2648 1956 2704 2008 iu
2729 1959 2949 2022 peccatis
2984 1959 3178 2012 vestris.
3220 1959 3301 2014 Ad
3329 1961 3441 2016 hare
3462 1977 3590 2031 ergo
3632 1964 3703 2018 illi
3728 1982 3741 2016 :
3794 1964 3871 2018 Tu

2331 2043 2444 2110 quis
2466 2043 2557 2095 es?
2601 2042 2761 2096 veluti
2785 2053 3079 2111 quaerentes
3109 2061 3281 2111 nosse,
3326 2049 3379 2102 in
3415 2065 3572 2119 quem
3615 2052 3868 2108 deberent

2333 2130 2567 2194 credere,
2597 2144 2664 2185 ne
2693 2131 2746 2184 in
2797 2147 2891 2185 suo
2935 2144 3152 2200 peccato
3191 2145 3541 2192 morerentur.
3582 2138 3872 2208 Respondit

2333 2217 2660 2273 dicentibus:
2694 2218 2736 2270 Τ
2740 2237 2769 2272 u
2793 2222 2908 2289 quis
2933 2223 3026 2275 es?
3050 2229 3103 2276 et
3128 2224 3203 2276 ait
3226 2241 3238 2276 :
3281 2217 3618 2294 Principium,
3656 2229 3792 2298 quod
3821 2242 3869 2283 et

2331 2304 2513 2376 loquor
2545 2306 2704 2360 vobis.
2737 2327 2754 2358 ι
2799 2307 2972 2373 Quare
3011 2323 3068 2364 se
3098 2310 3228 2364 dicit
3257 2309 3509 2367 Dominus
3543 2313 3696 2371 Jesus
3720 2317 3867 2385 prin-

2332 2393 2568 2460 cipium?
2614 2394 2746 2459 Quia
2798 2398 2975 2449 omnia
3023 2411 3117 2464 per
3159 2398 3329 2466 ipsum
3375 2399 3511 2454 facta
3557 2412 3702 2468 sunt,
3729 2405 3869 2458 sicut

2332 2479 2572 2535 Psalmus
2595 2480 2745 2552 [Ms.,
2770 2482 3069 2556 Psalmista]
3107 2484 3268 2539 dicit:
3317 2485 3503 2541 Omnia
3538 2490 3593 2542 in
3618 2491 3868 2559 sapientia

2332 2570 2499 2638 fecisti
2526 2569 2747 2641 (Psatm.
2776 2587 2890 2636 cm,
2917 2571 3028 2639 24).
3057 2572 3114 2628 Si
3139 2572 3296 2644 igitur
3322 2576 3498 2629 omnia
3525 2577 3578 2630 in
3613 2578 3866 2646 sapientia

2332 2659 2457 2713 fecit
2485 2659 2641 2722 Deus,
2670 2660 2721 2713 id
2745 2668 2845 2723 est,
2874 2662 2927 2714 in
2969 2660 3100 2715 Filio
3136 2677 3232 2717 suo
3255 2673 3516 2721 coaeterno
3540 2667 3640 2721 sibi
3664 2675 3721 2722 et
3744 2683 3868 2722 ωηο

2333 2747 2681 2811 substantiali,
2728 2748 2892 2803 Filius
2918 2751 3098 2818 utique
3140 2752 3373 2806 omnium
3415 2755 3728 2824 principium
3764 2767 3865 2812 est.

2332 2835 2577 2905 Nunquid
2615 2847 2668 2890 et
2709 2837 2866 2890 Pater
2910 2847 3082 2906 potest
3127 2840 3231 2893 dici
3275 2840 3639 2909 principium?
3674 2843 3870 2913 Utique

2331 2933 2476 2979 recte
2503 2925 2696 2979 dicitur
2732 2924 2826 2996 [et]
2867 2926 3023 2979 Pater
3048 2926 3380 2995 principium,
3421 2937 3477 2982 et
3519 2928 3684 2984 Filius
3717 2933 3863 3006 prin-

2331 3011 2526 3080 cipium
2549 3029 2562 3078 ;
2602 3028 2705 3066 non
2734 3018 2906 3066 tamen
2932 3013 3035 3067 duo
3057 3014 3332 3082 principia.
3361 3015 3508 3070 Sient
3526 3017 3865 3084 Pater-Deus,

682 3083 853 3161 suum.
882 3083 1016 3176 Quid
1040 3119 1121 3164 est
1161 3112 1298 3181 quod
1345 3114 1432 3168 hic
1466 3113 1637 3169 dixit:
1687 3115 1797 3186 Ego
1839 3083 2113 3184 sunt,'nisi
2145 3083 2230 3174 ille
2257 3083 2304 3147 α
2332 3109 2386 3154 εί
2405 3100 2572 3154 Filius
2600 3101 2754 3160 Deus:
2787 3116 2889 3154 ¹¹⁰¹¹
2927 3110 3099 3154 “me”
3145 3101 3248 3155 duo
3274 3103 3368 3168 diit
3409 3103 3504 3159 sed
3547 3120 3685 3160 ¹¹¹¹¹³³
3729 3105 3868 3161 De“

682 3196 791 3263 ipse
813 3198 903 3265 qui
940 3206 1063 3250 tunc
1083 3200 1226 3251 venit
1254 3201 1305 3252 in
1334 3201 1575 3268 angelum
1612 3201 1758 3272 [Ms.,
1796 3205 1916 3258 veni
1942 3207 1994 3259 in
2023 3207 2229 3278 angelo]

682 3285 894 3340 mittere
923 3284 1131 3356 Moysen
1162 3302 1372 3342 servum
1417 3305 1593 3344 meum
1618 3292 1683 3345 ad
1713 3291 2043 3348 liberandum
2070 3310 2232 3364 popu-

682 3375 790 3428 lum
827 3390 1040 3440 meum;
1093 3390 1191 3446 ego
1218 3378 1330 3446 ipse
1371 3379 1526 3434 modo
1568 3395 1664 3449 per
1713 3382 1972 3452 meipsum
1998 3385 2118 3437 veni
2153 3385 2232 3438 in-

682 3474 951 3529 carnatus,
978 3467 1134 3522 homo
1157 3469 1328 3524 factus
1355 3471 1578 3528 liberare
1603 3474 1841 3531 homines
1864 3493 1998 3547 quos
2022 3479 2227 3543 creavi;

682 3553 886 3607 salvare
931 3556 1021 3625 qui
1064 3558 1254 3626 perditi
1296 3557 1524 3613 fuerant.
1571 3561 1836 3632 Quidquid
1866 3568 2007 3619 enim
2052 3567 2230 3634 aliquo

680 3643 837 3696 modo
863 3646 1054 3698 mutari
1103 3655 1296 3715 potest,
1326 3647 1408 3702 vel
1453 3649 1504 3701 in
1552 3649 1740 3705 melius
1767 3653 1849 3706 vel
1897 3653 1947 3706 iu
1975 3653 2227 3718 deterius,

680 3732 1067 3800 quodammodo
1089 3735 1311 3786 moritur
1334 3749 1398 3787 eo
1425 3736 1565 3802 quod
1590 3735 1688 3789 fuit
1714 3747 1851 3800 ante,
1890 3741 2012 3808 dum
2044 3741 2228 3810 incipit

682 3819 824 3873 aliud
859 3834 1004 3884 esse,
1049 3822 1130 3875 vel
1178 3822 1332 3877 aliter
1375 3840 1492 3879 esse
1542 3841 1697 3894 quam
1746 3825 1862 3880 fuit.
1915 3827 2071 3882 Solus
2104 3845 2229 3884 vero

685 3907 822 3962 Deus
855 3924 1062 3976 semper
1108 3910 1246 3963 idem
1277 3921 1378 3964 est.
1429 3911 1776 3991 [inmutabilis
1818 3913 2080 3984 [veritas],
2126 3916 2226 3968 im-

685 4000 952 4054 mutabilis
977 4001 1204 4066 bonitas,
1232 4003 1572 4058 immutabilis
1610 4007 2016 4074 sempiternitas,
2040 4009 2231 4062 immu-

615 4127 620 4130 .
684 4089 857 4143 labilis
883 4098 1088 4154 natura,
1133 4092 1475 4149 immutabilis
1517 4097 1832 4149 substantia.
1879 4097 1945 4151 Et
1973 4099 2228 4167 quidquid

682 4177 746 4229 de
770 4191 834 4230 eo
856 4177 958 4232 dici
985 4169 1181 4247 potest,
1206 4196 1413 4249 semper
1440 4182 1578 4236 idem
1599 4193 1681 4236 est
1704 4184 1844 4251 quod
1880 4184 1980 4238 fuit
2006 4193 2060 4238 et
2089 4186 2228 4252 quod

680 4267 801 4319 erit.
833 4266 1054 4322 Prorsus
1083 4269 1212 4323 nihil
1251 4271 1393 4325 aliud
1437 4272 1626 4327 melius
1668 4274 1879 4327 videtur
1916 4274 2134 4344 intelligi
2171 4276 2224 4328 in

685 4359 781 4409 hoc
809 4359 989 4423 verbo,
1033 4361 1173 4427 quod
1216 4361 1290 4414 ait
1337 4361 1623 4416 Dominus:
1672 4362 1782 4432 Ego
1824 4381 1959 4428 sum,
1992 4365 2226 4452 nisiiego
2249 4395 2301 4452 Β

682 4460 800 4499 sum
842 4445 996 4500 Deus.
1044 4446 1335 4502 Moriemini
1385 4451 1435 4501 in
1480 4459 1693 4517 peccato
1727 4459 1921 4503 vestro.
1952 4468 1970 4499 ι
2023 4449 2125 4503 Sed
2155 4451 2228 4503 illi

682 4549 892 4605 semper
919 4543 1129 4589 terrena
1157 4538 1438 4605 sapientes,
1475 4546 1523 4589 et
1570 4552 1778 4606 semper
1801 4537 2087 4591 secundum
2112 4553 2229 4590 car-

681 4636 803 4675 nem
831 4623 1104 4677 audientcs
1130 4631 1183 4677 et
1208 4625 1602 4693 respondentes,
1633 4627 1758 4695 quid
1782 4627 1830 4679 ei
1853 4626 2135 4681 dixerunt?

750 4711 907 4766 Vsus.
933 4711 1020 4764 25.
1049 4742 1118 4750 —
1149 4711 1225 4765 Tu
1251 4715 1364 4782 quis
1397 4731 1450 4766 es
1473 4715 1498 4766 7
1525 4713 1638 4767 Non
1661 4695 1823 4777 eni‘m,
1853 4730 1972 4767 cum
2009 4715 2184 4768 dixisti
2211 4732 2223 4767 :

687 4800 802 4853 Nisi
827 4799 1165 4864 credideritis,
1192 4804 1312 4870 quia
1348 4819 1437 4870 ego
1481 4818 1613 4866 sum,
1643 4802 1908 4862 addidisti,
1940 4804 2058 4870 quis
2082 4819 2227 4858 esses

685 4887 862 4959 μαψ,
899 4890 1021 4955 quid
1059 4889 1247 4960 esses].
1294 4889 1424 4955 Quis
1447 4905 1523 4953 es,
1566 4900 1623 4941 ut
1663 4891 1980 4943 credamus?
2006 4890 2070 4943 Et
2096 4891 2222 4943 ille:

686 4975 1024 5045 Principium.
1062 4975 1196 5032 Ecce
1223 4978 1362 5043 quod
1389 4986 1491 5040 est,
1520 4991 1656 5030 esse.
1686 4976 2005 5045 Principium
2033 4979 2224 5032 mutari

684 5080 786 5118 non
810 5074 1018 5132 potest;
1051 5066 1366 5133 principium
1395 5066 1446 5117 in
1483 5081 1539 5118 se
1581 5074 1759 5118 manet
1782 5074 1833 5118 et
1878 5067 2087 5120 innovat
2115 5084 2225 5120 om-

689 5154 810 5214 nia;
841 5153 1156 5220 principium
1177 5162 1278 5216 est,
1307 5153 1390 5206 cui
1414 5154 1609 5206 dictum
1639 5161 1719 5205 est
1744 5171 1754 5203 :
1788 5151 1863 5204 Tu
1890 5163 2056 5206 autem
2091 5156 2225 5208 idem

687 5242 792 5308 ipse
817 5257 891 5303 es,
937 5248 984 5292 et
1036 5241 1158 5292 anni
1206 5242 1282 5291 tui
1332 5258 1432 5292 non
1475 5240 1706 5308 deﬁcient
1759 5237 1976 5309 (Psalm.
2013 5256 2084 5304 Cl,
2114 5242 2223 5313 28).

689 5326 1027 5396 Principium,
1055 5329 1150 5392 ait,
1177 5329 1311 5398 quod
1338 5337 1382 5380 et
1405 5328 1584 5396 loquor
1611 5329 1763 5381 vobis.
1804 5328 2117 5396 Principium
2146 5348 2228 5385 me

691 5419 906 5480 (redite,
935 5431 1000 5470 ne
1027 5418 1325 5472 moriamini
1371 5417 1420 5469 in
1449 5419 1680 5484 peccatis
1708 5420 1912 5472 vestris.
1954 5419 2224 5490 Tanquam

757 5588 778 5613 ι
812 5576 883 5628 Es
913 5576 968 5630 S.
1001 5577 1152 5645 Aug,
1184 5587 1334 5633 tract.
1371 5596 1548 5639 suis,
1584 5594 1722 5631 num.
1762 5579 1804 5635 l,
1834 5579 1881 5639 6,
1911 5579 1956 5627 7.

2331 3191 2582 3247 dicendus
2615 3201 2728 3256 est;
2765 3194 2842 3245 sic
2888 3191 3043 3245 Pater
3074 3192 3410 3261 principium,
3436 3205 3491 3263 et
3521 3196 3687 3250 Filius
3723 3199 3867 3273 prin-

2329 3280 2543 3348 cipium,
2590 3296 2695 3334 non
2737 3291 2913 3335 tamen
2940 3281 3044 3337 duo
3081 3284 3356 3353 principia,
3405 3286 3497 3340 sed
3523 3302 3683 3341 unum
3722 3288 3869 3356 prin-

2329 3367 2523 3435 cipium
2548 3366 2814 3421 fatendum
2839 3378 2937 3424 est.
2970 3369 3106 3440 Ergo
3144 3380 3198 3425 et
3232 3371 3459 3442 Spiritus
3482 3385 3696 3430 sanctus
3717 3377 3862 3444 prin-

2329 3456 2524 3524 cipium
2547 3462 2651 3519 est,
2677 3471 2780 3509 non
2807 3451 2982 3512 tamen
3007 3459 3108 3513 tria
3141 3462 3419 3530 principia,
3442 3461 3601 3518 Pater
3625 3473 3681 3519 et
3703 3465 3872 3519 Filius

2326 3554 2381 3598 et
2434 3544 2663 3613 Spiritus
2704 3534 2938 3610 sanctus,
2989 3548 3081 3601 sed
3124 3564 3285 3602 unum
3335 3552 3694 3619 principium;
3731 3556 3866 3608 s'cnt

2328 3634 2488 3692 Pater
2518 3639 2678 3702 Deus,
2704 3637 2872 3692 Filius
2896 3638 3052 3702 Deus,
3079 3638 3308 3708 Spiritus
3331 3648 3546 3696 sanctus
3573 3642 3731 3707 Deus,
3759 3659 3867 3698 non

2327 3738 2503 3784 tamen
2541 3737 2651 3783 tres
2695 3729 2788 3792 dii,
2819 3730 2911 3782 sed
2954 3745 3090 3783 unus
3141 3730 3300 3785 Deus.
3347 3730 3506 3787 Pater
3528 3734 3862 3802 omnipotens

2327 3819 2492 3873 Filius
2513 3820 2865 3888 omnipotens,
2894 3818 3121 3887 Spiritus
3144 3830 3356 3876 sanctus
3379 3825 3730 3891 omnipotens,
3758 3840 3863 3879 non

2327 3917 2502 3960 tamen
2528 3916 2636 3960 tres
2675 3908 3080 3976 omnipotentes,
3118 3909 3210 3962 sed
3249 3925 3386 3964 unus
3425 3912 3775 3979 omnipotens.
3806 3911 3863 3966 Id

2325 3995 2466 4050 enim
2497 3995 2636 4063 quod
2659 3994 2814 4048 Pater
2841 3994 2951 4067 [ad]
2978 4009 3034 4049 se
3057 4003 3159 4057 est,
3187 3995 3325 4050 Dens
3351 4003 3431 4049 est
3453 4011 3467 4059 ;
3509 3997 3649 4064 quod
3673 3997 3743 4051 ad
3774 3998 3860 4052 Fi—

2325 4084 2453 4136 lium
2482 4091 2580 4145 est,
2623 4083 2776 4136 Pater
2819 4092 2935 4147 est;
2981 4084 3119 4150 quod
3145 4082 3311 4138 Filius
3335 4085 3400 4138 ad
3445 4086 3696 4154 seipsum,
3726 4088 3865 4140 Deus

2324 4181 2436 4235 est;
2466 4173 2604 4240 quod
2637 4187 2666 4223 a
2710 4172 2866 4225 Patre
2894 4181 2994 4237 est,
3040 4172 3205 4227 Filius
3233 4182 3332 4227 est.
3379 4175 3445 4228 Et
3489 4174 3714 4243 Spiritus
3746 4194 3862 4232 san-

2327 4269 2444 4314 ctus
2464 4261 2604 4330 quod
2629 4261 2694 4314 ad
2721 4276 2779 4314 se
2802 4269 2901 4324 est,
2935 4261 3074 4315 Deus
3097 4270 3211 4324 est;
3242 4259 3379 4329 quod
3400 4277 3430 4316 a
3449 4262 3606 4317 Patre
3629 4274 3682 4317 et
3705 4261 3860 4328 Filio,

2327 4351 2555 4419 Spiritus
2592 4358 2806 4405 sanctus
2846 4362 2960 4406 est:
3001 4353 3122 4420 quia
3169 4351 3342 4407 Patris
3387 4362 3440 4407 et
3472 4354 3592 4408 Filii
3637 4356 3864 4426 Spiritus

2326 4447 2427 4501 est,
2457 4454 2521 4491 ex
2545 4439 2701 4493 Patre
2727 4448 2780 4492 et
2822 4439 2954 4493 Filio
2991 4440 3149 4511 549
3185 4443 3493 4510 procedens,
3536 4447 3696 4501 unius
3735 4449 3858 4502 sub—

2327 4527 2555 4590 stantiae,
2592 4529 2887 4596 potestatis,
2935 4529 3226 4596 majestatis
3250 4528 3388 4582 cum
3420 4529 3576 4583 Patre
3615 4541 3670 4585 et
3706 4533 3858 4587 Filio.

2325 4619 2614 4673 Audiamus
2665 4634 2791 4689 ergo
2833 4619 3166 4688 principium,
3220 4621 3360 4687 quod
3408 4619 3640 4690 loquitur
3688 4626 3857 4679 nobis.

2328 4708 2507 4777 (Vsus.
2535 4709 2624 4778 25)
2659 4708 2846 4771 Multa,
2883 4709 3070 4776 inquit,
3105 4709 3262 4761 habeo
3286 4710 3349 4762 de
3382 4712 3521 4782 vobis
3545 4713 3691 4784 loqui
3709 4725 3760 4769 et
3771 4705 3862 4786 ju-

2325 4797 2516 4850 dicare.
2555 4797 2610 4850 ln
2638 4796 2740 4849 alio
2781 4810 2907 4850 vero
2937 4795 3052 4850 loco
3095 4797 3264 4850 dixit:
3318 4799 3440 4853 Non
3477 4801 3660 4868 judico
3683 4819 3857 4871 quens-

2325 4901 2496 4954 quam,
2525 4893 2833 4954 praesentem
2874 4883 2987 4951 ejus
3013 4886 3291 4939 ostendens
3315 4888 3614 4951 adventum,
3646 4904 3751 4958 quo
3774 4906 3860 4944 ve-

2325 4972 2403 5024 nit
2427 4972 2649 5033 salvare,
2679 4985 2782 5022 non
2818 4969 3090 5036 judicare:
3123 4973 3244 5041 quia
3279 4982 3514 5036 venerat,
3543 4982 3600 5026 ut
3631 4975 3861 5032 salvaret

2325 5059 2598 5119 mundum,
2628 5072 2730 5109 non
2757 5065 2813 5109 ut
2836 5057 3097 5126 judicaret
3130 5059 3397 5112 mundum.
3427 5079 3444 5110 ι
3496 5061 3644 5128 Quod
3683 5074 3859 5121 autem

2326 5161 2464 5197 nunc
2488 5145 2679 5196 dicitur
2704 5143 2853 5214 μη,
2880 5146 3056 5216 dicit]:
3096 5145 3261 5198 Multa
3292 5146 3449 5201 [iubeo
3476 5150 3538 5203 de
3559 5152 3698 5205 vobis
3721 5152 3861 5222 loqui

2325 5244 2372 5288 et
2405 5234 2668 5301 judicare,
2692 5235 2947 5304 judicium
2993 5233 3224 5288 futurum
3262 5236 3408 5290 dicit.
3452 5239 3572 5292 Ideo
3597 5240 3736 5292 enim
3775 5255 3861 5296 as—

2325 5322 2521 5386 cendit,
2565 5332 2622 5377 ut
2648 5323 2825 5378 veniat
2857 5322 3092 5390 judicare
3118 5324 3264 5379 vivos
3305 5333 3358 5378 et
3402 5335 3656 5380 mortuos.
3695 5325 3860 5384 Nemo

2321 5411 2514 5478 jnstius
2558 5411 2834 5480 judicabit,
2884 5426 3040 5478 quam
3082 5413 3171 5480 qui
3221 5411 3412 5478 injuste
3452 5411 3716 5478 judicatus
3756 5421 3856 5469 est.
