4152 6190
333 287 434 342 865

1139 266 1530 324 EXECI'ZTICA.
1576 295 1636 303 -—-
1675 259 2018 317 COMMENT.
2061 260 2123 312 IN
2159 259 2342 313 JOAN.
2373 289 2434 298 -—-
2461 258 2583 310 ιλιι.
2627 258 2707 309 lV'.

3406 253 3510 307 866

344 391 508 447 Multa
535 389 715 447 habeo;
750 383 932 451 inquit,
965 381 1100 450 loqui
1138 390 1184 432 et
1221 379 1456 446 judicare
1480 379 1542 429 de
1568 375 1739 435 rubis;
1779 373 1866 424 sed
1899 378 1940 431 Α
1969 371 2140 439 ligno;
2173 371 2264 423 sed
2308 370 2395 421 illa
2424 368 2692 423 exultatio.
2725 366 3017 417 hutniliatio
3048 364 3160 416 fuit.
3197 363 3339 416 Tunc
3367 367 3510 416 enim

339 484 430 550 qui
449 497 528 533 nte
551 479 706 537 misit,
731 490 884 528 verax
909 482 1002 526 est.
1035 471 1238 531 Videte,
1261 464 1694 536 quemadmodum
1724 461 1866 515 Patri

340 573 432 624 det
464 567 613 641 [ιιι.
644 564 754 634 dat]
783 563 998 633 gloriam
1022 558 1235 628 aqualis
1258 556 1296 610 Ρ
1303 557 1419 609 ilius
1444 554 1606 607 Patri.
1636 573 1654 603 ι
1680 551 1868 604 Exem-

341 640 484 728 plum
511 659 650 714 enim
673 643 822 709 nobis
861 653 1058 722 praebet
1087 650 1302 720 gloriam
1328 648 1454 701 dare
1495 645 1620 706 Deo,
1647 640 1866 711 gloriam

343 750 436 805 Dei
460 762 715 809 deterere,
741 761 843 798 non
887 751 1144 804 nostram,
1173 737 1320 806 quasi
1356 737 1590 790 diceret:
1633 731 1677 785 θ
1711 731 1869 784 homo

344 839 525 899 fidelis,
556 837 601 890 si
634 850 731 901 ego
762 832 925 886 Filius
967 830 1139 883 Patris
1182 823 1397 895 :equalis
1437 822 1601 883 Patri,
1646 818 1869 873 consub-

343 926 603 980 stantialis
646 923 810 984 Patri,
859 927 1151 974 coaeternus
1197 915 1362 976 Patri,
1410 912 1477 966 do
1509 910 1725 978 gloriam
1761 907 1810 959 ei
1839 921 1868 958 a

343 1029 449 1082 quo
479 1027 617 1074 sum,
653 1008 917 1079 quomodo
959 1016 1013 1059 tu
1051 1005 1304 1073 superbus
1327 1016 1386 1055 es
1409 997 1545 1068 apud
1574 1011 1693 1051 eum
1720 995 1872 1063 cujus

341 1116 402 1154 es
428 1114 610 1154 servus
635 1115 648 1150 :
682 1096 865 1158 Multa,
905 1093 1093 1161 inquit,
1123 1091 1278 1144 habeo
1303 1090 1366 1142 de
1389 1087 1528 1141 vobis
1552 1085 1691 1154 loqui
1714 1092 1762 1136 et
1778 1083 1871 1150 ju-

343 1189 531 1247 dicare,
557 1185 644 1238 sed
666 1184 752 1254 qui
775 1199 854 1235 me
879 1181 1033 1244 misit,
1063 1195 1216 1231 verax
1236 1186 1308 1230 est
1331 1193 1349 1239 ,'
1377 1183 1627 1242 tanquam
1644 1171 1869 1222 diceret:

344 1275 465 1328 Ideo
491 1287 671 1327 verum
715 1270 851 1330 dico,
892 1269 1012 1335 quia
1059 1266 1220 1319 Filius
1246 1263 1464 1319 veracis,
1496 1258 1690 1311 veritas
1733 1270 1868 1308 sum.

345 1365 503 1420 Pater
539 1377 697 1416 verax
723 1369 821 1422 est,
860 1360 1021 1411 Filius
1051 1357 1262 1409 veritas.
1297 1372 1315 1403 ι
1366 1353 1453 1404 Ait
1477 1349 1617 1402 enim
1644 1346 1870 1414 apertis-

343 1457 477 1511 sime
501 1455 612 1522 ipse
648 1452 931 1504 Dominus:
963 1447 1070 1514 Ego
1094 1461 1207 1497 sum
1233 1444 1333 1504 via,
1365 1451 1414 1494 et
1446 1440 1649 1499 veritas,
1674 1445 1722 1487 et
1748 1435 1868 1486 rita.

347 1545 484 1613 Ergo
503 1545 548 1596 si
577 1542 738 1594 Filius
773 1537 986 1598 veritas,
1027 1534 1185 1586 Pater
1207 1531 1353 1599 quid,
1383 1530 1482 1582 nisi
1512 1525 1653 1596 quod
1680 1525 1755 1575 ait
1777 1537 1871 1574 ve-

347 1611 512 1685 ritas:
559 1629 659 1694 Qui
686 1643 764 1678 me
787 1624 946 1686 misit,
974 1636 1125 1675 uerna:
1149 1629 1220 1670 est
1242 1619 1266 1669 ἵ
1292 1617 1454 1669 Filius
1473 1612 1686 1674 veritas,
1716 1611 1875 1663 Pater

1969 457 2138 511 lactus
2170 468 2251 510 est
2271 457 2412 510 Patri
2447 456 2695 508 obediens
2716 467 2881 520 usque
2916 451 2982 504 ad
3010 460 3255 512 mortem,
3286 459 3508 503 morum

1967 556 2140 601 autem
2170 547 2342 600 erucis
2373 543 2620 614 (Philipp.
2654 557 2713 602 tt,
2741 541 2816 609 8).
2849 539 3068 607 Propter
3094 539 3232 614 quod
3259 535 3514 590 exultavit

1968 635 2114 687 illum
2149 633 2305 687 Deus.
2340 653 2357 683 ι
2383 612 2566 684 Altera
2597 631 2845 682 exultatio
2885 627 3002 689 fuit,
3031 612 3240 694 quando
3276 616 3512 678 elevatus

1967 731 2049 776 est
2077 723 2128 776 iu
2161 736 2402 783 erucem;
2438 720 2601 772 altera
2641 720 2762 772 dum
2805 716 3042 770 ascendit
3080 715 3133 767 in
3176 714 3386 768 celum.
3417 712 3506 766 illa

1968 809 2364 871 humiliationis,
2395 809 2491 862 ista
2513 805 2924 876 gloriﬁcationis.
2949 822 2966 853 ι
2990 799 3368 856 Exaltatibuem
3391 817 3511 855 cru-

1965 911 2045 964 cis
2069 907 2343 977 oportebat
2368 902 2576 969 impleri
2619 916 2717 968 per
2754 914 2936 952 eorum
2984 913 3171 950 manus
3198 898 3286 964 qui
3326 904 3508 965 postea

1967 997 2175 1052 fuerant
2197 991 2467 1051 credituri,
2497 991 2686 1058 quibus
2707 989 2836 1041 dicit
2862 1005 2874 1038 :
2899 984 3028 1039 Cum
3046 985 3390 1039 exaltareritis
3418 981 3515 1036 Fi-

1967 1085 2093 1138 lium
2122 1082 2358 1144 hominis,
2401 1089 2520 1131 tunc
2549 1063 2856 1145 cognoscetis
2891 1075 3014 1143 quia
3042 1089 3133 1141 ego
3175 1088 3308 1126 sunt.
3337 1069 3514 1136 Quare

1968 1177 2088 1237 hoc,
2119 1174 2217 1226 nisi
2261 1181 2318 1224 ut
2345 1184 2500 1224 nemo
2529 1170 2831 1235 desperaret
2873 1167 2928 1219 in
2955 1179 3268 1232 quocunque
3313 1163 3514 1217 scelere

1970 1262 2103 1314 male
2129 1259 2274 1331 [sibi]
2297 1258 2564 1318 conscius,
2587 1253 2797 1323 quando
2812 1254 3022 1307 vithzbat
3042 1253 3120 1305 eis
3139 1252 3323 1306 donari
3346 1252 3514 1304 homi-

1969 1350 2188 1411 cidium,
2215 1349 2303 1416 qui
2352 1347 2658 1400 occiderant
2698 1343 2998 1397 Christum?
3031 1361 3051 1392 ι
3080 1341 3294 1395 Addidit
3327 1357 3339 1392 :
3373 1339 3512 1392 Tunc

1971 1440 2277 1508 cognoscetis
2323 1439 2446 1508 quia
2490 1453 2579 1504 ego
2622 1451 2756 1488 sum.
2803 1433 2936 1498 Quid
2981 1440 3082 1495 est,
3132 1447 3220 1500 ego
3276 1448 3383 1493 um,
3413 1431 3514 1482 nisi

1972 1529 2127 1581 unius
2156 1527 2460 1581 substantiae
2479 1540 2597 1578 eum
2625 1524 2813 1577 Patre?
2843 1522 2993 1576 Sicut
3017 1530 3070 1576 et
3094 1522 3160 1574 ad
3191 1520 3404 1589 Moysen
3428 1534 3518 1572 su-

1971 1617 2150 1686 perius
2192 1617 2437 1674 diximus.
2491 1615 2688 1666 dictum
2732 1627 2848 1666 esse
2882 1630 2894 1663 :
2928 1611 3038 1680 Ego
3079 1627 3216 1672 sum,
3249 1612 3336 1678 qui
3379 1625 3514 1663 sum.

348 1735 524 1773 verax.
561 1738 580 1768 ι
617 1716 767 1770 Sicut
788 1729 816 1766 a
842 1712 999 1765 Patre
1038 1708 1221 1768 Filius,
1251 1705 1322 1758 ita
1367 1718 1397 1756 a
1439 1702 1613 1754 veraci
1656 1700 1868 1752 veritas.
1900 1696 1948 1755 Β
1979 1707 2148 1760 Verbo
2176 1704 2504 1757 substantia“
2531 1703 2698 1755 υιὶιιιι·
2725 1703 2788 1755 de
2813 1702 2987 1770 scing
3018 1701 3287 1763 Dominus,
3332 1709 3392 1754 υι
3431 1702 3518 1756 in-

347 1809 503 1860 Pater
527 1819 683 1858 veras
709 1811 812 1863 est,
848 1800 938 1852 sed
968 1813 1069 1850 non
1100 1811 1132 1848 a
1168 1795 1427 1854 veritate;
1468 1789 1631 1842 Filius
1658 1787 1870 1848 veritas,

345 1896 439 1948 sed
467 1910 496 1946 a
536 1894 714 1953 Patre,
736 1888 884 1957 quasi
920 1884 1051 1956 [Al.,
1079 1882 1224 1952 quia]
1251 1881 1412 1934 Filius
1437 1894 1466 1931 a
1493 1877 1666 1952 Patre,
1710 1891 1813 1927 non
1843 1881 1873 1925 ιι

347 1986 538 2051 seipse.
567 1981 632 2034 Et
658 1979 777 2032 ideo
802 1973 920 2047 [ait]
955 1973 1059 2033 alio
1096 1971 1210 2025 loco
1235 1988 1246 2021 :
1277 1968 1318 2019 Α
1358 1983 1435 2020 me
1473 1967 1580 2034 ipso
1611 1979 1712 2015 non
1740 1963 1872 2022 ueni,

349 2073 404 2125 id
424 2077 524 2132 est,
550 2085 580 2120 a
610 2083 694 2121 me
721 2066 834 2134 ipso
872 2078 977 2117 non
1004 2075 1138 2116 sum.
1185 2057 1343 2110 Pater
1367 2055 1546 2122 utique
1586 2066 1745 2104 verax
1772 2059 1872 2111 est,

349 2173 454 2212 non
476 2154 832 2226 participando
857 2150 1062 2205 veritati
1085 2147 1233 2219 [ιιι.
1267 2139 1589 2209 veritatem],
1611 2139 1702 2192 sed
1721 2151 1876 2206 gene-

214 2267 225 2276 ·
286 2231 298 2238 ’
347 2225 516 2299 rando
547 2243 862 2303 veritatem;
904 2237 1026 2305 quia
1072 2236 1226 2287 Pater
1249 2232 1428 2302 genuit
1449 2228 1656 2288 Filium,
1687 2225 1777 2294 qui
1811 2225 1877 2278 de

349 2349 409 2390 se
436 2335 563 2402 .ipso
606 2332 728 2384 ait:
774 2328 886 2397 Ego
911 2342 1025 2379 sunt
1068 2326 1146 2377 via
1185 2331 1231 2375 et
1274 2321 1478 2374 veritas.
1528 2316 1659 2370 Cum
1700 2322 1877 2366 autem

347 2424 569 2478 dixisset
593 2420 840 2473 Dominus
870 2415 1039 2474 Iesus,
1069 2428 1221 2467 uerax
1242 2419 1337 2472 est,
1365 2410 1452 2478 qui
1476 2423 1554 2459 me
1584 2405 1736 2464 misit,
1774 2416 1876 2454 nOn

349 2511 716 2565 intellexerunt
740 2505 838 2567 illi,
861 2502 1000 2570 quod
1023 2501 1088 2554 de
1109 2500 1268 2552 Patre
1291 2497 1368 2550 eis
1395 2495 1622 2554 dicebat,
1653 2490 1877 2543 necdum

349 2601 644 2654 habuerunt
663 2594 844 2649 oculos
866 2591 1042 2645 cordis
1085 2596 1314 2656 apertos,
1344 2593 1404 2638 ut
1443 2580 1730 2648 intelligere
1758 2592 1878 2644 pos-

348 2697 466 2742 sunt
491 2685 840 2757 aqualitatem
864 2679 1068 2734 veracis
1091 2686 1146 2731 et
1169 2672 1424 2739 veritatis.

321 2774 323 2776 ’
419 2751 580 2831 Vsus.
595 2776 687 2829 ﬂ.
707 2802 777 2814 —
791 2770 1001 2825 Dicebat
1025 2767 1176 2821 Iesus
1204 2764 1361 2816 turbis
1381 2759 1681 2814 ludit-orum
1704 2769 1721 2805 :
1747 2751 1877 2805 Cum

349 2863 687 2918 exaltaneritis
734 2857 930 2912 Filium
976 2854 1212 2916 hominis,
1259 2862 1376 2903 tunc
1425 2844 1731 2916 cognoscetis
1756 2842 1876 2911 quia

353 2973 441 3025 ego
465 2970 597 3017 sunt,
625 2960 672 3006 et
716 2968 748 3002 a
788 2965 868 3002 nte
898 2950 1006 3015 ipso
1033 2945 1168 3012 facio
1195 2941 1320 2994 nihil
1347 2953 1364 2988 :
1393 2938 1480 2991 scd
1526 2939 1658 2989 sicut
1701 2931 1875 2985 docuit

352 2991 441 3095 iii:
455 2991 756 3100 δέ,νὶιῷ
1023 2991 1363 3093 i:
1395 3022 1534 3076 hoc?
1563 3018 1702 3072 Nihil
1736 3015 1877 3070 enim
1905 2991 1950 3052 (ἶ

352 3131 496 3186 aliud
522 3128 726 3182 videtur
749 3125 961 3186 dixisse,
991 3121 1091 3173 nisi
1117 3132 1208 3172 eos
1247 3123 1364 3184 post
1399 3112 1695 3181 passionem
1729 3119 1879 3160 suam

350 3221 651 3292 cognituros
675 3213 800 3283 quid
819 3220 961 3266 esset
979 3209 1156 3286 [Aug.,
1171 3207 1290 3275 quis
1302 3202 1482 3274 esset].
1508 3199 1698 3254 Procul
1723 3197 1882 3253 dubio

353 3327 478 3381 ergo
521 3308 732 3362 videbat
764 3304 834 3358 ibi
884 3303 1086 3369 aliquos
1135 3313 1267 3368 quos
1311 3297 1424 3364 ipse
1453 3292 1710 3363 [noverat
1749 3303 1882 3357 quos

355 3379 486 3470 ipse]
514 3411 634 3452 cum
667 3393 872 3448 ueteris
899 3389 1094 3444 sanctis
1130 3387 1241 3442 suis
1267 3394 1388 3438 ante
1423 3382 1606 3436 mundi
1627 3379 1884 3433 constitu-

355 3488 551 3540 tionem
589 3480 912 3553 praasciendo
956 3478 1203 3546 elegerat,
1237 3480 1356 3542 post
1400 3470 1694 3537 passionem
1733 3480 1881 3518 suam

355 3590 473 3629 esse
496 3571 809 3625 credituros.
835 3565 939 3633 ipsi
962 3564 1091 3617 sunt
1111 3561 1189 3614 illi
1216 3573 1347 3626 quos
1372 3556 1579 3609 assidue
1612 3568 1882 3605 commen-

358 3666 542 3717 damus
581 3666 635 3712 et
673 3657 741 3710 ad
769 3653 1116 3708 imitationem
1141 3664 1261 3704 cum
1297 3662 1484 3715 magna
1519 3642 1883 3698 exhortatione

358 3749 713 3821 proponimus.
774 3743 930 3796 Misso
983 3741 1208 3809 desuper
1264 3737 1462 3803 Spiritu
1524 3741 1704 3786 sancto
1765 3737 1884 3798 post

359 3838 564 3891 Domini
606 3834 901 3904 passionem
949 3838 1008 3884 et
1052 3826 1488 3882 resurrectionem
1527 3829 1582 3874 et
1613 3818 1882 3872 ascensio-

359 3917 513 3988 nem,
561 3937 682 3977 cum
728 3917 977 3973 miracula
1029 3915 1217 3969 tierent
1243 3914 1296 3964 in
1321 3909 1436 3976 ejus
1475 3907 1704 3968 nomine,
1728 3917 1884 3971 quem

361 4024 608 4081 tauquam
672 3995 932 4060 mortuum
983 4006 1354 4071 persequentes
1418 3994 1579 4047 Judaei
1649 4000 1885 4046 contem-

358 4107 606 4170 pserunt,
664 4090 961 4163 eompuncti
1008 4096 1132 4144 sunt
1170 4087 1329 4141 corde
1385 4083 1528 4154 (Act.
1567 4099 1632 4145 ιι,
1661 4081 1784 4148 37);
1830 4087 1885 4129 et

359 4192 450 4260 qui
498 4181 1151 4254 szevientesoccideruut,
1208 4174 1391 4229 mutati
1432 4171 1798 4227 crediderunt;
1830 4173 1885 4216 et

1972 1794 2238 1862 telligatur
2261 1802 2511 1845 aeternam
2538 1805 2654 1844 esse
2689 1791 3058 1851 substantiam.
3087 1801 3140 1842 et
3170 1805 3327 1843 unam
3361 1790 3520 1859 550

1972 1900 2089 1938 esse
2116 1883 2462 1936 substantiam
2493 1881 2667 1933 Patris
2692 1889 2744 1933 et
2766 1880 2900 1932 Filii.
2931 1880 3125 1932 Tamen
3150 1894 3214 1932 ue
3234 1880 3346 1948 ipse
3370 1881 3513 1933 intel-

1973 1974 2222 2040 ligeretur
2257 1969 2434 2032 Pater,
2459 1971 2709 2023 continuo
2742 1967 2977 2034 adiunxit
3007 1984 3021 2020 :
3046 1968 3112 2020 Et
3142 1985 3173 2020 a
3197 1985 3274 2021 nte
3302 1970 3411 2036 ipso
3431 1968 3515 2036 [a-

1973 2061 2051 2110 cio
2081 2057 2225 2118 nihil,
2249 2056 2336 2108 sed
2362 2057 2497 2106 sicut
2523 2056 2696 2106 docuit
2723 2069 2800 2105 me
2823 2051 2999 2115 Pater,
3023 2053 3130 2104 ha'c
3149 2052 3346 2121 loquor.
3369 2053 3518 2117 Quod

1974 2159 2099 2197 vero
2134 2144 2208 2196 ait
2237 2159 2250 2195 :
2275 2143 2316 2192 Α
2360 2144 2548 2210 mcipso
2585 2143 2720 2209 facio
2769 2140 2915 2194 nihil.
2946 2140 3080 2205 Quid
3118 2150 3220 2204 est,
3259 2140 3300 2191 Α
3331 2142 3520 2208 nteipso

1974 2231 2111 2300 facio
2154 2228 2320 2282 nihil?
2343 2229 2396 2281 Id
2424 2239 2534 2292 est,
2565 2244 2593 2281 a
2622 2229 2822 2294 meipso
2848 2242 2950 2280 non
2980 2242 3115 2280 sum.
3163 2227 3310 2292 Quod
3346 2237 3520 2280 autem

1974 2321 2173 2375 addidit
2201 2334 2215 2371 :
2245 2319 2389 2373 Sicut
2438 2319 2612 2371 docuit
2652 2334 2733 2370 me
2764 2315 2940 2378 Pater,
2977 2316 3083 2368 hwc
3111 2316 3309 2384 loquor,
3337 2331 3522 2368 sensus

1975 2408 2260 2461 altissimus
2285 2415 2384 2460 est.
2409 2394 2513 2459 Cor
2540 2405 2680 2459 enim
2709 2404 3086 2458 mundandum.
3119 2413 3174 2455 ut
3205 2404 3523 2471 intelligatur
3621 2419 3628 2426 ·

1975 2497 2113 2565 quod
2157 2496 2232 2548 ait
2267 2513 2280 2547 :
2313 2493 2455 2547 Sicut
2494 2493 2668 2544 docuit
2714 2508 2792 2544 nte
2829 2489 3008 2554 Pater,
3058 2492 3132 2542 sic
3178 2490 3391 2559 loquor;
3420 2507 3524 2543 non

1974 2589 2115 2641 enim
2142 2588 2214 2640 ita
2243 2585 2632 2653 intelligendum
2656 2590 2755 2646 est,
2779 2583 2929 2649 quasi
2959 2582 3114 2634 hortto
3142 2581 3300 2634 Pater
3321 2581 3522 2634 homini

1974 2674 2108 2728 Filio
2131 2674 2435 2742 loqueretur
2462 2686 2478 2724 :
2501 2672 2595 2725 sed
2616 2670 2959 2734 excellentius
2981 2678 3033 2722 et
3051 2670 3329 2722 sacratius.
3357 2669 3524 2722 Aliter

1977 2780 2102 2817 vero
2116 2762 2512 2831 intelligendum
2525 2760 2758 2828 estquod
2771 2760 2842 2812 ait
2856 2757 3176 2827 evangelista
3207 2755 3217 2810 ὲ
3252 2756 3317 2810 In
3333 2759 3520 2826 princi-

1975 2853 2059 2919 pio
2079 2861 2189 2904 erat
2212 2847 2461 2912 Verbum;
2481 2858 2536 2901 et
2555 2849 2710 2902 aliter
2730 2847 3143 2916 intelligendum,
3169 2845 3384 2901 Verbum
3407 2864 3525 2900 caro

1977 2940 2173 3008 factum
2197 2947 2288 2989 est.
2313 2937 2479 2990 Aliter
2502 2937 2568 2988 de
2593 2936 2865 2988 divinitate
2892 2935 3111 2995 Christi,
3140 2936 3191 2987 in
3215 2951 3318 3004 qua
3343 2951 3522 3005 aequa—

1980 3027 2045 3081 lis
2080 3036 2160 3080 est
2191 3027 2297 3080 Deo
2337 3026 2512 3089 Patri;
2543 3025 2697 3079 aliter
2724 3025 2788 3077 de
2816 3025 3140 3078 humanitate
3179 3025 3312 3092 ejus,
3345 3027 3397 3078 in
3423 3041 3524 3093 qua

1978 3117 2266 3173 consimilis
2300 3125 2382 3169 est
2409 3117 2580 3169 nobis.
2611 3115 2955 3184 Cogitandum
2981 3124 3063 3181 est
3099 3129 3202 3167 non
3234 3131 3337 3168 uno
3370 3114 3526 3168 modo

1979 3208 2370 3276 Intelligendum
2399 3206 2691 3272 esse,quod
2722 3207 2795 3258 ait
2825 3205 3077 3258 Dominus
3106 3223 3118 3256 :
3147 3204 3258 3272 Ego
3292 3213 3340 3257 et
3369 3202 3522 3257 Patet

1979 3313 2138 3350 unum
2164 3309 2339 3347 sumus
2368 3293 2546 3362 (Joan.
2578 3311 2629 3356 ι,
2665 3294 2776 3362 30),
2791 3302 2846 3346 et
2863 3292 2987 3345 illud
3006 3293 3145 3360 quod
3164 3292 3295 3346 dixit
3322 3309 3335 3345 :
3371 3289 3526 3346 Pater

1979 3385 2149 3452 ιιιαὶοτ
2167 3399 2245 3435 me
2261 3392 2333 3434 est
2346 3379 2397 3449 (1
2404 3396 2524 3434 oon.
2550 3396 2657 3437 xxv.
2672 3381 2784 3448 28).
2809 3399 2828 3429 ι
2858 3381 2995 3448 Ergo
3019 3379 3421 3449 incorporaliter
3439 3395 3527 3434 eo—

1979 3472 2174 3540 gitetur
2194 3469 2350 3520 Pater
2371 3468 2576 3520 locutus
2621 3466 2774 3528 Filio,
2801 3467 2925 3533 quia
2956 3466 3355 3533 incorporaliter
3370 3465 3530 3522 Pater

1981 3561 2159 3630 genuit
2175 3559 2385 3612 Filium.
2403 3556 2510 3610 Nec
2522 3571 2640 3609 eum
2662 3556 2739 3609 sic
2758 3555 2956 3616 docuit,
2971 3556 3121 3622 quasi
3148 3553 3415 3607 indoctum
3443 3569 3530 3624 ge-

1981 3649 2177 3701 nuerit:
2193 3647 2283 3699 sed
2298 3647 2398 3699 hoc
2415 3652 2497 3698 est
2515 3659 2635 3697 eum
2649 3643 2911 3704 docuisse,
2925 3642 3064 3708 quod
3083 3651 3158 3694 est
3173 3642 3426 3696 scientem
3441 3657 3531 3710 ge-

1983 3736 2189 3793 nuisse;
2218 3743 2271 3784 et
2301 3733 2402 3784 hoc
2429 3739 2527 3792 est,
2563 3730 2740 3781 docuit
2781 3744 2862 3780 nte
2887 3725 3064 3788 Pater,
3103 3727 3244 3794 quod
3277 3728 3530 3783 scientem

1983 3839 2065 3877 me
2077 3823 2235 3875 Pater
2258 3821 2455 3890 genuit.
2484 3819 2540 3872 Si
2561 3819 2721 3878 enim,
2734 3817 2876 3884 quod
2903 3817 3053 3885 pauci
3071 3816 3387 3883 intelligunt,
3407 3817 3530 3870 sim-

1982 3911 2098 3976 plex
2111 3917 2193 3962 est
2204 3918 2389 3960 natura
2405 3906 2662 3966 veritatis,
2678 3906 2778 3958 hoc
2793 3913 2872 3956 est
2898 3903 3032 3956 Filio
3042 3918 3180 3964 esse,
3196 3896 3335 3970 quod
3354 3919 3529 3958 nosse.

1982 3999 2062 4049 Ab
2089 3996 2175 4048 illo
2201 4010 2328 4062 ergo
2375 3994 2532 4047 habet
2557 3990 2694 4060 quod
2723 3976 2943 4051 noverit,
2973 4007 2998 4040 ει
3025 4005 3128 4056 quo
3157 3991 3316 4044 habet
3349 4001 3405 4045 ut
3433 3994 3529 4057 sit;

1983 4102 2086 4138 non
2115 4095 2174 4137 ut
2201 4087 2348 4154 prius
2389 4085 2456 4136 ab
2500 4082 2589 4134 illo
2616 4088 2777 4142 esset,
2806 4089 2862 4133 et
2886 4083 2952 4132 ab
2977 4080 3065 4133 illo
3109 4090 3291 4148 postea
3317 4092 3528 4136 nosset:

1981 4170 2536 4238 sedquemadmodum
2566 4168 2639 4219 illi
2676 4165 2937 4234 gignendo
2982 4167 3128 4218 dedit
3163 4176 3220 4220 ut
3259 4177 3422 4232 esset,
3453 4171 3532 4226 sic

358 4247 517 4346 quem
558 4247 862 4340 sanguinem
885 4266 1145 4320 scviendo
1173 4263 1432 4320 fuderunt,
1458 4252 1883 4350 credendo
1911 4293 1959 4350 Β
1983 4260 2240 4328 gignendo
2260 4257 2402 4310 dedit
2427 4264 2484 4309 ut
2508 4265 2718 4316 nosset;
2755 4254 2874 4322 quia
2900 4254 3152 4322 simplicis
3175 4247 3425 4310 indicium
3452 4270 3533 4313 est

363 4345 486 4419 ιὲιιιιι
534 4363 668 4431 (Aa.
703 4375 774 4421 iv,
803 4357 889 4425 4);
927 4355 1016 4408 illa
1064 4353 1167 4406 tria
1193 4351 1375 4412 millia,
1423 4357 1477 4402 et
1525 4346 1613 4400 illa
1656 4345 1887 4411 quinque

364 4453 523 4507 millia
550 4451 847 4503 Judzeorum
874 4459 1005 4514 quos
1029 4443 1100 4497 ibi
1127 4441 1354 4501 videbat,
1393 4437 1600 4506 quando
1641 4434 1846 4488 dicebat
1872 4446 1885 4482 :

363 4540 492 4592 Cum
516 4537 853 4591 exultaverim
899 4531 1092 4585 Filium
1138 4529 1375 4590 hominis,
1421 4536 1539 4578 tunc
1583 4523 1889 4591 cognoscetis

363 4627 484 4695 quia
509 4641 598 4691 ego
622 4638 765 4683 aut;
793 4631 1039 4686 tauquam
1062 4618 1241 4672 dicens
1271 4635 1283 4669 :
1324 4614 1516 4670 Dili'ero
1539 4612 1890 4681 cognitionem

367 4721 615 4772 vestram,
637 4717 696 4761 ut
719 4709 960 4776 impleam
979 4709 1271 4774 passionem
1293 4720 1491 4767 meam;
1513 4704 1698 4758 ordine
1717 4710 1892 4754 vestro

367 4799 692 4871 cognoscetis
713 4797 802 4864 Qui
829 4797 945 4849 sim.
969 4793 1079 4847 Non
1107 4797 1228 4861 quia
1252 4809 1434 4847 omnes
1457 4803 1582 4846 tunc
1607 4798 1758 4844 erant
1779 4802 1895 4841 cre-

369 4891 528 4946 dituri
562 4905 627 4943 es
652 4890 734 4943 his
761 4889 850 4954 qui
871 4887 1166 4947 audiebant,
1195 4886 1246 4937 id
1273 4893 1373 4946 est,
1402 4892 1519 4951 post
1546 4879 1752 4934 Domini
1777 4893 1893 4946 pas-

370 4983 572 5031 sionem
601 4992 616 5027 :
647 4990 767 5027 nam
797 4974 951 5042 paulo
996 4983 1117 5027 ante
1141 4973 1306 5042 [Leg.,
1332 4973 1488 5039 paulo
1537 4968 1674 5038 post]
1724 4969 1848 5020 dicit
1876 4984 1892 5018 :

377 5065 500 5117 Htrc
529 5079 588 5116 eo
633 5061 867 5128 loquente
911 5061 1057 5114 inulti
1088 5061 1404 5112 crediderunt
1432 5060 1484 5109 in
1510 5074 1654 5119 eunt;
1687 5066 1741 5110 et
1769 5071 1896 5108 non—

371 5155 495 5205 dum
551 5149 813 5202 esaltatus
861 5154 977 5199 erat
1028 5146 1166 5199 ﬁlius
1208 5146 1450 5198 hominis.
1517 5144 1896 5196 Esaltationem

373 5239 565 5306 quippe
607 5237 735 5290 dicit
774 5233 1051 5310 passionis,
1093 5250 1195 5286 non
1241 5235 1665 5301 gloriticationis;
1705 5237 1892 5298 erucis,

377 5340 480 5379 non
512 5325 627 5378 eieil
644 5345 656 5385 ;
673 5338 791 5376 nam
818 5323 886 5375 ibi
933 5321 1192 5375 exaltatus
1217 5332 1316 5386 est,
1345 5325 1554 5391 quando
1578 5325 1819 5392 pependit
1846 5327 1896 5377 iu

448 5454 470 5478 ι
504 5441 572 5491 Ex
604 5439 660 5489 S.
684 5439 838 5505 Aug,
865 5445 1017 5488 tract.
1045 5451 1130 5495 ιι,
1163 5452 1303 5489 ιιιιιιι.
1335 5438 1387 5490 2.
1414 5440 1464 5498 5,
1489 5438 1540 5498 6,
1571 5440 1623 5498 8,
1650 5441 1698 5490 9.

449 5511 473 5546 δ
507 5507 598 5558 iis.
630 5521 644 5555 :
680 5528 694 5554 ι
726 5503 851 5568 Quia
879 5506 1144 5574 simplicis,
1173 5515 1227 5555 ut
1251 5506 1439 5556 dictum
1468 5517 1564 5568 est,
1595 5518 1790 5559 natur-.e
1814 5525 1895 5560 ve-

1987 4359 2189 4402 natum:
2231 4348 2468 4400 veritatis
2491 4344 2867 4421 [’Al.,veri_tas]
2895 4353 2974 4398 est
3002 4344 3048 4406 ι’,
3077 4358 3194 4398 esse
3244 4354 3297 4398 et
3329 4363 3484 4402 nosse
3515 4367 3527 4399 :

1985 4457 2090 4494 non
2133 4446 2216 4492 est
2260 4437 2404 4489 aliud
2445 4445 2603 4502 atque
2645 4435 2806 4495 aliud,
2849 4436 2940 4487 sed
2971 4435 3071 4488 hoc
3109 4420 3298 4503 ipsum.
3337 4454 3354 4485 ι
3393 4437 3532 4490 Disit

1985 4542 2113 4594 ergo
2148 4526 2250 4578 ista
2282 4521 2476 4576 Judzeis
2517 4532 2570 4574 et
2616 4523 2815 4576 addidit
2843 4541 2856 4573 :
2887 4522 3068 4589 (Vsus.
3097 4521 3208 4588 29.)
3236 4521 3303 4574 Et
3339 4525 3427 4590 qui
3451 4540 3530 4576 nu

1985 4615 2143 4674 misit,
2173 4627 2368 4664 mecum
2413 4621 2506 4663 est.
2549 4610 2667 4662 iam
2713 4611 2812 4662 hoc
2857 4616 3009 4659 antea
3039 4609 3264 4671 dixerat,
3293 4611 3389 4663 sed.
3419 4626 3530 4663 rem

1990 4714 2228 4767 magnam
2268 4699 2481 4751 assidue
2506 4704 2883 4751 commemorat
2910 4713 2922 4746 :
2957 4694 3098 4747 Misit
3127 4712 3223 4759 me,
3256 4707 3303 4759 et
3333 4715 3528 4751 nucum

1987 4801 2081 4843 est.
2118 4787 2175 4841 Si
2218 4801 2342 4854 ergo
2390 4795 2561 4839 tecum
2587 4793 2685 4846 est,
2711 4799 2744 4836 ο
2769 4783 3008 4844 Domine,
3041 4799 3145 4837 non
3169 4798 3304 4837 unus
3331 4785 3398 4836 ab
3426 4785 3529 4836 alio

1989 4880 2182 4932 missus
2208 4883 2311 4938 est,
2349 4875 2441 4927 sed
2469 4874 2624 4925 ambo
2659 4871 2898 4924 venistis.
2942 4871 3005 4923 Et
3033 4880 3206 4924 tamen
3231 4886 3350 4924 cum
3374 4873 3530 4925 ambo

1991 4965 2146 5019 simul
2190 4965 2314 5027 sint,
2364 4976 2498 5015 unus
2530 4961 2722 5012 missus
2763 4968 2859 5019 est,
2903 4960 3038 5011 alter
3066 4959 3205 5011 misit
3238 4977 3249 5008 :
3283 4961 3528 5026 quoniam

1991 5056 2189 5116 missio,
2219 5051 2508 5108 incarnatio
2535 5057 2642 5110 est;
2677 5049 2788 5116 ipsa
2830 5048 3123 5100 incarnatio
3160 5046 3280 5100 Filii
3329 5057 3529 5103 tantum

1992 5151 2090 5201 est.
2123 5157 2226 5195 non
2269 5149 2323 5193 et
2357 5138 2547 5190 Patris.
2591 5136 2731 5188 Misit
2777 5137 2952 5202 itaque
2997 5134 3151 5188 Pater
3195 5134 3409 5198 Filium,
3439 5137 3528 5189 sed

1994 5247 2095 5282 non
2121 5231 2336 5283 recessit
2360 5243 2388 5278 a
2417 5226 2566 5278 Filio.
2610 5225 2767 5293 Ergo,
2793 5224 2978 5288 inquit,
3004 5225 3092 5289 qui
3133 5239 3213 5275 me
3239 5225 3396 5284 misit,
3430 5239 3529 5275 non

1995 5318 2284 5385 reliquitnte
2309 5313 2473 5367 solum
2503 5327 2520 5362 :
2549 5312 2697 5379 cujus
2715 5309 3026 5363 auctoritate
3039 5320 3286 5375 tanquam
3313 5317 3527 5373 paterna

1996 5447 2122 5496 ritas
2146 5452 2242 5521 est.
2278 5462 2296 5521 ι
2330 5444 2458 5510 Aug.
2487 5457 2502 5491 :
2528 5442 2658 5505 Quia
2690 5438 2934 5506 simplici,
2959 5439 3231 5521 ut'dic‘tum
3255 5445 3350 5493 est,
3383 5445 3528 5486 natu-

1999 5529 2064 5564 ne
2094 5512 2329 5565 veritatis
2357 5505 2469 5563 esse
2495 5519 2546 5561 et
2577 5522 2729 5567 nosse
2756 5505 2856 5558 non
2885 5517 2962 5558 est
2996 5505 3153 5564 aliud,
3178 5513 3278 5554 etc.
