4266 6208
392 294 493 348 869

1196 292 1591 347 EXEGETICA.
1632 321 1697 332 -—
1734 289 2077 346 COMMENT.
2118 288 2184 341 IN
2222 287 2408 343 JOAN.
2449 288 2659 340 -—-LIB.
2705 291 2786 341 iV.

3484 297 3586 349 370

388 413 528 460 taret
558 402 901 463 dormientes,
928 401 1069 454 intus
1097 400 1223 470 Uis.
1254 411 1301 453 et
1331 400 1486 468 Aug.,
1515 398 1765 470 intentos]
1803 398 1941 452 face-
1972 404 2014 459 Λ
2049 414 2066 444 ι
2101 410 2123 435 ιι
2158 394 2271 448 Non
2298 410 2499 457 servus,
2551 397 2642 447 sed
2692 396 2744 447 in
2790 395 2956 447 forma
2987 398 3120 448 servi
3169 399 3437 453 Dominus.
3474 401 3590 455 Fuit

390 498 470 543 ret
508 491 799 553 audientes,
848 502 947 542 nec
992 496 1438 551 mntemneretur,
1486 487 1574 553 qui
1604 487 1677 539 ait
1710 504 1721 537 :
1755 488 1935 546 Amen,

388 592 538 629 amen
560 576 675 628 dico
695 575 852 636 vobis,
872 576 995 643 quia
1016 573 1181 626 omnis
1204 574 1293 643 qui
1311 572 1435 641 facit
1458 582 1741 641 peccatum,
1769 587 1939 624 servus

387 671 462 715 est
486 663 701 731 peccati.
730 680 749 712 ι
776 660 821 715 0
842 660 1101 729 mirabilis
1123 660 1302 731 [Aug.,
1326 659 1663 729 miserabilis]
1689 659 1936 722 servitus,

390 749 591 804 servire
614 757 853 817 peccato,
884 748 1084 802 servire
1110 746 1339 810 diabolo,
1366 747 1453 825 qui
1484 748 1686 815 peccati
1725 754 1808 800 est
1847 762 1940 799 au-

389 842 536 895 ctor!
576 838 896 907 Plerumque
924 838 1166 892 homines
1190 852 1309 891 cum
1360 837 1601 891 dominos
1652 836 1818 889 malos
1846 850 1940 903 pa-

392 928 615 989 tiuntur,
642 925 858 980 venales
884 939 943 979 se
967 933 1185 994 petunt;
1214 939 1318 978 non
1348 934 1645 993 quatrentes
1670 923 1939 977 dominum

391 1031 495 1069 non
526 1016 740 1079 habere,
768 1013 862 1069 sed
897 1015 1083 1069 saltem
1113 1022 1339 1069 mutare.
1367 1013 1565 1067 Servus
1590 1014 1793 1082 peccati
1817 1012 1941 1080 quid

392 1103 549 1172 552
565 1102 741 1167 faciat,
761 1117 918 1172 quem
945 1102 1262 1173 interpellet,
1284 1104 1421 1171 apud
1443 1118 1599 1170 quem
1627 1102 1938 1171 interpellet,

392 1192 528 1260 apud
555 1206 711 1265 quem
735 1191 973 1245 venalem
1000 1206 1057 1246 se
1076 1192 1252 1261 petat?
1283 1210 1301 1242 ι
1335 1191 1483 1260 Saepe
1513 1192 1750 1245 homines
1772 1191 1939 1244 malos

390 1280 634 1334 dominos
677 1279 885 1349 fugiunt
921 1294 989 1333 ne
1034 1281 1266 1334 serviant
1313 1280 1485 1345 malis,
1526 1288 1708 1333 etnon
1736 1278 1942 1347 fugiunt

391 1376 689 1437 peccatum,
741 1367 892 1435 cujus
942 1382 1126 1421 servus
1172 1375 1253 1421 est
1296 1368 1385 1435 qui
1432 1375 1677 1435 peccator
1735 1378 1835 1421 est.
1878 1367 1943 1419 Et

392 1467 596 1527 quanto
622 1458 828 1511 felicius
846 1465 989 1511 esset
1012 1457 1192 1527 fugere
1211 1466 1505 1526 peccatum,
1536 1467 1589 1511 et
1624 1458 1821 1511 servire
1848 1457 1938 1510 ho-

394 1547 525 1600 ntini
556 1546 719 1599 libera
747 1545 1100 1599 conscientia?
1127 1563 1145 1594 ι
1173 1545 1370 1599 Deinde
1397 1561 1580 1599 servus
1600 1540 1827 1598 heminis
1849 1542 1943 1596 ali-

393 1635 605 1703 quando
631 1634 713 1688 sui
735 1634 935 1689 domini
963 1634 1109 1687 duris
1137 1634 1371 1701 imperiis
1400 1634 1668 1703 fatigatus,
1699 1631 1941 1701 fugiendo

2040 482 2231 550 quippe
2258 480 2344 533 illa
2373 482 2551 535 carnis
2576 481 2741 534 forma
2773 483 2997 544 servilis,
3028 484 3119 537 sed
3165 489 3590 553 quamvisesset

2039 570 2326 623 similitudo
2351 571 2528 624 carnis
2556 572 2778 639 peccati,
2810 586 2913 625 non
2942 581 3058 625 erat
3092 588 3217 627 caro
3242 562 3464 643 peccati.
3498 578 3585 630 Li-

2039 660 2300 713 bertatem
2320 661 2563 727 promisit
2584 661 2921 713 credentibus
2946 660 2997 713 in
3024 676 3110 724 se;
3135 646 3301 717 1υάὼί
3325 679 3449 719 vero
3470 676 3585 720 tan-

2039 762 2196 816 quam
2224 749 2289 802 de
2332 763 2427 801 sua
2461 747 2707 802 libertate
2751 750 3133 816 superbientes,
3168 751 3435 823 dcdignati
3466 766 3589 809 sunt

2040 838 2152 890 fieri
2180 837 2353 901 liberi,
2384 852 2504 890 cum
2532 845 2712 890 essent
2755 838 2892 890 servi
2937 841 3158 905 peccati.
3186 840 3306 895 Ideo
3333 852 3508 896 autem
3532 860 3590 898 se

2040 925 2232 979 liberos
2250 941 2367 979 esse
2386 925 2652 989 dixerunt,
2675 926 2797 991 quia
2816 941 2995 979 semen
3016 926 3240 980 Abralne
3263 938 3430 982 erant.
3454 929 3588 994 Quid

2038 1030 2164 1083 ergo
2209 1015 2287 1067 eis
2336 1015 2399 1066 ad
2451 1014 2561 1067 haec
2608 1014 2879 1081 respondit
2925 1013 3209 1077 Dominus,
3260 1016 3532 1069 audiamus
3576 1036 3587 1066 :

2042 1108 2221 1175 (Vens.
2250 1106 2360 1175 57.)
2392 1104 2531 1170 Scio,
2562 1106 2749 1173 inqttit,
2779 1105 2899 1173 quia
2928 1104 3024 1171 ﬁlii
3048 1104 3274 1167 Abraha:
3312 1108 3465 1170 estis,
3505 1109 3590 1160 sed

2038 1196 2270 1264 qutcritis
2297 1211 2373 1247 me
2393 1193 2695 1260 interﬁcere.
2724 1194 2965 1261 Agnosco
2990 1193 3168 1245 carnis
3187 1194 3463 1262 originem,
3487 1209 3591 1248 non

2040 1284 2216 1337 cordis
2252 1283 2426 1335 fidem.
2460 1281 2585 1333 Filii
2611 1282 2833 1333 Abraluv
2865 1284 3001 1341 estis,
3035 1284 3127 1335 sed
3156 1284 3445 1339 secundum
3472 1301 3594 1338 car-

2040 1385 2183 1424 nem.
2208 1370 2330 1422 ideo
2357 1370 2591 1437 qumritis
2616 1384 2698 1421 me
2725 1370 2987 1431 occidere,
3020 1370 3222 1438 inquit;
3265 1388 3429 1423 sermo
3454 1374 3592 1425 enim

2039 1474 2181 1511 meus
2205 1475 2306 1511 non
2330 1458 2465 1526 capit
2507 1458 2562 1509 in
2594 1456 2746 1519 vobis,
2801 1458 2850 1510 id
2876 1464 2977 1519 est,
3009 1470 3113 1509 non
3142 1457 3301 1509 habet
3342 1457 3511 1511 locum
3541 1460 3592 1511 in

2040 1546 2208 1601 vobis.
2257 1544 2312 1598 Si
2368 1559 2540 1598 semto
2570 1560 2719 1597 meus
2761 1554 3040 1611 caperetur
3076 1558 3105 1597 a
3145 1544 3323 1609 vobis,
3379 1557 3594 1613 caperet

2042 1633 2226 1700 utique
2248 1648 2360 1686 vos.
2384 1630 2518 1697 Quid
2540 1638 2621 1683 est
2640 1645 2787 1699 ergo,
2815 1646 2916 1684 non
2939 1632 3147 1698 capitur
3168 1646 3197 1683 a
3220 1631 3398 1685 vobis?
3416 1630 3470 1684 ld
3490 1641 3591 1693 est,

395 1724 714 1792 requiescit:
738 1738 923 1777 servus
951 1722 1150 1790 peccati
1194 1737 1299 1790 quo
1343 1720 1513 1791 fugit?
1540 1722 1728 1775 Secum
1780 1720 1942 1772 trahit
1976 1734 2015 1790 Β
2046 1735 2149 1773 non
2174 1720 2314 1788 capit
2343 1734 2435 1773 cor
2461 1726 2717 1780 vestrum,
2764 1718 2887 1785 quia
2936 1734 3037 1771 non
3081 1720 3337 1786 recipitur
3364 1732 3393 1771 a
3440 1722 3597 1774 corde

395 1823 671 1882 peccatum
692 1826 1006 1881 quocunque
1026 1811 1237 1879 fugerit.
1260 1810 1375 1865 Non
1404 1811 1536 1881 fugit
1556 1812 1782 1879 seipsam
1808 1808 1942 1863 mala

395 1901 746 1965 conscientia,
773 1914 879 1953 non
905 1906 987 1951 est
1013 1912 1118 1966 quo
1162 1906 1267 1962 eat,
1298 1899 1537 1966 sequitur
1586 1913 1672 1961 se;
1707 1898 1812 1953 imo
1840 1914 1944 1954 non

402 1991 604 2045 recedit
628 2005 659 2043 a
687 2004 746 2043 se
777 2006 790 2042 :
821 1997 1093 2057 peccatum
1132 1988 1272 2041 enim
1298 1990 1437 2057 quod
1486 1988 1631 2051 facit,
1676 1990 1817 2043 intus
1844 1999 1942 2045 est.

396 2081 545 2135 Fecit
563 2087 841 2147 peccatum
859 2088 917 2131 ut
928 2077 1159 2147 aliquam
1176 2076 1501 2145 corporalem
1529 2087 1743 2146 caperet
1764 2079 1948 2134 volun-

397 2174 558 2220 tatem
584 2184 598 2217 :
626 2165 867 2218 voluntas
895 2163 1379 2233 [Ms.,voluptatem
1400 2163 1690 2235 :voluptas]
1718 2169 1946 2231 transiit,

395 2262 671 2323 peccatum
692 2260 928 2306 remanet
950 2269 964 2315 ;
986 2251 1395 2319 prmteriitquod
1408 2250 1723 2316 delectabat,
1743 2254 1949 2306 réman-

398 2343 625 2411 sitquod
652 2350 865 2412 pungat.
886 2340 1016 2394 Itala
1043 2341 1289 2394 servitus.
1316 2339 1611 2407 Aliquando
1642 2339 1949 2411 fugiuntho—

399 2434 569 2487 mines
584 2432 851 2501 improbos
871 2430 1133 2494 dominos,
1146 2428 1385 2483 volentes
1398 2444 1580 2484 carere
1592 2430 1837 2495 dominis,
1860 2433 1948 2500 qui

400 2519 585 2573 nolunt
600 2532 783 2574 carere
806 2518 1057 2586 peccatis.
1079 2535 1098 2568 ι
1118 2516 1321 2582 Quanto
1336 2515 1536 2569 felicius
1560 2518 1605 2569 si
1628 2516 1837 2571 deserat
1857 2518 1953 2571 ho-

400 2618 489 2660 mo
511 2603 986 2675 peccatum,fugiat
1019 2606 1085 2658 ad
1108 2602 1396 2666 Christum,
1413 2603 1576 2656 Deum
1611 2602 1949 2657 liberatorem

403 2691 734 2761 interpellet?
751 2692 965 2746 Liberat
978 2704 1105 2761 ergo
1122 2690 1188 2743 ab
1215 2690 1313 2743 hac
1326 2690 1579 2743 servitute
1593 2691 1794 2757 peccati
1810 2690 1951 2744 solus

404 2780 675 2843 Dominus,
694 2779 939 2848 quiillam
962 2794 1067 2834 non
1093 2778 1296 2842 habuit,
1315 2779 1403 2847 qui
1430 2778 1576 2833 solus
1600 2779 1713 2833 sine
1736 2786 1953 2848 peccato

403 2868 609 2921 venitin
625 2869 898 2922 mundum.
913 2867 1004 2921 ille
1019 2866 1163 2923 solus
1183 2867 1409 2921 liberare
1436 2870 1611 2934 petest
1627 2867 1691 2920 de
1715 2874 1949 2934 peccato,

404 2956 495 3025 qui
536 2957 681 3010 venit
727 2956 840 3010 sine
866 2964 1106 3025 peccato,
1135 2963 1189 3009 et
1215 2954 1387 3008 factus
1409 2961 1491 3008 est
1516 2952 1833 3007 sacriﬁcium
1856 2967 1953 3022 pro

2046 1816 2240 1859 vestro.
2277 1825 2294 1856 ι
2331 1806 2565 1859 Audistis
2616 1805 2891 1859 Dominum
2916 1820 2919 1823 ‘
2944 1815 3087 1859 certe
3134 1806 3395 1860 dicentem
3429 1826 3443 1860 :
3478 1806 3596 1860 Scio

2043 1898 2163 1964 quia
2184 1895 2281 1963 ﬁlii
2310 1894 2529 1947 Abralttt'
2552 1894 2689 1945 cstis.
2721 1894 2910 1947 Audite
2931 1894 3055 1962 quid
3077 1902 3258 1961 postea
3281 1894 3423 1949 dicat
3448 1913 3458 1946 :
3487 1895 3596 1963 Ego

2043 1985 2179 2055 quod
2202 1985 2303 2037 vidi
2324 1984 2460 2053 apud
2490 1981 2697 2036 Patrem
2723 1999 2892 2035 meum
2920 1982 3130 2053 loquor;
3150 1993 3197 2035 et
3220 1999 3324 2047 vos,
3349 1986 3483 2053 quod
3502 2004 3597 2037 au-

2046 2074 2192 2125 distis
2228 2073 2366 2141 apud
2394 2081 2589 2140 patrem
2613 2079 2854 2133 vestrum,
2886 2070 3077 2137 facitis.
3127 2069 3262 2135 Quid
3303 2080 3475 2125 autem
3516 2070 3596 2125 fa-

2046 2162 2229 2214 ciunt?
2258 2158 2405 2225 Quod
2432 2160 2511 2212 eis
2559 2158 2690 2211 dixit
2721 2177 2730 2209 :
2768 2158 3012 2221 Qua'ritis
3057 2159 3134 2212 me
3188 2161 3435 2212 occidere.
3475 2150 3597 2216 ’1100

2047 2250 2185 2318 apud
2217 2248 2484 2301 Abraham
2530 2261 2794 2314 nunquam
2844 2247 3103 2300 viderunt.
3131 2245 3305 2300 Dicit:
3338 2246 3465 2311 Qua:
3491 2249 3597 2301 ridi

2048 2338 2186 2407 apud
2212 2336 2419 2390 Patrem
2434 2334 2605 2389 meum
2629 2336 2828 2404 loquor.
2860 2336 3147 2391 Veritatem
3174 2336 3298 2401 vidi,
3320 2338 3595 2392 veritatem

2050 2425 2253 2493 loquor,
2293 2424 2414 2491 quia
2460 2423 2655 2477 veritas
2684 2438 2818 2476 sum.
2850 2422 2905 2476 Si
2950 2424 3089 2476 enim
3120 2422 3372 2478 Dominus
3400 2425 3596 2478 verita-
3652 2488 3655 2491 δ

2052 2522 2156 2567 teut
2186 2514 2437 2583 loquitur,
2460 2514 2580 2581 quia
2606 2514 2717 2581 ipse
2745 2521 2827 2565 est
2855 2512 3052 2566 veritas
3070 2511 3263 2577 Patris,
3291 2527 3449 2581 quam
3468 2514 3599 2569 vidit

2049 2605 2187 2671 apud
2218 2604 2423 2656 Patrem
2447 2601 2535 2673 [se
2562 2603 2711 2665 vidit,
2750 2617 2806 2657 se
2830 2603 3085 2672 loquitur,
3112 2603 3235 2670 quia
3264 2604 3374 2672 ipse
3399 2612 3480 2661 est
3508 2620 3597 2659 ve—

2052 2694 2180 2746 ritas
2207 2692 2398 2755 Patris,
2426 2706 2583 2760 quam
2608 2692 2737 2745 vidit
2756 2693 2891 2758 apud
2921 2691 3175 2761 Patrem].
3206 2692 3321 2761 ipse
3359 2692 3440 2745 est
3455 2695 3595 2747 enim

2052 2784 2313 2847 Verbum,
2344 2783 2482 2850 quod
2510 2782 2737 2836 Verbum
2767 2792 2885 2836 erat
2929 2783 3068 2851 apud
3114 2784 3299 2837 Deum.
3346 2784 3433 2839 lsti
3471 2802 3597 2856 ergo

2051 2873 2245 2926 malum
2272 2871 2412 2941 quod
2440 2871 2659 2934 faciunt,
2688 2874 2827 2941 quod
2855 2871 3108 2926 Dominus
3135 2871 3383 2948 objurgat
3408 2885 3461 2931 et
3479 2892 3597 2931 eor-

2053 2958 2195 3025 ripit,
2222 2958 2310 3011 ubi
2339 2957 2621 3010 viderunt?
2644 2958 2794 3025 Apud
2815 2957 3023 3017 Patrem
3055 2972 3227 3011 suum.
3257 2958 3388 3013 Cum
3413 2961 3617 3033 audic-r

405 3052 642 3110 peccato.
678 3044 846 3099 «Cum
873 3058 1001 3115 ergo
1023 3042 1197 3098 omnis
1222 3043 1312 3112 qui
1335 3041 1749 3111 facitpeccatum
1770 3053 1955 3095 servus
1980 3035 2024 3095 C
2055 3046 2221 3098 rimus
2264 3044 2315 3097 in
2365 3045 2805 3113 consequentibus
2846 3046 3077 3114 apertius
3120 3047 3315 3100 dictum
3364 3050 3481 3118 quis
3528 3052 3599 3104 sit

405 3131 478 3183 sit
518 3132 741 3199 peccati,
785 3148 899 3200 quae
944 3133 1015 3187 sit
1057 3146 1178 3200 spes
1222 3133 1374 3186 nobis
1409 3132 1685 3195 libertatis,
1726 3131 1947 3185 audite:

406 3221 589 3291 (Vsus.
616 3218 727 3291 35.)
756 3219 939 3275 Servus
960 3230 1151 3286 autem,
1180 3222 1373 3299 inquit,
1402 3238 1501 3275 non
1531 3231 1699 3275 manet
1724 3223 1776 3274 in
1802 3220 1953 3275 domo

405 3310 460 3361 iu
476 3318 739 3363 uernum.
763 3309 998 3365 Ecclesia
1020 3318 1102 3363 est
1118 3311 1323 3373 domus,
1341 3326 1525 3365 servus
1548 3318 1631 3365 est
1648 3318 1913 3379 peccator.
1929 3327 1947 3359 ι

409 3396 521 3451 Non
566 3406 777 3452 maneat
800 3398 959 3451 homo
989 3398 1041 3450 in
1068 3388 1306 3466 peccato,
1335 3413 1435 3452 nec
1462 3398 1591 3468 [Αι.,
1622 3397 1708 3467 ne]
1739 3399 1807 3451 sit
1843 3410 1954 3450 ser-

406 3498 504 3537 vus
530 3484 753 3552 peccati,
782 3492 841 3538 ut
865 3484 1031 3553 possit
1055 3499 1269 3537 manere
1297 3485 1349 3537 in
1376 3484 1553 3547 domo,
1584 3486 1635 3537 id
1654 3492 1753 3545 est,
1780 3485 1829 3535 in
1856 3483 1953 3536 Ec-

409 3571 587 3625 clesia.
606 3570 825 3649 Maneat
847 3571 1147 3637 incorpore
1174 3569 1361 3636 capitis
1385 3570 1486 3633 sui,
1504 3577 1562 3622 ut
1590 3568 1823 3631 sitlilius,
1849 3584 1951 3622 non

409 3674 613 3713 servus.
638 3656 818 3733 Longe
836 3656 976 3711 aliud
997 3664 1077 3711 est
1096 3670 1337 3725 peccare,
1360 3657 1501 3711 aliud
1521 3671 1735 3711 manere
1760 3658 1810 3710 in
1832 3672 1954 3726 pec—

408 3757 546 3801 cato.
583 3744 681 3811 Qui
721 3752 899 3801 manet
926 3744 979 3797 in
1008 3752 1247 3814 peccato,
1280 3758 1463 3800 servus
1488 3754 1571 3799 est
1596 3745 1835 3812 peccati;
1862 3744 1952 3813 qui

410 3834 543 3905 fugit
564 3850 595 3887 a
621 3840 859 3904 peccato,
888 3848 1073 3891 servus
1090 3832 1192 3905 erit
1212 3818 1452 3899 justitite.
1468 3848 1496 3885 ,c
1521 3831 1735 3887 Terruit
1756 3832 1948 3897 itaque,

408 3902 655 3991 et'spem
700 3922 886 3976 dedit:
920 3902 1133 3989 teri-dii,
1176 3934 1242 3973 ne
1288 3925 1561 3987 peccatum
1614 3930 1950 3978 amarcmus;

410 3992 557 4077 spem
578 3994 738 4070 dedit,
760 4022 827 4060 ne
847 4007 911 4060 de
930 4006 1131 4075 peccati
1153 4005 1412 4061 solutione
1434 4002 1803 4059 diliideremus.
1828 4001 1954 4056 0m-

413 4098 511 4160 nis,
542 4080 729 4165 inquit,
750 4096 837 4165 qui
860 4094 981 4162 facit
1001 4102 1279 4165 peccatum,
1308 4109 1480 4148 semis
1508 4103 1581 4147 est
1601 4094 1811 4162 peccati.
1836 4090 1954 4144 Scr-

412 4200 503 4236 vus
532 4192 701 4235 autem
722 4199 822 4236 non
840 4192 1008 4250 manet
1034 4179 1110 4253 [in
1128 4179 1300 4252 domo]
1324 4183 1378 4235 in
1394 4191 1658 4235 wternum.
1682 4179 1809 4244 Qum
1828 4194 1955 4249 ergo

412 4273 564 4325 nobis
592 4286 712 4343 spes
736 4266 854 4339 est,
878 4271 972 4337 qui
1012 4268 1117 4324 non
1154 4262 1347 4343 ‘sumus
1389 4269 1502 4323 sine
1538 4275 1755 4336 peccato
1772 4268 1800 4319 ἲ.
1818 4267 1953 4319 Audi

412 4373 560 4427 spem
584 4338 725 4410 tuam
759 4374 771 4408 ε
806 4338 973 4410 Filius
999 4338 1166 4409 manet
1195 4357 1248 4407 in
1268 4354 1542 4407 'aternum.

2052 3147 2237 3185 eorum
2262 3139 2433 3201 pater,
2475 3140 2598 3187 tunc
2628 3133 2976 3203 intelligemus
3005 3134 3179 3204 qualia
3207 3136 3434 3192 viderint
3460 3141 3598 3209 apud

2055 3220 2211 3275 talem
2236 3230 2435 3290 patrem
2466 3240 2477 3274 :
2508 3222 2677 3277 adhuc
2698 3222 2835 3277 enim
2874 3238 2977 3279 non
3020 3224 3257 3279 nominat
3288 3235 3490 3295 patrem
3517 3230 3597 3297 ip-

2054 3321 2250 3360 sorum.
2282 3306 2443 3360 Paulo
2468 3308 2709 3377 superius
2733 3307 2887 3377 553
2917 3308 3182 3363 Abraham
3216 3326 3599 3367 commemora-

2052 3395 2149 3458 vit,
2179 3396 2271 3450 sed
2292 3395 2469 3451 carnis
2492 3396 2715 3467 origine,
2739 3410 2841 3448 non
2870 3396 2990 3450 vita:
3017 3397 3358 3453 similitudine
3392 3418 3402 3451 :
3435 3401 3596 3454 dictu-

2056 3497 2145 3535 rus
2169 3481 2389 3535 alterum
2427 3490 2628 3550 patrem
2658 3482 2890 3547 illorum,
2915 3483 3004 3553 qui
3034 3500 3132 3539 nec
3159 3488 3337 3555 genuit
3360 3502 3471 3553 eos,
3500 3505 3596 3543 nec

2053 3570 2269 3633 creavit,
2293 3578 2350 3622 ut
2372 3570 2608 3623 homines
2630 3581 2804 3627 essent
2821 3586 2834 3631 ;
2852 3569 2944 3625 sed
2975 3580 3148 3624 tamen
3168 3572 3257 3627 ﬁlii
3288 3582 3439 3627 erant
3461 3566 3621 3642 ejus,

2056 3657 2108 3709 in
2137 3664 2391 3724 quantum
2442 3656 2564 3709 mali
2608 3667 2779 3720 erant,
2828 3672 2931 3711 non
2976 3658 3029 3712 in
3068 3669 3321 3728 quantum
3357 3664 3598 3719 homines

2056 3743 2273 3814 [erant],
2300 3745 2351 3797 in
2382 3760 2485 3813 quo
2514 3747 2723 3811 imitati,
2752 3764 2855 3807 non
2885 3750 2938 3805 in
2968 3765 3071 3819 quo
3096 3754 3281 3810 creati.

2124 3832 2284 3887 Vens.
2315 3835 2402 3889 39.
2442 3864 2513 3875 ——
2535 3834 2922 3905 Responderunt
2950 3849 2995 3890 et
3024 3824 3264 3896 dixerunt
3310 3843 3358 3896 ei
3388 3861 3405 3898 :
3437 3842 3597 3899 Pater

2054 3929 2227 3973 noster
2249 3920 2507 3973 Abraham
2526 3932 2618 3975 est.
2643 3922 2801 3987 Quasi
2830 3942 2843 3976 :
2868 3924 2946 3978 Tu
2968 3927 3092 3994 quid
3118 3928 3355 3985 dicturus
3382 3945 3439 3985 es
3464 3947 3594 3987 con-

2055 4013 2136 4059 tra
2164 4007 2464 4060 Abraham?
2508 4018 2598 4063 aut
2641 4011 2683 4063 si
2728 4010 2940 4080 aliquod
2979 4023 3128 4083 potes
3174 4018 3388 4084 audere,
3420 4036 3597 4090 reprc-

2055 4094 2223 4147 bcnde
2274 4094 2451 4165 [Aug.,
2498 4098 2632 4153 aude
2673 4101 3078 4175 reprehendero]
3129 4106 3417 4162 Abraham.
3482 4109 3595 4163 Non

2055 4182 2179 4250 quia
2206 4181 2461 4235 Dominus
2504 4198 2606 4236 nou
2634 4186 2862 4239 audebat
2887 4190 3279 4254 reprehendere
3291 4194 3560 4251 Abraham
3579 4239 3592 4259 ,

2055 4268 2147 4320 sed
2188 4268 2306 4321 talis
2334 4277 2448 4321 erat
2474 4269 2761 4335 Abraham,
2795 4274 2883 4340 qui
2920 4290 3023 4327 non
3063 4280 3536 4345 reprehenderetur
3565 4301 3593 4336 a

1979 4340 2031 4402 ῐ)
2057 4355 2301 4419 Domino,
2348 4357 2440 4411 sed
2481 4359 2655 4426 potius
2696 4361 3018 4417 laudaretur.
3084 4340 3280 4421 Tamen
3323 4369 3407 4424 isti
3449 4374 3595 4435 vide-

482 4441 759 4519 Vsnsq'56.
788 4472 857 4483 ——
883 4441 939 4496 Si
958 4458 1075 4513 ergo
1103 4441 1244 4510 ﬁlius
1272 4459 1357 4495 vos
1386 4442 1688 4504 liberaverit,
1706 4453 1827 4495 tunc
1854 4459 1965 4495 vere
2058 4444 2251 4498 bantur
2299 4460 2419 4499 eum
2464 4460 2750 4512 provocare
2796 4456 2853 4500 ut
2896 4450 3092 4518 aliquid
3138 4454 3271 4507 male
3300 4456 3500 4510 diceret
3529 4458 3594 4512 de

413 4534 559 4588 liberi
586 4533 747 4586 eritis.
780 4532 901 4587 lizec
929 4547 1052 4601 spes
1075 4542 1155 4586 est
1181 4539 1357 4586 nostra
1376 4572 1391 4595 ,
1421 4530 1633 4597 fratres,
1660 4541 1769 4586 uta
1796 4532 1963 4587 libero
2052 4535 2343 4597 Abraham,
2370 4541 2423 4586 et
2448 4541 2587 4587 esset
2613 4537 2821 4590 occasio
2858 4535 3081 4593 faciendi
3101 4542 3241 4606 quod
3269 4542 3587 4609 cogitabant.

414 4620 719 4695 liberemur,
744 4629 797 4675 et
818 4617 1089 4695 liberanda
1115 4634 1296 4674 servos
1317 4636 1413 4675 nos
1433 4619 1622 4685 faciat;
1654 4620 1790 4675 servi
1816 4622 1957 4674 enim
2056 4621 2215 4675 Pater
2264 4632 2434 4675 noster
2472 4622 2731 4678 Abraham
2781 4635 2878 4679 est.
2934 4644 2951 4676 ι
2982 4628 3290 4695 Audiamus,
3332 4637 3594 4701 quomodo

414 4722 625 4763 eramus
644 4688 1192 4779 cupiditatis,‘liberati
1218 4706 1478 4761 efficimur
1502 4708 1639 4761 servi
1660 4708 1955 4761 charitatis.

2051 4710 2129 4763 eis
2176 4711 2445 4779 respondit
2480 4710 2767 4773 Dominus,
2818 4728 2937 4766 cum
3006 4715 3213 4777 illorum
3260 4721 3593 4789 damnatione

415 4792 591 4846 Prima
615 4793 830 4847 libertas
854 4790 933 4846 est
962 4784 1063 4869 non
1091 4786 1399 4877 permanere
1424 4794 1475 4846 in
1501 4804 1739 4861 peccato,
1760 4796 1958 4848 servire
2058 4796 2276 4849 laudans
2297 4796 2578 4851 Abraham.
2613 4799 2773 4865 (Vens
2798 4798 2909 4869 40.)
2938 4801 3073 4855 Dicit
3103 4807 3173 4858 eis
3199 4786 3351 4861 Iesus
3376 4823 3394 4860 :
3418 4808 3475 4862 Si
3494 4811 3592 4877 ﬁlii

411 4882 647 4948 justitim,
674 4882 879 4935 dicente
906 4866 1155 4949 Apostolo
1187 4897 1198 4931 :
1231 4875 1360 4931 Cum
1388 4882 1516 4932 serri
1542 4880 1715 4932 essetis
1742 4882 1952 4946 peccati,

417 4968 555 5019 liber.
584 4970 734 5021 eratis
754 4968 971 5036 justitia:
998 4967 1163 5037 (Rom.
1188 4983 1261 5027 vt,
1292 4967 1402 5034 20).
1430 4967 1579 5021 Nunc
1599 4977 1771 5019 autem
1793 4966 1956 5019 liabe-

420 5055 487 5107 tis
520 5048 703 5107 fructu;
734 5072 745 5107 t
792 5040 1025 5110 vestrum
1073 5058 1125 5110 in
1172 5055 1602 5119 sanctiﬁcatione,
1637 5056 1791 5109 finem
1829 5069 1953 5107 vero

420 5142 581 5195 vitam
626 5150 737 5195 aetet
771 5154 893 5195 tam.
928 5163 945 5193 ι
981 5140 1218 5198 Perfecta
1266 5159 1391 5198 vero
1438 5143 1654 5196 libertas
1690 5151 1772 5196 est
1799 5140 1949 5211 [Deo]

419 5230 631 5286 Christo
656 5218 869 5292 servire,
891 5229 1038 5282 illum
1065 5220 1279 5301 diligere
1302 5232 1391 5299 qui
1420 5246 1540 5284 vere
1567 5246 1662 5284 nos
1690 5228 1951 5286 liberavit,

423 5319 511 5390 qui
535 5311 692 5373 verus
714 5329 796 5373 est
821 5318 982 5373 t‘illus
1010 5318 1120 5379 Dei,
1149 5329 1203 5373 et
1226 5321 1475 5374 Dominus
1504 5320 1553 5373 in
1598 5319 1763 5374 forma
1794 5316 1950 5370 servi.

498 5523 536 5580 ⁸,
560 5510 634 5564 Ex
656 5508 711 5564 S.
744 5484 897 5579 Aug,
926 5518 1077 5563 tract.
1104 5528 1233 5575 xw,
1256 5526 1397 5563 num.
1430 5511 1567 5563 ιοΗ.

2056 4883 2274 4936 Abraluc
2320 4887 2438 4937 estis
2465 4924 2477 4947 ,
2531 4902 2681 4953 opera
2726 4886 2945 4939 Abrahtc
2990 4890 3159 4957 facile.
3221 4892 3371 4947 Nunc
3422 4907 3591 4949 autem

2054 4972 2282 5040 qurrritis
2312 4988 2385 5024 me
2409 4974 2706 5040 interﬁcere,
2732 4974 2980 5028 hominem
3003 4981 3089 5047 qui
3113 4976 3367 5035 veritatem
3394 4984 3591 5040 locutus

2052 5072 2164 5108 sum
2193 5056 2345 5119 vobis,
2370 5074 2521 5126 quam
2550 5059 2722 5111 audivi
2756 5078 2785 5112 a
2808 5061 2930 5114 Deo.
2966 5063 3075 5116 Hoc
3096 5065 3352 5121 Abraham
3385 5089 3483 5124 non
3508 5080 3589 5141 [e-

2055 5144 2141 5194 rit.
2177 5143 2311 5197 Ecce
2348 5144 2433 5196 ille
2463 5144 2722 5209 laudatus,
2758 5148 2841 5199 isti
2873 5148 3101 5201 damnati
3131 5169 3145 5205 :
3176 5152 3444 5213 Abraham
3486 5177 3589 5215 non

2051 5241 2167 5285 erat
2211 5232 2492 5285 homicida.
2546 5232 2655 5286 Non
2708 5236 2851 5296 dico,
2906 5237 3093 5303 inquit,
3142 5256 3237 5310 ego
3279 5243 3418 5301 Deus
3473 5232 3589 5305 sum

2056 5318 2233 5389 [Aug.,
2257 5320 2509 5375 Dominus
2537 5322 2675 5392 sum]
2698 5322 2916 5376 Abrahre
2940 5340 2953 5374 ε
2979 5327 3116 5393 quod
3144 5329 3185 5381 si
3216 5329 3461 5395 dicerem,
3495 5350 3587 5391 ve-
