  <div class='ocr_page' id='page_1' title='image "/cluster/home/n/w/nwhite01/storage/ocr_20150623/100/uva.x000827058/443.png"; bbox 0 0 4266 6194; ppageno 0'>
   <div class='ocr_carea' id='block_1_1' title="bbox 640 278 736 330">
    <p class='ocr_par' dir='ltr' id='par_1_1' title="bbox 640 278 736 330">
     <span class='ocr_line' id='line_1_1' title="bbox 640 278 736 330; baseline -0.021 0"><span class='ocrx_word' id='word_1_1' title='bbox 640 278 736 330; x_wconf 74' lang='lat' dir='ltr'><strong>87f</strong></span> 
     </span>
    </p>
   </div>
   <div class='ocr_carea' id='block_1_2' title="bbox 1462 239 2968 316">
    <p class='ocr_par' dir='ltr' id='par_1_2' title="bbox 1462 239 2968 316">
     <span class='ocr_line' id='line_1_2' title="bbox 1462 239 2968 316; baseline -0.013 0"><span class='ocrx_word' id='word_1_2' title='bbox 1462 263 1521 316; x_wconf 71' lang='grc' dir='ltr'><strong>η.</strong></span> <span class='ocrx_word' id='word_1_3' title='bbox 1561 261 1622 314; x_wconf 89' lang='lat' dir='ltr'><strong>r.</strong></span> <span class='ocrx_word' id='word_1_4' title='bbox 1659 256 1879 314; x_wconf 69' lang='lat' dir='ltr'><strong>mnu</strong></span> <span class='ocrx_word' id='word_1_5' title='bbox 1916 239 2044 309; x_wconf 68' lang='lat' dir='ltr'><strong>seu</strong></span> <span class='ocrx_word' id='word_1_6' title='bbox 2085 247 2352 306; x_wconf 66' lang='grc' dir='ltr'><strong>λιειτιῐςι</strong></span> <span class='ocrx_word' id='word_1_7' title='bbox 2389 247 2666 304; x_wconf 68' lang='grc' dir='ltr'><strong>ορειιωι</strong></span> <span class='ocrx_word' id='word_1_8' title='bbox 2699 245 2872 301; x_wconf 68' lang='lat' dir='ltr'><strong>rans</strong></span> <span class='ocrx_word' id='word_1_9' title='bbox 2908 243 2968 298; x_wconf 83' lang='grc' dir='ltr'><strong>ιι.</strong></span> 
     </span>
    </p>
   </div>
   <div class='ocr_carea' id='block_1_3' title="bbox 3735 237 3842 292">
    <p class='ocr_par' dir='ltr' id='par_1_3' title="bbox 3735 237 3842 292">
     <span class='ocr_line' id='line_1_3' title="bbox 3773 239 3799 251; baseline 0 0"><span class='ocrx_word' id='word_1_10' title='bbox 3773 239 3799 251; x_wconf 72' lang='grc'><strong>-</strong></span> 
     </span>
     <span class='ocr_line' id='line_1_4' title="bbox 3735 237 3842 292; baseline -0.028 0"><span class='ocrx_word' id='word_1_11' title='bbox 3735 237 3842 292; x_wconf 67' lang='grc' dir='ltr'><strong>διί</strong></span> 
     </span>
    </p>
   </div>
   <div class='ocr_carea' id='block_1_4' title="bbox 641 334 3836 444">
    <p class='ocr_par' dir='ltr' id='par_1_4' title="bbox 641 334 3836 444">
     <span class='ocr_line' id='line_1_5' title="bbox 641 334 3836 444; baseline -0.008 -2"><span class='ocrx_word' id='word_1_12' title='bbox 641 405 760 444; x_wconf 84' lang='lat' dir='ltr'><strong>rum</strong></span> <span class='ocrx_word' id='word_1_13' title='bbox 787 388 1037 440; x_wconf 86' lang='lat' dir='ltr'><strong>dicerem.</strong></span> <span class='ocrx_word' id='word_1_14' title='bbox 1070 334 1357 435; x_wconf 69' lang='lat' dir='ltr'><strong>Naindisit</strong></span> <span class='ocrx_word' id='word_1_15' title='bbox 1383 375 1447 429; x_wconf 87' lang='lat' dir='ltr'><strong>de</strong></span> <span class='ocrx_word' id='word_1_16' title='bbox 1475 374 1578 426; x_wconf 87' lang='lat' dir='ltr'><strong>alio</strong></span> <span class='ocrx_word' id='word_1_17' title='bbox 1603 375 1717 425; x_wconf 90' lang='lat' dir='ltr'><strong>loco</strong></span> <span class='ocrx_word' id='word_1_18' title='bbox 1740 388 1753 423; x_wconf 97' lang='lat'>:</span> <span class='ocrx_word' id='word_1_19' title='bbox 1779 369 1908 422; x_wconf 79' lang='lat' dir='ltr'><strong>Ante</strong></span> <span class='ocrx_word' id='word_1_20' title='bbox 1927 365 2186 420; x_wconf 79' lang='lat' dir='ltr'><strong>Abraham</strong></span> <span class='ocrx_word' id='word_1_21' title='bbox 2214 359 2486 421; x_wconf 56' lang='lat' dir='ltr'><strong>katldll‘e-</strong></span> <span class='ocrx_word' id='word_1_22' title='bbox 2539 357 2642 410; x_wconf 73' lang='lat' dir='ltr'><strong>Sed</strong></span> <span class='ocrx_word' id='word_1_23' title='bbox 2695 355 2831 408; x_wconf 71' lang='grc' dir='ltr'><strong>ωιάο</strong></span> <span class='ocrx_word' id='word_1_24' title='bbox 2871 353 3054 444; x_wconf 45' lang='lat' dir='ltr'><strong>{illum</strong></span> <span class='ocrx_word' id='word_1_25' title='bbox 3096 363 3202 444; x_wconf 53' lang='lat' dir='ltr'><strong>P03</strong></span> <span class='ocrx_word' id='word_1_26' title='bbox 3236 354 3521 444; x_wconf 50' lang='grc' dir='ltr'><strong>Ρξηετειηίε</strong></span> <span class='ocrx_word' id='word_1_27' title='bbox 3711 350 3836 416; x_wconf 48' lang='lat' dir='ltr'><strong>qui:</strong></span> 
     </span>
    </p>
   </div>
   <div class='ocr_carea' id='block_1_5' title="bbox 641 454 2188 548">
    <p class='ocr_par' dir='ltr' id='par_1_5' title="bbox 641 454 2188 548">
     <span class='ocr_line' id='line_1_6' title="bbox 641 454 2188 548; baseline -0.018 -15"><span class='ocrx_word' id='word_1_28' title='bbox 641 493 734 548; x_wconf 64' lang='lat' dir='ltr'><strong>ego</strong></span> <span class='ocrx_word' id='word_1_29' title='bbox 757 491 892 531; x_wconf 71' lang='lat' dir='ltr'><strong>um.</strong></span> <span class='ocrx_word' id='word_1_30' title='bbox 914 471 1064 527; x_wconf 87' lang='lat' dir='ltr'><strong>&#39;l&#39;unc</strong></span> <span class='ocrx_word' id='word_1_31' title='bbox 1085 484 1207 525; x_wconf 89' lang='lat' dir='ltr'><strong>eum</strong></span> <span class='ocrx_word' id='word_1_32' title='bbox 1235 467 1309 520; x_wconf 85' lang='lat' dir='ltr'><strong>illi</strong></span> <span class='ocrx_word' id='word_1_33' title='bbox 1330 465 1563 532; x_wconf 80' lang='lat' dir='ltr'><strong>lapidare</strong></span> <span class='ocrx_word' id='word_1_34' title='bbox 1589 463 1887 514; x_wconf 88' lang='lat' dir='ltr'><strong>voluerunt.</strong></span> <span class='ocrx_word' id='word_1_35' title='bbox 1917 456 2031 510; x_wconf 87' lang='lat' dir='ltr'><strong>Non</strong></span> <span class='ocrx_word' id='word_1_36' title='bbox 2053 454 2188 508; x_wconf 75' lang='lat' dir='ltr'><strong>dixit</strong></span> 
     </span>
    </p>
   </div>
   <div class='ocr_carea' id='block_1_6' title="bbox 642 545 2188 628">
    <p class='ocr_par' dir='ltr' id='par_1_6' title="bbox 642 545 2188 628">
     <span class='ocr_line' id='line_1_7' title="bbox 642 545 2188 628; baseline -0.018 -5"><span class='ocrx_word' id='word_1_37' title='bbox 642 545 764 623; x_wconf 80' lang='lat' dir='ltr'><strong>hoc.</strong></span> <span class='ocrx_word' id='word_1_38' title='bbox 800 562 1018 619; x_wconf 84' lang='lat' dir='ltr'><strong>interim</strong></span> <span class='ocrx_word' id='word_1_39' title='bbox 1045 558 1186 628; x_wconf 86' lang='lat' dir='ltr'><strong>quod</strong></span> <span class='ocrx_word' id='word_1_40' title='bbox 1227 555 1439 617; x_wconf 80' lang='lat' dir='ltr'><strong>videtis,</strong></span> <span class='ocrx_word' id='word_1_41' title='bbox 1469 551 1610 620; x_wconf 90' lang='lat' dir='ltr'><strong>quod</strong></span> <span class='ocrx_word' id='word_1_42' title='bbox 1649 549 1905 618; x_wconf 73' lang='lat' dir='ltr'><strong>aspicitis,</strong></span> <span class='ocrx_word' id='word_1_43' title='bbox 1935 545 2076 614; x_wconf 89' lang='lat' dir='ltr'><strong>quod</strong></span> <span class='ocrx_word' id='word_1_44' title='bbox 2103 558 2188 596; x_wconf 88' lang='lat' dir='ltr'><strong>me</strong></span> 
     </span>
    </p>
   </div>
   <div class='ocr_carea' id='block_1_7' title="bbox 643 633 2188 722">
    <p class='ocr_par' dir='ltr' id='par_1_7' title="bbox 643 633 2188 722">
     <span class='ocr_line' id='line_1_8' title="bbox 643 633 2188 722; baseline -0.016 -13"><span class='ocrx_word' id='word_1_45' title='bbox 643 654 816 709; x_wconf 86' lang='lat' dir='ltr'><strong>solum</strong></span> <span class='ocrx_word' id='word_1_46' title='bbox 839 649 1056 722; x_wconf 85' lang='lat' dir='ltr'><strong>putatis,</strong></span> <span class='ocrx_word' id='word_1_47' title='bbox 1082 649 1240 701; x_wconf 89' lang='lat' dir='ltr'><strong>homo</strong></span> <span class='ocrx_word' id='word_1_48' title='bbox 1272 658 1409 698; x_wconf 89' lang='lat' dir='ltr'><strong>sum.</strong></span> <span class='ocrx_word' id='word_1_49' title='bbox 1448 641 1726 694; x_wconf 82' lang='lat' dir='ltr'><strong>Hominem</strong></span> <span class='ocrx_word' id='word_1_50' title='bbox 1753 638 2014 691; x_wconf 73' lang='lat' dir='ltr'><strong>dicentem</strong></span> <span class='ocrx_word' id='word_1_51' title='bbox 2038 633 2188 722; x_wconf 88' lang='lat' dir='ltr'><strong>vobis</strong></span> 
     </span>
    </p>
   </div>
   <div class='ocr_carea' id='block_1_8' title="bbox 643 721 2187 810">
    <p class='ocr_par' dir='ltr' id='par_1_8' title="bbox 643 721 2187 810">
     <span class='ocr_line' id='line_1_9' title="bbox 643 721 2187 810; baseline -0.019 -12"><span class='ocrx_word' id='word_1_52' title='bbox 643 742 786 810; x_wconf 79' lang='lat' dir='ltr'><strong>quod</strong></span> <span class='ocrx_word' id='word_1_53' title='bbox 813 721 1013 793; x_wconf 85' lang='lat' dir='ltr'><strong>audivit</strong></span> <span class='ocrx_word' id='word_1_54' title='bbox 1048 751 1082 789; x_wconf 85' lang='lat' dir='ltr'><strong>a</strong></span> <span class='ocrx_word' id='word_1_55' title='bbox 1110 736 1239 796; x_wconf 79' lang='lat' dir='ltr'><strong>Deo.</strong></span> <span class='ocrx_word' id='word_1_56' title='bbox 1267 745 1433 800; x_wconf 86' lang='lat' dir='ltr'><strong>quare</strong></span> <span class='ocrx_word' id='word_1_57' title='bbox 1457 727 1619 782; x_wconf 83' lang='lat' dir='ltr'><strong>vultis</strong></span> <span class='ocrx_word' id='word_1_58' title='bbox 1643 726 1905 784; x_wconf 84' lang='lat' dir='ltr'><strong>occidere,</strong></span> <span class='ocrx_word' id='word_1_59' title='bbox 1937 722 2038 775; x_wconf 86' lang='lat' dir='ltr'><strong>nisi</strong></span> <span class='ocrx_word' id='word_1_60' title='bbox 2065 721 2187 810; x_wconf 89' lang='lat' dir='ltr'><strong>quia</strong></span> 
     </span>
    </p>
   </div>
   <div class='ocr_carea' id='block_1_9' title="bbox 645 809 2189 886">
    <p class='ocr_par' dir='ltr' id='par_1_9' title="bbox 645 809 2189 886">
     <span class='ocr_line' id='line_1_10' title="bbox 645 809 2189 886; baseline -0.016 0"><span class='ocrx_word' id='word_1_61' title='bbox 645 809 754 886; x_wconf 61' lang='lat' dir='ltr'><strong>son</strong></span> <span class='ocrx_word' id='word_1_62' title='bbox 781 829 911 883; x_wconf 85' lang='lat' dir='ltr'><strong>estis</strong></span> <span class='ocrx_word' id='word_1_63' title='bbox 939 827 1032 881; x_wconf 82' lang='lat' dir='ltr'><strong>lilii</strong></span> <span class='ocrx_word' id='word_1_64' title='bbox 1057 822 1321 878; x_wconf 67' lang='lat' dir='ltr'><strong>Abrahae?</strong></span> <span class='ocrx_word' id='word_1_65' title='bbox 1358 820 1428 873; x_wconf 89' lang='lat' dir='ltr'><strong>Et</strong></span> <span class='ocrx_word' id='word_1_66' title='bbox 1455 812 1631 872; x_wconf 87' lang='lat' dir='ltr'><strong>tamen</strong></span> <span class='ocrx_word' id='word_1_67' title='bbox 1664 815 1909 883; x_wconf 70' lang='grc' dir='ltr'><strong>ειῳετίιη</strong></span> <span class='ocrx_word' id='word_1_68' title='bbox 1933 812 2044 865; x_wconf 89' lang='lat' dir='ltr'><strong>ait:</strong></span> <span class='ocrx_word' id='word_1_69' title='bbox 2071 809 2189 864; x_wconf 90' lang='lat' dir='ltr'><strong>Scio</strong></span> 
     </span>
    </p>
   </div>
   <div class='ocr_carea' id='block_1_10' title="bbox 643 901 2189 989">
    <p class='ocr_par' dir='ltr' id='par_1_10' title="bbox 643 901 2189 989">
     <span class='ocr_line' id='line_1_11' title="bbox 643 901 2189 989; baseline -0.014 -17"><span class='ocrx_word' id='word_1_70' title='bbox 643 918 767 989; x_wconf 76' lang='lat' dir='ltr'><strong>quia</strong></span> <span class='ocrx_word' id='word_1_71' title='bbox 784 917 883 986; x_wconf 76' lang='lat' dir='ltr'><strong>ﬁlii</strong></span> <span class='ocrx_word' id='word_1_72' title='bbox 906 915 1126 968; x_wconf 67' lang='lat' dir='ltr'><strong>Abrahte</strong></span> <span class='ocrx_word' id='word_1_73' title='bbox 1148 912 1289 966; x_wconf 87' lang='lat' dir='ltr'><strong>estis.</strong></span> <span class='ocrx_word' id='word_1_74' title='bbox 1320 909 1434 964; x_wconf 90' lang='lat' dir='ltr'><strong>Non</strong></span> <span class='ocrx_word' id='word_1_75' title='bbox 1463 907 1673 975; x_wconf 87' lang='lat' dir='ltr'><strong>negavit</strong></span> <span class='ocrx_word' id='word_1_76' title='bbox 1696 919 1882 958; x_wconf 91' lang='lat' dir='ltr'><strong>eorum</strong></span> <span class='ocrx_word' id='word_1_77' title='bbox 1907 901 2189 970; x_wconf 79' lang='lat' dir='ltr'><strong>originem,</strong></span> 
     </span>
    </p>
   </div>
   <div class='ocr_carea' id='block_1_11' title="bbox 644 989 2190 1064">
    <p class='ocr_par' dir='ltr' id='par_1_11' title="bbox 644 989 2190 1064">
     <span class='ocr_line' id='line_1_12' title="bbox 644 989 2190 1064; baseline -0.016 0"><span class='ocrx_word' id='word_1_78' title='bbox 644 1009 739 1064; x_wconf 83' lang='lat' dir='ltr'><strong>sed</strong></span> <span class='ocrx_word' id='word_1_79' title='bbox 763 1005 904 1060; x_wconf 84' lang='lat' dir='ltr'><strong>facta</strong></span> <span class='ocrx_word' id='word_1_80' title='bbox 945 1005 1260 1060; x_wconf 90' lang='lat' dir='ltr'><strong>condemnat</strong></span> <span class='ocrx_word' id='word_1_81' title='bbox 1286 1017 1301 1053; x_wconf 73' lang='grc' dir='ltr'>ε</span> <span class='ocrx_word' id='word_1_82' title='bbox 1326 1013 1452 1054; x_wconf 85' lang='lat' dir='ltr'><strong>caro</strong></span> <span class='ocrx_word' id='word_1_83' title='bbox 1479 1011 1664 1050; x_wconf 89' lang='lat' dir='ltr'><strong>eorum</strong></span> <span class='ocrx_word' id='word_1_84' title='bbox 1705 1010 1770 1048; x_wconf 78' lang='lat' dir='ltr'><strong>ex</strong></span> <span class='ocrx_word' id='word_1_85' title='bbox 1809 993 1898 1046; x_wconf 91' lang='lat' dir='ltr'><strong>illo</strong></span> <span class='ocrx_word' id='word_1_86' title='bbox 1931 1001 2068 1052; x_wconf 88' lang='lat' dir='ltr'><strong>erat,</strong></span> <span class='ocrx_word' id='word_1_87' title='bbox 2098 989 2190 1042; x_wconf 89' lang='lat' dir='ltr'><strong>sed</strong></span> 
     </span>
    </p>
   </div>
   <div class='ocr_carea' id='block_1_12' title="bbox 645 1081 2190 1157">
    <p class='ocr_par' dir='ltr' id='par_1_12' title="bbox 645 1081 2190 1157">
     <span class='ocr_line' id='line_1_13' title="bbox 645 1081 2190 1157; baseline -0.015 -7"><span class='ocrx_word' id='word_1_88' title='bbox 645 1096 755 1150; x_wconf 81' lang='lat' dir='ltr'><strong>vita</strong></span> <span class='ocrx_word' id='word_1_89' title='bbox 793 1098 899 1148; x_wconf 77' lang='lat' dir='ltr'><strong>nun</strong></span> <span class='ocrx_word' id='word_1_90' title='bbox 937 1099 1075 1146; x_wconf 89' lang='lat' dir='ltr'><strong>erat.</strong></span> <span class='ocrx_word' id='word_1_91' title='bbox 1111 1109 1132 1140; x_wconf 69' lang='grc' dir='ltr'>ι</span> <span class='ocrx_word' id='word_1_92' title='bbox 1167 1090 1308 1157; x_wconf 88' lang='lat' dir='ltr'><strong>Ergo</strong></span> <span class='ocrx_word' id='word_1_93' title='bbox 1344 1084 1630 1140; x_wconf 82' lang='lat' dir='ltr'><strong>Christiani</strong></span> <span class='ocrx_word' id='word_1_94' title='bbox 1677 1081 1803 1135; x_wconf 89' lang='lat' dir='ltr'><strong>facti</strong></span> <span class='ocrx_word' id='word_1_95' title='bbox 1846 1087 1969 1132; x_wconf 91' lang='lat' dir='ltr'><strong>sunt</strong></span> <span class='ocrx_word' id='word_1_96' title='bbox 2011 1091 2190 1130; x_wconf 90' lang='lat' dir='ltr'><strong>semen</strong></span> 
     </span>
    </p>
   </div>
   <div class='ocr_carea' id='block_1_13' title="bbox 647 1162 2192 1250">
    <p class='ocr_par' dir='ltr' id='par_1_13' title="bbox 647 1162 2192 1250">
     <span class='ocr_line' id='line_1_14' title="bbox 647 1162 2192 1250; baseline -0.014 -16"><span class='ocrx_word' id='word_1_97' title='bbox 647 1182 874 1236; x_wconf 69' lang='lat' dir='ltr'><strong>Abrahae</strong></span> <span class='ocrx_word' id='word_1_98' title='bbox 899 1179 1069 1250; x_wconf 88' lang='lat' dir='ltr'><strong>gratia</strong></span> <span class='ocrx_word' id='word_1_99' title='bbox 1106 1176 1222 1230; x_wconf 91' lang='lat' dir='ltr'><strong>Dei.</strong></span> <span class='ocrx_word' id='word_1_100' title='bbox 1266 1172 1381 1226; x_wconf 83' lang='lat' dir='ltr'><strong>Non</strong></span> <span class='ocrx_word' id='word_1_101' title='bbox 1410 1172 1475 1226; x_wconf 89' lang='lat' dir='ltr'><strong>de</strong></span> <span class='ocrx_word' id='word_1_102' title='bbox 1511 1185 1672 1225; x_wconf 87' lang='lat' dir='ltr'><strong>carne</strong></span> <span class='ocrx_word' id='word_1_103' title='bbox 1703 1167 1934 1222; x_wconf 75' lang='lat' dir='ltr'><strong>Ahraha:</strong></span> <span class='ocrx_word' id='word_1_104' title='bbox 1965 1163 2087 1216; x_wconf 87' lang='lat' dir='ltr'><strong>facti</strong></span> <span class='ocrx_word' id='word_1_105' title='bbox 2116 1162 2192 1215; x_wconf 90' lang='lat' dir='ltr'><strong>illi</strong></span> 
     </span>
    </p>
   </div>
   <div class='ocr_carea' id='block_1_14' title="bbox 648 1251 2194 1325">
    <p class='ocr_par' dir='ltr' id='par_1_14' title="bbox 648 1251 2194 1325">
     <span class='ocr_line' id='line_1_15' title="bbox 648 1251 2194 1325; baseline -0.015 0"><span class='ocrx_word' id='word_1_106' title='bbox 648 1251 952 1325; x_wconf 60' lang='lat' dir='ltr'><strong>coheredes</strong></span> <span class='ocrx_word' id='word_1_107' title='bbox 978 1283 993 1319; x_wconf 85' lang='lat'><strong>:</strong></span> <span class='ocrx_word' id='word_1_108' title='bbox 1018 1266 1156 1319; x_wconf 88' lang='lat' dir='ltr'><strong>Deus</strong></span> <span class='ocrx_word' id='word_1_109' title='bbox 1199 1262 1317 1316; x_wconf 88' lang='lat' dir='ltr'><strong>illos</strong></span> <span class='ocrx_word' id='word_1_110' title='bbox 1360 1257 1780 1320; x_wconf 75' lang='lat' dir='ltr'><strong>exhazreditavit,</strong></span> <span class='ocrx_word' id='word_1_111' title='bbox 1809 1256 1940 1308; x_wconf 86' lang='lat' dir='ltr'><strong>istos</strong></span> <span class='ocrx_word' id='word_1_112' title='bbox 1975 1252 2194 1319; x_wconf 86' lang='lat' dir='ltr'><strong>adopta-</strong></span> 
     </span>
    </p>
   </div>
   <div class='ocr_carea' id='block_1_15' title="bbox 647 1339 2194 1419">
    <p class='ocr_par' dir='ltr' id='par_1_15' title="bbox 647 1339 2194 1419">
     <span class='ocr_line' id='line_1_16' title="bbox 647 1339 2194 1419; baseline -0.013 -9"><span class='ocrx_word' id='word_1_113' title='bbox 647 1359 743 1411; x_wconf 91' lang='lat' dir='ltr'><strong>vit.</strong></span> <span class='ocrx_word' id='word_1_114' title='bbox 777 1377 794 1407; x_wconf 76' lang='grc' dir='ltr'><strong>ι</strong></span> <span class='ocrx_word' id='word_1_115' title='bbox 827 1356 919 1410; x_wconf 88' lang='lat' dir='ltr'><strong>Isti</strong></span> <span class='ocrx_word' id='word_1_116' title='bbox 945 1361 1068 1407; x_wconf 89' lang='lat' dir='ltr'><strong>sunt</strong></span> <span class='ocrx_word' id='word_1_117' title='bbox 1093 1352 1158 1405; x_wconf 89' lang='lat' dir='ltr'><strong>de</strong></span> <span class='ocrx_word' id='word_1_118' title='bbox 1179 1350 1372 1419; x_wconf 86' lang='lat' dir='ltr'><strong>quibus</strong></span> <span class='ocrx_word' id='word_1_119' title='bbox 1395 1347 1500 1401; x_wconf 83' lang='lat' dir='ltr'><strong>alio</strong></span> <span class='ocrx_word' id='word_1_120' title='bbox 1533 1346 1648 1400; x_wconf 89' lang='lat' dir='ltr'><strong>loco</strong></span> <span class='ocrx_word' id='word_1_121' title='bbox 1678 1342 1934 1398; x_wconf 13' lang='lat' dir='ltr'><strong>atloanne</strong></span> <span class='ocrx_word' id='word_1_122' title='bbox 1961 1339 2194 1408; x_wconf 87' lang='lat' dir='ltr'><strong>Baptista</strong></span> 
     </span>
    </p>
   </div>
   <div class='ocr_carea' id='block_1_16' title="bbox 647 1428 2197 1504">
    <p class='ocr_par' dir='ltr' id='par_1_16' title="bbox 647 1428 2197 1504">
     <span class='ocr_line' id='line_1_17' title="bbox 647 1428 2197 1504; baseline -0.014 -3"><span class='ocrx_word' id='word_1_123' title='bbox 647 1449 847 1502; x_wconf 84' lang='lat' dir='ltr'><strong>dictum</strong></span> <span class='ocrx_word' id='word_1_124' title='bbox 874 1453 955 1500; x_wconf 80' lang='lat' dir='ltr'><strong>est</strong></span> <span class='ocrx_word' id='word_1_125' title='bbox 979 1461 994 1496; x_wconf 88' lang='lat'><strong>:</strong></span> <span class='ocrx_word' id='word_1_126' title='bbox 1020 1440 1207 1496; x_wconf 80' lang='lat' dir='ltr'><strong>Potens</strong></span> <span class='ocrx_word' id='word_1_127' title='bbox 1234 1449 1308 1493; x_wconf 88' lang='lat' dir='ltr'><strong>est</strong></span> <span class='ocrx_word' id='word_1_128' title='bbox 1328 1438 1468 1492; x_wconf 82' lang='lat' dir='ltr'><strong>Deus</strong></span> <span class='ocrx_word' id='word_1_129' title='bbox 1494 1437 1558 1488; x_wconf 83' lang='lat' dir='ltr'><strong>de</strong></span> <span class='ocrx_word' id='word_1_130' title='bbox 1595 1431 1851 1504; x_wconf 78' lang='lat' dir='ltr'><strong>lapidibus</strong></span> <span class='ocrx_word' id='word_1_131' title='bbox 1891 1432 2006 1484; x_wconf 88' lang='lat' dir='ltr'><strong>istis</strong></span> <span class='ocrx_word' id='word_1_132' title='bbox 2033 1428 2197 1481; x_wconf 83' lang='lat' dir='ltr'><strong>susci-</strong></span> 
     </span>
    </p>
   </div>
   <div class='ocr_carea' id='block_1_17' title="bbox 648 1513 2194 1601">
    <p class='ocr_par' dir='ltr' id='par_1_17' title="bbox 648 1513 2194 1601">
     <span class='ocr_line' id='line_1_18' title="bbox 648 1513 2194 1601; baseline -0.015 -13"><span class='ocrx_word' id='word_1_133' title='bbox 648 1545 760 1588; x_wconf 86' lang='lat' dir='ltr'><strong>tare</strong></span> <span class='ocrx_word' id='word_1_134' title='bbox 807 1533 951 1601; x_wconf 27' lang='lat' dir='ltr'><strong>ﬁlios,</strong></span> <span class='ocrx_word' id='word_1_135' title='bbox 983 1529 1204 1582; x_wconf 68' lang='lat' dir='ltr'><strong>Abrahae</strong></span> <span class='ocrx_word' id='word_1_136' title='bbox 1248 1524 1457 1597; x_wconf 73' lang='lat' dir='ltr'><strong>(latth.</strong></span> <span class='ocrx_word' id='word_1_137' title='bbox 1509 1540 1593 1585; x_wconf 84' lang='lat' dir='ltr'><strong>Ill,</strong></span> <span class='ocrx_word' id='word_1_138' title='bbox 1641 1521 1718 1591; x_wconf 85' lang='lat'><strong>9).</strong></span> <span class='ocrx_word' id='word_1_139' title='bbox 1770 1519 1849 1573; x_wconf 91' lang='lat' dir='ltr'><strong>Illi</strong></span> <span class='ocrx_word' id='word_1_140' title='bbox 1894 1525 2050 1572; x_wconf 91' lang='lat' dir='ltr'><strong>erunt</strong></span> <span class='ocrx_word' id='word_1_141' title='bbox 2100 1513 2194 1567; x_wconf 81' lang='lat' dir='ltr'><strong>ﬁlii</strong></span> 
     </span>
    </p>
   </div>
   <div class='ocr_carea' id='block_1_18' title="bbox 648 1606 2197 1689">
    <p class='ocr_par' dir='ltr' id='par_1_18' title="bbox 648 1606 2197 1689">
     <span class='ocr_line' id='line_1_19' title="bbox 648 1606 2197 1689; baseline -0.014 -11"><span class='ocrx_word' id='word_1_142' title='bbox 648 1623 898 1686; x_wconf 64' lang='lat' dir='ltr'><strong>Abrahae,</strong></span> <span class='ocrx_word' id='word_1_143' title='bbox 926 1620 1017 1689; x_wconf 86' lang='lat' dir='ltr'><strong>qui</strong></span> <span class='ocrx_word' id='word_1_144' title='bbox 1048 1619 1202 1672; x_wconf 79' lang='lat' dir='ltr'><strong>fidem</strong></span> <span class='ocrx_word' id='word_1_145' title='bbox 1231 1617 1457 1670; x_wconf 73' lang='lat' dir='ltr'><strong>Abt-aha:</strong></span> <span class='ocrx_word' id='word_1_146' title='bbox 1495 1613 1787 1667; x_wconf 81' lang='lat' dir='ltr'><strong>imitantur.</strong></span> <span class='ocrx_word' id='word_1_147' title='bbox 1816 1611 1938 1664; x_wconf 85' lang='lat' dir='ltr'><strong>ideo</strong></span> <span class='ocrx_word' id='word_1_148' title='bbox 1980 1606 2197 1675; x_wconf 78' lang='lat' dir='ltr'><strong>subjun-</strong></span> 
     </span>
    </p>
   </div>
   <div class='ocr_carea' id='block_1_19' title="bbox 649 1673 2269 1772">
    <p class='ocr_par' dir='ltr' id='par_1_19' title="bbox 649 1673 2269 1772">
     <span class='ocr_line' id='line_1_20' title="bbox 649 1673 2269 1772; baseline -0.015 -5"><span class='ocrx_word' id='word_1_149' title='bbox 1079 1703 1301 1761; x_wconf 87' lang='lat' dir='ltr'><strong>dicens:</strong></span> <span class='ocrx_word' id='word_1_150' title='bbox 1344 1703 1405 1757; x_wconf 88' lang='lat' dir='ltr'><strong>Si</strong></span> <span class='ocrx_word' id='word_1_151' title='bbox 1450 1703 1546 1769; x_wconf 77' lang='lat' dir='ltr'><strong>ﬁlii</strong></span> <span class='ocrx_word' id='word_1_152' title='bbox 1573 1700 1794 1753; x_wconf 76' lang='lat' dir='ltr'><strong>Abt-alue</strong></span> <span class='ocrx_word' id='word_1_153' title='bbox 1846 1698 1992 1760; x_wconf 84' lang='lat' dir='ltr'><strong>estis,</strong></span> <span class='ocrx_word' id='word_1_154' title='bbox 2043 1673 2198 1763; x_wconf 80' lang='lat' dir='ltr'><strong>opera</strong></span> <span class='ocrx_word' id='word_1_155' title='bbox 2227 1673 2269 1732; x_wconf 66' lang='grc' dir='ltr'><strong><em>Β</em></strong></span> 
     </span>
    </p>
   </div>
   <div class='ocr_carea' id='block_1_20' title="bbox 647 1788 2197 1866">
    <p class='ocr_par' dir='ltr' id='par_1_20' title="bbox 647 1788 2197 1866">
     <span class='ocr_line' id='line_1_21' title="bbox 647 1788 2197 1866; baseline -0.012 -11"><span class='ocrx_word' id='word_1_156' title='bbox 647 1801 870 1855; x_wconf 78' lang='lat' dir='ltr'><strong>Abralue</strong></span> <span class='ocrx_word' id='word_1_157' title='bbox 895 1798 1068 1866; x_wconf 77' lang='lat' dir='ltr'><strong>facite.</strong></span> <span class='ocrx_word' id='word_1_158' title='bbox 1100 1794 1278 1848; x_wconf 82' lang='lat' dir='ltr'><strong>Factis</strong></span> <span class='ocrx_word' id='word_1_159' title='bbox 1299 1791 1518 1862; x_wconf 89' lang='lat' dir='ltr'><strong>probate</strong></span> <span class='ocrx_word' id='word_1_160' title='bbox 1555 1788 1902 1848; x_wconf 81' lang='lat' dir='ltr'><strong>nobilitatem,</strong></span> <span class='ocrx_word' id='word_1_161' title='bbox 1932 1800 2038 1838; x_wconf 92' lang='lat' dir='ltr'><strong>non</strong></span> <span class='ocrx_word' id='word_1_162' title='bbox 2075 1799 2197 1837; x_wconf 85' lang='lat' dir='ltr'><strong>ver—</strong></span> 
     </span>
    </p>
   </div>
   <div class='ocr_carea' id='block_1_21' title="bbox 650 1870 2197 1951">
    <p class='ocr_par' dir='ltr' id='par_1_21' title="bbox 650 1870 2197 1951">
     <span class='ocr_line' id='line_1_22' title="bbox 650 1870 2197 1951; baseline -0.011 -10"><span class='ocrx_word' id='word_1_163' title='bbox 650 1888 754 1941; x_wconf 87' lang='lat' dir='ltr'><strong>his.</strong></span> <span class='ocrx_word' id='word_1_164' title='bbox 791 1886 899 1939; x_wconf 86' lang='lat' dir='ltr'><strong>Sed</strong></span> <span class='ocrx_word' id='word_1_165' title='bbox 925 1872 1164 1951; x_wconf 71' lang='lat' dir='ltr'><strong>qumritis</strong></span> <span class='ocrx_word' id='word_1_166' title='bbox 1200 1870 1287 1934; x_wconf 83' lang='lat' dir='ltr'><strong>me</strong></span> <span class='ocrx_word' id='word_1_167' title='bbox 1323 1874 1643 1939; x_wconf 67' lang='lat' dir='ltr'><strong>interﬁcere,</strong></span> <span class='ocrx_word' id='word_1_168' title='bbox 1683 1874 1952 1930; x_wconf 83' lang='lat' dir='ltr'><strong>hominem</strong></span> <span class='ocrx_word' id='word_1_169' title='bbox 1979 1873 2072 1940; x_wconf 91' lang='lat' dir='ltr'><strong>qui</strong></span> <span class='ocrx_word' id='word_1_170' title='bbox 2110 1888 2197 1925; x_wconf 87' lang='lat' dir='ltr'><strong>ve—</strong></span> 
     </span>
    </p>
   </div>
   <div class='ocr_carea' id='block_1_22' title="bbox 653 1959 2198 2035">
    <p class='ocr_par' dir='ltr' id='par_1_22' title="bbox 653 1959 2198 2035">
     <span class='ocr_line' id='line_1_23' title="bbox 653 1959 2198 2035; baseline -0.011 -4"><span class='ocrx_word' id='word_1_171' title='bbox 653 1977 864 2032; x_wconf 79' lang='lat' dir='ltr'><strong>ritatem</strong></span> <span class='ocrx_word' id='word_1_172' title='bbox 895 1973 1104 2026; x_wconf 88' lang='lat' dir='ltr'><strong>locutus</strong></span> <span class='ocrx_word' id='word_1_173' title='bbox 1141 1983 1258 2023; x_wconf 89' lang='lat' dir='ltr'><strong>sum</strong></span> <span class='ocrx_word' id='word_1_174' title='bbox 1283 1967 1433 2020; x_wconf 83' lang='lat' dir='ltr'><strong>vobis</strong></span> <span class='ocrx_word' id='word_1_175' title='bbox 1457 1979 1616 2033; x_wconf 89' lang='lat' dir='ltr'><strong>quam</strong></span> <span class='ocrx_word' id='word_1_176' title='bbox 1659 1963 1835 2035; x_wconf 77' lang='lat' dir='ltr'><strong>audivi</strong></span> <span class='ocrx_word' id='word_1_177' title='bbox 1877 1977 1910 2014; x_wconf 90' lang='lat' dir='ltr'><strong>a</strong></span> <span class='ocrx_word' id='word_1_178' title='bbox 1937 1959 2064 2024; x_wconf 89' lang='lat' dir='ltr'><strong>Deo,</strong></span> <span class='ocrx_word' id='word_1_179' title='bbox 2099 1961 2198 2014; x_wconf 91' lang='lat' dir='ltr'><strong>hoc</strong></span> 
     </span>
    </p>
   </div>
   <div class='ocr_carea' id='block_1_23' title="bbox 651 2049 2196 2120">
    <p class='ocr_par' dir='ltr' id='par_1_23' title="bbox 651 2049 2196 2120">
     <span class='ocr_line' id='line_1_24' title="bbox 651 2049 2196 2120; baseline -0.012 -2"><span class='ocrx_word' id='word_1_180' title='bbox 651 2064 920 2117; x_wconf 77' lang='lat' dir='ltr'><strong>Abraham</strong></span> <span class='ocrx_word' id='word_1_181' title='bbox 967 2075 1072 2114; x_wconf 92' lang='lat' dir='ltr'><strong>non</strong></span> <span class='ocrx_word' id='word_1_182' title='bbox 1113 2058 1255 2111; x_wconf 87' lang='lat' dir='ltr'><strong>fecit.</strong></span> <span class='ocrx_word' id='word_1_183' title='bbox 1287 2056 1392 2110; x_wconf 82' lang='lat' dir='ltr'><strong>Vos</strong></span> <span class='ocrx_word' id='word_1_184' title='bbox 1434 2053 1608 2106; x_wconf 87' lang='lat' dir='ltr'><strong>facitis</strong></span> <span class='ocrx_word' id='word_1_185' title='bbox 1629 2067 1789 2120; x_wconf 80' lang='lat' dir='ltr'><strong>opera</strong></span> <span class='ocrx_word' id='word_1_186' title='bbox 1810 2049 1985 2104; x_wconf 84' lang='lat' dir='ltr'><strong>Patris</strong></span> <span class='ocrx_word' id='word_1_187' title='bbox 2005 2049 2196 2111; x_wconf 80' lang='lat' dir='ltr'><strong>vestri;</strong></span> 
     </span>
    </p>
   </div>
   <div class='ocr_carea' id='block_1_24' title="bbox 651 2141 2199 2217">
    <p class='ocr_par' dir='ltr' id='par_1_24' title="bbox 651 2141 2199 2217">
     <span class='ocr_line' id='line_1_25' title="bbox 651 2141 2199 2217; baseline -0.01 -7"><span class='ocrx_word' id='word_1_188' title='bbox 651 2167 707 2209; x_wconf 82' lang='lat' dir='ltr'><strong>ot</strong></span> <span class='ocrx_word' id='word_1_189' title='bbox 734 2153 907 2209; x_wconf 86' lang='lat' dir='ltr'><strong>adhuc</strong></span> <span class='ocrx_word' id='word_1_190' title='bbox 927 2168 1032 2207; x_wconf 90' lang='lat' dir='ltr'><strong>non</strong></span> <span class='ocrx_word' id='word_1_191' title='bbox 1057 2151 1184 2204; x_wconf 87' lang='lat' dir='ltr'><strong>dicit</strong></span> <span class='ocrx_word' id='word_1_192' title='bbox 1207 2148 1327 2217; x_wconf 86' lang='lat' dir='ltr'><strong>quis</strong></span> <span class='ocrx_word' id='word_1_193' title='bbox 1354 2156 1437 2200; x_wconf 90' lang='lat' dir='ltr'><strong>est</strong></span> <span class='ocrx_word' id='word_1_194' title='bbox 1466 2147 1564 2198; x_wconf 89' lang='lat' dir='ltr'><strong>iste</strong></span> <span class='ocrx_word' id='word_1_195' title='bbox 1589 2153 1740 2212; x_wconf 91' lang='lat' dir='ltr'><strong>pater</strong></span> <span class='ocrx_word' id='word_1_196' title='bbox 1762 2156 1966 2196; x_wconf 89' lang='lat' dir='ltr'><strong>eorum.</strong></span> <span class='ocrx_word' id='word_1_197' title='bbox 1998 2160 2016 2190; x_wconf 69' lang='grc' dir='ltr'>ε</span> <span class='ocrx_word' id='word_1_198' title='bbox 2046 2141 2199 2194; x_wconf 76' lang='lat' dir='ltr'><strong>Modo</strong></span> 
     </span>
    </p>
   </div>
   <div class='ocr_carea' id='block_1_25' title="bbox 655 2231 2201 2309">
    <p class='ocr_par' dir='ltr' id='par_1_25' title="bbox 655 2231 2201 2309">
     <span class='ocr_line' id='line_1_26' title="bbox 655 2231 2201 2309; baseline -0.006 -16"><span class='ocrx_word' id='word_1_199' title='bbox 655 2242 728 2294; x_wconf 88' lang='lat' dir='ltr'><strong>illi</strong></span> <span class='ocrx_word' id='word_1_200' title='bbox 769 2240 898 2309; x_wconf 89' lang='lat' dir='ltr'><strong>quid</strong></span> <span class='ocrx_word' id='word_1_201' title='bbox 930 2235 1369 2307; x_wconf 64' lang='lat' dir='ltr'><strong>responderunt!</strong></span> <span class='ocrx_word' id='word_1_202' title='bbox 1400 2233 1686 2301; x_wconf 63' lang='lat' dir='ltr'><strong>Coeperunt</strong></span> <span class='ocrx_word' id='word_1_203' title='bbox 1741 2231 1884 2284; x_wconf 87' lang='lat' dir='ltr'><strong>enim</strong></span> <span class='ocrx_word' id='word_1_204' title='bbox 1932 2238 2201 2298; x_wconf 86' lang='lat' dir='ltr'><strong>utcunque</strong></span> 
     </span>
    </p>
   </div>
   <div class='ocr_carea' id='block_1_26' title="bbox 651 2315 2200 2398">
    <p class='ocr_par' dir='ltr' id='par_1_26' title="bbox 651 2315 2200 2398">
     <span class='ocr_line' id='line_1_27' title="bbox 651 2315 2200 2398; baseline -0.01 -15"><span class='ocrx_word' id='word_1_205' title='bbox 651 2343 994 2398; x_wconf 85' lang='lat' dir='ltr'><strong>cognoscere,</strong></span> <span class='ocrx_word' id='word_1_206' title='bbox 1027 2340 1129 2378; x_wconf 90' lang='lat' dir='ltr'><strong>non</strong></span> <span class='ocrx_word' id='word_1_207' title='bbox 1159 2324 1224 2378; x_wconf 91' lang='lat' dir='ltr'><strong>de</strong></span> <span class='ocrx_word' id='word_1_208' title='bbox 1252 2322 1429 2377; x_wconf 89' lang='lat' dir='ltr'><strong>carnis</strong></span> <span class='ocrx_word' id='word_1_209' title='bbox 1451 2319 1788 2390; x_wconf 75' lang='lat' dir='ltr'><strong>generatione</strong></span> <span class='ocrx_word' id='word_1_210' title='bbox 1816 2315 2094 2371; x_wconf 88' lang='lat' dir='ltr'><strong>Dominum</strong></span> <span class='ocrx_word' id='word_1_211' title='bbox 2122 2316 2200 2370; x_wconf 86' lang='lat' dir='ltr'><strong>lo-</strong></span> 
     </span>
    </p>
   </div>
   <div class='ocr_carea' id='block_1_27' title="bbox 648 2398 2202 2485">
    <p class='ocr_par' dir='ltr' id='par_1_27' title="bbox 648 2398 2202 2485">
     <span class='ocr_line' id='line_1_28' title="bbox 648 2398 2202 2485; baseline -0.01 -15"><span class='ocrx_word' id='word_1_212' title='bbox 648 2398 766 2485; x_wconf 79' lang='lat' dir='ltr'><strong>qui,</strong></span> <span class='ocrx_word' id='word_1_213' title='bbox 795 2415 888 2469; x_wconf 89' lang='lat' dir='ltr'><strong>sed</strong></span> <span class='ocrx_word' id='word_1_214' title='bbox 930 2414 996 2468; x_wconf 93' lang='lat' dir='ltr'><strong>de</strong></span> <span class='ocrx_word' id='word_1_215' title='bbox 1023 2414 1143 2466; x_wconf 74' lang='lat' dir='ltr'><strong>vita:</strong></span> <span class='ocrx_word' id='word_1_216' title='bbox 1189 2409 1518 2464; x_wconf 88' lang='lat' dir='ltr'><strong>institutione</strong></span> <span class='ocrx_word' id='word_1_217' title='bbox 1559 2424 1573 2459; x_wconf 91' lang='lat'>:</span> <span class='ocrx_word' id='word_1_218' title='bbox 1615 2413 1671 2460; x_wconf 88' lang='lat' dir='ltr'><strong>et</strong></span> <span class='ocrx_word' id='word_1_219' title='bbox 1709 2399 1834 2472; x_wconf 80' lang='lat' dir='ltr'><strong>quia</strong></span> <span class='ocrx_word' id='word_1_220' title='bbox 1880 2402 2202 2456; x_wconf 86' lang='lat' dir='ltr'><strong>consuetudo</strong></span> 
     </span>
    </p>
   </div>
   <div class='ocr_carea' id='block_1_28' title="bbox 653 2491 2203 2572">
    <p class='ocr_par' dir='ltr' id='par_1_28' title="bbox 653 2491 2203 2572">
     <span class='ocr_line' id='line_1_29' title="bbox 653 2491 2203 2572; baseline -0.01 -13"><span class='ocrx_word' id='word_1_221' title='bbox 653 2505 1054 2572; x_wconf 80' lang='lat' dir='ltr'><strong>Seripturarum</strong></span> <span class='ocrx_word' id='word_1_222' title='bbox 1079 2508 1161 2554; x_wconf 90' lang='lat' dir='ltr'><strong>est</strong></span> <span class='ocrx_word' id='word_1_223' title='bbox 1188 2513 1346 2566; x_wconf 90' lang='lat' dir='ltr'><strong>quam</strong></span> <span class='ocrx_word' id='word_1_224' title='bbox 1375 2496 1637 2565; x_wconf 86' lang='lat' dir='ltr'><strong>legebant,</strong></span> <span class='ocrx_word' id='word_1_225' title='bbox 1668 2491 2066 2546; x_wconf 76' lang='lat' dir='ltr'><strong>fornicationem</strong></span> <span class='ocrx_word' id='word_1_226' title='bbox 2098 2492 2203 2559; x_wconf 88' lang='lat' dir='ltr'><strong>spi—</strong></span> 
     </span>
    </p>
   </div>
   <div class='ocr_carea' id='block_1_29' title="bbox 658 2578 2201 2656">
    <p class='ocr_par' dir='ltr' id='par_1_29' title="bbox 658 2578 2201 2656">
     <span class='ocr_line' id='line_1_30' title="bbox 658 2578 2201 2656; baseline -0.009 -11"><span class='ocrx_word' id='word_1_227' title='bbox 658 2592 884 2645; x_wconf 88' lang='lat' dir='ltr'><strong>ritaliter</strong></span> <span class='ocrx_word' id='word_1_228' title='bbox 929 2587 1204 2656; x_wconf 85' lang='lat' dir='ltr'><strong>appellari,</strong></span> <span class='ocrx_word' id='word_1_229' title='bbox 1232 2599 1354 2638; x_wconf 90' lang='lat' dir='ltr'><strong>cum</strong></span> <span class='ocrx_word' id='word_1_230' title='bbox 1383 2583 1483 2637; x_wconf 85' lang='lat' dir='ltr'><strong>diis</strong></span> <span class='ocrx_word' id='word_1_231' title='bbox 1527 2582 1705 2635; x_wconf 90' lang='lat' dir='ltr'><strong>multis</strong></span> <span class='ocrx_word' id='word_1_232' title='bbox 1752 2590 1807 2634; x_wconf 90' lang='lat' dir='ltr'><strong>et</strong></span> <span class='ocrx_word' id='word_1_233' title='bbox 1835 2578 1985 2635; x_wconf 78' lang='lat' dir='ltr'><strong>falsis</strong></span> <span class='ocrx_word' id='word_1_234' title='bbox 2026 2579 2201 2632; x_wconf 84' lang='lat' dir='ltr'><strong>anima</strong></span> 
     </span>
    </p>
   </div>
   <div class='ocr_carea' id='block_1_30' title="bbox 658 2669 2199 2749">
    <p class='ocr_par' dir='ltr' id='par_1_30' title="bbox 658 2669 2199 2749">
     <span class='ocr_line' id='line_1_31' title="bbox 658 2669 2199 2749; baseline -0.008 -15"><span class='ocrx_word' id='word_1_235' title='bbox 658 2691 910 2749; x_wconf 88' lang='lat' dir='ltr'><strong>tanquam</strong></span> <span class='ocrx_word' id='word_1_236' title='bbox 933 2678 1212 2747; x_wconf 86' lang='lat' dir='ltr'><strong>prostituta</strong></span> <span class='ocrx_word' id='word_1_237' title='bbox 1234 2674 1532 2741; x_wconf 84' lang='lat' dir='ltr'><strong>subjicitur,</strong></span> <span class='ocrx_word' id='word_1_238' title='bbox 1563 2673 1628 2726; x_wconf 88' lang='lat' dir='ltr'><strong>ad</strong></span> <span class='ocrx_word' id='word_1_239' title='bbox 1656 2673 1755 2727; x_wconf 89' lang='lat' dir='ltr'><strong>hoc</strong></span> <span class='ocrx_word' id='word_1_240' title='bbox 1781 2669 2199 2739; x_wconf 84' lang='lat' dir='ltr'><strong>responderunt:</strong></span> 
     </span>
    </p>
   </div>
   <div class='ocr_carea' id='block_1_31' title="bbox 661 2758 2203 2838">
    <p class='ocr_par' dir='ltr' id='par_1_31' title="bbox 661 2758 2203 2838">
     <span class='ocr_line' id='line_1_32' title="bbox 661 2758 2203 2838; baseline -0.008 -15"><span class='ocrx_word' id='word_1_241' title='bbox 661 2769 844 2838; x_wconf 73' lang='lat' dir='ltr'><strong>(Vens.</strong></span> <span class='ocrx_word' id='word_1_242' title='bbox 867 2768 980 2837; x_wconf 71' lang='grc' dir='ltr'><strong>ιι.)</strong></span> <span class='ocrx_word' id='word_1_243' title='bbox 1007 2765 1258 2818; x_wconf 70' lang='lat' dir='ltr'><strong>Dixerunt</strong></span> <span class='ocrx_word' id='word_1_244' title='bbox 1286 2764 1458 2833; x_wconf 76' lang='lat' dir='ltr'><strong>itaque</strong></span> <span class='ocrx_word' id='word_1_245' title='bbox 1481 2763 1528 2815; x_wconf 83' lang='lat' dir='ltr'><strong>ei</strong></span> <span class='ocrx_word' id='word_1_246' title='bbox 1570 2781 1587 2818; x_wconf 94' lang='lat'><em>:</em></span> <span class='ocrx_word' id='word_1_247' title='bbox 1617 2758 1728 2814; x_wconf 82' lang='lat' dir='ltr'><strong>Nos</strong></span> <span class='ocrx_word' id='word_1_248' title='bbox 1756 2777 1821 2814; x_wconf 69' lang='lat' dir='ltr'><strong>ex</strong></span> <span class='ocrx_word' id='word_1_249' title='bbox 1846 2759 2203 2829; x_wconf 62' lang='lat' dir='ltr'><strong>prostitutione</strong></span> 
     </span>
    </p>
   </div>
   <div class='ocr_carea' id='block_1_32' title="bbox 661 2846 2204 2919">
    <p class='ocr_par' dir='ltr' id='par_1_32' title="bbox 661 2846 2204 2919">
     <span class='ocr_line' id='line_1_33' title="bbox 661 2846 2204 2919; baseline -0.01 -4"><span class='ocrx_word' id='word_1_250' title='bbox 661 2877 765 2915; x_wconf 70' lang='lat' dir='ltr'><strong>non</strong></span> <span class='ocrx_word' id='word_1_251' title='bbox 803 2874 981 2914; x_wconf 81' lang='lat' dir='ltr'><strong>sumus</strong></span> <span class='ocrx_word' id='word_1_252' title='bbox 1010 2857 1138 2919; x_wconf 78' lang='lat' dir='ltr'><strong>nati,</strong></span> <span class='ocrx_word' id='word_1_253' title='bbox 1173 2870 1333 2908; x_wconf 77' lang='lat' dir='ltr'><strong>unum</strong></span> <span class='ocrx_word' id='word_1_254' title='bbox 1362 2850 1570 2905; x_wconf 80' lang='lat' dir='ltr'><strong>Patrem</strong></span> <span class='ocrx_word' id='word_1_255' title='bbox 1596 2850 1840 2903; x_wconf 81' lang='lat' dir='ltr'><strong>habemus</strong></span> <span class='ocrx_word' id='word_1_256' title='bbox 1866 2846 2050 2919; x_wconf 80' lang='lat' dir='ltr'><strong>Deum.</strong></span> <span class='ocrx_word' id='word_1_257' title='bbox 2088 2846 2204 2900; x_wconf 73' lang='lat' dir='ltr'><strong>iam</strong></span> 
     </span>
    </p>
   </div>
   <div class='ocr_carea' id='block_1_33' title="bbox 662 2930 2291 3031">
    <p class='ocr_par' dir='ltr' id='par_1_33' title="bbox 662 2930 2291 3031">
     <span class='ocr_line' id='line_1_34' title="bbox 662 2930 2291 3031; baseline 0.033 -28"><span class='ocrx_word' id='word_1_258' title='bbox 662 2949 816 3004; x_wconf 86' lang='lat' dir='ltr'><strong>viluit</strong></span> <span class='ocrx_word' id='word_1_259' title='bbox 833 2948 1103 3002; x_wconf 85' lang='lat' dir='ltr'><strong>Abraham</strong></span> <span class='ocrx_word' id='word_1_260' title='bbox 1126 2962 1143 3001; x_wconf 86' lang='lat'><strong>:</strong></span> <span class='ocrx_word' id='word_1_261' title='bbox 1166 2943 1363 3012; x_wconf 65' lang='grc' dir='ltr'><strong>τῳ¹¹¹³ί</strong></span> <span class='ocrx_word' id='word_1_262' title='bbox 1387 2948 1512 3031; x_wconf 49' lang='grc' dir='ltr'><strong>ΨΜ</strong></span> <span class='ocrx_word' id='word_1_263' title='bbox 1538 2941 1698 3003; x_wconf 64' lang='lat' dir='ltr'><strong>enim’</strong></span> <span class='ocrx_word' id='word_1_264' title='bbox 1727 2938 1991 3031; x_wconf 47' lang='grc' dir='ltr'><strong>9Ϋοωοἀο</strong></span> <span class='ocrx_word' id='word_1_265' title='bbox 2009 2937 2200 3031; x_wconf 54' lang='grc' dir='ltr'><strong>-Γθρειϋ</strong></span> <span class='ocrx_word' id='word_1_266' title='bbox 2228 2930 2291 3031; x_wconf 28' lang='lat' dir='ltr'><strong>c.</strong></span> 
     </span>
    </p>
   </div>
   <div class='ocr_carea' id='block_1_34' title="bbox 663 3022 2204 3106">
    <p class='ocr_par' dir='ltr' id='par_1_34' title="bbox 663 3022 2204 3106">
     <span class='ocr_line' id='line_1_35' title="bbox 663 3022 2204 3106; baseline -0.011 -11"><span class='ocrx_word' id='word_1_267' title='bbox 663 3040 960 3094; x_wconf 87' lang='lat' dir='ltr'><strong>debuerunt</strong></span> <span class='ocrx_word' id='word_1_268' title='bbox 985 3034 1138 3106; x_wconf 65' lang='grc' dir='ltr'><strong>μη,</strong></span> <span class='ocrx_word' id='word_1_269' title='bbox 1157 3022 1456 3100; x_wconf 86' lang='lat' dir='ltr'><strong>voluerunt]</strong></span> <span class='ocrx_word' id='word_1_270' title='bbox 1499 3041 1594 3082; x_wconf 89' lang='lat' dir='ltr'><strong>ore</strong></span> <span class='ocrx_word' id='word_1_271' title='bbox 1629 3028 1892 3091; x_wconf 82' lang='lat' dir='ltr'><strong>veridico;</strong></span> <span class='ocrx_word' id='word_1_272' title='bbox 1933 3026 2056 3096; x_wconf 83' lang='lat' dir='ltr'><strong>quia</strong></span> <span class='ocrx_word' id='word_1_273' title='bbox 2085 3033 2204 3080; x_wconf 88' lang='lat' dir='ltr'><strong>erat</strong></span> 
     </span>
    </p>
   </div>
   <div class='ocr_carea' id='block_1_35' title="bbox 661 3113 2204 3188">
    <p class='ocr_par' dir='ltr' id='par_1_35' title="bbox 661 3113 2204 3188">
     <span class='ocr_line' id='line_1_36' title="bbox 661 3113 2204 3188; baseline -0.012 -5"><span class='ocrx_word' id='word_1_274' title='bbox 661 3128 786 3183; x_wconf 87' lang='lat' dir='ltr'><strong>talis</strong></span> <span class='ocrx_word' id='word_1_275' title='bbox 809 3125 1099 3186; x_wconf 79' lang='lat' dir='ltr'><strong>Abraham,</strong></span> <span class='ocrx_word' id='word_1_276' title='bbox 1124 3120 1278 3188; x_wconf 84' lang='lat' dir='ltr'><strong>cujus</strong></span> <span class='ocrx_word' id='word_1_277' title='bbox 1314 3117 1511 3171; x_wconf 89' lang='lat' dir='ltr'><strong>factum</strong></span> <span class='ocrx_word' id='word_1_278' title='bbox 1536 3130 1639 3170; x_wconf 91' lang='lat' dir='ltr'><strong>non</strong></span> <span class='ocrx_word' id='word_1_279' title='bbox 1669 3116 2033 3178; x_wconf 84' lang='lat' dir='ltr'><strong>imitabantur,</strong></span> <span class='ocrx_word' id='word_1_280' title='bbox 2058 3122 2114 3167; x_wconf 92' lang='lat' dir='ltr'><strong>et</strong></span> <span class='ocrx_word' id='word_1_281' title='bbox 2138 3113 2204 3166; x_wconf 89' lang='lat' dir='ltr'><strong>de</strong></span> 
     </span>
    </p>
   </div>
   <div class='ocr_carea' id='block_1_36' title="bbox 663 3204 2206 3286">
    <p class='ocr_par' dir='ltr' id='par_1_36' title="bbox 663 3204 2206 3286">
     <span class='ocr_line' id='line_1_37' title="bbox 663 3204 2206 3286; baseline -0.011 -14"><span class='ocrx_word' id='word_1_282' title='bbox 663 3218 804 3272; x_wconf 87' lang='lat' dir='ltr'><strong>illius</strong></span> <span class='ocrx_word' id='word_1_283' title='bbox 826 3226 1020 3286; x_wconf 87' lang='lat' dir='ltr'><strong>genere</strong></span> <span class='ocrx_word' id='word_1_284' title='bbox 1044 3210 1418 3281; x_wconf 70' lang='lat' dir='ltr'><strong>gloriabantur.</strong></span> <span class='ocrx_word' id='word_1_285' title='bbox 1459 3207 1524 3260; x_wconf 84' lang='lat' dir='ltr'><strong>Et</strong></span> <span class='ocrx_word' id='word_1_286' title='bbox 1550 3213 1888 3260; x_wconf 81' lang='lat' dir='ltr'><strong>mutaverunt</strong></span> <span class='ocrx_word' id='word_1_287' title='bbox 1907 3204 2206 3272; x_wconf 82' lang='lat' dir='ltr'><strong>responsio-</strong></span> 
     </span>
    </p>
   </div>
   <div class='ocr_carea' id='block_1_37' title="bbox 667 3291 2207 3367">
    <p class='ocr_par' dir='ltr' id='par_1_37' title="bbox 667 3291 2207 3367">
     <span class='ocr_line' id='line_1_38' title="bbox 667 3291 2207 3367; baseline -0.008 -11"><span class='ocrx_word' id='word_1_288' title='bbox 667 3318 811 3366; x_wconf 83' lang='lat' dir='ltr'><strong>nem.</strong></span> <span class='ocrx_word' id='word_1_289' title='bbox 853 3300 1116 3355; x_wconf 81' lang='lat' dir='ltr'><strong>credendo</strong></span> <span class='ocrx_word' id='word_1_290' title='bbox 1162 3296 1318 3367; x_wconf 67' lang='grc' dir='ltr'><strong><em>[Δις.</em></strong></span> <span class='ocrx_word' id='word_1_291' title='bbox 1344 3305 1394 3348; x_wconf 89' lang='lat' dir='ltr'><strong>et</strong></span> <span class='ocrx_word' id='word_1_292' title='bbox 1424 3292 1550 3358; x_wconf 78' lang='lat' dir='ltr'><strong>lfs.,</strong></span> <span class='ocrx_word' id='word_1_293' title='bbox 1572 3293 1753 3364; x_wconf 82' lang='lat' dir='ltr'><strong>credo]</strong></span> <span class='ocrx_word' id='word_1_294' title='bbox 1794 3292 2030 3347; x_wconf 85' lang='lat' dir='ltr'><strong>dicentes</strong></span> <span class='ocrx_word' id='word_1_295' title='bbox 2069 3291 2207 3359; x_wconf 88' lang='lat' dir='ltr'><strong>apud</strong></span> 
     </span>
    </p>
   </div>
   <div class='ocr_carea' id='block_1_38' title="bbox 667 3374 2204 3456">
    <p class='ocr_par' dir='ltr' id='par_1_38' title="bbox 667 3374 2204 3456">
     <span class='ocr_line' id='line_1_39' title="bbox 667 3374 2204 3456; baseline -0.008 -14"><span class='ocrx_word' id='word_1_296' title='bbox 667 3390 900 3456; x_wconf 87' lang='lat' dir='ltr'><strong>seipsos,</strong></span> <span class='ocrx_word' id='word_1_297' title='bbox 942 3374 1363 3452; x_wconf 79' lang='lat' dir='ltr'><strong>quotiescunque</strong></span> <span class='ocrx_word' id='word_1_298' title='bbox 1422 3381 1870 3434; x_wconf 75' lang='lat' dir='ltr'><strong>nominavet-imus</strong></span> <span class='ocrx_word' id='word_1_299' title='bbox 1913 3379 2204 3454; x_wconf 82' lang='lat' dir='ltr'><strong>Abraham,</strong></span> 
     </span>
    </p>
   </div>
   <div class='ocr_carea' id='block_1_39' title="bbox 667 3451 2209 3532">
    <p class='ocr_par' dir='ltr' id='par_1_39' title="bbox 667 3451 2209 3532">
     <span class='ocr_line' id='line_1_40' title="bbox 667 3451 2209 3532; baseline -0.009 -2"><span class='ocrx_word' id='word_1_300' title='bbox 667 3451 906 3530; x_wconf 69' lang='lat' dir='ltr'><strong>dicturus</strong></span> <span class='ocrx_word' id='word_1_301' title='bbox 949 3451 1032 3526; x_wconf 85' lang='lat' dir='ltr'><strong>est</strong></span> <span class='ocrx_word' id='word_1_302' title='bbox 1070 3465 1223 3523; x_wconf 85' lang='lat' dir='ltr'><strong>nobis</strong></span> <span class='ocrx_word' id='word_1_303' title='bbox 1247 3486 1260 3520; x_wconf 89' lang='lat'>:</span> <span class='ocrx_word' id='word_1_304' title='bbox 1284 3468 1458 3532; x_wconf 82' lang='lat' dir='ltr'><strong>Quare</strong></span> <span class='ocrx_word' id='word_1_305' title='bbox 1503 3479 1607 3520; x_wconf 91' lang='lat' dir='ltr'><strong>non</strong></span> <span class='ocrx_word' id='word_1_306' title='bbox 1653 3466 1933 3519; x_wconf 88' lang='lat' dir='ltr'><strong>imitamini</strong></span> <span class='ocrx_word' id='word_1_307' title='bbox 1977 3479 2098 3517; x_wconf 89' lang='lat' dir='ltr'><strong>eum</strong></span> <span class='ocrx_word' id='word_1_308' title='bbox 2144 3451 2209 3517; x_wconf 86' lang='lat' dir='ltr'><strong>de</strong></span> 
     </span>
    </p>
   </div>
   <div class='ocr_carea' id='block_1_40' title="bbox 667 3553 2207 3632">
    <p class='ocr_par' dir='ltr' id='par_1_40' title="bbox 667 3553 2207 3632">
     <span class='ocr_line' id='line_1_41' title="bbox 667 3553 2207 3632; baseline -0.008 -15"><span class='ocrx_word' id='word_1_309' title='bbox 667 3563 822 3629; x_wconf 84' lang='lat' dir='ltr'><strong>cujus</strong></span> <span class='ocrx_word' id='word_1_310' title='bbox 840 3573 1033 3632; x_wconf 82' lang='lat' dir='ltr'><strong>genere</strong></span> <span class='ocrx_word' id='word_1_311' title='bbox 1059 3556 1395 3629; x_wconf 80' lang='lat' dir='ltr'><strong>gloriamini?</strong></span> <span class='ocrx_word' id='word_1_312' title='bbox 1440 3555 1546 3610; x_wconf 92' lang='lat' dir='ltr'><strong>Nos</strong></span> <span class='ocrx_word' id='word_1_313' title='bbox 1585 3563 1846 3617; x_wconf 86' lang='lat' dir='ltr'><strong>sanctum,</strong></span> <span class='ocrx_word' id='word_1_314' title='bbox 1872 3553 2092 3622; x_wconf 84' lang='lat' dir='ltr'><strong>justum,</strong></span> <span class='ocrx_word' id='word_1_315' title='bbox 2127 3553 2207 3605; x_wconf 90' lang='lat' dir='ltr'><strong>in-</strong></span> 
     </span>
    </p>
   </div>
   <div class='ocr_carea' id='block_1_41' title="bbox 673 3647 2205 3717">
    <p class='ocr_par' dir='ltr' id='par_1_41' title="bbox 673 3647 2205 3717">
     <span class='ocr_line' id='line_1_42' title="bbox 673 3647 2205 3717; baseline -0.009 -8"><span class='ocrx_word' id='word_1_316' title='bbox 673 3656 975 3717; x_wconf 79' lang='lat' dir='ltr'><strong>nocentem,</strong></span> <span class='ocrx_word' id='word_1_317' title='bbox 1025 3660 1223 3706; x_wconf 87' lang='lat' dir='ltr'><strong>tantnm</strong></span> <span class='ocrx_word' id='word_1_318' title='bbox 1256 3649 1437 3701; x_wconf 82' lang='lat' dir='ltr'><strong>virum</strong></span> <span class='ocrx_word' id='word_1_319' title='bbox 1487 3647 1682 3701; x_wconf 88' lang='lat' dir='ltr'><strong>imitari</strong></span> <span class='ocrx_word' id='word_1_320' title='bbox 1734 3661 1838 3699; x_wconf 90' lang='lat' dir='ltr'><strong>non</strong></span> <span class='ocrx_word' id='word_1_321' title='bbox 1887 3656 2205 3715; x_wconf 88' lang='lat' dir='ltr'><strong>possumus:</strong></span> 
     </span>
    </p>
   </div>
   <div class='ocr_carea' id='block_1_42' title="bbox 675 3730 2265 3800">
    <p class='ocr_par' dir='ltr' id='par_1_42' title="bbox 675 3730 2265 3800">
     <span class='ocr_line' id='line_1_43' title="bbox 675 3730 2265 3800; baseline -0.011 -2"><span class='ocrx_word' id='word_1_322' title='bbox 675 3744 839 3798; x_wconf 83' lang='lat' dir='ltr'><strong>Deum</strong></span> <span class='ocrx_word' id='word_1_323' title='bbox 866 3741 1104 3795; x_wconf 86' lang='lat' dir='ltr'><strong>dicamus</strong></span> <span class='ocrx_word' id='word_1_324' title='bbox 1129 3736 1638 3796; x_wconf 82' lang='lat' dir='ltr'><strong>Patrem&#39;nostrum;</strong></span> <span class='ocrx_word' id='word_1_325' title='bbox 1669 3734 1939 3786; x_wconf 74' lang='lat' dir='ltr'><strong>videamus</strong></span> <span class='ocrx_word' id='word_1_326' title='bbox 1965 3730 2093 3800; x_wconf 89' lang='lat' dir='ltr'><strong>quid</strong></span> <span class='ocrx_word' id='word_1_327' title='bbox 2119 3746 2213 3782; x_wconf 95' lang='lat' dir='ltr'><strong>no-</strong></span> <span class='ocrx_word' id='word_1_328' title='bbox 2254 3745 2265 3763; x_wconf 61' lang='grc' dir='ltr'>κ</span> 
     </span>
    </p>
   </div>
   <div class='ocr_carea' id='block_1_43' title="bbox 675 3817 2212 3892">
    <p class='ocr_par' dir='ltr' id='par_1_43' title="bbox 675 3817 2212 3892">
     <span class='ocr_line' id='line_1_44' title="bbox 675 3817 2212 3892; baseline -0.008 -9"><span class='ocrx_word' id='word_1_329' title='bbox 675 3828 760 3883; x_wconf 91' lang='lat' dir='ltr'><strong>bis</strong></span> <span class='ocrx_word' id='word_1_330' title='bbox 781 3820 1017 3882; x_wconf 80' lang='lat' dir='ltr'><strong>dicturus</strong></span> <span class='ocrx_word' id='word_1_331' title='bbox 1041 3836 1140 3880; x_wconf 87' lang='lat' dir='ltr'><strong>est.</strong></span> <span class='ocrx_word' id='word_1_332' title='bbox 1176 3845 1195 3877; x_wconf 70' lang='grc' dir='ltr'>ι</span> <span class='ocrx_word' id='word_1_333' title='bbox 1224 3822 1474 3892; x_wconf 85' lang='lat' dir='ltr'><strong>Nunquid</strong></span> <span class='ocrx_word' id='word_1_334' title='bbox 1514 3821 1560 3875; x_wconf 92' lang='lat' dir='ltr'><strong>si</strong></span> <span class='ocrx_word' id='word_1_335' title='bbox 1605 3817 1812 3873; x_wconf 79' lang='lat' dir='ltr'><strong>falsitas</strong></span> <span class='ocrx_word' id='word_1_336' title='bbox 1849 3819 2050 3872; x_wconf 79' lang='lat' dir='ltr'><strong>invenit</strong></span> <span class='ocrx_word' id='word_1_337' title='bbox 2073 3817 2212 3886; x_wconf 90' lang='lat' dir='ltr'><strong>quod</strong></span> 
     </span>
    </p>
   </div>
   <div class='ocr_carea' id='block_1_44' title="bbox 675 3895 2213 3977">
    <p class='ocr_par' dir='ltr' id='par_1_44' title="bbox 675 3895 2213 3977">
     <span class='ocr_line' id='line_1_45' title="bbox 675 3895 2213 3977; baseline -0.007 -8"><span class='ocrx_word' id='word_1_338' title='bbox 675 3913 894 3977; x_wconf 79' lang='lat' dir='ltr'><strong>diceret,</strong></span> <span class='ocrx_word' id='word_1_339' title='bbox 934 3919 989 3966; x_wconf 90' lang='lat' dir='ltr'><strong>et</strong></span> <span class='ocrx_word' id='word_1_340' title='bbox 1012 3913 1208 3964; x_wconf 83' lang='lat' dir='ltr'><strong>veritas</strong></span> <span class='ocrx_word' id='word_1_341' title='bbox 1245 3925 1348 3963; x_wconf 87' lang='lat' dir='ltr'><strong>non</strong></span> <span class='ocrx_word' id='word_1_342' title='bbox 1377 3895 1638 3963; x_wconf 84' lang='lat' dir='ltr'><strong>inveniret</strong></span> <span class='ocrx_word' id='word_1_343' title='bbox 1667 3908 1807 3976; x_wconf 91' lang='lat' dir='ltr'><strong>quod</strong></span> <span class='ocrx_word' id='word_1_344' title='bbox 1844 3906 2213 3975; x_wconf 87' lang='lat' dir='ltr'><strong>responderet?</strong></span> 
     </span>
    </p>
   </div>
   <div class='ocr_carea' id='block_1_45' title="bbox 677 3993 2209 4066">
    <p class='ocr_par' dir='ltr' id='par_1_45' title="bbox 677 3993 2209 4066">
     <span class='ocr_line' id='line_1_46' title="bbox 677 3993 2209 4066; baseline -0.008 -9"><span class='ocrx_word' id='word_1_345' title='bbox 677 4004 970 4058; x_wconf 88' lang='lat' dir='ltr'><strong>Audiamus</strong></span> <span class='ocrx_word' id='word_1_346' title='bbox 1021 3997 1144 4066; x_wconf 88' lang='lat' dir='ltr'><strong>quid</strong></span> <span class='ocrx_word' id='word_1_347' title='bbox 1191 3995 1414 4057; x_wconf 80' lang='lat' dir='ltr'><strong>dicant,</strong></span> <span class='ocrx_word' id='word_1_348' title='bbox 1472 3995 1747 4048; x_wconf 81' lang='lat' dir='ltr'><strong>audiamus</strong></span> <span class='ocrx_word' id='word_1_349' title='bbox 1791 3994 1918 4060; x_wconf 88' lang='lat' dir='ltr'><strong>quid</strong></span> <span class='ocrx_word' id='word_1_350' title='bbox 1956 3993 2209 4046; x_wconf 85' lang='lat' dir='ltr'><strong>audiant:</strong></span> 
     </span>
    </p>
   </div>
   <div class='ocr_carea' id='block_1_46' title="bbox 680 4079 2212 4156">
    <p class='ocr_par' dir='ltr' id='par_1_46' title="bbox 680 4079 2212 4156">
     <span class='ocr_line' id='line_1_47' title="bbox 680 4079 2212 4156; baseline -0.008 -14"><span class='ocrx_word' id='word_1_351' title='bbox 680 4088 868 4152; x_wconf 81' lang='lat' dir='ltr'><strong>Unum,</strong></span> <span class='ocrx_word' id='word_1_352' title='bbox 891 4087 1151 4156; x_wconf 89' lang='lat' dir='ltr'><strong>inquiunt,</strong></span> <span class='ocrx_word' id='word_1_353' title='bbox 1179 4082 1388 4136; x_wconf 85' lang='lat' dir='ltr'><strong>Patrem</strong></span> <span class='ocrx_word' id='word_1_354' title='bbox 1416 4080 1657 4134; x_wconf 89' lang='lat' dir='ltr'><strong>habemus</strong></span> <span class='ocrx_word' id='word_1_355' title='bbox 1681 4080 1861 4132; x_wconf 81' lang='lat' dir='ltr'><strong>Deum.</strong></span> <span class='ocrx_word' id='word_1_356' title='bbox 1891 4080 2070 4150; x_wconf 74' lang='lat' dir='ltr'><strong>(Vens.</strong></span> <span class='ocrx_word' id='word_1_357' title='bbox 2101 4079 2212 4146; x_wconf 68' lang='grc'><strong>42.)</strong></span> 
     </span>
    </p>
   </div>
   <div class='ocr_carea' id='block_1_47' title="bbox 678 4165 2214 4242">
    <p class='ocr_par' dir='ltr' id='par_1_47' title="bbox 678 4165 2214 4242">
     <span class='ocr_line' id='line_1_48' title="bbox 678 4165 2214 4242; baseline -0.007 -15"><span class='ocrx_word' id='word_1_358' title='bbox 678 4175 821 4227; x_wconf 74' lang='lat' dir='ltr'><strong>Dixit</strong></span> <span class='ocrx_word' id='word_1_359' title='bbox 848 4189 964 4242; x_wconf 81' lang='lat' dir='ltr'><strong>ergo</strong></span> <span class='ocrx_word' id='word_1_360' title='bbox 991 4175 1063 4226; x_wconf 82' lang='lat' dir='ltr'><strong>eis</strong></span> <span class='ocrx_word' id='word_1_361' title='bbox 1084 4171 1235 4224; x_wconf 71' lang='lat' dir='ltr'><strong>Iesus</strong></span> <span class='ocrx_word' id='word_1_362' title='bbox 1258 4185 1275 4219; x_wconf 90' lang='lat'><strong><em>:</em></strong></span> <span class='ocrx_word' id='word_1_363' title='bbox 1305 4165 1361 4223; x_wconf 87' lang='lat' dir='ltr'><strong>Si</strong></span> <span class='ocrx_word' id='word_1_364' title='bbox 1388 4169 1526 4221; x_wconf 83' lang='lat' dir='ltr'><strong>Deus</strong></span> <span class='ocrx_word' id='word_1_365' title='bbox 1554 4165 1712 4219; x_wconf 86' lang='lat' dir='ltr'><strong>Pater</strong></span> <span class='ocrx_word' id='word_1_366' title='bbox 1737 4177 1894 4220; x_wconf 72' lang='lat' dir='ltr'><strong>vester</strong></span> <span class='ocrx_word' id='word_1_367' title='bbox 1917 4167 2214 4231; x_wconf 43' lang='lat' dir='ltr'><strong>esset,‘dili-</strong></span> 
     </span>
    </p>
   </div>
   <div class='ocr_carea' id='block_1_48' title="bbox 681 4255 2218 4332">
    <p class='ocr_par' dir='ltr' id='par_1_48' title="bbox 681 4255 2218 4332">
     <span class='ocr_line' id='line_1_49' title="bbox 681 4255 2218 4332; baseline -0.002 -17"><span class='ocrx_word' id='word_1_368' title='bbox 681 4263 859 4332; x_wconf 80' lang='lat' dir='ltr'><strong>geretis</strong></span> <span class='ocrx_word' id='word_1_369' title='bbox 893 4276 972 4324; x_wconf 81' lang='lat' dir='ltr'><strong>me</strong></span> <span class='ocrx_word' id='word_1_370' title='bbox 996 4261 1168 4328; x_wconf 80' lang='lat' dir='ltr'><strong>utique</strong></span> <span class='ocrx_word' id='word_1_371' title='bbox 1194 4278 1212 4312; x_wconf 89' lang='lat'><strong><em>:</em></strong></span> <span class='ocrx_word' id='word_1_372' title='bbox 1237 4258 1345 4325; x_wconf 76' lang='lat' dir='ltr'><strong>Ego</strong></span> <span class='ocrx_word' id='word_1_373' title='bbox 1364 4259 1500 4309; x_wconf 74' lang='lat' dir='ltr'><strong>enim</strong></span> <span class='ocrx_word' id='word_1_374' title='bbox 1531 4272 1594 4316; x_wconf 71' lang='lat' dir='ltr'><strong>ex</strong></span> <span class='ocrx_word' id='word_1_375' title='bbox 1621 4255 1727 4308; x_wconf 87' lang='lat' dir='ltr'><strong>Deo</strong></span> <span class='ocrx_word' id='word_1_376' title='bbox 1769 4260 1989 4324; x_wconf 77' lang='lat' dir='ltr'><strong>processi</strong></span> <span class='ocrx_word' id='word_1_377' title='bbox 2011 4255 2057 4311; x_wconf 85' lang='lat' dir='ltr'><strong>et</strong></span> <span class='ocrx_word' id='word_1_378' title='bbox 2081 4261 2218 4330; x_wconf 68' lang='lat' dir='ltr'><strong>veni.</strong></span> 
     </span>
    </p>
   </div>
   <div class='ocr_carea' id='block_1_49' title="bbox 685 4345 2220 4421">
    <p class='ocr_par' dir='ltr' id='par_1_49' title="bbox 685 4345 2220 4421">
     <span class='ocr_line' id='line_1_50' title="bbox 685 4345 2220 4421; baseline -0.003 -17"><span class='ocrx_word' id='word_1_379' title='bbox 685 4350 862 4421; x_wconf 82' lang='lat' dir='ltr'><strong>Neque</strong></span> <span class='ocrx_word' id='word_1_380' title='bbox 888 4350 1022 4402; x_wconf 85' lang='lat' dir='ltr'><strong>enim</strong></span> <span class='ocrx_word' id='word_1_381' title='bbox 1051 4365 1082 4399; x_wconf 80' lang='grc' dir='ltr'><em>α</em></span> <span class='ocrx_word' id='word_1_382' title='bbox 1109 4348 1297 4413; x_wconf 84' lang='lat' dir='ltr'><strong>meipso</strong></span> <span class='ocrx_word' id='word_1_383' title='bbox 1326 4345 1456 4408; x_wconf 85' lang='lat' dir='ltr'><strong>reni,</strong></span> <span class='ocrx_word' id='word_1_384' title='bbox 1492 4345 1579 4396; x_wconf 90' lang='lat' dir='ltr'><strong>sed</strong></span> <span class='ocrx_word' id='word_1_385' title='bbox 1608 4345 1693 4396; x_wconf 87' lang='lat' dir='ltr'><strong>ille</strong></span> <span class='ocrx_word' id='word_1_386' title='bbox 1721 4361 1800 4396; x_wconf 83' lang='lat' dir='ltr'><strong>me</strong></span> <span class='ocrx_word' id='word_1_387' title='bbox 1836 4347 1993 4398; x_wconf 82' lang='lat' dir='ltr'><strong>misit.</strong></span> <span class='ocrx_word' id='word_1_388' title='bbox 2035 4346 2220 4401; x_wconf 86' lang='lat' dir='ltr'><strong>Dicitis</strong></span> 
     </span>
    </p>
   </div>
   <div class='ocr_carea' id='block_1_50' title="bbox 684 4432 2218 4504">
    <p class='ocr_par' dir='ltr' id='par_1_50' title="bbox 684 4432 2218 4504">
     <span class='ocr_line' id='line_1_51' title="bbox 684 4432 2218 4504; baseline -0.005 -12"><span class='ocrx_word' id='word_1_389' title='bbox 684 4439 850 4491; x_wconf 91' lang='lat' dir='ltr'><strong>Deum</strong></span> <span class='ocrx_word' id='word_1_390' title='bbox 875 4436 1106 4497; x_wconf 78' lang='lat' dir='ltr'><strong>Patrem,</strong></span> <span class='ocrx_word' id='word_1_391' title='bbox 1139 4434 1404 4502; x_wconf 75' lang='lat' dir='ltr'><strong>agnoscite</strong></span> <span class='ocrx_word' id='word_1_392' title='bbox 1431 4432 1509 4486; x_wconf 88' lang='lat' dir='ltr'><strong>vel</strong></span> <span class='ocrx_word' id='word_1_393' title='bbox 1538 4432 1754 4485; x_wconf 87' lang='lat' dir='ltr'><strong>fratrem</strong></span> <span class='ocrx_word' id='word_1_394' title='bbox 1783 4441 2014 4486; x_wconf 87' lang='lat' dir='ltr'><strong>vestrum</strong></span> <span class='ocrx_word' id='word_1_395' title='bbox 2042 4433 2218 4504; x_wconf 78' lang='lat' dir='ltr'><strong>[Aug.,</strong></span> 
     </span>
    </p>
   </div>
   <div class='ocr_carea' id='block_1_51' title="bbox 689 4521 2219 4596">
    <p class='ocr_par' dir='ltr' id='par_1_51' title="bbox 689 4521 2219 4596">
     <span class='ocr_line' id='line_1_52' title="bbox 689 4521 2219 4596; baseline -0.001 -17"><span class='ocrx_word' id='word_1_396' title='bbox 689 4526 957 4594; x_wconf 88' lang='lat' dir='ltr'><strong>agnoscite</strong></span> <span class='ocrx_word' id='word_1_397' title='bbox 982 4541 1063 4578; x_wconf 90' lang='lat' dir='ltr'><strong>me</strong></span> <span class='ocrx_word' id='word_1_398' title='bbox 1081 4525 1161 4578; x_wconf 83' lang='lat' dir='ltr'><strong>vel</strong></span> <span class='ocrx_word' id='word_1_399' title='bbox 1183 4523 1442 4596; x_wconf 84' lang='lat' dir='ltr'><strong>fratrem].</strong></span> <span class='ocrx_word' id='word_1_400' title='bbox 1461 4521 1558 4575; x_wconf 79' lang='lat' dir='ltr'><strong>Hic</strong></span> <span class='ocrx_word' id='word_1_401' title='bbox 1583 4523 1754 4593; x_wconf 87' lang='lat' dir='ltr'><strong>tetigit</strong></span> <span class='ocrx_word' id='word_1_402' title='bbox 1771 4525 1910 4591; x_wconf 92' lang='lat' dir='ltr'><strong>quod</strong></span> <span class='ocrx_word' id='word_1_403' title='bbox 1924 4525 2114 4592; x_wconf 69' lang='lat' dir='ltr'><strong>saepius</strong></span> <span class='ocrx_word' id='word_1_404' title='bbox 2131 4540 2219 4578; x_wconf 87' lang='lat' dir='ltr'><strong>so-</strong></span> 
     </span>
    </p>
   </div>
   <div class='ocr_carea' id='block_1_52' title="bbox 690 4613 2220 4685">
    <p class='ocr_par' dir='ltr' id='par_1_52' title="bbox 690 4613 2220 4685">
     <span class='ocr_line' id='line_1_53' title="bbox 690 4613 2220 4685; baseline -0.001 -16"><span class='ocrx_word' id='word_1_405' title='bbox 690 4617 761 4669; x_wconf 80' lang='lat' dir='ltr'><strong>let</strong></span> <span class='ocrx_word' id='word_1_406' title='bbox 787 4615 963 4668; x_wconf 87' lang='lat' dir='ltr'><strong>dicere</strong></span> <span class='ocrx_word' id='word_1_407' title='bbox 985 4631 998 4664; x_wconf 90' lang='lat'><strong>:</strong></span> <span class='ocrx_word' id='word_1_408' title='bbox 1021 4613 1138 4666; x_wconf 79' lang='lat' dir='ltr'><strong>Non</strong></span> <span class='ocrx_word' id='word_1_409' title='bbox 1163 4632 1195 4666; x_wconf 89' lang='lat' dir='ltr'><strong>a</strong></span> <span class='ocrx_word' id='word_1_410' title='bbox 1217 4615 1405 4685; x_wconf 87' lang='lat' dir='ltr'><strong>meipso</strong></span> <span class='ocrx_word' id='word_1_411' title='bbox 1429 4615 1568 4676; x_wconf 80' lang='lat' dir='ltr'><strong>veni,</strong></span> <span class='ocrx_word' id='word_1_412' title='bbox 1611 4614 1699 4665; x_wconf 87' lang='lat' dir='ltr'><strong>sed</strong></span> <span class='ocrx_word' id='word_1_413' title='bbox 1735 4613 1822 4673; x_wconf 85' lang='lat' dir='ltr'><strong>ille</strong></span> <span class='ocrx_word' id='word_1_414' title='bbox 1861 4631 1940 4668; x_wconf 88' lang='lat' dir='ltr'><strong>me</strong></span> <span class='ocrx_word' id='word_1_415' title='bbox 1980 4617 2116 4668; x_wconf 82' lang='lat' dir='ltr'><strong>misit</strong></span> <span class='ocrx_word' id='word_1_416' title='bbox 2139 4656 2154 4678; x_wconf 87' lang='lat'><strong>,</strong></span> <span class='ocrx_word' id='word_1_417' title='bbox 2190 4635 2220 4668; x_wconf 87' lang='lat' dir='ltr'><strong>a</strong></span> 
     </span>
    </p>
   </div>
   <div class='ocr_carea' id='block_1_53' title="bbox 690 4699 2222 4772">
    <p class='ocr_par' dir='ltr' id='par_1_53' title="bbox 690 4699 2222 4772">
     <span class='ocr_line' id='line_1_54' title="bbox 690 4699 2222 4772; baseline 0.001 -16"><span class='ocrx_word' id='word_1_418' title='bbox 690 4703 797 4756; x_wconf 83' lang='lat' dir='ltr'><strong>Deo</strong></span> <span class='ocrx_word' id='word_1_419' title='bbox 815 4701 1034 4772; x_wconf 84' lang='lat' dir='ltr'><strong>processi</strong></span> <span class='ocrx_word' id='word_1_420' title='bbox 1047 4709 1093 4751; x_wconf 87' lang='lat' dir='ltr'><strong>et</strong></span> <span class='ocrx_word' id='word_1_421' title='bbox 1117 4699 1245 4752; x_wconf 66' lang='lat' dir='ltr'><strong>aeni.</strong></span> <span class='ocrx_word' id='word_1_422' title='bbox 1263 4701 1457 4755; x_wconf 84' lang='lat' dir='ltr'><strong>Christi</strong></span> <span class='ocrx_word' id='word_1_423' title='bbox 1479 4717 1603 4770; x_wconf 83' lang='lat' dir='ltr'><strong>ergo</strong></span> <span class='ocrx_word' id='word_1_424' title='bbox 1616 4701 1816 4766; x_wconf 80' lang='lat' dir='ltr'><strong>missio,</strong></span> <span class='ocrx_word' id='word_1_425' title='bbox 1834 4703 2126 4758; x_wconf 88' lang='lat' dir='ltr'><strong>incarnatio</strong></span> <span class='ocrx_word' id='word_1_426' title='bbox 2141 4715 2222 4758; x_wconf 91' lang='lat' dir='ltr'><strong>est</strong></span> 
     </span>
    </p>
   </div>
   <div class='ocr_carea' id='block_1_54' title="bbox 691 4788 2223 4863">
    <p class='ocr_par' dir='ltr' id='par_1_54' title="bbox 691 4788 2223 4863">
     <span class='ocr_line' id='line_1_55' title="bbox 691 4788 2223 4863; baseline 0.001 -18"><span class='ocrx_word' id='word_1_427' title='bbox 691 4791 824 4859; x_wconf 67' lang='lat' dir='ltr'><strong>eius.</strong></span> <span class='ocrx_word' id='word_1_428' title='bbox 835 4789 985 4855; x_wconf 84' lang='lat' dir='ltr'><strong>Quod</strong></span> <span class='ocrx_word' id='word_1_429' title='bbox 1007 4803 1132 4842; x_wconf 90' lang='lat' dir='ltr'><strong>vero</strong></span> <span class='ocrx_word' id='word_1_430' title='bbox 1153 4789 1218 4842; x_wconf 92' lang='lat' dir='ltr'><strong>de</strong></span> <span class='ocrx_word' id='word_1_431' title='bbox 1237 4788 1612 4860; x_wconf 77' lang='lat' dir='ltr'><strong>DcOprocessit</strong></span> <span class='ocrx_word' id='word_1_432' title='bbox 1631 4791 1876 4852; x_wconf 77' lang='lat' dir='ltr'><strong>Verbum,</strong></span> <span class='ocrx_word' id='word_1_433' title='bbox 1899 4803 2092 4848; x_wconf 68' lang='lat' dir='ltr'><strong>aeterna</strong></span> <span class='ocrx_word' id='word_1_434' title='bbox 2104 4811 2223 4863; x_wconf 87' lang='lat' dir='ltr'><strong>pro-</strong></span> 
     </span>
    </p>
   </div>
   <div class='ocr_carea' id='block_1_55' title="bbox 694 4879 2224 4948">
    <p class='ocr_par' dir='ltr' id='par_1_55' title="bbox 694 4879 2224 4948">
     <span class='ocr_line' id='line_1_56' title="bbox 694 4879 2224 4948; baseline 0.003 -16"><span class='ocrx_word' id='word_1_435' title='bbox 694 4881 865 4933; x_wconf 80' lang='lat' dir='ltr'><strong>cessio</strong></span> <span class='ocrx_word' id='word_1_436' title='bbox 895 4888 995 4941; x_wconf 90' lang='lat' dir='ltr'><strong>est,</strong></span> <span class='ocrx_word' id='word_1_437' title='bbox 1029 4895 1130 4933; x_wconf 90' lang='lat' dir='ltr'><strong>non</strong></span> <span class='ocrx_word' id='word_1_438' title='bbox 1151 4879 1352 4930; x_wconf 86' lang='lat' dir='ltr'><strong>habens</strong></span> <span class='ocrx_word' id='word_1_439' title='bbox 1386 4887 1590 4948; x_wconf 86' lang='lat' dir='ltr'><strong>tempus</strong></span> <span class='ocrx_word' id='word_1_440' title='bbox 1622 4894 1715 4948; x_wconf 89' lang='lat' dir='ltr'><strong>per</strong></span> <span class='ocrx_word' id='word_1_441' title='bbox 1741 4889 1898 4946; x_wconf 80' lang='lat' dir='ltr'><strong>quem</strong></span> <span class='ocrx_word' id='word_1_442' title='bbox 1921 4879 2114 4936; x_wconf 87' lang='lat' dir='ltr'><strong>factum</strong></span> <span class='ocrx_word' id='word_1_443' title='bbox 2143 4893 2224 4938; x_wconf 89' lang='lat' dir='ltr'><strong>est</strong></span> 
     </span>
    </p>
   </div>
   <div class='ocr_carea' id='block_1_56' title="bbox 699 4970 2224 5041">
    <p class='ocr_par' dir='ltr' id='par_1_56' title="bbox 699 4970 2224 5041">
     <span class='ocr_line' id='line_1_57' title="bbox 699 4970 2224 5041; baseline 0.001 -17"><span class='ocrx_word' id='word_1_444' title='bbox 699 4972 1069 5041; x_wconf 82' lang='lat' dir='ltr'><strong>tempus.Ergo</strong></span> <span class='ocrx_word' id='word_1_445' title='bbox 1087 4973 1154 5024; x_wconf 89' lang='lat' dir='ltr'><strong>ab</strong></span> <span class='ocrx_word' id='word_1_446' title='bbox 1179 4970 1268 5022; x_wconf 89' lang='lat' dir='ltr'><strong>illo</strong></span> <span class='ocrx_word' id='word_1_447' title='bbox 1291 4971 1545 5036; x_wconf 87' lang='lat' dir='ltr'><strong>processit</strong></span> <span class='ocrx_word' id='word_1_448' title='bbox 1573 4979 1628 5022; x_wconf 91' lang='lat' dir='ltr'><strong>ut</strong></span> <span class='ocrx_word' id='word_1_449' title='bbox 1652 4971 1812 5034; x_wconf 88' lang='lat' dir='ltr'><strong>Deus,</strong></span> <span class='ocrx_word' id='word_1_450' title='bbox 1832 4979 1888 5023; x_wconf 90' lang='lat' dir='ltr'><strong>ut</strong></span> <span class='ocrx_word' id='word_1_451' title='bbox 1910 4975 2142 5040; x_wconf 67' lang='lat' dir='ltr'><strong>aqualis,</strong></span> <span class='ocrx_word' id='word_1_452' title='bbox 2165 4982 2224 5028; x_wconf 87' lang='lat' dir='ltr'><strong>ut</strong></span> 
     </span>
    </p>
   </div>
   <div class='ocr_carea' id='block_1_57' title="bbox 699 5056 2223 5130">
    <p class='ocr_par' dir='ltr' id='par_1_57' title="bbox 699 5056 2223 5130">
     <span class='ocr_line' id='line_1_58' title="bbox 699 5056 2223 5130; baseline 0.002 -19"><span class='ocrx_word' id='word_1_453' title='bbox 699 5059 862 5111; x_wconf 79' lang='lat' dir='ltr'><strong>Filius</strong></span> <span class='ocrx_word' id='word_1_454' title='bbox 886 5058 1089 5121; x_wconf 88' lang='lat' dir='ltr'><strong>unicus,</strong></span> <span class='ocrx_word' id='word_1_455' title='bbox 1113 5069 1170 5110; x_wconf 92' lang='lat' dir='ltr'><strong>ut</strong></span> <span class='ocrx_word' id='word_1_456' title='bbox 1209 5059 1436 5111; x_wconf 80' lang='lat' dir='ltr'><strong>Verbum</strong></span> <span class='ocrx_word' id='word_1_457' title='bbox 1459 5056 1659 5120; x_wconf 83' lang='lat' dir='ltr'><strong>Patris;</strong></span> <span class='ocrx_word' id='word_1_458' title='bbox 1689 5059 1832 5113; x_wconf 85' lang='lat' dir='ltr'><strong>venit</strong></span> <span class='ocrx_word' id='word_1_459' title='bbox 1858 5059 1923 5111; x_wconf 91' lang='lat' dir='ltr'><strong>ad</strong></span> <span class='ocrx_word' id='word_1_460' title='bbox 1961 5074 2075 5124; x_wconf 83' lang='lat' dir='ltr'><strong>nos,</strong></span> <span class='ocrx_word' id='word_1_461' title='bbox 2103 5063 2223 5130; x_wconf 88' lang='lat' dir='ltr'><strong>quia</strong></span> 
     </span>
    </p>
   </div>
   <div class='ocr_carea' id='block_1_58' title="bbox 701 5142 2226 5206">
    <p class='ocr_par' dir='ltr' id='par_1_58' title="bbox 701 5142 2226 5206">
     <span class='ocr_line' id='line_1_59' title="bbox 701 5142 2226 5206; baseline 0.004 -10"><span class='ocrx_word' id='word_1_462' title='bbox 701 5146 930 5196; x_wconf 77' lang='lat' dir='ltr'><strong>Verbum</strong></span> <span class='ocrx_word' id='word_1_463' title='bbox 951 5158 1074 5196; x_wconf 91' lang='lat' dir='ltr'><strong>caro</strong></span> <span class='ocrx_word' id='word_1_464' title='bbox 1089 5142 1282 5196; x_wconf 86' lang='lat' dir='ltr'><strong>factum</strong></span> <span class='ocrx_word' id='word_1_465' title='bbox 1292 5153 1395 5206; x_wconf 89' lang='lat' dir='ltr'><strong>est,</strong></span> <span class='ocrx_word' id='word_1_466' title='bbox 1408 5153 1466 5195; x_wconf 89' lang='lat' dir='ltr'><strong>ut</strong></span> <span class='ocrx_word' id='word_1_467' title='bbox 1482 5143 1737 5197; x_wconf 69' lang='lat' dir='ltr'><strong>habitaret</strong></span> <span class='ocrx_word' id='word_1_468' title='bbox 1753 5147 1806 5198; x_wconf 91' lang='lat' dir='ltr'><strong>in</strong></span> <span class='ocrx_word' id='word_1_469' title='bbox 1836 5146 2005 5199; x_wconf 89' lang='lat' dir='ltr'><strong>nobis.</strong></span> <span class='ocrx_word' id='word_1_470' title='bbox 2022 5146 2226 5202; x_wconf 58' lang='lat' dir='ltr'><strong>Adven»</strong></span> 
     </span>
    </p>
   </div>
   <div class='ocr_carea' id='block_1_59' title="bbox 704 5229 2224 5302">
    <p class='ocr_par' dir='ltr' id='par_1_59' title="bbox 704 5229 2224 5302">
     <span class='ocr_line' id='line_1_60' title="bbox 704 5229 2224 5302; baseline 0.006 -21"><span class='ocrx_word' id='word_1_471' title='bbox 704 5240 788 5282; x_wconf 87' lang='lat' dir='ltr'><strong>tus</strong></span> <span class='ocrx_word' id='word_1_472' title='bbox 800 5229 933 5295; x_wconf 84' lang='lat' dir='ltr'><strong>ejus.</strong></span> <span class='ocrx_word' id='word_1_473' title='bbox 957 5229 1254 5282; x_wconf 85' lang='lat' dir='ltr'><strong>humanitas</strong></span> <span class='ocrx_word' id='word_1_474' title='bbox 1274 5229 1414 5298; x_wconf 83' lang='lat' dir='ltr'><strong>ejus;</strong></span> <span class='ocrx_word' id='word_1_475' title='bbox 1447 5231 1646 5283; x_wconf 82' lang='lat' dir='ltr'><strong>mansio</strong></span> <span class='ocrx_word' id='word_1_476' title='bbox 1665 5229 1794 5296; x_wconf 87' lang='lat' dir='ltr'><strong>ejus,</strong></span> <span class='ocrx_word' id='word_1_477' title='bbox 1819 5235 2062 5288; x_wconf 82' lang='lat' dir='ltr'><strong>divinitas</strong></span> <span class='ocrx_word' id='word_1_478' title='bbox 2091 5236 2224 5302; x_wconf 84' lang='lat' dir='ltr'><strong>ejus.</strong></span> 
     </span>
    </p>
   </div>
   <div class='ocr_carea' id='block_1_60' title="bbox 769 5314 2227 5387">
    <p class='ocr_par' dir='ltr' id='par_1_60' title="bbox 769 5314 2227 5387">
     <span class='ocr_line' id='line_1_61' title="bbox 769 5314 2227 5387; baseline 0.005 -19"><span class='ocrx_word' id='word_1_479' title='bbox 769 5317 927 5369; x_wconf 70' lang='lat' dir='ltr'><strong>Vens.</strong></span> <span class='ocrx_word' id='word_1_480' title='bbox 952 5319 1037 5369; x_wconf 72' lang='grc' dir='ltr'><strong>ιδ.</strong></span> <span class='ocrx_word' id='word_1_481' title='bbox 1054 5346 1121 5355; x_wconf 93' lang='lat'><strong>—</strong></span> <span class='ocrx_word' id='word_1_482' title='bbox 1138 5314 1821 5387; x_wconf 64' lang='lat' dir='ltr'><strong>«Quare,inquit,loquelam</strong></span> <span class='ocrx_word' id='word_1_483' title='bbox 1832 5339 1993 5374; x_wconf 81' lang='lat' dir='ltr'><strong>meam</strong></span> <span class='ocrx_word' id='word_1_484' title='bbox 2021 5339 2121 5375; x_wconf 82' lang='lat' dir='ltr'><strong>non</strong></span> <span class='ocrx_word' id='word_1_485' title='bbox 2145 5340 2227 5374; x_wconf 87' lang='lat' dir='ltr'><strong>co-</strong></span> 
     </span>
    </p>
   </div>
   <div class='ocr_carea' id='block_1_61' title="bbox 705 5406 2224 5475">
    <p class='ocr_par' dir='ltr' id='par_1_61' title="bbox 705 5406 2224 5475">
     <span class='ocr_line' id='line_1_62' title="bbox 705 5406 2224 5475; baseline 0.005 -18"><span class='ocrx_word' id='word_1_486' title='bbox 705 5409 979 5471; x_wconf 67' lang='lat' dir='ltr'><strong>gnoscitis?</strong></span> <span class='ocrx_word' id='word_1_487' title='bbox 1006 5406 1141 5470; x_wconf 82' lang='lat' dir='ltr'><strong>Quia</strong></span> <span class='ocrx_word' id='word_1_488' title='bbox 1170 5423 1270 5459; x_wconf 71' lang='lat' dir='ltr'><strong>non</strong></span> <span class='ocrx_word' id='word_1_489' title='bbox 1292 5411 1496 5475; x_wconf 83' lang='lat' dir='ltr'><strong>potestis</strong></span> <span class='ocrx_word' id='word_1_490' title='bbox 1523 5410 1702 5462; x_wconf 87' lang='lat' dir='ltr'><strong>audire</strong></span> <span class='ocrx_word' id='word_1_491' title='bbox 1733 5426 2012 5464; x_wconf 78' lang='lat' dir='ltr'><strong>sermonm</strong></span> <span class='ocrx_word' id='word_1_492' title='bbox 2042 5429 2224 5464; x_wconf 85' lang='lat' dir='ltr'><strong>meum.</strong></span> 
     </span>
    </p>
   </div>
   <div class='ocr_carea' id='block_1_62' title="bbox 707 5495 2229 5566">
    <p class='ocr_par' dir='ltr' id='par_1_62' title="bbox 707 5495 2229 5566">
     <span class='ocr_line' id='line_1_63' title="bbox 707 5495 2229 5566; baseline 0.001 -20"><span class='ocrx_word' id='word_1_493' title='bbox 707 5495 824 5546; x_wconf 84' lang='lat' dir='ltr'><strong>Ideo</strong></span> <span class='ocrx_word' id='word_1_494' title='bbox 871 5510 970 5545; x_wconf 89' lang='lat' dir='ltr'><strong>non</strong></span> <span class='ocrx_word' id='word_1_495' title='bbox 1003 5504 1243 5564; x_wconf 85' lang='lat' dir='ltr'><strong>poterant</strong></span> <span class='ocrx_word' id='word_1_496' title='bbox 1289 5510 1621 5562; x_wconf 73' lang='lat' dir='ltr'><strong>cognoscere,</strong></span> <span class='ocrx_word' id='word_1_497' title='bbox 1665 5500 1786 5564; x_wconf 85' lang='lat' dir='ltr'><strong>quia</strong></span> <span class='ocrx_word' id='word_1_498' title='bbox 1842 5514 1940 5551; x_wconf 91' lang='lat' dir='ltr'><strong>non</strong></span> <span class='ocrx_word' id='word_1_499' title='bbox 1989 5508 2229 5566; x_wconf 84' lang='lat' dir='ltr'><strong>poterant</strong></span> 
     </span>
    </p>
   </div>
   <div class='ocr_carea' id='block_1_63' title="bbox 2286 432 3838 514">
    <p class='ocr_par' dir='ltr' id='par_1_63' title="bbox 2286 432 3838 514">
     <span class='ocr_line' id='line_1_64' title="bbox 2286 432 3838 514; baseline -0.006 -14"><span class='ocrx_word' id='word_1_500' title='bbox 2286 447 2480 514; x_wconf 77' lang='lat' dir='ltr'><strong>corrigi</strong></span> <span class='ocrx_word' id='word_1_501' title='bbox 2519 445 2784 501; x_wconf 85' lang='lat' dir='ltr'><strong>credendo</strong></span> <span class='ocrx_word' id='word_1_502' title='bbox 2827 440 3115 495; x_wconf 88' lang='lat' dir='ltr'><strong>nolebant?</strong></span> <span class='ocrx_word' id='word_1_503' title='bbox 3162 438 3226 491; x_wconf 80' lang='lat' dir='ltr'><strong>Et</strong></span> <span class='ocrx_word' id='word_1_504' title='bbox 3273 438 3372 490; x_wconf 85' lang='lat' dir='ltr'><strong>hoc</strong></span> <span class='ocrx_word' id='word_1_505' title='bbox 3415 436 3597 490; x_wconf 69' lang='lat' dir='ltr'><strong>unde?</strong></span> <span class='ocrx_word' id='word_1_506' title='bbox 3633 432 3735 490; x_wconf 79' lang='lat' dir='ltr'><strong>Vos</strong></span> <span class='ocrx_word' id='word_1_507' title='bbox 3771 453 3838 490; x_wconf 71' lang='lat' dir='ltr'><strong>ex</strong></span> 
     </span>
    </p>
   </div>
   <div class='ocr_carea' id='block_1_64' title="bbox 2285 525 3840 603">
    <p class='ocr_par' dir='ltr' id='par_1_64' title="bbox 2285 525 3840 603">
     <span class='ocr_line' id='line_1_65' title="bbox 2285 525 3840 603; baseline -0.005 -17"><span class='ocrx_word' id='word_1_508' title='bbox 2285 544 2430 603; x_wconf 81' lang='lat' dir='ltr'><strong>patre</strong></span> <span class='ocrx_word' id='word_1_509' title='bbox 2454 532 2657 586; x_wconf 82' lang='lat' dir='ltr'><strong>diabolo</strong></span> <span class='ocrx_word' id='word_1_510' title='bbox 2686 531 2827 584; x_wconf 85' lang='lat' dir='ltr'><strong>estis.</strong></span> <span class='ocrx_word' id='word_1_511' title='bbox 2858 529 3102 596; x_wconf 84' lang='lat' dir='ltr'><strong>Quandin</strong></span> <span class='ocrx_word' id='word_1_512' title='bbox 3127 535 3334 597; x_wconf 87' lang='lat' dir='ltr'><strong>patrem</strong></span> <span class='ocrx_word' id='word_1_513' title='bbox 3375 525 3840 580; x_wconf 77' lang='lat' dir='ltr'><strong>commemoratis?</strong></span> 
     </span>
    </p>
   </div>
   <div class='ocr_carea' id='block_1_65' title="bbox 2286 615 3835 692">
    <p class='ocr_par' dir='ltr' id='par_1_65' title="bbox 2286 615 3835 692">
     <span class='ocr_line' id='line_1_66' title="bbox 2286 615 3835 692; baseline -0.006 -15"><span class='ocrx_word' id='word_1_514' title='bbox 2286 623 2527 689; x_wconf 84' lang='lat' dir='ltr'><strong>Quandiu</strong></span> <span class='ocrx_word' id='word_1_515' title='bbox 2579 630 2782 692; x_wconf 80' lang='lat' dir='ltr'><strong>patrem</strong></span> <span class='ocrx_word' id='word_1_516' title='bbox 2825 617 2986 689; x_wconf 61' lang='lat'><strong>5“</strong></span> <span class='ocrx_word' id='word_1_517' title='bbox 3030 617 3282 680; x_wconf 86' lang='lat' dir='ltr'><strong>mutatis,</strong></span> <span class='ocrx_word' id='word_1_518' title='bbox 3338 616 3496 670; x_wconf 91' lang='lat' dir='ltr'><strong>modo</strong></span> <span class='ocrx_word' id='word_1_519' title='bbox 3535 615 3835 676; x_wconf 86' lang='lat' dir='ltr'><strong>Abraham,</strong></span> 
     </span>
    </p>
   </div>
   <div class='ocr_carea' id='block_1_66' title="bbox 2288 703 3837 774">
    <p class='ocr_par' dir='ltr' id='par_1_66' title="bbox 2288 703 3837 774">
     <span class='ocr_line' id='line_1_67' title="bbox 2288 703 3837 774; baseline -0.008 -8"><span class='ocrx_word' id='word_1_520' title='bbox 2288 713 2445 765; x_wconf 88' lang='lat' dir='ltr'><strong>modo</strong></span> <span class='ocrx_word' id='word_1_521' title='bbox 2482 709 2680 765; x_wconf 75' lang='lat' dir='ltr'><strong>Deum?</strong></span> <span class='ocrx_word' id='word_1_522' title='bbox 2724 708 2915 762; x_wconf 80' lang='lat' dir='ltr'><strong>Audite</strong></span> <span class='ocrx_word' id='word_1_523' title='bbox 2959 722 2990 760; x_wconf 88' lang='lat' dir='ltr'><strong>a</strong></span> <span class='ocrx_word' id='word_1_524' title='bbox 3032 705 3166 759; x_wconf 78' lang='lat' dir='ltr'><strong>Filio</strong></span> <span class='ocrx_word' id='word_1_525' title='bbox 3209 705 3323 769; x_wconf 88' lang='lat' dir='ltr'><strong>Dei,</strong></span> <span class='ocrx_word' id='word_1_526' title='bbox 3368 705 3520 774; x_wconf 70' lang='lat' dir='ltr'><strong>majus</strong></span> <span class='ocrx_word' id='word_1_527' title='bbox 3546 703 3639 757; x_wconf 83' lang='lat' dir='ltr'><strong>lilii</strong></span> <span class='ocrx_word' id='word_1_528' title='bbox 3684 703 3837 758; x_wconf 84' lang='lat' dir='ltr'><strong>estis.</strong></span> 
     </span>
    </p>
   </div>
   <div class='ocr_carea' id='block_1_67' title="bbox 2289 793 3838 872">
    <p class='ocr_par' dir='ltr' id='par_1_67' title="bbox 2289 793 3838 872">
     <span class='ocr_line' id='line_1_68' title="bbox 2289 793 3838 872; baseline -0.006 -17"><span class='ocrx_word' id='word_1_529' title='bbox 2289 804 2329 855; x_wconf 85' lang='grc' dir='ltr'><em>Α</em></span> <span class='ocrx_word' id='word_1_530' title='bbox 2350 813 2495 872; x_wconf 89' lang='lat' dir='ltr'><strong>patre</strong></span> <span class='ocrx_word' id='word_1_531' title='bbox 2515 799 2720 854; x_wconf 84' lang='lat' dir='ltr'><strong>diabolo</strong></span> <span class='ocrx_word' id='word_1_532' title='bbox 2747 801 2886 852; x_wconf 85' lang='lat' dir='ltr'><strong>estis.</strong></span> <span class='ocrx_word' id='word_1_533' title='bbox 2923 816 2942 849; x_wconf 73' lang='grc' dir='ltr'><strong><em>ι</em></strong></span> <span class='ocrx_word' id='word_1_534' title='bbox 2985 797 3127 852; x_wconf 84' lang='lat' dir='ltr'><strong>Deus</strong></span> <span class='ocrx_word' id='word_1_535' title='bbox 3159 796 3340 864; x_wconf 83' lang='lat' dir='ltr'><strong>itaque</strong></span> <span class='ocrx_word' id='word_1_536' title='bbox 3362 802 3578 849; x_wconf 86' lang='lat' dir='ltr'><strong>creator</strong></span> <span class='ocrx_word' id='word_1_537' title='bbox 3602 793 3838 848; x_wconf 87' lang='lat' dir='ltr'><strong>omnium</strong></span> 
     </span>
    </p>
   </div>
   <div class='ocr_carea' id='block_1_68' title="bbox 2287 882 3836 949">
    <p class='ocr_par' dir='ltr' id='par_1_68' title="bbox 2287 882 3836 949">
     <span class='ocr_line' id='line_1_69' title="bbox 2287 882 3836 949; baseline -0.006 -5"><span class='ocrx_word' id='word_1_538' title='bbox 2287 899 2652 945; x_wconf 77' lang='lat' dir='ltr'><strong>creaturarum</strong></span> <span class='ocrx_word' id='word_1_539' title='bbox 2691 887 2895 942; x_wconf 88' lang='lat' dir='ltr'><strong>creavit</strong></span> <span class='ocrx_word' id='word_1_540' title='bbox 2929 886 3217 940; x_wconf 84' lang='lat' dir='ltr'><strong>hominem.</strong></span> <span class='ocrx_word' id='word_1_541' title='bbox 3253 883 3531 949; x_wconf 81' lang='lat' dir='ltr'><strong>Quomodo</strong></span> <span class='ocrx_word' id='word_1_542' title='bbox 3557 883 3646 937; x_wconf 88' lang='lat' dir='ltr'><strong>hic</strong></span> <span class='ocrx_word' id='word_1_543' title='bbox 3676 882 3836 936; x_wconf 84' lang='lat' dir='ltr'><strong>dicit:</strong></span> 
     </span>
    </p>
   </div>
   <div class='ocr_carea' id='block_1_69' title="bbox 2298 972 3838 1047">
    <p class='ocr_par' dir='ltr' id='par_1_69' title="bbox 2298 972 3838 1047">
     <span class='ocr_line' id='line_1_70' title="bbox 2298 972 3838 1047; baseline -0.003 -19"><span class='ocrx_word' id='word_1_544' title='bbox 2298 976 2399 1031; x_wconf 81' lang='lat' dir='ltr'><strong>Vos</strong></span> <span class='ocrx_word' id='word_1_545' title='bbox 2419 995 2450 1030; x_wconf 87' lang='lat' dir='ltr'><strong>a</strong></span> <span class='ocrx_word' id='word_1_546' title='bbox 2470 985 2616 1047; x_wconf 84' lang='lat' dir='ltr'><strong>patre</strong></span> <span class='ocrx_word' id='word_1_547' title='bbox 2626 973 2831 1029; x_wconf 80' lang='lat' dir='ltr'><strong>diabolo</strong></span> <span class='ocrx_word' id='word_1_548' title='bbox 2848 975 2970 1028; x_wconf 85' lang='lat' dir='ltr'><strong>estis</strong></span> <span class='ocrx_word' id='word_1_549' title='bbox 2983 975 3010 1028; x_wconf 73' lang='grc'><em>1</em></span> <span class='ocrx_word' id='word_1_550' title='bbox 3026 973 3292 1042; x_wconf 82' lang='lat' dir='ltr'><strong>Quidquid</strong></span> <span class='ocrx_word' id='word_1_551' title='bbox 3313 987 3344 1025; x_wconf 84' lang='lat' dir='ltr'><strong>a</strong></span> <span class='ocrx_word' id='word_1_552' title='bbox 3360 972 3469 1026; x_wconf 83' lang='lat' dir='ltr'><strong>Deo</strong></span> <span class='ocrx_word' id='word_1_553' title='bbox 3487 979 3725 1025; x_wconf 72' lang='lat' dir='ltr'><strong>creatum</strong></span> <span class='ocrx_word' id='word_1_554' title='bbox 3734 979 3838 1030; x_wconf 84' lang='lat' dir='ltr'><strong>est,</strong></span> 
     </span>
    </p>
   </div>
   <div class='ocr_carea' id='block_1_70' title="bbox 2289 1060 3838 1130">
    <p class='ocr_par' dir='ltr' id='par_1_70' title="bbox 2289 1060 3838 1130">
     <span class='ocr_line' id='line_1_71' title="bbox 2289 1060 3838 1130; baseline -0.004 -11"><span class='ocrx_word' id='word_1_555' title='bbox 2289 1066 2484 1119; x_wconf 90' lang='lat' dir='ltr'><strong>bonum</strong></span> <span class='ocrx_word' id='word_1_556' title='bbox 2502 1071 2601 1126; x_wconf 87' lang='lat' dir='ltr'><strong>est,</strong></span> <span class='ocrx_word' id='word_1_557' title='bbox 2624 1071 2679 1118; x_wconf 89' lang='lat' dir='ltr'><strong>et</strong></span> <span class='ocrx_word' id='word_1_558' title='bbox 2695 1064 2868 1118; x_wconf 89' lang='lat' dir='ltr'><strong>omnis</strong></span> <span class='ocrx_word' id='word_1_559' title='bbox 2889 1064 3066 1127; x_wconf 86' lang='lat' dir='ltr'><strong>homo,</strong></span> <span class='ocrx_word' id='word_1_560' title='bbox 3080 1069 3334 1130; x_wconf 87' lang='lat' dir='ltr'><strong>quantum</strong></span> <span class='ocrx_word' id='word_1_561' title='bbox 3354 1069 3602 1115; x_wconf 84' lang='lat' dir='ltr'><strong>creatura</strong></span> <span class='ocrx_word' id='word_1_562' title='bbox 3624 1060 3717 1114; x_wconf 84' lang='lat' dir='ltr'><strong>Dei</strong></span> <span class='ocrx_word' id='word_1_563' title='bbox 3735 1068 3838 1121; x_wconf 87' lang='lat' dir='ltr'><strong>est.</strong></span> 
     </span>
    </p>
   </div>
   <div class='ocr_carea' id='block_1_71' title="bbox 2289 1150 3842 1222">
    <p class='ocr_par' dir='ltr' id='par_1_71' title="bbox 2289 1150 3842 1222">
     <span class='ocr_line' id='line_1_72' title="bbox 2289 1150 3842 1222; baseline -0.005 -14"><span class='ocrx_word' id='word_1_564' title='bbox 2289 1155 2460 1208; x_wconf 88' lang='lat' dir='ltr'><strong>bonus</strong></span> <span class='ocrx_word' id='word_1_565' title='bbox 2476 1163 2588 1207; x_wconf 84' lang='lat' dir='ltr'><strong>est:</strong></span> <span class='ocrx_word' id='word_1_566' title='bbox 2607 1163 2863 1222; x_wconf 87' lang='lat' dir='ltr'><strong>quantum</strong></span> <span class='ocrx_word' id='word_1_567' title='bbox 2884 1166 3011 1207; x_wconf 87' lang='lat' dir='ltr'><strong>vero</strong></span> <span class='ocrx_word' id='word_1_568' title='bbox 3029 1166 3088 1206; x_wconf 91' lang='lat' dir='ltr'><strong>se</strong></span> <span class='ocrx_word' id='word_1_569' title='bbox 3107 1150 3320 1218; x_wconf 71' lang='lat' dir='ltr'><strong>subiicit</strong></span> <span class='ocrx_word' id='word_1_570' title='bbox 3337 1165 3434 1214; x_wconf 79' lang='lat' dir='ltr'><strong>per</strong></span> <span class='ocrx_word' id='word_1_571' title='bbox 3453 1150 3674 1205; x_wconf 82' lang='lat' dir='ltr'><strong>liberum</strong></span> <span class='ocrx_word' id='word_1_572' title='bbox 3699 1150 3842 1204; x_wconf 84' lang='lat' dir='ltr'><strong>arbi-</strong></span> 
     </span>
    </p>
   </div>
   <div class='ocr_carea' id='block_1_72' title="bbox 2293 1239 3839 1311">
    <p class='ocr_par' dir='ltr' id='par_1_72' title="bbox 2293 1239 3839 1311">
     <span class='ocr_line' id='line_1_73' title="bbox 2293 1239 3839 1311; baseline -0.004 -15"><span class='ocrx_word' id='word_1_573' title='bbox 2293 1244 2453 1297; x_wconf 90' lang='lat' dir='ltr'><strong>trium</strong></span> <span class='ocrx_word' id='word_1_574' title='bbox 2478 1241 2708 1307; x_wconf 82' lang='lat' dir='ltr'><strong>diabolo,</strong></span> <span class='ocrx_word' id='word_1_575' title='bbox 2736 1257 2768 1296; x_wconf 91' lang='lat' dir='ltr'><strong>a</strong></span> <span class='ocrx_word' id='word_1_576' title='bbox 2793 1249 2947 1311; x_wconf 88' lang='lat' dir='ltr'><strong>patre</strong></span> <span class='ocrx_word' id='word_1_577' title='bbox 2974 1241 3186 1296; x_wconf 88' lang='lat' dir='ltr'><strong>diabolo</strong></span> <span class='ocrx_word' id='word_1_578' title='bbox 3221 1250 3324 1294; x_wconf 88' lang='lat' dir='ltr'><strong>est.</strong></span> <span class='ocrx_word' id='word_1_579' title='bbox 3373 1257 3393 1291; x_wconf 71' lang='grc' dir='ltr'><em>α</em></span> <span class='ocrx_word' id='word_1_580' title='bbox 3427 1239 3572 1294; x_wconf 80' lang='lat' dir='ltr'><strong>Bona</strong></span> <span class='ocrx_word' id='word_1_581' title='bbox 3592 1246 3678 1294; x_wconf 85' lang='lat' dir='ltr'><strong>est</strong></span> <span class='ocrx_word' id='word_1_582' title='bbox 3697 1239 3839 1292; x_wconf 88' lang='lat' dir='ltr'><strong>enim</strong></span> 
     </span>
    </p>
   </div>
   <div class='ocr_carea' id='block_1_73' title="bbox 2289 1329 3842 1400">
    <p class='ocr_par' dir='ltr' id='par_1_73' title="bbox 2289 1329 3842 1400">
     <span class='ocr_line' id='line_1_74' title="bbox 2289 1329 3842 1400; baseline -0.004 -14"><span class='ocrx_word' id='word_1_583' title='bbox 2289 1333 2521 1388; x_wconf 87' lang='lat' dir='ltr'><strong>hominis</strong></span> <span class='ocrx_word' id='word_1_584' title='bbox 2548 1342 2757 1398; x_wconf 88' lang='lat' dir='ltr'><strong>natura,</strong></span> <span class='ocrx_word' id='word_1_585' title='bbox 2787 1335 2882 1388; x_wconf 84' lang='lat' dir='ltr'><strong>sed</strong></span> <span class='ocrx_word' id='word_1_586' title='bbox 2912 1333 3093 1386; x_wconf 88' lang='lat' dir='ltr'><strong>vitiata</strong></span> <span class='ocrx_word' id='word_1_587' title='bbox 3117 1339 3235 1385; x_wconf 89' lang='lat' dir='ltr'><strong>erat</strong></span> <span class='ocrx_word' id='word_1_588' title='bbox 3257 1346 3356 1400; x_wconf 83' lang='lat' dir='ltr'><strong>per</strong></span> <span class='ocrx_word' id='word_1_589' title='bbox 3382 1329 3576 1384; x_wconf 80' lang='lat' dir='ltr'><strong>malam</strong></span> <span class='ocrx_word' id='word_1_590' title='bbox 3597 1329 3842 1384; x_wconf 85' lang='lat' dir='ltr'><strong>volunta-</strong></span> 
     </span>
    </p>
   </div>
   <div class='ocr_carea' id='block_1_74' title="bbox 2294 1419 3842 1492">
    <p class='ocr_par' dir='ltr' id='par_1_74' title="bbox 2294 1419 3842 1492">
     <span class='ocr_line' id='line_1_75' title="bbox 2294 1419 3842 1492; baseline -0.004 -15"><span class='ocrx_word' id='word_1_591' title='bbox 2294 1434 2422 1488; x_wconf 87' lang='lat' dir='ltr'><strong>tem,</strong></span> <span class='ocrx_word' id='word_1_592' title='bbox 2459 1431 2516 1479; x_wconf 92' lang='lat' dir='ltr'><strong>et</strong></span> <span class='ocrx_word' id='word_1_593' title='bbox 2551 1424 2674 1478; x_wconf 87' lang='lat' dir='ltr'><strong>inde</strong></span> <span class='ocrx_word' id='word_1_594' title='bbox 2717 1439 2748 1478; x_wconf 88' lang='lat' dir='ltr'><strong>a</strong></span> <span class='ocrx_word' id='word_1_595' title='bbox 2777 1431 2929 1492; x_wconf 88' lang='lat' dir='ltr'><strong>patre</strong></span> <span class='ocrx_word' id='word_1_596' title='bbox 2955 1421 3328 1478; x_wconf 14' lang='lat' dir='ltr'><strong>erattdiabolo.</strong></span> <span class='ocrx_word' id='word_1_597' title='bbox 3367 1420 3521 1487; x_wconf 81' lang='lat' dir='ltr'><strong>Quod</strong></span> <span class='ocrx_word' id='word_1_598' title='bbox 3547 1419 3675 1474; x_wconf 87' lang='lat' dir='ltr'><strong>fecit</strong></span> <span class='ocrx_word' id='word_1_599' title='bbox 3702 1419 3842 1473; x_wconf 88' lang='lat' dir='ltr'><strong>Deus</strong></span> 
     </span>
    </p>
   </div>
   <div class='ocr_carea' id='block_1_75' title="bbox 2294 1507 3842 1583">
    <p class='ocr_par' dir='ltr' id='par_1_75' title="bbox 2294 1507 3842 1583">
     <span class='ocr_line' id='line_1_76' title="bbox 2294 1507 3842 1583; baseline -0.005 -17"><span class='ocrx_word' id='word_1_600' title='bbox 2294 1528 2398 1567; x_wconf 89' lang='lat' dir='ltr'><strong>non</strong></span> <span class='ocrx_word' id='word_1_601' title='bbox 2441 1521 2619 1583; x_wconf 88' lang='lat' dir='ltr'><strong>potest</strong></span> <span class='ocrx_word' id='word_1_602' title='bbox 2650 1527 2767 1567; x_wconf 89' lang='lat' dir='ltr'><strong>esse</strong></span> <span class='ocrx_word' id='word_1_603' title='bbox 2803 1511 3024 1574; x_wconf 86' lang='lat' dir='ltr'><strong>malum,</strong></span> <span class='ocrx_word' id='word_1_604' title='bbox 3065 1511 3110 1566; x_wconf 91' lang='lat' dir='ltr'><strong>si</strong></span> <span class='ocrx_word' id='word_1_605' title='bbox 3147 1511 3262 1579; x_wconf 88' lang='lat' dir='ltr'><strong>ipse</strong></span> <span class='ocrx_word' id='word_1_606' title='bbox 3305 1511 3464 1565; x_wconf 91' lang='lat' dir='ltr'><strong>homo</strong></span> <span class='ocrx_word' id='word_1_607' title='bbox 3510 1522 3612 1561; x_wconf 90' lang='lat' dir='ltr'><strong>non</strong></span> <span class='ocrx_word' id='word_1_608' title='bbox 3639 1507 3710 1560; x_wconf 86' lang='lat' dir='ltr'><strong>sit</strong></span> <span class='ocrx_word' id='word_1_609' title='bbox 3737 1507 3842 1560; x_wconf 83' lang='lat' dir='ltr'><strong>sibi</strong></span> 
     </span>
    </p>
   </div>
   <div class='ocr_carea' id='block_1_76' title="bbox 2298 1597 3843 1672">
    <p class='ocr_par' dir='ltr' id='par_1_76' title="bbox 2298 1597 3843 1672">
     <span class='ocr_line' id='line_1_77' title="bbox 2298 1597 3843 1672; baseline -0.005 -15"><span class='ocrx_word' id='word_1_610' title='bbox 2298 1603 2490 1657; x_wconf 90' lang='lat' dir='ltr'><strong>malus.</strong></span> <span class='ocrx_word' id='word_1_611' title='bbox 2537 1603 2662 1656; x_wconf 90' lang='lat' dir='ltr'><strong>Inde</strong></span> <span class='ocrx_word' id='word_1_612' title='bbox 2691 1617 2819 1672; x_wconf 87' lang='lat' dir='ltr'><strong>ergo</strong></span> <span class='ocrx_word' id='word_1_613' title='bbox 2841 1600 3008 1656; x_wconf 67' lang='lat' dir='ltr'><strong>Judaei</strong></span> <span class='ocrx_word' id='word_1_614' title='bbox 3034 1601 3162 1655; x_wconf 89' lang='lat' dir='ltr'><strong>dicti</strong></span> <span class='ocrx_word' id='word_1_615' title='bbox 3199 1609 3324 1654; x_wconf 87' lang='lat' dir='ltr'><strong>sunt</strong></span> <span class='ocrx_word' id='word_1_616' title='bbox 3349 1599 3442 1653; x_wconf 86' lang='lat' dir='ltr'><strong>filii</strong></span> <span class='ocrx_word' id='word_1_617' title='bbox 3480 1597 3695 1662; x_wconf 89' lang='lat' dir='ltr'><strong>diaboli,</strong></span> <span class='ocrx_word' id='word_1_618' title='bbox 3738 1613 3843 1652; x_wconf 91' lang='lat' dir='ltr'><strong>non</strong></span> 
     </span>
    </p>
   </div>
   <div class='ocr_carea' id='block_1_77' title="bbox 2298 1691 3844 1756">
    <p class='ocr_par' dir='ltr' id='par_1_77' title="bbox 2298 1691 3844 1756">
     <span class='ocr_line' id='line_1_78' title="bbox 2298 1691 3844 1756; baseline -0.003 -10"><span class='ocrx_word' id='word_1_619' title='bbox 2298 1694 2582 1756; x_wconf 82' lang='lat' dir='ltr'><strong>nascendo,</strong></span> <span class='ocrx_word' id='word_1_620' title='bbox 2632 1693 2726 1746; x_wconf 86' lang='lat' dir='ltr'><strong>sed</strong></span> <span class='ocrx_word' id='word_1_621' title='bbox 2769 1693 3044 1746; x_wconf 83' lang='lat' dir='ltr'><strong>imitando.</strong></span> <span class='ocrx_word' id='word_1_622' title='bbox 3096 1691 3435 1745; x_wconf 71' lang='lat' dir='ltr'><strong>Consuetudo</strong></span> <span class='ocrx_word' id='word_1_623' title='bbox 3474 1705 3603 1743; x_wconf 83' lang='lat' dir='ltr'><strong>vero</strong></span> <span class='ocrx_word' id='word_1_624' title='bbox 3647 1691 3844 1743; x_wconf 73' lang='lat' dir='ltr'><strong>sath</strong></span> 
     </span>
    </p>
   </div>
   <div class='ocr_carea' id='block_1_78' title="bbox 2298 1767 3842 1849">
    <p class='ocr_par' dir='ltr' id='par_1_78' title="bbox 2298 1767 3842 1849">
     <span class='ocr_line' id='line_1_79' title="bbox 2298 1767 3842 1849; baseline -0.003 -14"><span class='ocrx_word' id='word_1_625' title='bbox 2298 1781 2588 1849; x_wconf 71' lang='lat' dir='ltr'><strong>Scriptum</strong></span> <span class='ocrx_word' id='word_1_626' title='bbox 2614 1788 2783 1834; x_wconf 79' lang='lat' dir='ltr'><strong>estex</strong></span> <span class='ocrx_word' id='word_1_627' title='bbox 2811 1767 3102 1834; x_wconf 83' lang='lat' dir='ltr'><strong>imitatione</strong></span> <span class='ocrx_word' id='word_1_628' title='bbox 3136 1779 3220 1833; x_wconf 89' lang='lat' dir='ltr'><strong>vel</strong></span> <span class='ocrx_word' id='word_1_629' title='bbox 3246 1777 3588 1833; x_wconf 86' lang='lat' dir='ltr'><strong>similitudine</strong></span> <span class='ocrx_word' id='word_1_630' title='bbox 3624 1793 3842 1846; x_wconf 86' lang='lat' dir='ltr'><strong>operum</strong></span> 
     </span>
    </p>
   </div>
   <div class='ocr_carea' id='block_1_79' title="bbox 2297 1864 3842 1940">
    <p class='ocr_par' dir='ltr' id='par_1_79' title="bbox 2297 1864 3842 1940">
     <span class='ocr_line' id='line_1_80' title="bbox 2297 1864 3842 1940; baseline -0.004 -18"><span class='ocrx_word' id='word_1_631' title='bbox 2297 1867 2436 1922; x_wconf 83' lang='lat' dir='ltr'><strong>filios</strong></span> <span class='ocrx_word' id='word_1_632' title='bbox 2471 1881 2611 1937; x_wconf 72' lang='lat' dir='ltr'><strong>saepe</strong></span> <span class='ocrx_word' id='word_1_633' title='bbox 2651 1869 2948 1929; x_wconf 88' lang='lat' dir='ltr'><strong>nominare,</strong></span> <span class='ocrx_word' id='word_1_634' title='bbox 2990 1875 3049 1921; x_wconf 92' lang='lat' dir='ltr'><strong>ut</strong></span> <span class='ocrx_word' id='word_1_635' title='bbox 3088 1866 3353 1940; x_wconf 80' lang='lat' dir='ltr'><strong>Propheta</strong></span> <span class='ocrx_word' id='word_1_636' title='bbox 3396 1868 3464 1920; x_wconf 88' lang='lat' dir='ltr'><strong>ad</strong></span> <span class='ocrx_word' id='word_1_637' title='bbox 3487 1864 3698 1919; x_wconf 70' lang='lat' dir='ltr'><strong>Judaeos</strong></span> <span class='ocrx_word' id='word_1_638' title='bbox 3738 1866 3842 1918; x_wconf 90' lang='lat' dir='ltr'><strong>ait:</strong></span> 
     </span>
    </p>
   </div>
   <div class='ocr_carea' id='block_1_80' title="bbox 2299 1951 3842 2024">
    <p class='ocr_par' dir='ltr' id='par_1_80' title="bbox 2299 1951 3842 2024">
     <span class='ocr_line' id='line_1_81' title="bbox 2299 1951 3842 2024; baseline 0 -17"><span class='ocrx_word' id='word_1_639' title='bbox 2299 1953 2458 2009; x_wconf 78' lang='lat' dir='ltr'><strong>Pater</strong></span> <span class='ocrx_word' id='word_1_640' title='bbox 2495 1965 2614 2008; x_wconf 88' lang='lat' dir='ltr'><strong>tuus</strong></span> <span class='ocrx_word' id='word_1_641' title='bbox 2643 1954 2974 2008; x_wconf 68' lang='lat' dir='ltr'><strong>Amorrhazus</strong></span> <span class='ocrx_word' id='word_1_642' title='bbox 3013 1963 3061 2007; x_wconf 90' lang='lat' dir='ltr'><strong>et</strong></span> <span class='ocrx_word' id='word_1_643' title='bbox 3088 1964 3253 2007; x_wconf 81' lang='lat' dir='ltr'><strong>mater</strong></span> <span class='ocrx_word' id='word_1_644' title='bbox 3285 1965 3375 2007; x_wconf 77' lang='lat' dir='ltr'><strong>tua</strong></span> <span class='ocrx_word' id='word_1_645' title='bbox 3414 1951 3604 2007; x_wconf 74' lang='lat' dir='ltr'><strong>Cethea</strong></span> <span class='ocrx_word' id='word_1_646' title='bbox 3631 1954 3842 2024; x_wconf 78' lang='lat' dir='ltr'><strong>(Esech.</strong></span> 
     </span>
    </p>
   </div>
   <div class='ocr_carea' id='block_1_81' title="bbox 2299 2042 3845 2113">
    <p class='ocr_par' dir='ltr' id='par_1_81' title="bbox 2299 2042 3845 2113">
     <span class='ocr_line' id='line_1_82' title="bbox 2299 2042 3845 2113; baseline -0.001 -17"><span class='ocrx_word' id='word_1_647' title='bbox 2299 2060 2408 2108; x_wconf 74' lang='lat' dir='ltr'><strong>xvi,</strong></span> <span class='ocrx_word' id='word_1_648' title='bbox 2433 2043 2509 2113; x_wconf 76' lang='lat'><strong>3).</strong></span> <span class='ocrx_word' id='word_1_649' title='bbox 2534 2044 2829 2097; x_wconf 67' lang='lat' dir='ltr'><strong>Amorrhaei</strong></span> <span class='ocrx_word' id='word_1_650' title='bbox 2851 2056 2979 2111; x_wconf 88' lang='lat' dir='ltr'><strong>gens</strong></span> <span class='ocrx_word' id='word_1_651' title='bbox 3003 2049 3119 2095; x_wconf 88' lang='lat' dir='ltr'><strong>erat</strong></span> <span class='ocrx_word' id='word_1_652' title='bbox 3141 2042 3404 2110; x_wconf 61' lang='lat' dir='ltr'><strong>quaedam,</strong></span> <span class='ocrx_word' id='word_1_653' title='bbox 3425 2042 3568 2096; x_wconf 86' lang='lat' dir='ltr'><strong>unde</strong></span> <span class='ocrx_word' id='word_1_654' title='bbox 3585 2042 3845 2113; x_wconf 86' lang='lat' dir='ltr'><strong>originem</strong></span> 
     </span>
    </p>
   </div>
   <div class='ocr_carea' id='block_1_82' title="bbox 2298 2119 3846 2199">
    <p class='ocr_par' dir='ltr' id='par_1_82' title="bbox 2298 2119 3846 2199">
     <span class='ocr_line' id='line_1_83' title="bbox 2298 2119 3846 2199; baseline -0.001 -15"><span class='ocrx_word' id='word_1_655' title='bbox 2298 2129 2466 2186; x_wconf 67' lang='lat' dir='ltr'><strong>Judaei</strong></span> <span class='ocrx_word' id='word_1_656' title='bbox 2513 2146 2620 2184; x_wconf 88' lang='lat' dir='ltr'><strong>non</strong></span> <span class='ocrx_word' id='word_1_657' title='bbox 2655 2129 2946 2194; x_wconf 87' lang='lat' dir='ltr'><strong>ducebant;</strong></span> <span class='ocrx_word' id='word_1_658' title='bbox 2978 2127 3162 2183; x_wconf 88' lang='lat' dir='ltr'><strong>Cethei</strong></span> <span class='ocrx_word' id='word_1_659' title='bbox 3208 2138 3264 2182; x_wconf 91' lang='lat' dir='ltr'><strong>et</strong></span> <span class='ocrx_word' id='word_1_660' title='bbox 3305 2119 3406 2197; x_wconf 85' lang='lat' dir='ltr'><strong>ipsi</strong></span> <span class='ocrx_word' id='word_1_661' title='bbox 3449 2139 3659 2199; x_wconf 77' lang='lat' dir='ltr'><strong>gentem</strong></span> <span class='ocrx_word' id='word_1_662' title='bbox 3695 2145 3846 2183; x_wconf 85' lang='lat' dir='ltr'><strong>snam</strong></span> 
     </span>
    </p>
   </div>
   <div class='ocr_carea' id='block_1_83' title="bbox 2299 2216 3848 2288">
    <p class='ocr_par' dir='ltr' id='par_1_83' title="bbox 2299 2216 3848 2288">
     <span class='ocr_line' id='line_1_84' title="bbox 2299 2216 3848 2288; baseline -0.004 -12"><span class='ocrx_word' id='word_1_663' title='bbox 2299 2221 2562 2276; x_wconf 85' lang='lat' dir='ltr'><strong>habebant</strong></span> <span class='ocrx_word' id='word_1_664' title='bbox 2607 2219 2824 2274; x_wconf 90' lang='lat' dir='ltr'><strong>omnino</strong></span> <span class='ocrx_word' id='word_1_665' title='bbox 2868 2219 3024 2272; x_wconf 85' lang='lat' dir='ltr'><strong>alieni</strong></span> <span class='ocrx_word' id='word_1_666' title='bbox 3069 2235 3100 2271; x_wconf 91' lang='lat' dir='ltr'><strong>a</strong></span> <span class='ocrx_word' id='word_1_667' title='bbox 3146 2233 3341 2288; x_wconf 85' lang='lat' dir='ltr'><strong>genero</strong></span> <span class='ocrx_word' id='word_1_668' title='bbox 3365 2216 3688 2272; x_wconf 66' lang='lat' dir='ltr'><strong>intimorum.</strong></span> <span class='ocrx_word' id='word_1_669' title='bbox 3740 2217 3848 2271; x_wconf 81' lang='lat' dir='ltr'><strong>Sed</strong></span> 
     </span>
    </p>
   </div>
   <div class='ocr_carea' id='block_1_84' title="bbox 2300 2303 3847 2379">
    <p class='ocr_par' dir='ltr' id='par_1_84' title="bbox 2300 2303 3847 2379">
     <span class='ocr_line' id='line_1_85' title="bbox 2300 2303 3847 2379; baseline -0.001 -17"><span class='ocrx_word' id='word_1_670' title='bbox 2300 2310 2426 2379; x_wconf 87' lang='lat' dir='ltr'><strong>quia</strong></span> <span class='ocrx_word' id='word_1_671' title='bbox 2450 2315 2606 2362; x_wconf 91' lang='lat' dir='ltr'><strong>erant</strong></span> <span class='ocrx_word' id='word_1_672' title='bbox 2652 2307 2797 2376; x_wconf 90' lang='lat' dir='ltr'><strong>impii</strong></span> <span class='ocrx_word' id='word_1_673' title='bbox 2824 2307 3117 2361; x_wconf 67' lang='lat' dir='ltr'><strong>Amorrhaei</strong></span> <span class='ocrx_word' id='word_1_674' title='bbox 3141 2315 3196 2360; x_wconf 90' lang='lat' dir='ltr'><strong>et</strong></span> <span class='ocrx_word' id='word_1_675' title='bbox 3222 2303 3439 2369; x_wconf 86' lang='lat' dir='ltr'><strong>Cethei;</strong></span> <span class='ocrx_word' id='word_1_676' title='bbox 3474 2303 3641 2360; x_wconf 69' lang='lat' dir='ltr'><strong>Judci</strong></span> <span class='ocrx_word' id='word_1_677' title='bbox 3668 2316 3847 2360; x_wconf 87' lang='lat' dir='ltr'><strong>autem</strong></span> 
     </span>
    </p>
   </div>
   <div class='ocr_carea' id='block_1_85' title="bbox 2302 2393 3846 2464">
    <p class='ocr_par' dir='ltr' id='par_1_85' title="bbox 2302 2393 3846 2464">
     <span class='ocr_line' id='line_1_86' title="bbox 2302 2393 3846 2464; baseline -0.001 -14"><span class='ocrx_word' id='word_1_678' title='bbox 2302 2398 2496 2452; x_wconf 88' lang='lat' dir='ltr'><strong>imitati</strong></span> <span class='ocrx_word' id='word_1_679' title='bbox 2555 2404 2678 2450; x_wconf 87' lang='lat' dir='ltr'><strong>sunt</strong></span> <span class='ocrx_word' id='word_1_680' title='bbox 2731 2395 3031 2464; x_wconf 88' lang='lat' dir='ltr'><strong>impietates</strong></span> <span class='ocrx_word' id='word_1_681' title='bbox 3081 2395 3330 2459; x_wconf 88' lang='lat' dir='ltr'><strong>illorum;</strong></span> <span class='ocrx_word' id='word_1_682' title='bbox 3386 2394 3698 2449; x_wconf 86' lang='lat' dir='ltr'><strong>invenerant</strong></span> <span class='ocrx_word' id='word_1_683' title='bbox 3752 2393 3846 2448; x_wconf 87' lang='lat' dir='ltr'><strong>lilii</strong></span> 
     </span>
    </p>
   </div>
   <div class='ocr_carea' id='block_1_86' title="bbox 2304 2485 3850 2559">
    <p class='ocr_par' dir='ltr' id='par_1_86' title="bbox 2304 2485 3850 2559">
     <span class='ocr_line' id='line_1_87' title="bbox 2304 2485 3850 2559; baseline 0.001 -20"><span class='ocrx_word' id='word_1_684' title='bbox 2304 2487 2498 2559; x_wconf 78' lang='lat' dir='ltr'><strong>[Aag.,</strong></span> <span class='ocrx_word' id='word_1_685' title='bbox 2548 2487 2864 2541; x_wconf 86' lang='lat' dir='ltr'><strong>invenerunt</strong></span> <span class='ocrx_word' id='word_1_686' title='bbox 2909 2485 3034 2557; x_wconf 83' lang='lat' dir='ltr'><strong>sibi]</strong></span> <span class='ocrx_word' id='word_1_687' title='bbox 3079 2493 3345 2556; x_wconf 86' lang='lat' dir='ltr'><strong>parentes,</strong></span> <span class='ocrx_word' id='word_1_688' title='bbox 3394 2501 3500 2540; x_wconf 88' lang='lat' dir='ltr'><strong>non</strong></span> <span class='ocrx_word' id='word_1_689' title='bbox 3547 2485 3616 2541; x_wconf 89' lang='lat' dir='ltr'><strong>de</strong></span> <span class='ocrx_word' id='word_1_690' title='bbox 3657 2486 3850 2556; x_wconf 78' lang='lat' dir='ltr'><strong>quibus</strong></span> 
     </span>
    </p>
   </div>
   <div class='ocr_carea' id='block_1_87' title="bbox 2303 2577 3850 2646">
    <p class='ocr_par' dir='ltr' id='par_1_87' title="bbox 2303 2577 3850 2646">
     <span class='ocr_line' id='line_1_88' title="bbox 2303 2577 3850 2646; baseline -0.002 -14"><span class='ocrx_word' id='word_1_691' title='bbox 2303 2584 2666 2641; x_wconf 87' lang='lat' dir='ltr'><strong>nascerentur,</strong></span> <span class='ocrx_word' id='word_1_692' title='bbox 2719 2578 2812 2631; x_wconf 88' lang='lat' dir='ltr'><strong>sed</strong></span> <span class='ocrx_word' id='word_1_693' title='bbox 2852 2592 3078 2645; x_wconf 83' lang='lat' dir='ltr'><strong>quorum</strong></span> <span class='ocrx_word' id='word_1_694' title='bbox 3135 2591 3312 2632; x_wconf 90' lang='lat' dir='ltr'><strong>mores</strong></span> <span class='ocrx_word' id='word_1_695' title='bbox 3350 2578 3603 2632; x_wconf 86' lang='lat' dir='ltr'><strong>sectando</strong></span> <span class='ocrx_word' id='word_1_696' title='bbox 3644 2577 3850 2646; x_wconf 89' lang='lat' dir='ltr'><strong>pariter</strong></span> 
     </span>
    </p>
   </div>
   <div class='ocr_carea' id='block_1_88' title="bbox 2304 2663 3850 2733">
    <p class='ocr_par' dir='ltr' id='par_1_88' title="bbox 2304 2663 3850 2733">
     <span class='ocr_line' id='line_1_89' title="bbox 2304 2663 3850 2733; baseline -0.001 -14"><span class='ocrx_word' id='word_1_697' title='bbox 2304 2665 2702 2719; x_wconf 83' lang='lat' dir='ltr'><strong>damnarentur.</strong></span> <span class='ocrx_word' id='word_1_698' title='bbox 2752 2664 3002 2728; x_wconf 68' lang='lat' dir='ltr'><strong>Qumritis</strong></span> <span class='ocrx_word' id='word_1_699' title='bbox 3047 2674 3222 2718; x_wconf 87' lang='lat' dir='ltr'><strong>autem</strong></span> <span class='ocrx_word' id='word_1_700' title='bbox 3267 2663 3512 2726; x_wconf 87' lang='lat' dir='ltr'><strong>fortasse,</strong></span> <span class='ocrx_word' id='word_1_701' title='bbox 3555 2665 3694 2718; x_wconf 88' lang='lat' dir='ltr'><strong>unde</strong></span> <span class='ocrx_word' id='word_1_702' title='bbox 3737 2665 3850 2733; x_wconf 90' lang='lat' dir='ltr'><strong>ipse</strong></span> 
     </span>
    </p>
   </div>
   <div class='ocr_carea' id='block_1_89' title="bbox 2305 2751 3850 2823">
    <p class='ocr_par' dir='ltr' id='par_1_89' title="bbox 2305 2751 3850 2823">
     <span class='ocr_line' id='line_1_90' title="bbox 2305 2751 3850 2823; baseline -0.001 -16"><span class='ocrx_word' id='word_1_703' title='bbox 2305 2752 2582 2807; x_wconf 88' lang='lat' dir='ltr'><strong>diabolus?</strong></span> <span class='ocrx_word' id='word_1_704' title='bbox 2615 2751 2741 2807; x_wconf 86' lang='lat' dir='ltr'><strong>Inde</strong></span> <span class='ocrx_word' id='word_1_705' title='bbox 2770 2753 2971 2820; x_wconf 87' lang='lat' dir='ltr'><strong>utique,</strong></span> <span class='ocrx_word' id='word_1_706' title='bbox 2998 2752 3136 2806; x_wconf 90' lang='lat' dir='ltr'><strong>unde</strong></span> <span class='ocrx_word' id='word_1_707' title='bbox 3159 2760 3212 2806; x_wconf 87' lang='lat' dir='ltr'><strong>et</strong></span> <span class='ocrx_word' id='word_1_708' title='bbox 3235 2753 3414 2807; x_wconf 57' lang='lat' dir='ltr'><strong>exteri</strong></span> <span class='ocrx_word' id='word_1_709' title='bbox 3439 2753 3631 2823; x_wconf 86' lang='lat' dir='ltr'><strong>angeli.</strong></span> <span class='ocrx_word' id='word_1_710' title='bbox 3659 2753 3850 2808; x_wconf 65' lang='lat' dir='ltr'><strong>Caneri</strong></span> 
     </span>
    </p>
   </div>
   <div class='ocr_carea' id='block_1_90' title="bbox 2305 2831 3851 2913">
    <p class='ocr_par' dir='ltr' id='par_1_90' title="bbox 2305 2831 3851 2913">
     <span class='ocr_line' id='line_1_91' title="bbox 2305 2831 3851 2913; baseline 0.003 -19"><span class='ocrx_word' id='word_1_711' title='bbox 2305 2841 2478 2913; x_wconf 84' lang='lat' dir='ltr'><strong>angeli</strong></span> <span class='ocrx_word' id='word_1_712' title='bbox 2524 2842 2577 2894; x_wconf 92' lang='lat' dir='ltr'><strong>in</strong></span> <span class='ocrx_word' id='word_1_713' title='bbox 2621 2857 2715 2896; x_wconf 89' lang='lat' dir='ltr'><strong>sua</strong></span> <span class='ocrx_word' id='word_1_714' title='bbox 2755 2840 3054 2895; x_wconf 87' lang='lat' dir='ltr'><strong>obedientia</strong></span> <span class='ocrx_word' id='word_1_715' title='bbox 3111 2831 3461 2911; x_wconf 84' lang='lat' dir='ltr'><strong>perstiterunt</strong></span> <span class='ocrx_word' id='word_1_716' title='bbox 3491 2861 3504 2894; x_wconf 92' lang='lat'>:</span> <span class='ocrx_word' id='word_1_717' title='bbox 3534 2843 3621 2898; x_wconf 90' lang='lat' dir='ltr'><strong>ille</strong></span> <span class='ocrx_word' id='word_1_718' title='bbox 3668 2845 3851 2898; x_wconf 88' lang='lat' dir='ltr'><strong>inobe—</strong></span> 
     </span>
    </p>
   </div>
   <div class='ocr_carea' id='block_1_91' title="bbox 2303 2928 3850 3000">
    <p class='ocr_par' dir='ltr' id='par_1_91' title="bbox 2303 2928 3850 3000">
     <span class='ocr_line' id='line_1_92' title="bbox 2303 2928 3850 3000; baseline -0.001 -15"><span class='ocrx_word' id='word_1_719' title='bbox 2303 2929 2496 2985; x_wconf 88' lang='lat' dir='ltr'><strong>diendo</strong></span> <span class='ocrx_word' id='word_1_720' title='bbox 2531 2938 2586 2983; x_wconf 89' lang='lat' dir='ltr'><strong>et</strong></span> <span class='ocrx_word' id='word_1_721' title='bbox 2617 2928 2968 2998; x_wconf 89' lang='lat' dir='ltr'><strong>superbiendo</strong></span> <span class='ocrx_word' id='word_1_722' title='bbox 3008 2929 3188 2998; x_wconf 86' lang='lat' dir='ltr'><strong>lapsus</strong></span> <span class='ocrx_word' id='word_1_723' title='bbox 3220 2937 3303 2982; x_wconf 86' lang='lat' dir='ltr'><strong>est</strong></span> <span class='ocrx_word' id='word_1_724' title='bbox 3337 2930 3575 3000; x_wconf 86' lang='lat' dir='ltr'><strong>angelus,</strong></span> <span class='ocrx_word' id='word_1_725' title='bbox 3603 2939 3656 2984; x_wconf 81' lang='lat' dir='ltr'><strong>et</strong></span> <span class='ocrx_word' id='word_1_726' title='bbox 3679 2930 3850 2985; x_wconf 82' lang='lat' dir='ltr'><strong>factus</strong></span> 
     </span>
    </p>
   </div>
   <div class='ocr_carea' id='block_1_92' title="bbox 2303 3017 3849 3087">
    <p class='ocr_par' dir='ltr' id='par_1_92' title="bbox 2303 3017 3849 3087">
     <span class='ocr_line' id='line_1_93' title="bbox 2303 3017 3849 3087; baseline 0 -12"><span class='ocrx_word' id='word_1_727' title='bbox 2303 3028 2387 3075; x_wconf 84' lang='lat' dir='ltr'><strong>est</strong></span> <span class='ocrx_word' id='word_1_728' title='bbox 2407 3018 2664 3073; x_wconf 84' lang='lat' dir='ltr'><strong>diabolus.</strong></span> <span class='ocrx_word' id='word_1_729' title='bbox 2693 3038 2712 3068; x_wconf 71' lang='grc' dir='ltr'>ι</span> <span class='ocrx_word' id='word_1_730' title='bbox 2744 3017 2848 3072; x_wconf 89' lang='lat' dir='ltr'><strong>Sed</strong></span> <span class='ocrx_word' id='word_1_731' title='bbox 2875 3018 3030 3072; x_wconf 90' lang='lat' dir='ltr'><strong>modo</strong></span> <span class='ocrx_word' id='word_1_732' title='bbox 3049 3019 3238 3072; x_wconf 89' lang='lat' dir='ltr'><strong>audite</strong></span> <span class='ocrx_word' id='word_1_733' title='bbox 3253 3019 3380 3087; x_wconf 90' lang='lat' dir='ltr'><strong>quid</strong></span> <span class='ocrx_word' id='word_1_734' title='bbox 3399 3020 3543 3074; x_wconf 90' lang='lat' dir='ltr'><strong>dicat</strong></span> <span class='ocrx_word' id='word_1_735' title='bbox 3560 3019 3849 3076; x_wconf 88' lang='lat' dir='ltr'><strong>Dominus:</strong></span> 
     </span>
    </p>
   </div>
   <div class='ocr_carea' id='block_1_93' title="bbox 2314 3107 3851 3180">
    <p class='ocr_par' dir='ltr' id='par_1_93' title="bbox 2314 3107 3851 3180">
     <span class='ocr_line' id='line_1_94' title="bbox 2314 3107 3851 3180; baseline 0.003 -20"><span class='ocrx_word' id='word_1_736' title='bbox 2314 3107 2436 3172; x_wconf 76' lang='lat' dir='ltr'><strong>Vos,</strong></span> <span class='ocrx_word' id='word_1_737' title='bbox 2469 3109 2658 3179; x_wconf 89' lang='lat' dir='ltr'><strong>inquit,</strong></span> <span class='ocrx_word' id='word_1_738' title='bbox 2699 3126 2730 3161; x_wconf 88' lang='lat' dir='ltr'><strong>a</strong></span> <span class='ocrx_word' id='word_1_739' title='bbox 2750 3118 2896 3177; x_wconf 87' lang='lat' dir='ltr'><strong>patre</strong></span> <span class='ocrx_word' id='word_1_740' title='bbox 2920 3107 3123 3162; x_wconf 82' lang='lat' dir='ltr'><strong>diabolo</strong></span> <span class='ocrx_word' id='word_1_741' title='bbox 3151 3111 3293 3174; x_wconf 84' lang='lat' dir='ltr'><strong>estis,</strong></span> <span class='ocrx_word' id='word_1_742' title='bbox 3322 3120 3370 3163; x_wconf 91' lang='lat' dir='ltr'><strong>et</strong></span> <span class='ocrx_word' id='word_1_743' title='bbox 3397 3110 3652 3165; x_wconf 86' lang='lat' dir='ltr'><strong>desideria</strong></span> <span class='ocrx_word' id='word_1_744' title='bbox 3684 3114 3851 3180; x_wconf 87' lang='lat' dir='ltr'><strong>patris</strong></span> 
     </span>
    </p>
   </div>
   <div class='ocr_carea' id='block_1_94' title="bbox 2305 3196 3851 3265">
    <p class='ocr_par' dir='ltr' id='par_1_94' title="bbox 2305 3196 3851 3265">
     <span class='ocr_line' id='line_1_95' title="bbox 2305 3196 3851 3265; baseline 0.001 -13"><span class='ocrx_word' id='word_1_745' title='bbox 2305 3199 2457 3252; x_wconf 78' lang='lat' dir='ltr'><strong>vestri</strong></span> <span class='ocrx_word' id='word_1_746' title='bbox 2501 3197 2669 3265; x_wconf 77' lang='lat' dir='ltr'><strong>facere</strong></span> <span class='ocrx_word' id='word_1_747' title='bbox 2708 3196 2879 3250; x_wconf 79' lang='lat' dir='ltr'><strong>vultis.</strong></span> <span class='ocrx_word' id='word_1_748' title='bbox 2927 3196 3170 3261; x_wconf 77' lang='lat' dir='ltr'><strong>Qutcritis</strong></span> <span class='ocrx_word' id='word_1_749' title='bbox 3212 3215 3291 3252; x_wconf 80' lang='lat' dir='ltr'><strong>me</strong></span> <span class='ocrx_word' id='word_1_750' title='bbox 3317 3200 3569 3264; x_wconf 83' lang='lat' dir='ltr'><strong>occidere,</strong></span> <span class='ocrx_word' id='word_1_751' title='bbox 3597 3200 3851 3254; x_wconf 78' lang='lat' dir='ltr'><strong>hominem</strong></span> 
     </span>
    </p>
   </div>
   <div class='ocr_carea' id='block_1_95' title="bbox 2305 3283 3855 3358">
    <p class='ocr_par' dir='ltr' id='par_1_95' title="bbox 2305 3283 3855 3358">
     <span class='ocr_line' id='line_1_96' title="bbox 2305 3283 3855 3358; baseline 0.001 -18"><span class='ocrx_word' id='word_1_752' title='bbox 2305 3288 2392 3358; x_wconf 78' lang='lat' dir='ltr'><strong>qui</strong></span> <span class='ocrx_word' id='word_1_753' title='bbox 2433 3286 2694 3340; x_wconf 79' lang='lat' dir='ltr'><strong>ueritatem</strong></span> <span class='ocrx_word' id='word_1_754' title='bbox 2732 3285 2868 3339; x_wconf 72' lang='lat' dir='ltr'><strong>vobis</strong></span> <span class='ocrx_word' id='word_1_755' title='bbox 2906 3283 3042 3338; x_wconf 82' lang='lat' dir='ltr'><strong>dico.</strong></span> <span class='ocrx_word' id='word_1_756' title='bbox 3083 3286 3150 3340; x_wconf 83' lang='lat' dir='ltr'><strong>Et</strong></span> <span class='ocrx_word' id='word_1_757' title='bbox 3194 3285 3282 3341; x_wconf 88' lang='lat' dir='ltr'><strong>ille</strong></span> <span class='ocrx_word' id='word_1_758' title='bbox 3325 3285 3511 3342; x_wconf 85' lang='lat' dir='ltr'><strong>invidit</strong></span> <span class='ocrx_word' id='word_1_759' title='bbox 3548 3288 3769 3354; x_wconf 89' lang='lat' dir='ltr'><strong>homini,</strong></span> <span class='ocrx_word' id='word_1_760' title='bbox 3799 3297 3855 3343; x_wconf 88' lang='lat' dir='ltr'><strong>et</strong></span> 
     </span>
    </p>
   </div>
   <div class='ocr_carea' id='block_1_96' title="bbox 2305 3374 3854 3432">
    <p class='ocr_par' dir='ltr' id='par_1_96' title="bbox 2305 3374 3854 3432">
     <span class='ocr_line' id='line_1_97' title="bbox 2305 3374 3854 3432; baseline 0.001 -4"><span class='ocrx_word' id='word_1_761' title='bbox 2305 3375 2500 3428; x_wconf 88' lang='lat' dir='ltr'><strong>occidit</strong></span> <span class='ocrx_word' id='word_1_762' title='bbox 2545 3375 2834 3428; x_wconf 89' lang='lat' dir='ltr'><strong>hominem.</strong></span> <span class='ocrx_word' id='word_1_763' title='bbox 2903 3374 3151 3430; x_wconf 89' lang='lat' dir='ltr'><strong>Diabolus</strong></span> <span class='ocrx_word' id='word_1_764' title='bbox 3193 3384 3369 3430; x_wconf 90' lang='lat' dir='ltr'><strong>autem</strong></span> <span class='ocrx_word' id='word_1_765' title='bbox 3422 3392 3542 3431; x_wconf 91' lang='lat' dir='ltr'><strong>cum</strong></span> <span class='ocrx_word' id='word_1_766' title='bbox 3597 3377 3854 3432; x_wconf 72' lang='lat' dir='ltr'><strong>invideret</strong></span> 
     </span>
    </p>
   </div>
   <div class='ocr_carea' id='block_1_97' title="bbox 2310 3453 3855 3529">
    <p class='ocr_par' dir='ltr' id='par_1_97' title="bbox 2310 3453 3855 3529">
     <span class='ocr_line' id='line_1_98' title="bbox 2310 3453 3855 3529; baseline 0.003 -16"><span class='ocrx_word' id='word_1_767' title='bbox 2310 3461 2528 3524; x_wconf 89' lang='lat' dir='ltr'><strong>homini,</strong></span> <span class='ocrx_word' id='word_1_768' title='bbox 2560 3453 2859 3528; x_wconf 86' lang='lat' dir='ltr'><strong>serpentem</strong></span> <span class='ocrx_word' id='word_1_769' title='bbox 2904 3461 3137 3524; x_wconf 86' lang='lat' dir='ltr'><strong>indutus,</strong></span> <span class='ocrx_word' id='word_1_770' title='bbox 3168 3463 3377 3517; x_wconf 88' lang='lat' dir='ltr'><strong>locutus</strong></span> <span class='ocrx_word' id='word_1_771' title='bbox 3413 3473 3498 3518; x_wconf 88' lang='lat' dir='ltr'><strong>est</strong></span> <span class='ocrx_word' id='word_1_772' title='bbox 3540 3465 3768 3529; x_wconf 87' lang='lat' dir='ltr'><strong>mulieri,</strong></span> <span class='ocrx_word' id='word_1_773' title='bbox 3799 3477 3855 3520; x_wconf 87' lang='lat' dir='ltr'><strong>et</strong></span> 
     </span>
    </p>
   </div>
   <div class='ocr_carea' id='block_1_98' title="bbox 2308 3547 3856 3618">
    <p class='ocr_par' dir='ltr' id='par_1_98' title="bbox 2308 3547 3856 3618">
     <span class='ocr_line' id='line_1_99' title="bbox 2308 3547 3856 3618; baseline 0.003 -16"><span class='ocrx_word' id='word_1_774' title='bbox 2308 3547 2373 3602; x_wconf 91' lang='lat' dir='ltr'><strong>de</strong></span> <span class='ocrx_word' id='word_1_775' title='bbox 2406 3549 2628 3602; x_wconf 89' lang='lat' dir='ltr'><strong>muliere</strong></span> <span class='ocrx_word' id='word_1_776' title='bbox 2651 3549 2932 3602; x_wconf 85' lang='lat' dir='ltr'><strong>venenavit</strong></span> <span class='ocrx_word' id='word_1_777' title='bbox 2972 3558 3026 3603; x_wconf 89' lang='lat' dir='ltr'><strong>et</strong></span> <span class='ocrx_word' id='word_1_778' title='bbox 3053 3550 3246 3618; x_wconf 69' lang='lat' dir='ltr'><strong>virum,</strong></span> <span class='ocrx_word' id='word_1_779' title='bbox 3292 3549 3483 3605; x_wconf 75' lang='lat' dir='ltr'><strong>Morini</strong></span> <span class='ocrx_word' id='word_1_780' title='bbox 3517 3560 3639 3604; x_wconf 89' lang='lat' dir='ltr'><strong>sunt</strong></span> <span class='ocrx_word' id='word_1_781' title='bbox 3673 3553 3856 3606; x_wconf 89' lang='lat' dir='ltr'><strong>diabo-</strong></span> 
     </span>
    </p>
   </div>
   <div class='ocr_carea' id='block_1_99' title="bbox 2309 3633 3853 3704">
    <p class='ocr_par' dir='ltr' id='par_1_99' title="bbox 2309 3633 3853 3704">
     <span class='ocr_line' id='line_1_100' title="bbox 2309 3633 3853 3704; baseline 0.004 -17"><span class='ocrx_word' id='word_1_782' title='bbox 2309 3635 2415 3689; x_wconf 92' lang='lat' dir='ltr'><strong>lum</strong></span> <span class='ocrx_word' id='word_1_783' title='bbox 2445 3635 2727 3699; x_wconf 83' lang='lat' dir='ltr'><strong>audiendo,</strong></span> <span class='ocrx_word' id='word_1_784' title='bbox 2766 3651 2924 3704; x_wconf 87' lang='lat' dir='ltr'><strong>quem</strong></span> <span class='ocrx_word' id='word_1_785' title='bbox 2953 3653 3058 3691; x_wconf 91' lang='lat' dir='ltr'><strong>non</strong></span> <span class='ocrx_word' id='word_1_786' title='bbox 3101 3633 3374 3692; x_wconf 72' lang='lat' dir='ltr'><strong>audiSsent</strong></span> <span class='ocrx_word' id='word_1_787' title='bbox 3402 3641 3447 3693; x_wconf 91' lang='lat' dir='ltr'><strong>si</strong></span> <span class='ocrx_word' id='word_1_788' title='bbox 3471 3638 3635 3695; x_wconf 89' lang='lat' dir='ltr'><strong>Deum</strong></span> <span class='ocrx_word' id='word_1_789' title='bbox 3670 3641 3853 3694; x_wconf 83' lang='lat' dir='ltr'><strong>audire</strong></span> 
     </span>
    </p>
   </div>
   <div class='ocr_carea' id='block_1_100' title="bbox 2309 3721 3855 3796">
    <p class='ocr_par' dir='ltr' id='par_1_100' title="bbox 2309 3721 3855 3796">
     <span class='ocr_line' id='line_1_101' title="bbox 2309 3721 3855 3796; baseline 0.008 -23"><span class='ocrx_word' id='word_1_790' title='bbox 2309 3721 2596 3775; x_wconf 83' lang='lat' dir='ltr'><strong>voluissent</strong></span> <span class='ocrx_word' id='word_1_791' title='bbox 2622 3739 2636 3774; x_wconf 86' lang='lat'><strong>:</strong></span> <span class='ocrx_word' id='word_1_792' title='bbox 2662 3723 2866 3791; x_wconf 87' lang='lat' dir='ltr'><strong>positus</strong></span> <span class='ocrx_word' id='word_1_793' title='bbox 2892 3726 3033 3777; x_wconf 92' lang='lat' dir='ltr'><strong>enim</strong></span> <span class='ocrx_word' id='word_1_794' title='bbox 3055 3726 3214 3779; x_wconf 89' lang='lat' dir='ltr'><strong>homo</strong></span> <span class='ocrx_word' id='word_1_795' title='bbox 3241 3726 3381 3780; x_wconf 81' lang='lat' dir='ltr'><strong>inter</strong></span> <span class='ocrx_word' id='word_1_796' title='bbox 3401 3727 3566 3782; x_wconf 85' lang='lat' dir='ltr'><strong>Deum</strong></span> <span class='ocrx_word' id='word_1_797' title='bbox 3591 3729 3681 3796; x_wconf 90' lang='lat' dir='ltr'><strong>qui</strong></span> <span class='ocrx_word' id='word_1_798' title='bbox 3705 3743 3855 3784; x_wconf 80' lang='lat' dir='ltr'><strong>crea-</strong></span> 
     </span>
    </p>
   </div>
   <div class='ocr_carea' id='block_1_101' title="bbox 2309 3812 3852 3888">
    <p class='ocr_par' dir='ltr' id='par_1_101' title="bbox 2309 3812 3852 3888">
     <span class='ocr_line' id='line_1_102' title="bbox 2309 3812 3852 3888; baseline 0.004 -23"><span class='ocrx_word' id='word_1_799' title='bbox 2309 3813 2386 3865; x_wconf 85' lang='lat' dir='ltr'><strong>vit</strong></span> <span class='ocrx_word' id='word_1_800' title='bbox 2409 3827 2549 3876; x_wconf 90' lang='lat' dir='ltr'><strong>eum,</strong></span> <span class='ocrx_word' id='word_1_801' title='bbox 2577 3813 2669 3882; x_wconf 89' lang='lat' dir='ltr'><strong>qui</strong></span> <span class='ocrx_word' id='word_1_802' title='bbox 2717 3812 2872 3884; x_wconf 80' lang='lat' dir='ltr'><strong>[Aug.</strong></span> <span class='ocrx_word' id='word_1_803' title='bbox 2899 3813 3042 3866; x_wconf 82' lang='lat' dir='ltr'><strong>addit</strong></span> <span class='ocrx_word' id='word_1_804' title='bbox 3073 3827 3092 3864; x_wconf 93' lang='lat'><strong><em>:</em></strong></span> <span class='ocrx_word' id='word_1_805' title='bbox 3127 3823 3182 3868; x_wconf 89' lang='lat' dir='ltr'><strong>et</strong></span> <span class='ocrx_word' id='word_1_806' title='bbox 3219 3829 3363 3880; x_wconf 90' lang='lat' dir='ltr'><strong>eum,</strong></span> <span class='ocrx_word' id='word_1_807' title='bbox 3401 3817 3493 3885; x_wconf 93' lang='lat' dir='ltr'><strong>qui</strong></span> <span class='ocrx_word' id='word_1_808' title='bbox 3532 3816 3712 3885; x_wconf 79' lang='lat' dir='ltr'><strong>lapsus</strong></span> <span class='ocrx_word' id='word_1_809' title='bbox 3747 3817 3852 3888; x_wconf 88' lang='lat' dir='ltr'><strong>est]</strong></span> 
     </span>
    </p>
   </div>
   <div class='ocr_carea' id='block_1_102' title="bbox 2310 3903 3854 3979">
    <p class='ocr_par' dir='ltr' id='par_1_102' title="bbox 2310 3903 3854 3979">
     <span class='ocr_line' id='line_1_103' title="bbox 2310 3903 3854 3979; baseline 0.003 -24"><span class='ocrx_word' id='word_1_810' title='bbox 2310 3904 2672 3978; x_wconf 74' lang='lat' dir='ltr'><strong>obtemperare</strong></span> <span class='ocrx_word' id='word_1_811' title='bbox 2715 3903 2892 3957; x_wconf 88' lang='lat' dir='ltr'><strong>debuit</strong></span> <span class='ocrx_word' id='word_1_812' title='bbox 2931 3904 3181 3968; x_wconf 75' lang='lat' dir='ltr'><strong>creatori,</strong></span> <span class='ocrx_word' id='word_1_813' title='bbox 3231 3919 3337 3959; x_wconf 91' lang='lat' dir='ltr'><strong>non</strong></span> <span class='ocrx_word' id='word_1_814' title='bbox 3376 3907 3665 3974; x_wconf 89' lang='lat' dir='ltr'><strong>deceptori.</strong></span> <span class='ocrx_word' id='word_1_815' title='bbox 3715 3906 3854 3979; x_wconf 84' lang='lat' dir='ltr'><strong>Ergo</strong></span> 
     </span>
    </p>
   </div>
   <div class='ocr_carea' id='block_1_103' title="bbox 2311 3985 3853 4066">
    <p class='ocr_par' dir='ltr' id='par_1_103' title="bbox 2311 3985 3853 4066">
     <span class='ocr_line' id='line_1_104' title="bbox 2311 3985 3853 4066; baseline 0.005 -28"><span class='ocrx_word' id='word_1_816' title='bbox 2311 3987 2397 4039; x_wconf 83' lang='lat' dir='ltr'><strong>ille</strong></span> <span class='ocrx_word' id='word_1_817' title='bbox 2427 3985 2685 4041; x_wconf 83' lang='lat' dir='ltr'><strong>homicida</strong></span> <span class='ocrx_word' id='word_1_818' title='bbox 2721 3999 2830 4066; x_wconf 82' lang='lat' dir='ltr'><strong>erat</strong></span> <span class='ocrx_word' id='word_1_819' title='bbox 2861 3989 2925 4042; x_wconf 89' lang='lat' dir='ltr'><strong>ab</strong></span> <span class='ocrx_word' id='word_1_820' title='bbox 2956 3990 3123 4043; x_wconf 84' lang='lat' dir='ltr'><strong>initio.</strong></span> <span class='ocrx_word' id='word_1_821' title='bbox 3166 3991 3352 4046; x_wconf 81' lang='lat' dir='ltr'><strong>Videte</strong></span> <span class='ocrx_word' id='word_1_822' title='bbox 3392 4008 3559 4063; x_wconf 79' lang='lat' dir='ltr'><strong>genus</strong></span> <span class='ocrx_word' id='word_1_823' title='bbox 3585 3993 3853 4050; x_wconf 83' lang='lat' dir='ltr'><strong>homicidii</strong></span> 
     </span>
    </p>
   </div>
   <div class='ocr_carea' id='block_1_104' title="bbox 2315 4075 3854 4163">
    <p class='ocr_par' dir='ltr' id='par_1_104' title="bbox 2315 4075 3854 4163">
     <span class='ocr_line' id='line_1_105' title="bbox 2315 4075 3854 4163; baseline 0.004 -35"><span class='ocrx_word' id='word_1_824' title='bbox 2315 4075 2524 4143; x_wconf 81' lang='lat' dir='ltr'><strong>fratres.</strong></span> <span class='ocrx_word' id='word_1_825' title='bbox 2574 4075 2871 4131; x_wconf 68' lang='lat' dir='ltr'><strong>Homicida</strong></span> <span class='ocrx_word' id='word_1_826' title='bbox 2897 4078 3100 4163; x_wconf 80' lang='lat' dir='ltr'><strong>dicitur</strong></span> <span class='ocrx_word' id='word_1_827' title='bbox 3127 4077 3385 4143; x_wconf 85' lang='lat' dir='ltr'><strong>diabolus,</strong></span> <span class='ocrx_word' id='word_1_828' title='bbox 3425 4096 3530 4134; x_wconf 87' lang='lat' dir='ltr'><strong>non</strong></span> <span class='ocrx_word' id='word_1_829' title='bbox 3559 4082 3733 4154; x_wconf 85' lang='lat' dir='ltr'><strong>gladio</strong></span> <span class='ocrx_word' id='word_1_830' title='bbox 3765 4098 3854 4135; x_wconf 90' lang='lat' dir='ltr'><strong>ar-</strong></span> 
     </span>
    </p>
   </div>
   <div class='ocr_carea' id='block_1_105' title="bbox 2315 4164 3853 4239">
    <p class='ocr_par' dir='ltr' id='par_1_105' title="bbox 2315 4164 3853 4239">
     <span class='ocr_line' id='line_1_106' title="bbox 2315 4164 3853 4239; baseline 0 -19"><span class='ocrx_word' id='word_1_831' title='bbox 2315 4176 2505 4230; x_wconf 88' lang='lat' dir='ltr'><strong>matus,</strong></span> <span class='ocrx_word' id='word_1_832' title='bbox 2533 4181 2634 4219; x_wconf 92' lang='lat' dir='ltr'><strong>non</strong></span> <span class='ocrx_word' id='word_1_833' title='bbox 2666 4164 2808 4220; x_wconf 89' lang='lat' dir='ltr'><strong>ferro</strong></span> <span class='ocrx_word' id='word_1_834' title='bbox 2837 4166 3127 4220; x_wconf 88' lang='lat' dir='ltr'><strong>accinctus.</strong></span> <span class='ocrx_word' id='word_1_835' title='bbox 3155 4166 3235 4239; x_wconf 87' lang='lat' dir='ltr'><strong>Ad</strong></span> <span class='ocrx_word' id='word_1_836' title='bbox 3255 4166 3521 4229; x_wconf 84' lang='lat' dir='ltr'><strong>hominem</strong></span> <span class='ocrx_word' id='word_1_837' title='bbox 3542 4170 3706 4232; x_wconf 86' lang='lat' dir='ltr'><strong>venit,</strong></span> <span class='ocrx_word' id='word_1_838' title='bbox 3733 4183 3853 4222; x_wconf 85' lang='lat' dir='ltr'><strong>ver-</strong></span> 
     </span>
    </p>
   </div>
   <div class='ocr_carea' id='block_1_106' title="bbox 2241 4256 3856 4342">
    <p class='ocr_par' dir='ltr' id='par_1_106' title="bbox 2241 4256 3856 4342">
     <span class='ocr_line' id='line_1_107' title="bbox 2241 4256 3856 4342; baseline -0.001 -32"><span class='ocrx_word' id='word_1_839' title='bbox 2241 4282 2294 4342; x_wconf 68' lang='grc' dir='ltr'><strong><em>υ</em></strong></span> <span class='ocrx_word' id='word_1_840' title='bbox 2313 4257 2437 4310; x_wconf 89' lang='lat' dir='ltr'><strong>bum</strong></span> <span class='ocrx_word' id='word_1_841' title='bbox 2466 4256 2658 4309; x_wconf 89' lang='lat' dir='ltr'><strong>malum</strong></span> <span class='ocrx_word' id='word_1_842' title='bbox 2697 4257 3005 4318; x_wconf 85' lang='lat' dir='ltr'><strong>seminavit,</strong></span> <span class='ocrx_word' id='word_1_843' title='bbox 3036 4265 3091 4309; x_wconf 91' lang='lat' dir='ltr'><strong>et</strong></span> <span class='ocrx_word' id='word_1_844' title='bbox 3122 4256 3333 4310; x_wconf 88' lang='lat' dir='ltr'><strong>occidit.</strong></span> <span class='ocrx_word' id='word_1_845' title='bbox 3366 4256 3481 4309; x_wconf 85' lang='lat' dir='ltr'><strong>Noli</strong></span> <span class='ocrx_word' id='word_1_846' title='bbox 3519 4271 3647 4327; x_wconf 87' lang='lat' dir='ltr'><strong>ergo</strong></span> <span class='ocrx_word' id='word_1_847' title='bbox 3669 4266 3856 4325; x_wconf 88' lang='lat' dir='ltr'><strong>putare</strong></span> 
     </span>
    </p>
   </div>
   <div class='ocr_carea' id='block_1_107' title="bbox 2317 4342 3856 4419">
    <p class='ocr_par' dir='ltr' id='par_1_107' title="bbox 2317 4342 3856 4419">
     <span class='ocr_line' id='line_1_108' title="bbox 2317 4342 3856 4419; baseline 0.001 -24"><span class='ocrx_word' id='word_1_848' title='bbox 2317 4353 2491 4419; x_wconf 31' lang='lat' dir='ltr'><strong>telnon</strong></span> <span class='ocrx_word' id='word_1_849' title='bbox 2517 4358 2633 4397; x_wconf 87' lang='lat' dir='ltr'><strong>esse</strong></span> <span class='ocrx_word' id='word_1_850' title='bbox 2663 4343 3002 4406; x_wconf 88' lang='lat' dir='ltr'><strong>homicidam,</strong></span> <span class='ocrx_word' id='word_1_851' title='bbox 3040 4344 3248 4416; x_wconf 86' lang='lat' dir='ltr'><strong>quando</strong></span> <span class='ocrx_word' id='word_1_852' title='bbox 3274 4342 3426 4396; x_wconf 85' lang='lat' dir='ltr'><strong>fratri</strong></span> <span class='ocrx_word' id='word_1_853' title='bbox 3462 4351 3552 4398; x_wconf 91' lang='lat' dir='ltr'><strong>tuo</strong></span> <span class='ocrx_word' id='word_1_854' title='bbox 3580 4344 3714 4397; x_wconf 88' lang='lat' dir='ltr'><strong>mala</strong></span> <span class='ocrx_word' id='word_1_855' title='bbox 3737 4360 3856 4413; x_wconf 89' lang='lat' dir='ltr'><strong>per-</strong></span> 
     </span>
    </p>
   </div>
   <div class='ocr_carea' id='block_1_108' title="bbox 2317 4422 3853 4498">
    <p class='ocr_par' dir='ltr' id='par_1_108' title="bbox 2317 4422 3853 4498">
     <span class='ocr_line' id='line_1_109' title="bbox 2317 4422 3853 4498; baseline -0.001 -13"><span class='ocrx_word' id='word_1_856' title='bbox 2317 4431 2506 4486; x_wconf 86' lang='lat' dir='ltr'><strong>suades</strong></span> <span class='ocrx_word' id='word_1_857' title='bbox 2533 4450 2544 4482; x_wconf 88' lang='lat'>:</span> <span class='ocrx_word' id='word_1_858' title='bbox 2573 4433 2618 4486; x_wconf 89' lang='lat' dir='ltr'><strong>si</strong></span> <span class='ocrx_word' id='word_1_859' title='bbox 2656 4431 2811 4485; x_wconf 84' lang='lat' dir='ltr'><strong>fratri</strong></span> <span class='ocrx_word' id='word_1_860' title='bbox 2855 4422 2946 4484; x_wconf 79' lang='lat' dir='ltr'><strong>tuo</strong></span> <span class='ocrx_word' id='word_1_861' title='bbox 2973 4430 3108 4484; x_wconf 85' lang='lat' dir='ltr'><strong>maia</strong></span> <span class='ocrx_word' id='word_1_862' title='bbox 3141 4431 3448 4498; x_wconf 85' lang='lat' dir='ltr'><strong>persuades,</strong></span> <span class='ocrx_word' id='word_1_863' title='bbox 3475 4432 3694 4485; x_wconf 81' lang='lat' dir='ltr'><strong>occidis.</strong></span> <span class='ocrx_word' id='word_1_864' title='bbox 3722 4432 3853 4486; x_wconf 80' lang='lat' dir='ltr'><strong>Audi</strong></span> 
     </span>
    </p>
   </div>
   <div class='ocr_carea' id='block_1_109' title="bbox 2317 4515 3853 4575">
    <p class='ocr_par' dir='ltr' id='par_1_109' title="bbox 2317 4515 3853 4575">
     <span class='ocr_line' id='line_1_110' title="bbox 2317 4515 3853 4575; baseline -0.001 -2"><span class='ocrx_word' id='word_1_865' title='bbox 2317 4520 2648 4575; x_wconf 88' lang='lat' dir='ltr'><strong>Psalmistam</strong></span> <span class='ocrx_word' id='word_1_866' title='bbox 2681 4538 2693 4572; x_wconf 91' lang='lat'>:</span> <span class='ocrx_word' id='word_1_867' title='bbox 2723 4515 2855 4573; x_wconf 77' lang='lat' dir='ltr'><strong>Filii</strong></span> <span class='ocrx_word' id='word_1_868' title='bbox 2879 4521 3140 4573; x_wconf 80' lang='lat' dir='ltr'><strong>hominum</strong></span> <span class='ocrx_word' id='word_1_869' title='bbox 3189 4521 3361 4572; x_wconf 84' lang='lat' dir='ltr'><strong>dentes</strong></span> <span class='ocrx_word' id='word_1_870' title='bbox 3400 4537 3577 4574; x_wconf 82' lang='lat' dir='ltr'><strong>eorum</strong></span> <span class='ocrx_word' id='word_1_871' title='bbox 3613 4538 3759 4574; x_wconf 86' lang='lat' dir='ltr'><strong>arma</strong></span> <span class='ocrx_word' id='word_1_872' title='bbox 3808 4533 3853 4572; x_wconf 83' lang='lat' dir='ltr'><strong>et</strong></span> 
     </span>
    </p>
   </div>
   <div class='ocr_carea' id='block_1_110' title="bbox 2317 4609 3854 4680">
    <p class='ocr_par' dir='ltr' id='par_1_110' title="bbox 2317 4609 3854 4680">
     <span class='ocr_line' id='line_1_111' title="bbox 2317 4609 3854 4680; baseline -0.001 -17"><span class='ocrx_word' id='word_1_873' title='bbox 2317 4612 2534 4679; x_wconf 70' lang='lat' dir='ltr'><strong>sagitta,</strong></span> <span class='ocrx_word' id='word_1_874' title='bbox 2559 4619 2605 4662; x_wconf 88' lang='lat' dir='ltr'><strong>et</strong></span> <span class='ocrx_word' id='word_1_875' title='bbox 2623 4610 2797 4678; x_wconf 78' lang='lat' dir='ltr'><strong>lingua</strong></span> <span class='ocrx_word' id='word_1_876' title='bbox 2820 4625 2994 4661; x_wconf 86' lang='lat' dir='ltr'><strong>eorum</strong></span> <span class='ocrx_word' id='word_1_877' title='bbox 3013 4609 3270 4661; x_wconf 78' lang='lat' dir='ltr'><strong>mae/uera</strong></span> <span class='ocrx_word' id='word_1_878' title='bbox 3290 4619 3440 4661; x_wconf 85' lang='lat' dir='ltr'><strong>acuta</strong></span> <span class='ocrx_word' id='word_1_879' title='bbox 3463 4609 3631 4680; x_wconf 80' lang='lat' dir='ltr'><strong>(Psal.</strong></span> <span class='ocrx_word' id='word_1_880' title='bbox 3649 4626 3755 4674; x_wconf 75' lang='lat' dir='ltr'><strong>LVI,</strong></span> <span class='ocrx_word' id='word_1_881' title='bbox 3777 4609 3854 4680; x_wconf 88' lang='lat'><strong>5).</strong></span> 
     </span>
    </p>
   </div>
   <div class='ocr_carea' id='block_1_111' title="bbox 2320 4691 3857 4768">
    <p class='ocr_par' dir='ltr' id='par_1_111' title="bbox 2320 4691 3857 4768">
     <span class='ocr_line' id='line_1_112' title="bbox 2320 4691 3857 4768; baseline -0.002 -14"><span class='ocrx_word' id='word_1_882' title='bbox 2320 4691 2425 4754; x_wconf 80' lang='lat' dir='ltr'><strong>Vos</strong></span> <span class='ocrx_word' id='word_1_883' title='bbox 2453 4701 2578 4768; x_wconf 79' lang='lat' dir='ltr'><strong>ergo</strong></span> <span class='ocrx_word' id='word_1_884' title='bbox 2602 4699 2862 4752; x_wconf 89' lang='lat' dir='ltr'><strong>desideria</strong></span> <span class='ocrx_word' id='word_1_885' title='bbox 2906 4699 3073 4767; x_wconf 88' lang='lat' dir='ltr'><strong>patris</strong></span> <span class='ocrx_word' id='word_1_886' title='bbox 3105 4699 3265 4753; x_wconf 84' lang='lat' dir='ltr'><strong>vestri</strong></span> <span class='ocrx_word' id='word_1_887' title='bbox 3308 4698 3486 4753; x_wconf 88' lang='lat' dir='ltr'><strong>facere</strong></span> <span class='ocrx_word' id='word_1_888' title='bbox 3513 4699 3693 4762; x_wconf 83' lang='lat' dir='ltr'><strong>vultis,</strong></span> <span class='ocrx_word' id='word_1_889' title='bbox 3738 4699 3857 4752; x_wconf 89' lang='lat' dir='ltr'><strong>idco</strong></span> 
     </span>
    </p>
   </div>
   <div class='ocr_carea' id='block_1_112' title="bbox 2319 4785 3852 4857">
    <p class='ocr_par' dir='ltr' id='par_1_112' title="bbox 2319 4785 3852 4857">
     <span class='ocr_line' id='line_1_113' title="bbox 2319 4785 3852 4857; baseline -0.002 -16"><span class='ocrx_word' id='word_1_890' title='bbox 2319 4789 2514 4857; x_wconf 55' lang='lat' dir='ltr'><strong>saevitis</strong></span> <span class='ocrx_word' id='word_1_891' title='bbox 2560 4788 2612 4840; x_wconf 92' lang='lat' dir='ltr'><strong>in</strong></span> <span class='ocrx_word' id='word_1_892' title='bbox 2658 4801 2893 4848; x_wconf 88' lang='lat' dir='ltr'><strong>carnem,</strong></span> <span class='ocrx_word' id='word_1_893' title='bbox 2935 4786 3056 4852; x_wconf 88' lang='lat' dir='ltr'><strong>quia</strong></span> <span class='ocrx_word' id='word_1_894' title='bbox 3104 4800 3204 4838; x_wconf 92' lang='lat' dir='ltr'><strong>non</strong></span> <span class='ocrx_word' id='word_1_895' title='bbox 3253 4785 3472 4852; x_wconf 86' lang='lat' dir='ltr'><strong>potestis</strong></span> <span class='ocrx_word' id='word_1_896' title='bbox 3509 4785 3564 4838; x_wconf 87' lang='lat' dir='ltr'><strong>in</strong></span> <span class='ocrx_word' id='word_1_897' title='bbox 3603 4793 3852 4839; x_wconf 80' lang='lat' dir='ltr'><strong>mentem.</strong></span> 
     </span>
    </p>
   </div>
   <div class='ocr_carea' id='block_1_113' title="bbox 2320 4873 3853 4942">
    <p class='ocr_par' dir='ltr' id='par_1_113' title="bbox 2320 4873 3853 4942">
     <span class='ocr_line' id='line_1_114' title="bbox 2320 4873 3853 4942; baseline -0.003 -9"><span class='ocrx_word' id='word_1_898' title='bbox 2320 4880 2418 4933; x_wconf 81' lang='lat' dir='ltr'><strong>Ille</strong></span> <span class='ocrx_word' id='word_1_899' title='bbox 2437 4878 2696 4932; x_wconf 83' lang='lat' dir='ltr'><strong>homicida</strong></span> <span class='ocrx_word' id='word_1_900' title='bbox 2719 4887 2827 4930; x_wconf 88' lang='lat' dir='ltr'><strong>erat</strong></span> <span class='ocrx_word' id='word_1_901' title='bbox 2855 4877 2916 4928; x_wconf 87' lang='lat' dir='ltr'><strong>ab</strong></span> <span class='ocrx_word' id='word_1_902' title='bbox 2942 4877 3120 4938; x_wconf 84' lang='lat' dir='ltr'><strong>initio;</strong></span> <span class='ocrx_word' id='word_1_903' title='bbox 3149 4877 3326 4942; x_wconf 88' lang='lat' dir='ltr'><strong>utique</strong></span> <span class='ocrx_word' id='word_1_904' title='bbox 3352 4876 3403 4927; x_wconf 92' lang='lat' dir='ltr'><strong>in</strong></span> <span class='ocrx_word' id='word_1_905' title='bbox 3426 4876 3598 4942; x_wconf 83' lang='lat' dir='ltr'><strong>primo</strong></span> <span class='ocrx_word' id='word_1_906' title='bbox 3622 4873 3853 4928; x_wconf 83' lang='lat' dir='ltr'><strong>homine.</strong></span> 
     </span>
    </p>
   </div>
   <div class='ocr_carea' id='block_1_114' title="bbox 2322 4963 3856 5030">
    <p class='ocr_par' dir='ltr' id='par_1_114' title="bbox 2322 4963 3856 5030">
     <span class='ocr_line' id='line_1_115' title="bbox 2322 4963 3856 5030; baseline -0.002 -9"><span class='ocrx_word' id='word_1_907' title='bbox 2322 4968 2400 5022; x_wconf 81' lang='lat' dir='ltr'><strong>Ex</strong></span> <span class='ocrx_word' id='word_1_908' title='bbox 2423 4969 2530 5028; x_wconf 88' lang='lat' dir='ltr'><strong>illo.</strong></span> <span class='ocrx_word' id='word_1_909' title='bbox 2554 4966 2640 5018; x_wconf 89' lang='lat' dir='ltr'><strong>ille</strong></span> <span class='ocrx_word' id='word_1_910' title='bbox 2661 4965 2944 5027; x_wconf 88' lang='lat' dir='ltr'><strong>homicida,</strong></span> <span class='ocrx_word' id='word_1_911' title='bbox 2972 4979 3034 5016; x_wconf 81' lang='lat' dir='ltr'><strong>ex</strong></span> <span class='ocrx_word' id='word_1_912' title='bbox 3055 4978 3158 5030; x_wconf 89' lang='lat' dir='ltr'><strong>quo</strong></span> <span class='ocrx_word' id='word_1_913' title='bbox 3185 4964 3354 5030; x_wconf 90' lang='lat' dir='ltr'><strong>potuit</strong></span> <span class='ocrx_word' id='word_1_914' title='bbox 3379 4963 3493 5017; x_wconf 89' lang='lat' dir='ltr'><strong>fieri</strong></span> <span class='ocrx_word' id='word_1_915' title='bbox 3515 4963 3856 5019; x_wconf 82' lang='lat' dir='ltr'><strong>homicidium</strong></span> 
     </span>
    </p>
   </div>
   <div class='ocr_carea' id='block_1_115' title="bbox 2323 5049 3856 5126">
    <p class='ocr_par' dir='ltr' id='par_1_115' title="bbox 2323 5049 3856 5126">
     <span class='ocr_line' id='line_1_116' title="bbox 2323 5049 3856 5126; baseline -0.004 -17"><span class='ocrx_word' id='word_1_916' title='bbox 2323 5057 2477 5126; x_wconf 66' lang='grc' dir='ltr'><strong>[Δίες.</strong></span> <span class='ocrx_word' id='word_1_917' title='bbox 2507 5056 2649 5107; x_wconf 87' lang='lat' dir='ltr'><strong>addit</strong></span> <span class='ocrx_word' id='word_1_918' title='bbox 2674 5068 2691 5103; x_wconf 90' lang='lat'><em>:</em></span> <span class='ocrx_word' id='word_1_919' title='bbox 2716 5069 2778 5107; x_wconf 83' lang='lat' dir='ltr'><strong>ex</strong></span> <span class='ocrx_word' id='word_1_920' title='bbox 2809 5053 2896 5106; x_wconf 86' lang='lat' dir='ltr'><strong>illo</strong></span> <span class='ocrx_word' id='word_1_921' title='bbox 2916 5052 3084 5119; x_wconf 91' lang='lat' dir='ltr'><strong>potuit</strong></span> <span class='ocrx_word' id='word_1_922' title='bbox 3112 5050 3226 5104; x_wconf 85' lang='lat' dir='ltr'><strong>fieri</strong></span> <span class='ocrx_word' id='word_1_923' title='bbox 3252 5049 3634 5121; x_wconf 80' lang='lat' dir='ltr'><strong>homicidium].</strong></span> <span class='ocrx_word' id='word_1_924' title='bbox 3663 5065 3727 5107; x_wconf 78' lang='lat' dir='ltr'><strong>ex</strong></span> <span class='ocrx_word' id='word_1_925' title='bbox 3754 5067 3856 5119; x_wconf 82' lang='lat' dir='ltr'><strong>quo</strong></span> 
     </span>
    </p>
   </div>
   <div class='ocr_carea' id='block_1_116' title="bbox 2324 5139 3855 5209">
    <p class='ocr_par' dir='ltr' id='par_1_116' title="bbox 2324 5139 3855 5209">
     <span class='ocr_line' id='line_1_117' title="bbox 2324 5139 3855 5209; baseline -0.001 -13"><span class='ocrx_word' id='word_1_926' title='bbox 2324 5145 2491 5198; x_wconf 89' lang='lat' dir='ltr'><strong>factus</strong></span> <span class='ocrx_word' id='word_1_927' title='bbox 2519 5151 2600 5196; x_wconf 89' lang='lat' dir='ltr'><strong>est</strong></span> <span class='ocrx_word' id='word_1_928' title='bbox 2629 5143 2807 5196; x_wconf 88' lang='lat' dir='ltr'><strong>homo.</strong></span> <span class='ocrx_word' id='word_1_929' title='bbox 2837 5139 2950 5193; x_wconf 85' lang='lat' dir='ltr'><strong>Non</strong></span> <span class='ocrx_word' id='word_1_930' title='bbox 2979 5141 3116 5193; x_wconf 87' lang='lat' dir='ltr'><strong>enim</strong></span> <span class='ocrx_word' id='word_1_931' title='bbox 3142 5150 3318 5209; x_wconf 88' lang='lat' dir='ltr'><strong>posset</strong></span> <span class='ocrx_word' id='word_1_932' title='bbox 3342 5141 3513 5196; x_wconf 87' lang='lat' dir='ltr'><strong>occidi</strong></span> <span class='ocrx_word' id='word_1_933' title='bbox 3550 5141 3727 5205; x_wconf 88' lang='lat' dir='ltr'><strong>homo,</strong></span> <span class='ocrx_word' id='word_1_934' title='bbox 3755 5142 3855 5195; x_wconf 89' lang='lat' dir='ltr'><strong>nisi</strong></span> 
     </span>
    </p>
   </div>
   <div class='ocr_carea' id='block_1_117' title="bbox 2323 5229 3858 5304">
    <p class='ocr_par' dir='ltr' id='par_1_117' title="bbox 2323 5229 3858 5304">
     <span class='ocr_line' id='line_1_118' title="bbox 2323 5229 3858 5304; baseline -0.003 -16"><span class='ocrx_word' id='word_1_935' title='bbox 2323 5239 2469 5304; x_wconf 86' lang='lat' dir='ltr'><strong>prius</strong></span> <span class='ocrx_word' id='word_1_936' title='bbox 2512 5234 2662 5287; x_wconf 83' lang='lat' dir='ltr'><strong>fieret</strong></span> <span class='ocrx_word' id='word_1_937' title='bbox 2706 5233 2883 5286; x_wconf 87' lang='lat' dir='ltr'><strong>homo.</strong></span> <span class='ocrx_word' id='word_1_938' title='bbox 2915 5229 3186 5283; x_wconf 81' lang='lat' dir='ltr'><strong>Homicida</strong></span> <span class='ocrx_word' id='word_1_939' title='bbox 3220 5248 3338 5299; x_wconf 86' lang='lat' dir='ltr'><strong>ergo</strong></span> <span class='ocrx_word' id='word_1_940' title='bbox 3361 5229 3448 5283; x_wconf 88' lang='lat' dir='ltr'><strong>ille</strong></span> <span class='ocrx_word' id='word_1_941' title='bbox 3473 5231 3537 5283; x_wconf 83' lang='lat' dir='ltr'><strong>ab</strong></span> <span class='ocrx_word' id='word_1_942' title='bbox 3573 5231 3743 5285; x_wconf 72' lang='lat' dir='ltr'><strong>initio.</strong></span> <span class='ocrx_word' id='word_1_943' title='bbox 3792 5232 3858 5284; x_wconf 82' lang='lat' dir='ltr'><strong>Et</strong></span> 
     </span>
    </p>
   </div>
   <div class='ocr_carea' id='block_1_118' title="bbox 2326 5317 3857 5388">
    <p class='ocr_par' dir='ltr' id='par_1_118' title="bbox 2326 5317 3857 5388">
     <span class='ocr_line' id='line_1_119' title="bbox 2326 5317 3857 5388; baseline -0.003 -13"><span class='ocrx_word' id='word_1_944' title='bbox 2326 5324 2459 5376; x_wconf 86' lang='lat' dir='ltr'><strong>unde</strong></span> <span class='ocrx_word' id='word_1_945' title='bbox 2480 5317 2771 5374; x_wconf 81' lang='lat' dir='ltr'><strong>homicida?</strong></span> <span class='ocrx_word' id='word_1_946' title='bbox 2804 5317 2869 5374; x_wconf 77' lang='lat' dir='ltr'><strong>Et</strong></span> <span class='ocrx_word' id='word_1_947' title='bbox 2898 5319 2952 5370; x_wconf 81' lang='lat' dir='ltr'><strong>in</strong></span> <span class='ocrx_word' id='word_1_948' title='bbox 2979 5321 3184 5371; x_wconf 82' lang='lat' dir='ltr'><strong>veritate</strong></span> <span class='ocrx_word' id='word_1_949' title='bbox 3212 5335 3312 5370; x_wconf 77' lang='lat' dir='ltr'><strong>non</strong></span> <span class='ocrx_word' id='word_1_950' title='bbox 3335 5320 3488 5380; x_wconf 87' lang='lat' dir='ltr'><strong>stetit,</strong></span> <span class='ocrx_word' id='word_1_951' title='bbox 3512 5319 3634 5388; x_wconf 89' lang='lat' dir='ltr'><strong>quia</strong></span> <span class='ocrx_word' id='word_1_952' title='bbox 3662 5318 3857 5372; x_wconf 85' lang='lat' dir='ltr'><strong>veritas</strong></span> 
     </span>
    </p>
   </div>
   <div class='ocr_carea' id='block_1_119' title="bbox 2327 5404 3857 5473">
    <p class='ocr_par' dir='ltr' id='par_1_119' title="bbox 2327 5404 3857 5473">
     <span class='ocr_line' id='line_1_120' title="bbox 2327 5404 3857 5473; baseline -0.004 -11"><span class='ocrx_word' id='word_1_953' title='bbox 2327 5427 2427 5462; x_wconf 82' lang='lat' dir='ltr'><strong>non</strong></span> <span class='ocrx_word' id='word_1_954' title='bbox 2456 5417 2537 5460; x_wconf 76' lang='lat' dir='ltr'><strong>est</strong></span> <span class='ocrx_word' id='word_1_955' title='bbox 2564 5409 2614 5459; x_wconf 90' lang='lat' dir='ltr'><strong>in</strong></span> <span class='ocrx_word' id='word_1_956' title='bbox 2643 5421 2725 5460; x_wconf 89' lang='lat' dir='ltr'><strong>eo.</strong></span> <span class='ocrx_word' id='word_1_957' title='bbox 2755 5405 2868 5458; x_wconf 83' lang='lat' dir='ltr'><strong>Non</strong></span> <span class='ocrx_word' id='word_1_958' title='bbox 2887 5406 3148 5473; x_wconf 86' lang='lat' dir='ltr'><strong>quomodo</strong></span> <span class='ocrx_word' id='word_1_959' title='bbox 3177 5407 3227 5457; x_wconf 92' lang='lat' dir='ltr'><strong>in</strong></span> <span class='ocrx_word' id='word_1_960' title='bbox 3258 5405 3488 5469; x_wconf 87' lang='lat' dir='ltr'><strong>Christo,</strong></span> <span class='ocrx_word' id='word_1_961' title='bbox 3518 5406 3594 5460; x_wconf 86' lang='lat' dir='ltr'><strong>sic</strong></span> <span class='ocrx_word' id='word_1_962' title='bbox 3614 5413 3697 5460; x_wconf 74' lang='lat' dir='ltr'><strong>est</strong></span> <span class='ocrx_word' id='word_1_963' title='bbox 3719 5404 3857 5457; x_wconf 82' lang='lat' dir='ltr'><strong>veri-</strong></span> 
     </span>
    </p>
   </div>
   <div class='ocr_carea' id='block_1_120' title="bbox 2329 5491 3854 5562">
    <p class='ocr_par' dir='ltr' id='par_1_120' title="bbox 2329 5491 3854 5562">
     <span class='ocr_line' id='line_1_121' title="bbox 2329 5491 3854 5562; baseline -0.003 -14"><span class='ocrx_word' id='word_1_964' title='bbox 2329 5509 2426 5557; x_wconf 74' lang='lat' dir='ltr'><strong>tas,</strong></span> <span class='ocrx_word' id='word_1_965' title='bbox 2444 5495 2748 5548; x_wconf 76' lang='lat' dir='ltr'><strong>ntClirislus</strong></span> <span class='ocrx_word' id='word_1_966' title='bbox 2767 5494 2874 5562; x_wconf 80' lang='lat' dir='ltr'><strong>ipse</strong></span> <span class='ocrx_word' id='word_1_967' title='bbox 2899 5494 2964 5547; x_wconf 87' lang='lat' dir='ltr'><strong>sit</strong></span> <span class='ocrx_word' id='word_1_968' title='bbox 2981 5494 3192 5545; x_wconf 72' lang='lat' dir='ltr'><strong>veritas.</strong></span> <span class='ocrx_word' id='word_1_969' title='bbox 3220 5493 3273 5543; x_wconf 80' lang='lat' dir='ltr'><strong>Si</strong></span> <span class='ocrx_word' id='word_1_970' title='bbox 3297 5506 3422 5562; x_wconf 84' lang='lat' dir='ltr'><strong>ergo</strong></span> <span class='ocrx_word' id='word_1_971' title='bbox 3440 5494 3540 5562; x_wconf 77' lang='lat' dir='ltr'><strong>istc</strong></span> <span class='ocrx_word' id='word_1_972' title='bbox 3563 5495 3614 5544; x_wconf 89' lang='lat' dir='ltr'><strong>in</strong></span> <span class='ocrx_word' id='word_1_973' title='bbox 3636 5491 3854 5544; x_wconf 77' lang='lat' dir='ltr'><strong>veritate</strong></span> 
     </span>
    </p>
   </div>
  </div>
