4266 6234
410 354 527 406 873‘

1199 348 1595 402 exussum.
1624 380 1689 388 --
1726 348 2069 401 COMMENT.
2112 348 2175 399 εκ
2213 347 2396 401 JOAN.
2433 377 2500 386 —
2535 347 2657 399 LIB.
2696 306 2807 397 tv.‘

3463 346 3563 397 ευ.

410 460 659 516 διειίεδθι,
690 459 739 507 in
760 455 969 508 Christo
998 456 1245 507 SlelISSt'I.
1274 456 1453 517 Sedin
1477 460 1683 510 veritate
1710 475 1807 509 non
1840 466 1936 507 ste-
1968 458 2007 511 Α
2040 457 2246 517 ritatis;
2303 458 2394 509 lilii
2443 456 2634 508 diaboli
2690 470 2789 506 non
2841 463 3044 506 natura.
3094 455 3183 505 sed
3245 455 3568 506 imitatione?

362 572 372 583 ·
411 552 493 610 tit,
514 550 634 615 quia
656 548 839 597 veritas
869 561 968 597 non
982 553 1053 595 est
1086 545 1138 596 in
1166 561 1243 597 eo.

480 636 639 691 Vens.
661 637 841 689 M.—-t
878 634 1005 687 Cum
1033 633 1257 700 loquitur
1276 633 1615 694 mendacium,
1638 650 1699 684 ex
1728 634 1943 701 propriis

412 724 657 794 loquitur,
678 726 797 795 quia
824 723 1043 776 mendax
1064 732 1133 773 est
1159 730 1205 772 et
1225 730 1369 787 pater
1390 724 1517 788 ejus.
1548 722 1680 785 Quid
1708 732 1791 775 est
1815 723 1944 775 hoc?

418 814 649 867 Audistis
694 814 853 866 verba
880 810 1169 877 Evangelii,
1214 809 1398 862 intenti
1444 810 1723 877 acrepistis
1765 826 1779 861 :
1821 825 1945 863 ecce

417 908 614 969 repeto,
646 909 703 953 ut
744 899 1040 968 agnoscatis
1081 898 1205 967 quid
1243 898 1484 965 exigatis.
1518 899 1591 950 De
1615 899 1822 952 diabolo
1847 899 1944 952 Do-

416 990 591 1042 minus
633 1004 694 1041 ea
738 988 963 1048 dicebat,
1006 1001 1122 1054 qua:
1165 986 1230 1038 de
1276 986 1480 1038 diabolo
1517 986 1618 1038 dici
1669 1001 1696 1036 a
1729 986 1948 1040 Domino

416 1083 719 1130 meruerunt
743 1075 918 1143 [Aug.,
950 1071 1284 1143 debuerunt].
1328 1073 1425 1126 Ille
1464 1075 1719 1127 homicida
1742 1086 1851 1127 erat
1884 1076 1946 1128 ab

414 1164 585 1215 initia.
618 1164 809 1217 Verum
840 1171 921 1216 est
948 1180 959 1213 :
992 1178 1111 1214 nam
1159 1162 1384 1229 primum
1417 1162 1677 1216 hominem
1724 1164 1943 1226 occidit;

416 1258 463 1300 et
497 1249 550 1300 in
577 1249 786 1301 veritate
813 1264 912 1300 non
950 1248 1107 1306 stetit,
1138 1247 1257 1313 quia
1286 1247 1349 1298 de
1377 1247 1600 1320 veritate
1646 1248 1824 1314 lapsus
1847 1258 1947 1302 est.

419 1334 547 1387 Cum
577 1336 803 1404 loquitur
831 1335 1169 1399 mendacium,
1212 1334 1393 1400 utique
1439 1334 1548 1400 ipse
1585 1334 1843 1392 diabolus.
1888 1338 1952 1389 de

417 1424 621 1490 praprio
664 1422 908 1491 loquitur,
959 1424 1079 1490 quia
1128 1420 1349 1473 mendax
1404 1432 1477 1474 est
1530 1432 1577 1473 et
1623 1433 1767 1487 pater
1818 1423 1947 1490 ejus.

426 1526 446 1558 ι
483 1509 730 1562 Diabolus
757 1517 933 1561 autem
966 1524 994 1560 a
1021 1508 1301 1575 semetipso
1331 1508 1552 1561 mendax
1577 1508 1696 1570 fuit,
1731 1520 1788 1562 et
1809 1526 1954 1561 men-

422 1594 630 1648 dacium
671 1610 822 1647 suum
865 1596 975 1661 ipse
1016 1595 1215 1663 genuit,
1261 1610 1288 1646 a
1330 1595 1538 1647 nemine
1576 1595 1773 1648 audivit
1810 1597 1954 1661 prius

420 1680 769 1733 mendacium.
793 1679 1060 1744 Quomodo
1075 1680 1211 1732 Deus
1230 1678 1386 1731 Pater
1414 1682 1592 1747 genuit
1612 1680 1797 1735 Filium
1820 1683 1953 1735 veri-

2042 545 2385 610 Retltliditque
2438 534 2562 612 ML,
2612 542 2913 609 rettulitque]
2962 557 3172 594 causam
3220 559 3315 595 cur
3358 543 3570 595 veritati

2042 645 2143 682 non
2158 630 2449 686 crederent,
2466 643 2585 682 cum
2606 629 2766 681 dicit:
2789 630 2967 685 (Vens.
2994 629 3103 694 i7.)
3133 647 3149 676 ‹
3174 628 3339 681 l'ldeo
3362 646 3443 681 ros
3469 647 3573 681 mm

2042 717 2251 775 auditis,
2270 718 2391 783 quia
2419 731 2481 767 ex
2502 714 2605 766 Deo
2631 731 2728 765 non
2756 716 2897 766 estis.
2947 714 3138 767 lterum
3170 715 3271 768 noli
3300 716 3571 768 attendere

2042 811 2299 860 naturam,
2332 803 2424 854 sed
2441 803 2643 854 vitium.
2662 801 2747 853 Sic
2764 809 2885 853 sunt
2906 802 2987 853 isti
3016 816 3079 852 cx
3099 802 3223 862 Deo,
3244 811 3295 854 et
3318 817 3419 854 non
3449 810 3573 853 sunt

2043 905 2105 941 ev
2138 890 2267 951 Deo,
2299 897 2485 943 natura
2529 906 2590 943 ex
2635 891 2758 951 Deo,
2784 891 2910 942 vitio
2958 907 3057 942 non
3094 904 3159 941 ex
3202 891 3326 943 Deo.
3377 889 3573 942 Natura

2045 992 2169 1032 vero
2194 980 2326 1032 bona
2363 994 2477 1046 quas
2508 994 2568 1030 ex
2598 979 2704 1032 Deo
2731 988 2828 1039 est,
2868 981 3104 1047 peccavit
3140 981 3426 1042 voluntate,
3462 993 3578 1033 cre-

2045 1069 2214 1121 dendo
2228 1067 2367 1135 quod
2389 1067 2625 1120 diabolus
2638 1070 2918 1134 persuasit,
2935 1078 2986 1119 et
3001 1070 3180 1121 vitiata
3198 1078 3305 1123 est:
3324 1071 3440 1121 ideo
3466 1084 3579 1124 mc-

2047 1153 2219 1206 dicmn
2239 1164 2459 1220 quaerat,
2486 1154 2607 1220 quia
2631 1166 2759 1207 sana
2786 1169 2886 1207 non
2908 1162 3009 1207 est.
3040 1156 3369 1222 Agnoscatur
3393 1166 3579 1208 natura

2049 1245 2184 1295 unde
2213 1242 2433 1296 Creator
2478 1244 2745 1306 laudetur;
2796 1252 3110 1310 agnoscatur
3156 1245 3339 1296 vitium
3370 1252 3581 1310 propter

2047 1332 2186 1399 quod
2212 1331 2447 1383 medicus
2473 1331 2770 1384 advocetur.
2796 1331 3051 1383 Terribile
3074 1341 3154 1383 est
3176 1332 3313 1399 quod
3335 1333 3511 1384 subdit
3532 1351 3540 1380 :
3558 1352 3575 1381 ι

2057 1435 2074 1465 t
2105 1428 2125 1453 ε’
2150 1420 2249 1480 ιιιιὲ
2292 1427 2363 1467 est
2407 1432 2469 1469 ex
2494 1416 2615 1476 Deo,
2656 1418 2802 1469 verba
2848 1417 2941 1471 Dei
2982 1420 3124 1470 audit
3156 1433 3176 1469 :
3197 1430 3458 1487 propterea
3499 1437 3583 1470 ros

2050 1521 2153 1557 non
2172 1506 2383 1565 auditis,
2408 1505 2526 1571 quia
2547 1521 2608 1555 ex
2630 1504 2734 1557 Deo
2756 1521 2856 1558 non
2875 1507 3010 1557 esti-
3041 1505 3095 1559 Si
3123 1507 3264 1559 enim
3289 1508 3400 1573 ipse
3426 1508 3581 1560 verba

2053 1592 2141 1644 Dei
2172 1592 2319 1644 audit
2356 1592 2443 1658 qui
2486 1607 2546 1643 ex
2576 1591 2681 1643 Deo
2710 1601 2811 1655 est,
2840 1601 2895 1644 ct
2927 1594 3111 1645 audire
3145 1594 3300 1645 verba
3328 1594 3441 1660 ejus
3478 1610 3579 1645 non

2052 1686 2222 1741 potest
2257 1679 2496 1744 quisquis
2532 1694 2593 1747 ex
2638 1679 2724 1732 illo
2759 1693 2861 1732 non
2897 1689 2997 1740 est,
3024 1680 3305 1748 interroget
3345 1695 3400 1733 se
3428 1696 3585 1732 unus-

420 1772 607 1827 tatem;
638 1767 716 1819 sic
734 1765 973 1819 diabolus
997 1767 1175 1835 genuit
1201 1767 1347 1833 quasi
1373 1766 1533 1818 lilium
1560 1770 1907 1822 mendacium.
1932 1791 1949 1822 ι
1988 1760 2031 1817 Β
2056 1765 2276 1831 quisque
2308 1766 2348 1815 si
2376 1764 2532 1817 verba
2560 1765 2649 1817 Dei
2690 1766 2740 1816 in
2779 1780 2907 1818 aure
2941 1766 3115 1817 cordis
3142 1767 3380 1833 percipit,
3415 1776 3468 1818 et
3503 1768 3582 1818 in-

422 1852 744 1906 Mendacium
792 1855 1007 1923 genuit,
1072 1855 1193 1922 quia
1260 1855 1311 1906 in
1359 1855 1578 1907 veritate
1635 1871 1737 1908 non
1789 1858 1951 1911 stetit.

421 1939 606 1992 Omnis
650 1940 788 1993 enim
833 1940 922 2008 qui
968 1940 1149 1993 inDco
1187 1951 1382 2001 manet,
1412 1940 1463 1992 in
1491 1942 1711 1995 veritate
1757 1953 1952 2007 manet,

424 2028 547 2095 quia
574 2028 711 2081 Deus
740 2029 931 2081 veritas
957 2036 1054 2081 est.
1087 2027 1142 2080 Si
1167 2029 1285 2094 quis
1313 2043 1439 2080 vero
1468 2044 1496 2079 a
1528 2029 1632 2082 Deo
1661 2034 1951 2093 recesserit,

426 2117 650 2170 mendax
694 2117 826 2178 erit,
874 2116 1080 2169 dicente
1124 2114 1569 2183 Psalmograpbo:
1601 2115 1777 2168 Omnis
1806 2120 1955 2171 Itonia

422 2207 644 2260 mendax
681 2204 849 2276 (Psal.
877 2205 1017 2273 cxv).
1048 2204 1103 2257 In
1130 2196 1381 2271 quantum
1422 2220 1546 2258 vero
1587 2204 1744 2257 homo
1792 2222 1818 2258 a
1850 2207 1955 2260 Deo

426 2296 642 2358 recedit,
673 2296 723 2348 in
754 2303 955 2348 tantum
998 2294 1219 2347 mendax
1267 2294 1387 2355 erit,
1417 2294 1538 2345 dum
1580 2308 1636 2346 se
1681 2308 1709 2345 a
1736 2295 1959 2348 veritate

426 2382 786 2443 declinaverit,
817 2388 871 2434 et
916 2382 1037 2435 inde
1062 2388 1307 2449 peccator
1332 2380 1436 2433 erit
1462 2398 1474 2430 :
1501 2382 1622 2447 quia
1648 2396 1805 2434 omne
1831 2397 1955 2449 pec-

428 2477 602 2522 catum
631 2483 733 2521 non
771 2476 853 2521 est
883 2469 1100 2529 veritas,
1142 2469 1232 2521 sed
1269 2466 1617 2531 mendacium,
1647 2470 1769 2535 quia
1812 2485 1958 2524 rece-

429 2538 598 2609 dendo
637 2572 666 2608 a
698 2555 803 2608 Deo
851 2571 954 2611 non
994 2556 1152 2610 habet
1197 2558 1492 2610 veritatem.
1540 2557 1788 2611 Diabolus
1832 2574 1958 2611 vero

431 2643 598 2694 houus
631 2651 843 2695 creatus
882 2650 984 2704 est,
1027 2642 1119 2695 sed
1162 2656 1258 2709 per
1290 2644 1529 2709 'seipsum
1577 2642 1746 2697 malus
1788 2642 1959 2699 lactus

430 2733 529 2789 est,
557 2727 865 2781 declinando
907 2743 965 2781 se
1000 2744 1027 2779 a
1055 2743 1258 2781 summo
1295 2728 1450 2782 bono.
1494 2730 1615 2782 Ideo
1641 2745 1703 2783 ex
1733 2732 1960 2800 propriis

432 2814 637 2869 locutus
657 2804 738 2868 est
769 2816 1116 2877 mendacium,
1139 2817 1260 2883 quia
1306 2817 1356 2867 in
1386 2817 1559 2885 seipso
1587 2817 1781 2869 invenit
1822 2818 1959 2871 unde

430 2910 574 2955 esset
616 2903 858 2954 mendax.
908 2902 1074 2956 Ilonio
1119 2918 1245 2956 vero
1272 2903 1522 2970 deceptus
1563 2918 1591 2956 a
1623 2902 1851 2967 diabolo,
1882 2902 1960 2955 fa—

434 2996 551 3040 ctus
575 2997 659 3041 est
696 3004 727 3041 a
769 2989 975 3042 diabolo
1016 2991 1285 3055 mendax“
1308 2990 1531 3058 Ideoque
1566 2989 1703 3043 [ilius
1740 2990 1956 3053 diaboli,

2055 1850 2236 1917 telligit
2267 1851 2402 1902 unde
2428 1851 2513 1902 sit.
2544 1850 2820 1903 (lmlestem
2858 1852 3083 1918 patriam
3114 1852 3414 1905 desiderare
3440 1853 3585 1904 Veri-

2055 1946 2135 1989 tas
2176 1937 2344 2002 jubet,
2390 1938 2567 1989 carnis
2605 1937 2862 2009 desideria
2906 1938 3133 2000 conteri,
3158 1938 3337 1991 mundi
3369 1938 3582 2005 gloriam

2053 2023 2337 2087 declinare,
2364 2024 2530 2075 alii-na
2560 2038 2660 2075 non
2692 2038 2890 2091 rapere,
2925 2026 3134 2093 propria
3165 2025 3364 2092 largiri.
3398 2027 3587 2079 Ponsvt

2053 2126 2179 2181 ergo
2206 2112 2341 2178 apud
2369 2126 2425 2165 se
2451 2113 2807 2178 unusquisque
2827 2121 3058 2167 vestrum
3088 2113 3130 2164 si
3158 2114 3267 2165 lia-c
3292 2127 3386 2164 \ox
3413 2113 3501 2164 Dei
3533 2116 3582 2165 iu

2053 2202 2229 2255 cordis
2252 2202 2366 2269 ejus
2388 2216 2515 2254 aure
2536 2202 2833 2262 convaluit,
2865 2211 2916 2253 et
2942 2203 3063 2268 quia
3089 2201 3245 2271 [jam]
3274 2218 3337 2253 ex
3366 2203 3469 2255 Deo
3496 2204 3586 2263 sit,

2056 2294 2309 2361 agnoscit.
2362 2294 2615 2346 Dixerunt
2660 2309 2785 2359 ergo
2811 2292 2971 2345 Jml.t-i
3003 2312 3014 2344 :
3047 2294 3227 2359 (Vens.
3256 2294 3365 2359 48.)
3408 2292 3587 2345 Nomm

2055 2379 2176 2431 bene
2207 2380 2421 2432 dicimus
2456 2397 2566 2442 nos,
2602 2382 2721 2448 quia
2752 2382 3113 2432 Smnaritmtus
3140 2399 3191 2433 es
3220 2391 3292 2443 tu,
3324 2393 3368 2434 ct
3395 2383 3585 2435 dtL’Nllt-

2057 2466 2197 2517 nium
2220 2466 2415 2519 habes?
2452 2466 2673 2533 Acer-pta
2713 2476 2885 2519 autem
2928 2477 3069 2521 tzinta
3097 2471 3429 2533 contumelia,
3462 2473 3548 2538 qui
3574 2474 3587 2522 ι

2055 2548 2309 2604 Dominus
2360 2553 2689 2619 respondeat,
2736 2555 3012 2608 audiamus
3053 2571 3067 2607 :
3115 2556 3295 2623 (Vens.
3328 2558 3438 2625 49.)
3474 2558 3582 2625 ligo

2055 2639 2377 2691 daemonium-
2395 2656 2493 2691 non
2521 2641 2700 2701 habeo,
2732 2642 2818 2693 sed
2857 2643 3139 2709 honoriﬁco
3163 2643 3369 2698 Patrem
3398 2663 3586 2708 meum,

2054 2736 2104 2778 et
2130 2743 2215 2779 vos
2236 2728 2553 2780 inhonoratis
2577 2745 2673 2780 me.
2705 2728 2836 2793 Quia
2865 2731 3004 2783 enim
3033 2730 3406 2786 Samaritanus
3430 2735 3589 2786 inter-

2056 2820 2294 2880 pretatur
2320 2821 2516 2875 custos,
2547 2822 2600 2866 et
2628 2815 2737 2881 ipse
2766 2819 3024 2869 veraciter
3051 2828 3229 2872 custos
3253 2829 3351 2881 est,
3387 2822 3453 2873 de
3480 2837 3586 2888 quo

2056 2899 2330 2954 Psalmista
2356 2901 2467 2954 ait:
2498 2900 2615 2953 Nisi
2644 2902 2891 2955 Dominus
2920 2907 3211 2957 custodierit
3240 2907 3511 2969 civitatem,
3538 2910 3592 2959 in

2059 3004 2244 3040 vanum
2271 2987 2500 3054 uigilant,
2526 2989 2612 3057 qui
2635 2989 2922 3041 custodiunt
2942 3006 3055 3042 eam
3078 2991 3295 3058 (Ps-alni.
3317 3007 3491 3054 cxxvt,
3517 2995 3589 3058 1).

434 3089 537 3127 non
559 3084 763 3139 natura,
789 3077 878 3130 sed
902 3076 1210 3129 imitatione.
1240 3075 1564 3131 Recedamus
1585 3091 1710 3146 ergo
1750 3092 1783 3130 α
1808 3086 1959 3145 patre
1987 3064 2030 3124 C
2061 3073 2129 3127 Et
2147 3074 2230 3127 cui
2257 3088 2351 3142 per
2376 3074 2563 3126 Isaiam
2589 3090 2600 3124 :
2625 3071 2805 3127 Custos
2833 3076 2954 3143 quid
2982 3076 3045 3127 de
3072 3078 3254 3129 nocte?
3279 3088 3445 3131 custos
3470 3080 3591 3148 quid

439 3157 595 3234 555
633 3166 925 3228 mendacii,
975 3180 1249 3218 curramus
1292 3156 1381 3218 ad
1432 3166 1640 3219 Patrem
1695 3166 1957 3221 veritatis.

434 3250 825 3319 Amplectamur
864 3248 1137 3307 veritatem
1166 3262 1226 3308 ut
1252 3255 1570 3322 accipiamus
1599 3270 1775 3309 veram
1805 3256 1961 3311 liber-

437 3347 618 3392 tatem.
651 3357 671 3389 ε
699 3338 864 3393 1ηάπί
894 3342 1028 3408 apud
1055 3349 1258 3407 patrem
1279 3356 1431 3394 suum
1456 3341 1694 3395 viderant
1720 3344 1859 3410 quod
1887 3345 1961 3397 lo-

437 3426 733 3492 quebantur
755 3444 768 3477 :
792 3426 936 3495 quid,
966 3428 1063 3479 nisi
1087 3418 1450 3481 mendacium?
1494 3430 1745 3483 Dominus
1781 3439 1959 3484 autem

436 3512 576 3580 apud
613 3520 817 3581 patrem
862 3504 1023 3568 suum.
1055 3517 1184 3569 vidit
1224 3518 1361 3583 quod
1409 3518 1709 3584 loqueretur
1757 3536 1767 3568 :
1814 3520 1958 3585 quid,

437 3598 541 3653 nisi
585 3600 847 3668 seipsum?
891 3602 1036 3667 quid,
1089 3600 1188 3654 nisi
1238 3604 1453 3655 verbum
1498 3605 1671 3657 Patris
1706 3614 1960 3657 eternum

438 3696 493 3740 et
509 3686 655 3742 Patri
692 3688 1045 3741 eomternum?
1075 3707 1092 3738 ι
1145 3687 1267 3741 Ideo
1304 3690 1574 3756 subjunxit
1603 3706 1615 3739 :
1641 3690 1821 3759 (Vens.
1849 3692 1960 3759 45.)

440 3773 553 3843 Ego
578 3776 831 3828 ueritatem
853 3776 966 3827 dico
1006 3776 1159 3837 vobis,
1190 3783 1238 3828 et
1268 3792 1369 3828 non
1405 3776 1607 3829 creditis
1636 3779 1783 3831 mihi.
1830 3776 1960 3829 Nam

441 3859 665 3912 mendax
708 3860 1034 3913 mendacium
1066 3859 1311 3927 loquitur,
1339 3861 1429 3914 sed
1454 3863 1647 3915 veritas
1685 3864 1960 3916 veritatem

442 3944 660 4016 profert.
699 3947 942 4000 Diabolus
976 3948 1216 4009 mendax,
1242 3946 1482 4000 Christus
1519 3964 1643 4002 vero
1678 3953 1876 4004 veritas
1911 3962 1965 4003 et

439 4034 676 4088 veritatis
714 4041 945 4087 assertor
973 4050 985 4084 :
1018 4034 1137 4101 quia
1167 4048 1233 4086 ex
1272 4034 1510 4088 veritatis
1542 4050 1635 4087 ore
1663 4037 1789 4087 nihil
1824 4039 1962 4091 aliud

439 4122 635 4188 poterit
657 4121 956 4191 procedere,
980 4121 1079 4173 nisi
1104 4121 1312 4173 veritas.
1338 4121 1584 4190 Sequitur
1608 4138 1757 4190 ergo:

968 4226 1185 4281 CAPUT
1242 4228 1420 4281 XXIII.

445 4312 547 4378 Qui
571 4328 846 4366 sermonem
878 4331 1025 4367 suum
1057 4319 1352 4379 servaverit,
1380 4334 1493 4370 eum
1520 4328 1727 4372 mortem
1760 4337 1857 4373 non
1894 4322 1965 4373 ei-

508 4362 765 4455 iuiitnij'ii
774 4362 1027 4455 suam
1050 4362 1221 4455 dicit:
1231 4362 1963 4455 cf5.};;'_g;.7.;;;"‘,.iz;;..;.;,
1993 4362 2043 4419 Ι)

511 4458 629 4500 ante
649 4446 902 4499 Abraham
928 4462 981 4498 se
1004 4462 1111 4499 esse
1136 4449 1391 4516 animum
1417 4453 1567 4504 exivit
1604 4454 1667 4504 de
1689 4446 1895 4523 templo.

514 4536 671 4587 γω.
708 4535 793 4587 46.
814 4565 883 4573 -
905 4534 1030 4599 Quis
1065 4551 1128 4587 ea:
1163 4536 1298 4588 vobis
1324 4547 1502 4604 arguet
1540 4554 1618 4590 me
1654 4541 1718 4592 de
1743 4553 1965 4608 peccato,

444 4622 581 4673 sicut
615 4634 713 4687 ego
735 4636 900 4689 arguo
931 4637 1042 4682 vos,
1068 4625 1399 4689 vestrumque
1430 4632 1633 4691 patrem
1660 4627 1725 4680 de
1752 4639 1968 4695 peccato

444 4715 499 4759 et
527 4704 830 4757 mendacio?
870 4704 1005 4761 Ecce
1038 4707 1204 4776 qualis
1245 4710 1327 4761 est
1367 4713 1709 4765 mansuetudo
1748 4712 1963 4767 Christi.

450 4811 471 4841 ι
501 4804 526 4833 ι
552 4790 812 4847 Relaxare
848 4803 1065 4858 precata
1102 4804 1330 4855 venerat,
1371 4806 1427 4849 et
1467 4798 1675 4851 dicebat
1705 4817 1719 4851 :
1752 4800 1967 4865 Quis'ea:

445 4886 583 4939 nobis
605 4894 783 4955 arguet
814 4902 893 4939 me
920 4886 983 4937 de
1004 4898 1206 4953 peccato
1226 4890 1252 4939 γ
1292 4890 1404 4943 Non
1441 4891 1750 4959 dedignatur
1786 4908 1850 4946 ex
1884 4909 1967 4947 ra-

450 4978 592 5030 tione
614 4976 891 5031 ostendere
918 4991 975 5029 se
996 4983 1325 5043 peccatorem
1362 4994 1465 5032 non
1496 4995 1628 5041 esse,
1655 4980 1741 5047 qui
1769 4997 1831 5033 ex
1862 4983 1968 5033 viro

448 5072 563 5119 tute
601 5066 889 5119 divinitatis
910 5074 1117 5133 poterat
1141 5074 1444 5133 peccatores
1470 5067 1777 5133 iustiﬁcam.
1812 5087 1830 5117 ι
1883 5067 1965 5120 ln-

449 5161 683 5222 terrogat
711 5167 802 5207 eos
836 5170 999 5222 quare
1024 5157 1298 5211 veritatem
1322 5171 1427 5209 non
1458 5156 1617 5211 velint
1648 5160 1864 5214 credere
1890 5160 1969 5212 di-

448 5248 652 5295 centem
682 5260 695 5291 ε
727 5239 786 5293 Si
827 5242 1084 5293 veritatem
1126 5243 1323 5296 locutus
1360 5258 1474 5295 sum
1502 5244 1662 5309 vobis,
1688 5262 1845 5314 quare
1872 5263 1971 5298 non

449 5324 653 5380 creditis
682 5326 825 5387 mihi,
872 5326 971 5379 nisi
999 5330 1121 5393 quia
1145 5329 1236 5383 ﬁlii
1268 5329 1460 5383 diaboli
1491 5330 1637 5392 estis,
1670 5342 1725 5384 et
1757 5349 1859 5386 non
1886 5347 1973 5385 vc-

522 5462 545 5522 _'
584 5448 660 5522 [Ix
696 5451 753 5522 ξ.
777 5452 933 5522 Greg.
964 5452 1104 5506 hom.
1130 5455 1218 5521 18,
1244 5472 1385 5516 nam.
1418 5460 1463 5521 l.

525 5517 551 5553 ι’
587 5517 661 5569 Es
698 5517 753 5569 S.
782 5517 934 5587 Aug}
966 5528 1119 5572 tract.
1148 5517 1276 5583 uin,
1303 5517 1444 5575 num.
1477 5524 1561 5588 15,
1592 5526 1670 5577 16.

840 5608 1076 5666 Parnm.
1133 5610 1199 5667 (ἶ.

2059 3161 2123 3214 de
2165 3171 2309 3214 nocte
2341 3160 2492 3230 (Isai.
2526 3178 2636 3226 ιιι,
2665 3162 2787 3232 II)?
2835 3164 3170 3233 Respon.!ere
3210 3168 3377 3220 noluit
3416 3168 3590 3222 Domi-

2060 3265 2176 3313 nus,
2209 3249 2571 3305 Samaritanus
2602 3267 2707 3306 nou
2734 3267 2884 3317 sum;
2928 3254 3017 3315 sed
3039 3271 3131 3323 ego
3157 3257 3465 3310 dmonium
3489 3275 3591 3311 non

2060 3339 2239 3393 habeo.
2271 3339 2384 3393 Duo
2408 3339 2599 3408 quippe
2634 3341 2683 3392 ei
2729 3340 2871 3393 illata
2905 3340 3133 3406 fuerant,
3166 3358 3326 3397 unum
3361 3348 3591 3414 negavit,

2060 3435 2116 3479 et
2148 3427 2288 3479 aliud
2323 3427 2543 3480 tacendo
2577 3428 2861 3480 consensit.
2908 3428 3098 3483 Custos
3124 3446 3350 3499 namque
3379 3434 3595 3487 humani

2062 3512 2268 3580 generis
2312 3520 2563 3575 venerat;
2608 3522 2664 3565 et
2708 3514 2751 3565 si
2793 3512 3183 3569 Samaritanum
3227 3531 3286 3569 se
3330 3534 3432 3571 non
3479 3534 3597 3591 esse

2064 3601 2279 3663 diceret,
2306 3616 2420 3654 esse
2445 3616 2502 3655 se
2527 3602 2796 3656 custodem
2841 3611 3076 3673 negaret.
3117 3604 3219 3658 Sed
3256 3609 3418 3659 tacuit
3453 3609 3591 3675 quod

2066 3692 2387 3757 recognovit,
2410 3698 2465 3743 et
2490 3692 2753 3757 patienter
2793 3694 2983 3760 repulit
3006 3694 3145 3761 quod
3171 3694 3365 3747 dictum
3399 3695 3595 3749 fallaci-

2065 3784 2145 3826 ter
2170 3776 2391 3839 audivit,
2420 3777 2600 3831 dicens
2631 3796 2642 3829 :
2676 3778 2786 3842 qu
2824 3780 3130 3833 damonium
3160 3798 3261 3834 non
3286 3782 3465 3836 habeo.
3501 3785 3593 3839 llic

2068 3876 2191 3913 vero
2219 3863 2269 3915 in
2298 3865 2579 3930 semetipso
2615 3864 2765 3918 nobis
2799 3864 3049 3921 Dominus
3085 3869 3349 3936 patienﬁa:
3377 3872 3599 3938 prmbuit

2065 3947 2388 4015 exemplum;
2420 3952 2541 4017 quia
2567 3952 2609 4003 si
2640 3953 2953 4019 respondere
2978 3955 3227 4009 voluisset
3252 3956 3467 4022 Judmis,
3491 3961 3597 4013 Vos

2067 4036 2377 4088 daemonium
2402 4037 2829 4105 habetisgverum
2854 4042 3032 4108 utique
3060 4044 3279 4097 dixisset
3304 4064 3318 4097 :
3342 4050 3461 4115 quia
3493 4051 3592 4102 nisi

2068 4122 2265 4188 impleti
2286 4123 2561 4188 daemonio,
2587 4134 2693 4178 tam
2715 4142 2957 4194 perverse
2978 4129 3174 4198 [(ireg.,
3195 4141 3299 4186 tam
3322 4139 3590 4207 perversa!

2068 4206 2132 4258 de
2153 4207 2261 4260 Deo
2286 4209 2424 4275 loqui
2448 4226 2549 4264 non
2573 4222 2803 4280 possent.
2834 4214 2936 4268 Sed
2964 4228 3177 4285 accepta
3202 4221 3410 4288 injuria,
3437 4228 3594 4277 etiam

2069 4292 2209 4358 quod
2250 4308 2432 4346 verum
2459 4305 2575 4347 erat
2615 4298 2791 4349 dicere
2812 4299 3015 4354 Veritas
3045 4304 3228 4367 noluit,
3266 4322 3341 4366 ne
3380 4325 3483 4363 non
3521 4313 3599 4365 di-

2072 4378 2211 4431 xisse
2236 4379 2527 4442 veritatem,
2558 4382 2647 4435 sed
2673 4396 2986 4451 provocatus
3018 4392 3386 4447 contumeliam
3430 4399 3597 4450 reddi-

1991 4499 1993 4501 ι
2071 4466 2211 4519 disse
2236 4468 2518 4522 videretur.
2561 4472 2633 4523 Ex
2654 4487 2755 4539 qua
2786 4490 2863 4537 re,
2883 4477 3007 4542 quid
3034 4479 3179 4532 vobis
3206 4481 3458 4549 innuitur,
3503 4490 3600 4542 nisi

2072 4564 2130 4606 ut
2153 4570 2216 4607 eo
2244 4564 2499 4622 tempore,
2539 4575 2645 4627 quo
2682 4577 2712 4614 a
2750 4566 3007 4629 proximis
3044 4582 3106 4619 ex
3145 4568 3373 4623 falsitate
3410 4584 3596 4627 contu-

2071 4642 2254 4695 melias
2276 4644 2582 4712 accipimus,
2612 4663 2793 4702 eorum
2816 4652 2975 4704 etiam
3002 4668 3122 4705 vera
3146 4656 3280 4708 mala
3310 4654 3597 4720 taceamus.

2072 4744 2137 4782 ne
2164 4730 2510 4785 ministerium
2534 4735 2687 4801 iustae
2708 4739 3055 4804 'correptionis
3082 4741 3134 4793 in
3163 4757 3309 4795 arma
3334 4754 3602 4799 vertamus

2071 4815 2296 4869 furoris?
2321 4816 2423 4871 Sed
2447 4820 2571 4887 quid
2600 4822 2750 4875 nobis
2776 4824 2841 4876 ad
2868 4824 2965 4877 ista
2993 4824 3288 4880 faciendum
3316 4832 3404 4893 sit,
3431 4833 3602 4885 adhuc

2068 4904 2308 4971 exemplo
2341 4922 2439 4960 nos
2484 4909 2747 4969 admonet.
2777 4926 2896 4964 cum
2943 4914 3211 4983 sultjungit
3242 4932 3253 4965 :
3282 4916 3461 4984 (Vsus.
3488 4920 3600 4986 so.)

2070 4988 2180 5057 Ego
2206 5007 2307 5044 non
2324 5009 2506 5061 quer
2533 4994 2749 5063 gloriam
2784 5013 2965 5060 meam,
2995 5010 3067 5052 est
3093 5003 3180 5068 qui
3404 5016 3602 5072 qutrrat

2068 5085 2116 5162 e_t
2144 5077 2359 5143 iudicet.
2410 5079 2618 5135 Scimus
2665 5089 2811 5136 certe
2859 5087 2995 5152 quod
3042 5087 3293 5155 scriptum
3334 5098 3434 5153 est,
3478 5094 3603 5162 quia

2071 5157 2230 5213 Pater
2270 5181 2414 5217 omne
2449 5166 2705 5232 judicium
2746 5167 2882 5220 dedit
2923 5168 3064 5223 Filio
3098 5172 3275 5243 (lacn.
3302 5190 3356 5240 ν.
3383 5157 3515 5247 22)ξ
3545 5184 3605 5233 et

2071 5255 2244 5303 tamen
2280 5267 2404 5305 ecce
2436 5253 2572 5304 idem
2610 5250 2773 5308 Filius
2799 5256 3018 5322 injurias
3060 5262 3340 5331 accipiens,
3379 5263 3598 5331 gloriam

2069 5348 2218 5388 suam
2258 5353 2360 5391 non
2386 5339 2593 5404 quarit.
2622 5337 2814 5395 Illatas
2838 5346 3182 5401 contiunelias
3207 5346 3379 5399 Patris
3402 5346 3601 5417 iudica)

2144 5474 2165 5500 ε
2206 5464 2281 5516 Ex
2319 5464 2376 5516 S.
2401 5465 2557 5532 Greg.
2596 5466 2697 5520 loc.
2726 5470 2815 5520 cit.
2844 5484 2989 5520 num.
3021 5472 3071 5522 Ξ.

3111 5632 3183 5686 23
