4152 6190
700 336 800 386 875

1522 336 1578 388 Β.
1620 336 1680 389 F.
1724 336 1940 391 ALBINI
1976 337 2101 388 ἓῌῖ
2142 336 2409 391 ALCUlNI
2455 338 2729 394 OPERUM
2770 338 2943 393 PARS
2980 337 3037 389 ll.

3770 339 3879 390 876

696 456 950 508 reservat,
1003 455 1056 498 ut
1096 446 1247 499 nobis
1285 426 1521 514 profecto
1571 445 1795 496 insinuet
1832 452 2085 509 quantum
2132 448 2298 499 nos‘A
2332 442 2387 495 Si
2418 444 2621 511 dixero,
2664 461 2763 496 non
2798 446 2912 496 novi
2947 460 3082 505 eum,
3116 460 3201 494 ero
3240 444 3419 496 similis
3462 446 3597 496 vobis
3631 446 3873 497 mendas.

693 550 811 591 esse
837 536 1097 603 patientes
1133 532 1401 595 debemus,
1439 533 1560 584 dum
1608 532 1779 583 adhuc
1804 544 1876 582 se
1914 528 2092 582 ulcisci
2127 542 2229 580 non

694 624 804 675 vult
827 632 881 676 et
909 622 1022 690 ipse
1046 621 1136 690 qui
1170 621 1389 689 iudicat.
1418 618 1548 672 Cum
1579 633 1703 670 vero
1730 616 1987 669 malorum
2014 628 2230 682 perver-

692 710 822 763 sitas
846 708 1056 771 crescit,
1080 720 1183 760 non
1206 706 1374 760 solum
1399 705 1568 773 frangi
1590 703 1896 772 praedicatio
1919 716 2024 754 non
2050 701 2224 763 debet,

692 803 782 853 sed
820 800 979 854 etiam
1020 797 1220 866 augeri.
1266 794 1415 861 Quod
1455 808 1550 847 suo
1574 792 1827 846 Dominus
1862 788 2103 858 exemplo
2132 803 2227 841 nos

689 890 955 947 admonet,
985 885 1071 953 qui
1120 891 1396 952 postquam
1439 881 1634 933 habere
1688 878 2006 932 daemonium
2053 876 2227 929 dictus

687 984 789 1036 est,
837 970 1223 1041 prtedicationis
1266 982 1377 1021 suae
1419 965 1671 1020 beneﬁcia
1726 963 1923 1032 largius
1972 961 2228 1029 impendit

688 1062 866 1113 dicens
896 1077 909 1110 :
949 1058 1128 1126 (Vens.
1150 1054 1263 1123 5i.)
1308 1054 1487 1116 Amen,
1510 1067 1659 1104 amen
1682 1051 1796 1102 dico
1837 1048 1974 1101 vobis
1997 1061 2015 1097 :
2043 1049 2088 1099 si
2112 1048 2226 1117 quis

684 1161 965 1200 sermonem
1005 1160 1173 1196 meum
1214 1142 1504 1203 servaverit,
1546 1149 1760 1192 mortem
1802 1153 1903 1189 non
1948 1134 2127 1188 videbit
2172 1135 2224 1186 in

686 1249 947 1289 mentum.
994 1234 1095 1288 Sed
1133 1234 1269 1286 sicut
1304 1232 1457 1284 bonis
1501 1242 1717 1283 necesse
1759 1236 1840 1279 est
1884 1234 1942 1278 ut
1980 1225 2226 1277 meliores

684 1327 841 1378 etiam
879 1339 975 1393 per
1008 1320 1355 1377 contumelias
1393 1319 1642 1380 existant,
1671 1317 1747 1369 ita
1776 1328 1982 1381 semper
2016 1313 2221 1381 reprobi

682 1418 748 1467 de
788 1412 1047 1467 beneﬁcio
1084 1410 1289 1480 pejores
1323 1406 1473 1459 ﬁunt.
1540 1404 1670 1457 Nam
1716 1410 1933 1470 accepta
1968 1401 2223 1468 praedica-

685 1507 846 1566 tione,
885 1504 1072 1556 iterum
1102 1501 1283 1554 dicunt
1311 1516 1322 1550 :
1353 1497 1532 1567 (Vens.
1561 1494 1672 1563 52.)
1714 1491 1867 1545 Nunc
1900 1491 2221 1560 cognovimus

683 1576 804 1661 quia
835 1592 1143 1645 dwmonium
1170 1588 1342 1641 habes.
1377 1586 1508 1651 Quia
1548 1584 1689 1661 enim
1714 1592 1922 1635 aeterna:
1949 1581 2104 1633 morti
2144 1580 2223 1633 in-

682 1660 959 1742 haeserant,
997 1689 1053 1734 et
1082 1679 1318 1732 eamdem
1359 1660 1583 1729 mortem
1620 1674 1704 1727 cui
1741 1673 2077 1731 inhaeserant,
2116 1685 2218 1722 non

2330 529 2463 596 Ergo
2487 532 2787 596 armgautia
2817 547 2920 583 non
2948 532 3018 584 ita
3044 533 3258 595 vitatur,
3291 540 3348 584 ut
3374 533 3574 585 veritas
3600 532 3871 602 relinqua-
3940 540 3947 549 ‘

2328 626 2429 669 tur.
2463 616 2565 674 Sed
2595 622 2705 671 sclo
2732 633 2874 680 eum,
2905 628 2960 672 et
2985 634 3284 674 sermonem
3310 619 3425 688 ejus
3452 635 3629 674 servo.
3661 620 3877 674 Sermo-

2324 721 2444 758 nem
2468 706 2645 759 Patris
2680 714 2927 774 tanquam
2954 707 3119 763 Filius
3148 709 3485 778 loquebatur,
3526 718 3581 763 et
3613 710 3725 778 ipse
3754 718 3876 764 erat

2325 796 2554 849 Verbum
2578 796 2752 851 Patris
2772 799 2913 866 quod
2943 798 3244 853 hominibus
3272 799 3606 868 loquebatur.

2393 888 2548 940 Vrsas.
2579 889 2666 943 56.
2686 919 2755 929 —
2783 909 2800 939 ι
2828 888 2855 926 ι’
2880 890 2945 943 Ει
2968 891 3253 945 notandum
3292 891 3432 957 quod
3467 890 3600 943 vidit
3633 904 3726 943 eos
3762 890 3872 943 Do-

2325 977 2497 1030 minus
2532 988 2710 1045 aperta
2742 980 2839 1032 sibi
2871 980 3264 1049 impugnatione
3302 982 3576 1043 resistere,
3604 991 3658 1033 et
3692 989 3870 1033 tamen

2323 1064 2401 1116 eis
2437 1078 2496 1117 se
2538 1066 2725 1119 iterata
2761 1081 2865 1118 non
2910 1067 3102 1119 desinit
3131 1081 3259 1120 voce
3302 1067 3615 1134 praedicare,
3654 1066 3870 1121 dicens:

2322 1149 2581 1203 Abraham
2603 1162 2749 1218 pater
2766 1162 2925 1205 vester
2943 1152 3208 1217 exultavit,
3233 1164 3287 1206 ut
3309 1155 3496 1207 videret
3516 1155 3652 1207 diem
3672 1172 3836 1207 meum
3852 1169 3872 1205 :

2320 1250 2367 1290 et
2410 1240 2553 1305 vidit,
2597 1251 2643 1293 et
2677 1244 2879 1309 gavisus
2916 1252 3008 1295 est.
3052 1243 3199 1297 Tunc
3244 1244 3436 1313 quippe
3473 1244 3614 1298 diem
3662 1243 3872 1297 Domini

2320 1327 2586 1382 Abraham
2608 1331 2759 1393 vidit,
2792 1347 2910 1383 cum
2940 1332 2990 1383 in
3019 1332 3186 1398 ﬁgura
3213 1348 3431 1386 summa:
3455 1333 3733 1388 Trinitatis
3760 1343 3870 1387 tres

2320 1417 2534 1485 angelos
2558 1417 2788 1486 hospitio
2820 1410 3014 1486 recepit
3040 1438 3054 1473 :
3086 1421 3278 1487 quibus
3302 1421 3541 1491 profecto
3585 1424 3868 1489 susceptis,

2320 1504 2397 1557 sic
2428 1505 2597 1558 tribus
2610 1506 2765 1573 quasi
2799 1507 2887 1559 uni
2911 1508 3117 1561 locutus
3146 1517 3246 1571 est,
3272 1510 3395 1576 quia
3420 1510 3519 1563 etsi
3548 1511 3600 1563 in
3629 1512 3873 1578 personis

2320 1605 2574 1645 numerus
2611 1591 2886 1647 Trinitatis
2926 1604 3024 1658 est,
3066 1596 3346 1648 in‘natura
3380 1597 3558 1650 unitas
3577 1598 3871 1651 divinitatis

2318 1690 2419 1733 est.
2452 1679 2555 1733 Sed
2582 1682 2826 1736 carnales
2855 1692 3056 1736 mentes
3080 1684 3403 1738 audientium
3430 1685 3617 1739 oculos
3646 1700 3675 1738 a
3704 1700 3867 1739 carne

680 1772 947 1834 videbant,
975 1767 1097 1821 dum
1136 1767 1297 1821 solam
1331 1765 1514 1818 mortis
1558 1776 1774 1817 carnem
1815 1759 1946 1830 [Al.,
1989 1767 2211 1812 mortem
2245 1762 2320 1819 Β]

2245 1762 2289 1819 Β
2314 1782 2417 1820 non
2448 1768 2750 1833 sublevant;
2788 1772 2840 1823 in
2870 1785 2935 1824 eo
2956 1770 3122 1825 solam
3154 1771 3333 1825 carnis
3354 1779 3563 1825 aetatem
3595 1771 3728 1843 [ΑΛ.
3754 1772 3864 1825 sola

678 1860 873 1931 Carnis]
913 1859 1225 1928 aspicerent,
1258 1857 1309 1908 in
1351 1854 1592 1907 veritatis
1620 1866 1865 1905 sermone
1894 1848 2212 1917 caligabunt,

678 1952 909 2004 dicentes
943 1963 957 2001 :
984 1947 1241 1999 Abraham
1286 1954 1515 1997 mortuus
1545 1950 1637 2003 est,
1687 1949 1733 1991 et
1774 1938 2051 2007 prophetw,
2082 1947 2128 1989 et
2160 1949 2213 1988 tu

679 2037 928 2094 dicis:Si
973 2037 1084 2108 quis
1133 2049 1411 2088 sermonem
1455 2047 1619 2083 meum
1661 2029 1960 2091 servaverit,
2004 2036 2213 2079 mortem

680 2146 777 2181 non
805 2126 1023 2196 gustabit
1050 2127 1109 2177 in
1137 2134 1402 2177 «ternum.
1436 2121 1586 2175 Unde
1621 2128 1675 2172 et
1700 2120 1799 2186 ipsi
1826 2116 2038 2170 veritati
2070 2130 2215 2169 eui,»-

679 2217 795 2270 dem
823 2214 1086 2269 Abraham
1114 2221 1166 2266 et
1201 2210 1485 2281 prophetas
1511 2207 1662 2277 quasi
1693 2213 2005 2259 venerantes
2029 2200 2216 2272 pnel‘e-

680 2316 818 2359 runt.
868 2304 972 2358 Sed
1017 2312 1197 2373 aperta
1244 2300 1395 2354 nobis
1443 2299 1576 2350 ratio
1618 2294 1936 2355 ostenditur,
1976 2291 2098 2359 quia
2126 2290 2214 2357 qui

681 2398 843 2450 Deum
870 2393 1251 2455 nesciunt,‘Dei
1278 2404 1487 2458 quoque
1530 2387 1753 2440 famuios
1791 2387 1923 2439 false
1959 2399 2216 2437 veneran-

681 2495 781 2536 tur.
820 2502 838 2533 s
890 2479 1008 2543 Vos,
1040 2479 1226 2547 inquit,
1259 2478 1427 2530 dicitis
1466 2489 1484 2525 :
1523 2474 1846 2527 Dwmonium
1893 2470 2067 2525 habes.
2107 2471 2215 2540 Ego

681 2587 769 2625 vos
804 2571 867 2624 ad
902 2571 1062 2622 vitam
1102 2582 1232 2621 voco
1265 2584 1277 2617 :
1322 2571 1537 2619 servate
1570 2575 1868 2615 sermonem
1910 2575 2117 2621 meum,
2162 2568 2216 2610 et

678 2674 779 2715 non
809 2655 1122 2711 moriemini.
1154 2653 1230 2705 Illi
1260 2650 1563 2711 audiebant,
1590 2657 1800 2701 mortem
1829 2662 1929 2698 non
1949 2646 2132 2699 videbit
2161 2646 2213 2698 in

676 2757 940 2806 attentum,
980 2743 1064 2812 qui
1090 2739 1356 2793 servaverit
1398 2752 1682 2791 sermonem
1708 2749 1894 2797 meum,
1936 2741 1989 2786 et
2012 2734 2208 2785 irasce-

677 2835 885 2893 bantur,
921 2831 1039 2897 quia
1064 2827 1171 2896 jam
1224 2825 1414 2879 mortui
1448 2831 1598 2877 erant
1635 2821 1720 2873 illa
1774 2829 1942 2872 morte
1979 2833 2096 2885 qua:
2130 2820 2211 2870 vi-

678 2921 831 2973 tanda
860 2926 990 2972 erat.
1023 2916 1151 2968 Nam
1177 2913 1317 2967 illam
1348 2919 1569 2965 mortem
1593 2909 1760 2961 vitare
1782 2922 1884 2960 non
1904 2901 2209 2973 potuerunt,

676 3023 777 3076 qua
807 3016 1043 3059 mortuus
1072 3011 1152 3057 est
1172 3000 1458 3062 Abraham,
1488 3006 1539 3050 et
1566 2997 1852 3064 prophetae,
1886 2994 1933 3047 id
1963 3003 2061 3054 est,
2094 3010 2231 3048 carl

2315 1858 2492 1909 carnis
2536 1857 2715 1928 aetate]
2757 1869 3001 1926 pensant,
3034 1860 3270 1914 dicentes
3298 1900 3310 1909 .
3348 1862 3529 1929 (Vsus.
3560 1862 3672 1931 57.)
3695 1861 3863 1925 Quin-

2315 1946 2559 2013 quaginta
2603 1964 2762 1998 annos
2806 1948 3031 2000 nondum
3075 1948 3249 2011 habes,
3279 1958 3325 2001 et
3352 1948 3612 2002 Abraham
3658 1950 3865 2003 vidisti?

2315 2032 2458 2096 Quos
2485 2032 2705 2101 benigne
2720 2033 3039 2102 Redemptor
3065 2044 3245 2088 noster
3272 2049 3302 2087 a
3328 2036 3507 2089 carnis
3531 2050 3642 2090 sua:
3668 2037 3860 2090 intuitu

2316 2118 2609 2183 submovet,
2646 2129 2700 2172 et
2735 2120 2801 2173 ad
2825 2120 3114 2175 divinitatis
3155 2121 3653 2189 contemplationem
3699 2124 3863 2177 trahit

2316 2205 2495 2259 dicens
2527 2224 2538 2257 :
2584 2206 2762 2275 (Vsus.
2791 2208 2903 2278 58.)
2976 2208 3154 2271 Amen,
3194 2226 3345 2263 amen
3376 2211 3491 2263 dico
3529 2211 3687 2274 vobis,
3718 2222 3862 2265 ante-

2315 2309 2467 2362 quam
2496 2295 2754 2348 Abraham
2779 2296 2941 2362 ﬁeret,
2973 2314 3063 2365 ego
3097 2315 3230 2352 sum.
3264 2298 3394 2354 Ante
3426 2302 3570 2355 enim
3606 2302 3861 2370 praeteriti

2319 2383 2568 2451 temporis
2598 2392 2697 2447 est,
2746 2401 2875 2449 sum,
2924 2389 3217 2454 presentis.
3271 2388 3339 2442 Et
3366 2390 3490 2457 quia
3530 2391 3859 2460 prateritum

2316 2480 2519 2541 tempus
2546 2482 2601 2527 et
2622 2472 2859 2527 futurum
2887 2476 3135 2530 divinitas
3162 2492 3265 2531 non
3294 2476 3472 2543 habet,
3522 2479 3616 2533 sed
3652 2494 3861 2548 semper

2314 2577 2431 2616 esse
2465 2563 2651 2626 habet,
2690 2580 2792 2619 non
2836 2566 2911 2618 ait
2940 2585 2951 2617 :
2985 2566 3115 2620 Ante
3141 2568 3400 2621 Abraham
3434 2586 3526 2639 ego
3571 2571 3647 2637 fui
3683 2590 3701 2626 :
3742 2572 3855 2633 sed,

2314 2660 2429 2703 ante
2452 2651 2711 2704 Abraham
2737 2669 2826 2721 ego
2852 2670 2983 2706 sum.
3030 2654 3180 2709 Unde
3208 2658 3274 2711 ad
3301 2657 3509 2725 Moysen
3541 2658 3696 2728 557
3726 2659 3858 2712 dici-

2314 2747 2433 2789 tur:
2456 2736 2569 2805 Ego
2595 2756 2729 2803 sum,
2759 2742 2844 2809 qui
2865 2759 3006 2805 sum;
3062 2753 3136 2807 et,
3202 2744 3339 2797 dices
3376 2746 3500 2812 ﬁliis
3530 2746 3697 2800 Israel
3716 2762 3734 2798 :
3759 2746 3859 2811 Qui

2313 2835 2405 2889 est,
2432 2828 2571 2879 misit
2596 2843 2674 2879 me
2695 2830 2762 2880 ad
2781 2846 2863 2882 vos
2888 2829 3077 2897 (Exod.
3104 2847 3189 2895 ιιι,
3216 2831 3319 2901 ib).
3344 2832 3473 2886 Ante
3492 2850 3619 2904 ergo
3642 2835 3722 2888 vel
3748 2845 3858 2903 post

2311 2914 2578 2969 Abraham
2620 2917 2822 2978 habuit,
2852 2918 2939 2984 qui
2974 2927 3028 2973 et
3060 2924 3311 2975 accedere
3353 2926 3523 2991 potuit
3566 2940 3663 2994 per
3709 2926 3858 2979 exhi-

2311 2999 2563 3054 bitionem
2588 3004 2899 3070 pmsentim,
2948 3016 3003 3059 et
3048 3009 3294 3063 recedere
3337 3025 3433 3079 per
3472 3027 3684 3066 cursum
3710 3014 3850 3065 vitm.

685 3098 767 3149 nis
792 3102 1047 3157 mortem;
1085 3106 1206 3145 nam
1235 3088 1501 3141 Abraham
1530 3086 1717 3172 spiritu
1746 3084 1990 3172 vivebat:
2015 3092 2069 3135 et
2097 3083 2212 3135 ideo
2235 3091 2282 3151 ο
2314 3091 2520 3146 Verius
2549 3108 2673 3147 νει-ο
2705 3109 2915 3161 semper
2936 3111 3053 3149 esse
3078 3099 3260 3162 habet,
3307 3102 3428 3169 quia
3470 3103 3517 3154 ﬁ.
3569 3102 3852 3172 quidquam

676 3185 740 3235 de
766 3197 830 3235 eo
859 3183 970 3249 ipsa
998 3180 1201 3235 Veritas
1228 3178 1301 3230 ait
1336 3175 1438 3229 alio
1472 3174 1587 3227 loco
1617 3191 1630 3223 :
1662 3171 1781 3224 Non
1807 3180 1881 3224 est
1908 3171 2042 3223 Deus
2076 3188 2211 3223 mor-

676 3279 901 3329 tuorum,
929 3268 1016 3319 sed
1050 3266 1292 3317 vivorum.
1325 3275 1348 3302 ο
1376 3261 1512 3327 Quid
1545 3268 1625 3312 est
1661 3260 1799 3327 quod
1827 3259 1970 3320 dicit,
2000 3267 2210 3311 mortem

676 3373 779 3411 non
812 3355 991 3409 videbit
1028 3356 1083 3406 in
1120 3352 1403 3407 aeternum?
1441 3348 1645 3420 (Matth.
1672 3346 1824 3415 xm.)
1860 3346 1914 3399 1d
1943 3356 2041 3409 est,
2073 3360 2211 3398 mor-

678 3459 785 3501 tem
821 3444 1169 3513 damnationis
1206 3457 1325 3497 cum
1362 3439 1566 3493 diabolo
1598 3446 1651 3491 et
1679 3436 1875 3505 angelis
1910 3433 2043 3503 ejus.
2082 3434 2209 3487 Nam

676 3542 776 3593 ista
807 3551 948 3588 mors
976 3533 1231 3601 corporis,
1260 3530 1503 3597 migratio
1530 3527 1769 3595 quaedam
1806 3533 1887 3577 est
1922 3524 2118 3576 sanctis
2146 3524 2211 3575 ad

677 3626 947 3679 meliorem
976 3624 1139 3676 vitam
1172 3638 1184 3671 :
1225 3619 1398 3686 impiis
1434 3629 1555 3667 vero
1594 3615 1657 3666 ad
1687 3628 1870 3681 pmnas
1909 3620 2210 3680 perpetuas,

677 3727 810 3779 quas
857 3712 942 3763 hic
992 3708 1176 3761 mortis
1220 3705 1427 3758 nomine
1456 3702 1661 3754 Veritas
1704 3701 1981 3767 designare
2028 3700 2208 3752 voluit.

678 3802 781 3855 Sed
818 3801 918 3853 ista
955 3806 1141 3860 morte,
1172 3809 1327 3863 quam
1363 3792 1613 3843 Dominus
1648 3790 1812 3843 voluit
1848 3790 2086 3857 intelligi,
2117 3805 2212 3843 nec

677 3892 938 3943 Abraham
984 3896 1220 3941 mortuus
1257 3892 1363 3941 est,
1398 3896 1498 3934 nec
1538 3878 1804 3950 pr0pheta:
1841 3879 2033 3931 mortui
2072 3886 2209 3929 sunt.

680 3978 751 4029 Illi
798 3978 936 4027 enim
985 3973 1174 4025 mortui
1222 3978 1364 4031 sunt,
1402 3977 1456 4020 et
1498 3970 1695 4028 vivunt,
1738 3965 1824 4018 isti
1855 3964 2117 4029 vivebant,
2161 3972 2213 4015 et

680 4063 873 4115 mortui
912 4069 1081 4113 erant.
1222 4120 1225 4123 ἰ

751 4150 906 4202 Vens.
939 4148 1025 4200 55.
1049 4177 1117 4185 —-
1142 4165 1158 4194 ‹
1197 4145 1356 4210 Quem
1389 4146 1601 4214 teipsum
1652 4142 1800 4213 facis,
1848 4142 2111 4211 inquiunt,
2156 4151 2211 4194 ut

682 4242 841 4297 dicas,
874 4246 1082 4289 mortem
1111 4252 1210 4287 non
1236 4235 1416 4287 videbit
1454 4235 1506 4286 in
1530 4243 1795 4297 aeternum,
1821 4234 1906 4302 qui
1945 4232 2212 4285 servaverit

682 4342 959 4380 sermonem
984 4339 1179 4385 meum;
1227 4338 1343 4375 cum
1384 4323 1519 4374 scias
1559 4328 1613 4372 et
1640 4320 1900 4373 Abraham
1946 4327 2210 4373 mortuum

2309 3194 2405 3232 nec
2433 3182 2611 3247 priore
2647 3189 2881 3249 tempore
2918 3183 3189 3252 incrpitur,
3235 3202 3332 3240 nec
3368 3190 3708 3261 subsequenti
3748 3201 3852 3245 ter-

2310 3269 2559 3322 minatur.
2593 3270 2695 3323 Sed
2732 3271 2996 3325 sustinere
3028 3273 3126 3327 ista
3158 3270 3469 3330 eternitatis
3500 3280 3685 3340 verba,
3712 3292 3855 3331 men-

2311 3365 2389 3409 tes
2428 3357 2714 3412 inﬁdelium
2752 3375 2855 3413 non
2895 3360 3149 3424 valentes,
3190 3363 3255 3415 ad
3294 3363 3492 3432 lapides
3524 3372 3765 3427 currunt,
3795 3373 3850 3417 et

2308 3461 2463 3514 quem
2511 3447 2803 3517 intelligere
2838 3466 2940 3502 non
2975 3460 3242 3519 poterant,
3278 3455 3502 3508 obruere
3526 3453 3849 3524 quaerebant.

2309 3536 2442 3600 Quid
2477 3545 2651 3588 autem
2704 3546 2886 3589 contra
2937 3536 3168 3591 furorem
3207 3539 3550 3609 lapidantium
3602 3541 3852 3596 Dominus

2309 3626 2461 3689 fecit,
2495 3625 2788 3687 ostenditur
2832 3639 2949 3678 cum
2982 3630 3225 3694 protinus
3272 3629 3598 3683 subinfertur
3628 3647 3639 3681 :
3671 3632 3847 3697 (Vsus.

2304 3717 2418 3785 59.)
2446 3716 2599 3768 Iesus
2646 3725 2814 3766 autem
2858 3716 3120 3768 abscondit
3146 3734 3231 3781 se,
3278 3728 3326 3769 et
3361 3720 3513 3770 exivit
3542 3719 3606 3770 de
3648 3718 3847 3785 templo.

2309 3804 2496 3856 Mirum
2532 3804 2679 3855 valde
2715 3810 2815 3865 est,
2847 3802 3039 3855 fratres
3075 3804 3391 3868 charissimi,
3428 3820 3523 3859 cur
3547 3817 3847 3873 persecuto-

2311 3906 2398 3943 res
2416 3906 2541 3944 suos
2556 3891 2806 3943 Dominus
2833 3905 2949 3943 sese
2976 3892 3345 3947 abscondendo
3367 3894 3726 3957 declinaverit,
3758 3898 3846 3963 qui

2309 3981 2353 4033 si
2377 3980 2667 4033 divinitatis
2687 3996 2795 4034 suae
2816 3982 3103 4048 potentiam
3128 3998 3377 4037 exercere
3399 3985 3665 4049 voluisset,
3694 3986 3850 4039 tacito

2309 4079 2436 4123 nutu
2473 4072 2662 4124 mentis
2696 4071 2748 4123 in
2779 4072 2889 4123 suis
2922 4086 3012 4124 eos
3042 4072 3231 4125 ictibus
3259 4072 3466 4141 ligaret,
3495 4083 3587 4127 aut
3613 4075 3667 4127 in
3695 4089 3847 4142 pugna

2310 4160 2496 4213 mortis
2521 4160 2706 4232 subitae
2732 4161 2998 4213 obrueret.
3029 4159 3130 4213 Sed
3152 4162 3274 4227 quia
3302 4163 3409 4228 pati
3432 4170 3671 4226 venerat,
3699 4176 3851 4216 exer-

2309 4262 2429 4301 cere
2448 4248 2703 4313 judicium
2733 4248 2959 4299 nolebat.
2988 4248 3143 4300 Certe
3170 4249 3267 4301 sub
3297 4250 3409 4317 ipso
3434 4251 3695 4317 passionis
3720 4260 3848 4305 tem-

2310 4348 2456 4401 pore,
2484 4342 2537 4387 et
2560 4346 2815 4401 quantum
2849 4344 3055 4401 poterat
3088 4336 3341 4399 ostendit,
3377 4349 3429 4391 et
3456 4345 3631 4392 tamen
3659 4340 3758 4392 hoc
3784 4343 3847 4392 ad

681 4425 733 4467 et
758 4414 1039 4483 prophetas
1068 4411 1333 4464 mortuos?
1362 4409 1647 4475 Respondit
1673 4406 1823 4457 Jesus
1850 4424 1861 4456 :
1895 4406 2072 4471 (Vens.
2099 4403 2209 4494 5A.)
2238 4401 2289 4461 ι)
2312 4421 2451 4489 quod
2488 4431 2729 4485 venerat,
2782 4422 3012 4490 penum.
3084 4424 3215 4476 Nam
3260 4440 3381 4478 cum
3428 4427 3848 4494 persecutoribus

684 4509 739 4561 Si
772 4522 860 4576 ego
900 4504 1125 4573 glori/ica
1160 4502 1422 4569 meipsum,
1464 4498 1627 4566 gloria
1675 4513 1785 4548 mea
1824 4495 1949 4546 nihil
1992 4504 2084 4545 est.
2125 4493 2215 4545 Est

687 4594 843 4647 Pater
872 4608 1029 4654 meus,
1058 4591 1143 4661 qui
1170 4588 1420 4658 glori/iuet
1453 4603 1548 4638 me.
1598 4585 1705 4637 Hoc
1737 4584 1808 4636 ait
1844 4592 2057 4651 propter
2089 4581 2211 4633 illud

685 4684 822 4749 quod
864 4682 1145 4734 dixerunt:
1178 4677 1337 4740 Quem
1381 4677 1594 4742 teipsum
1621 4674 1795 4741 facis?
1847 4671 2028 4723 Refert
2073 4672 2213 4723 enim

687 4771 903 4838 gloriam
929 4783 1076 4820 suam
1112 4770 1176 4821 ad
1197 4768 1427 4828 Patrem,
1456 4768 1521 4819 de
1549 4782 1653 4834 quo
1681 4774 1761 4816 est
1788 4764 1924 4830 quod
1954 4763 2090 4816 Deus
2114 4772 2211 4817 est.

687 4860 824 4913 Dicit
858 4856 1065 4909 Patrem
1112 4869 1263 4906 suum
1299 4855 1551 4909 Dominus
1581 4851 1733 4905 Iesus
1766 4850 2030 4913 Christus,
2060 4863 2214 4915 quem

690 4946 761 4998 illi
808 4942 1050 4997 dicebant
1079 4939 1241 4993 Deum
1288 4954 1469 5001 suum,
1514 4947 1567 4991 et
1604 4952 1708 4990 non
1752 4943 2135 5003 cognoverunt;
2175 4935 2217 4987 si

692 5035 827 5086 enim
868 5034 1036 5099 ipsum
1078 5029 1462 5099 cognovissent,
1507 5029 1619 5097 ejus
1647 5026 1837 5079 Filium
1881 5026 2214 5090 recepissent.

694 5122 873 5185 (Vens.
900 5116 1009 5187 55.)
1038 5116 1147 5185 Ego
1177 5124 1366 5175 autem,
1392 5114 1582 5180 inquit,
1616 5113 1727 5167 novi
1756 5127 1889 5164 eum.
1918 5111 2217 5163 Secundum

694 5218 907 5259 carnem
931 5201 1302 5268 iudicantibus,
1334 5201 1502 5269 potuit
1526 5208 1577 5251 et
1605 5200 1727 5251 hinc
1752 5212 2006 5265 arrogans
2031 5198 2217 5261 videri,

696 5295 814 5358 quia
844 5291 975 5344 dixit
1005 5304 1017 5339 :
1052 5289 1158 5356 Ego
1188 5291 1301 5341 novi
1344 5304 1477 5341 eum.
1519 5287 1621 5340 Sed
1648 5287 1765 5339 vide
1792 5286 1915 5354 quid
1949 5285 2215 5353 sequitur:

767 5476 790 5498 ιι
835 5461 957 5513 Vide
1001 5460 1057 5512 S.
1087 5458 1243 5526 Aug.,
1269 5467 1426 5511 tract.
1462 5475 1610 5521 sun.
1640 5475 1782 5513 num.
1815 5460 1900 5525 i3,
1928 5458 2015 5514 15.

773 5530 795 5569 ὺ
834 5528 886 5578 S.
917 5530 1069 5596 (urg.
1102 5528 1200 5580 loc.
1230 5527 1318 5578 cit.
1353 5541 1495 5579 nuru.
1522 5528 1572 5587 3,
1598 5527 1648 5579 4.

2312 4510 2422 4563 suis
2450 4523 2505 4562 se
2530 4510 2882 4577 quaerentibus
2908 4510 3105 4563 diceret
3127 4528 3138 4561 :
3169 4512 3279 4579 Ego
3304 4528 3437 4576 sum,
3467 4513 3575 4565 sola
3602 4513 3701 4569 bac
3724 4529 3847 4569 voce

2312 4610 2492 4649 eorum
2522 4596 2817 4664 superbiam
2833 4595 3081 4661 perculit,
3108 4606 3162 4651 et
3193 4613 3375 4652 omnes
3404 4600 3456 4650 in
3482 4606 3680 4653 terram
3709 4611 3843 4655 stra—

2313 4686 2389 4737 vit
2418 4685 2593 4754 (Joan.
2621 4698 2773 4744 xvtn,
2800 4683 2873 4753 6).
2903 4684 3000 4749 Qui
3036 4700 3160 4753 ergo
3184 4688 3284 4738 hoc
3319 4685 3369 4737 in
3400 4685 3514 4740 loco
3539 4690 3712 4756 potuit
3739 4704 3847 4743 ma-

2315 4788 2413 4825 nus
2449 4773 2786 4839 lapidantium
2822 4788 2925 4825 non
2966 4787 3022 4825 se
3062 4773 3427 4829 abscondendo
3477 4778 3719 4840 evadere,
3754 4791 3846 4829 cur

2318 4862 2588 4914 abscondit
2623 4876 2707 4923 se,
2736 4854 2837 4913 nisi
2866 4860 3003 4926 quod
3043 4862 3199 4914 homo
3236 4862 3373 4915 inter
3411 4864 3651 4916 homines
3678 4862 3845 4916 factus

2318 4950 2632 5016 Redemptor
2670 4956 2868 5012 noster,
2917 4948 3016 5001 alia
3061 4950 3213 5004 nobis
3249 4950 3409 5002 verbo
3446 4949 3699 5016 loquitur,
3745 4949 3844 5001 alia

2317 5038 2589 5105 exemplo?
2636 5036 2769 5100 Quid
2804 5046 2981 5092 autem
3018 5040 3168 5091 nobis
3196 5039 3295 5091 hoc
3329 5037 3566 5107 exemplo
3592 5037 3844 5106 loquitur,

2320 5130 2442 5191 nisi,
2467 5137 2525 5181 ut
2550 5128 2711 5180 etiam
2740 5142 2857 5180 cum
2887 5130 3136 5182 resistere
3175 5143 3471 5195 possumus,
3500 5128 3635 5181 iram
3660 5144 3842 5199 super-

2320 5216 2573 5268 bientium
2597 5214 2861 5268 humiliter
2884 5215 3205 5269 declinemus
3228 5216 3289 5269 ετ
3315 5232 3338 5267 s

2394 5474 2413 5500 ο
2451 5463 2728 5531 [lucusque
2752 5464 2809 5516 S.
2837 5462 3136 5531 Gregorius.
