4152 6192
339 388 453 458 ιιι-ι,

1093 391 1488 446 EXECETlCA.
1525 422 1594 433 -
1629 393 1971 448 COMMENT.
2016 394 2079 447 IN
2119 392 2303 448 JOAN.
2346 426 2410 435 -
2449 397 2571 449 LIB.
2614 398 2667 449 ι’.

3395 401 3495 451 873

358 514 3453 539 ———-'—————_—'_—_——-——-———_-————-

1521 634 1812 713 LIBER
1871 633 2352 722 QUINTUS.

876 825 1097 882 CAPUT
1150 819 1334 881 XXIV.

339 937 487 992 Creta
531 954 563 990 a
612 938 873 990 natiritate
910 936 1233 996 illuminato,
1278 934 1537 1003 multaque
1586 933 1867 1003 Pharisais

405 1007 664 1058 anxietate
696 1004 910 1056 turbatis
933 1043 945 1060 .
994 1004 1173 1055 mundi
1212 1003 1375 1054 lucem
1415 999 1469 1055 se
1502 1002 1645 1054 dicit.
1682 999 1868 1053 Postea

406 1074 633 1141 cognitus
659 1072 722 1123 ab
744 1072 1033 1123 illuminato
1056 1087 1188 1123 εωεο
1215 1071 1484 1123 aduratur.

404 1182 582 1234 Cum
603 1180 843 1243 tx,Vsns.
861 1180 909 1231 l.
925 1208 989 1219 —-
1012 1180 1295 1247 Postquam
1307 1181 1522 1234 exiisset
1536 1178 1786 1234 Dominus
1806 1178 1872 1232 de

338 1268 531 1335 templo
541 1265 857 1329 iudiecrum,
869 1267 993 1333 quid
1008 1258 1217 1320 iecisset
1234 1267 1283 1319 in
1296 1267 1486 1334 populo
1501 1267 1750 1334 gentium,
1764 1267 1870 1318 imo

335 1356 497 1407 totius
512 1354 725 1407 humani
744 1355 972 1422 generis,
989 1353 1282 1420 audiamus.
1302 1352 1699 1421 Sequiturenim
1714 1368 1872 1405 evan-

334 1438 540 1509 gelista,
554 1450 607 1494 et
620 1441 775 1495 dicit:
798 1439 1103 1494 Prwteriens
1118 1441 1240 1494 vidit
1257 1442 1509 1495 hominem
1529 1457 1717 1493 circum
1737 1458 1768 1492 a
1785 1450 1882 1493 nae

336 1530 549 1581 tivitate.
579 1547 595 1578 ι
620 1540 645 1568 ι
663 1529 734 1581 Ea
756 1530 949 1598 quippe
967 1544 1084 1598 qua:
1100 1528 1225 1583 fecit
1244 1529 1495 1582 Dominus
1516 1538 1696 1583 noster
1718 1528 1873 1583 Jesus

334 1614 577 1667 Christus
600 1615 855 1682 stupenda
896 1623 1055 1681 atque
1081 1615 1349 1674 miranda,
1373 1624 1427 1667 et
1445 1629 1604 1682 opera
1628 1623 1681 1667 et
1710 1617 1872 1667 verba

335 1712 457 1755 sunt
481 1722 493 1755 :
517 1718 695 1772 opera,
731 1704 853 1770 quia
878 1702 1014 1756 facta
1034 1711 1177 1765 sunt,
1200 1704 1377 1765 verba,
1401 1704 1523 1770 quia
1557 1704 1703 1770 signa
1729 1695 1869 1756 sunt.

336 1791 391 1844 Si
421 1807 547 1861 ergo
576 1792 701 1858 quid
732 1791 991 1859 signiﬁcet
1031 1791 1131 1844 hoc
1168 1792 1307 1857 quod
1338 1790 1533 1844 factum
1571 1802 1649 1845 est
1670 1831 1685 1853 ,
1728 1792 1873 1857 cogi-

337 1890 505 1933 temus
524 1921 538 1943 ,
586 1894 751 1947 genus
780 1880 1065 1933 humanum
1099 1888 1183 1932 est
1211 1880 1309 1932 iste
1337 1894 1509 1932 caacus
1545 1894 1560 1931 :
1590 1879 1702 1932 haec
1734 1880 1874 1931 enim

332 1967 544 2018 accitas
577 1966 799 2033 contigit
839 1967 891 2017 in
925 1967 1098 2034 primo
1122 1966 1333 2019 homine
1362 1982 1455 2035 per
1480 1975 1781 2033 peccatum,
1811 1968 1876 2020 de

333 2065 441 2116 quo
480 2066 664 2105 omnes
706 2051 963 2119 originem
995 2052 1260 2116 duximus,
1305 2068 1409 2106 non
1458 2053 1629 2105 solum
1669 2054 1875 2115 mortis,

1886 825 1935 882 Α
1963 822 2169 890 generis
2179 837 2273 892 per
2288 840 2370 879 me
2382 829 2640 895 agendum
2652 829 2738 882 sit.
2755 830 2971 900 [Deinde
2986 844 3195 887 secutus
3208 796 3465 904 adiunxit]
3485 857 3494 888 :

1969 908 2052 962 He
2077 921 2271 979 oportet
2288 916 2491 979 operari
2510 930 2660 982 opera
2686 918 2798 983 ejus
2826 920 2912 985 qui
2940 922 3077 971 misit
3100 923 3367 984 me,donec
3394 926 3499 975 dies

1967 1007 2059 1049 est.
2094 1016 2111 1047 ι
2133 998 2391 1051 Memento
2412 1004 2673 1067 quomodo
2685 1006 2981 1057 universam
3004 1006 3222 1073 gloriam
3239 1008 3309 1060 illi
3331 1010 3419 1061 dat
3438 1012 3501 1061 de

1966 1100 2070 1152 quo
2090 1097 2200 1149 est;
2231 1090 2350 1155 quia
2374 1089 2459 1142 ille
2479 1090 2634 1144 habet
2653 1091 2839 1145 Filium
2859 1095 2947 1161 qui
2968 1095 3030 1147 de
3053 1096 3139 1147 illo
3162 1097 3249 1159 sit,
3272 1098 3380 1164 ipse
3401 1115 3501 1152 non

1969 1173 2128 1226 habet
2154 1176 2216 1227 tle
2246 1190 2348 1242 quo
2378 1178 2465 1228 sit.
2499 1196 2515 1226 ι
2564 1178 2689 1242 Quae
2716 1189 2838 1233 sunt
2869 1197 3029 1248 opera
3057 1183 3261 1237 Domini
3290 1196 3505 1254 propter

1967 1274 2082 1326 qua:
2110 1263 2253 1314 venit
2280 1263 2442 1317 Filius
2468 1264 2556 1317 Dei
2589 1266 2637 1317 in
2662 1270 2931 1331 mundum,
2958 1272 3057 1323 nisi
3086 1275 3375 1328 eteeitatem
3401 1278 3497 1329 hu-

1969 1349 2107 1400 mani
2137 1352 2343 1416 generis
2373 1352 2667 1406 illuminare
2686 1396 2699 1416 ,
2740 1358 3011 1413 vulnerata
3043 1377 3261 1429 qumque
3296 1379 3502 1430 sanare,

1968 1438 2172 1503 perdita
2198 1440 2483 1504 requirere,
2501 1441 2753 1495 deformia
2788 1446 3109 1501 reformare?
3139 1449 3239 1503 Sed
3276 1454 3399 1519 quid
3425 1466 3507 1507 est

1968 1527 2107 1591 quod
2136 1527 2266 1579 dixit
2293 1528 2314 1578 ?
2349 1530 2530 1596 (Vens.
2554 1529 2630 1598 4.)
2662 1532 2743 1584 Me
2767 1544 2959 1601 oportet
2989 1540 3188 1605 operari
3208 1557 3359 1608 opera
3396 1544 3505 1609 ejus

1970 1617 2057 1684 qui
2092 1618 2228 1667 misit
2260 1634 2357 1678 me,
2396 1620 2555 1670 donec
2576 1621 2682 1672 dies
2702 1633 2793 1674 est.
2840 1623 2984 1676 Venit
3005 1628 3139 1679 enim
3162 1645 3280 1690 ποτ,
3303 1633 3506 1699 quando

1972 1718 2117 1753 nemo
2155 1713 2314 1771 potest
2342 1710 2564 1773 operari.
2610 1726 2627 1756 ι
2666 1709 2884 1763 Constat
2909 1726 3213 1780 expressum
3243 1733 3301 1769 ac
3325 1718 3508 1771 deﬁni-

1974 1798 2082 1842 tum
2113 1792 2250 1844 diem
2279 1809 2723 1850 commemorasse
2751 1800 3026 1855 Dominum
3053 1805 3103 1855 in
3134 1805 3231 1858 hoc
3268 1806 3379 1859 loco
3426 1823 3508 1860 se-

1975 1879 2163 1945 ipsum,
2190 1882 2241 1934 id
2264 1891 2364 1945 est,
2399 1884 2572 1937 lumen
2607 1889 2805 1939 mundi.
2837 1890 3018 1955 (Vens.
3046 1892 3098 1961 5)
3132 1892 3391 1956 Quandiu,
3426 1898 3505 1948 in-

1972 1967 2102 2033 quit,
2132 1984 2244 2019 sum
2265 1970 2316 2019 in
2339 1970 2432 2022 hoc
2459 1974 2668 2037 mundo,
2700 1974 2866 2026 lumen
2883 1992 2993 2027 sum
3022 1980 3216 2030 mundi.
3244 1980 3381 2047 Ergo
3400 1984 3508 2050 ipse

1975 2064 2241 2121 operatur.
2284 2055 2523 2121 Quandiu
2549 2070 2627 2112 est
2655 2070 2827 2114 autent
2870 2065 2921 2116 in
2957 2066 3055 2119 hoc
3082 2070 3310 2121 mundo?
3356 2072 3503 2123 Puta-

334 2146 427 2199 sed
452 2145 611 2220 etiam
638 2144 944 2212 iniquitatis.
992 2144 1048 2196 Si
1077 2145 1218 2197 enim
1246 2145 1455 2197 accitas
1485 2153 1565 2197 est
1592 2144 1872 2198 inﬁdelitas
1903 2124 1943 2181 Β
1972 2156 2107 2203 mus,
2149 2141 2359 2205 fratres,
2388 2160 2506 2198 eum
2537 2146 2696 2201 fuisse
2726 2150 2810 2202 hic
2856 2159 2997 2212 tunc,
3029 2162 3080 2206 et
3110 2158 3263 2209 modo
3288 2173 3387 2209 non
3424 2160 3511 2213 hic
3554 2134 3557 2135 ν

333 2242 389 2285 et
429 2233 741 2286 illuminatio
786 2234 943 2293 ﬁdes;
987 2247 1141 2301 quem
1181 2232 1408 2293 ﬁdelem,
1459 2232 1669 2299 quando
1706 2233 1868 2291 venit,

332 2322 575 2375 Christus
601 2322 830 2373 invenit?
858 2342 875 2372 ι
904 2321 1023 2374 Ideo
1047 2321 1363 2390 evangelista
1392 2321 1455 2372 de
1474 2319 1682 2373 Christo
1706 2320 1828 2372 dicit
1855 2335 1865 2369 :

336 2408 404 2462 Et
428 2412 741 2478 prateriens.
771 2409 858 2464 Sic
886 2412 1139 2479 praeteriit
1165 2412 1305 2463 enim
1334 2410 1593 2471 Christus,
1616 2418 1671 2464 et
1693 2424 1795 2462 non
1820 2410 1869 2460 in

336 2500 417 2551 via
454 2509 794 2565 peccatorum
835 2507 1133 2551 nostrorum
1178 2498 1351 2559 stetit;
1392 2497 1527 2549 sicut
1553 2498 1606 2549 in
1646 2497 1871 2564 quadam

334 2585 583 2655 parabola
607 2587 719 2654 ipse
747 2585 997 2639 Dominus
1021 2587 1097 2638 ait
1125 2603 1138 2634 :
1184 2584 1329 2636 Venit
1351 2586 1482 2638 enim
1508 2584 1871 2637 Samaritanus

335 2694 480 2731 secus
500 2680 633 2730 viam
656 2676 804 2745 (Luc.
834 2692 886 2738 x_,
910 2676 1021 2743 33),
1045 2678 1134 2745 qui
1164 2677 1305 2730 venit
1331 2690 1518 2729 sanare
1544 2676 1872 2729 vulneratum

334 2768 644 2821 semivivum
704 2784 716 2819 :
771 2768 1027 2835 przeteriit
1080 2781 1277 2820 caecum
1342 2766 1638 2818 illuminare
1701 2764 1874 2835 [Apud

336 2855 548 2917 Bedam,
576 2857 884 2923 praeteriens
907 2870 1105 2908 crecum
1130 2853 1431 2923 illuminat],
1459 2855 1548 2920 qui
1572 2854 1875 2906 vulneratus

336 2944 389 2996 in
411 2945 659 3011 parabola
686 2945 898 3007 dicitur,
915 2945 1001 2997 hic
1021 2944 1072 2997 in
1099 2958 1155 2998 re
1174 2950 1318 3012 gesta
1340 2959 1509 2997 caecus
1532 2943 1871 2995 illuminatur.

342 3050 361 3081 ι
405 3031 539 3083 Vidit
566 3047 692 3101 ergo
718 3032 969 3084 hominem
990 3048 1200 3093 circum,
1224 3046 1326 3084 non
1353 3039 1620 3098 utcunque
1654 3044 1872 3089 caecum,

337 3118 426 3170 sed
452 3133 647 3170 caseum
676 3135 707 3169 a
731 3118 1009 3169 nativitate.
1049 3136 1067 3167 ι
1099 3116 1292 3170 Omnes
1312 3117 1449 3168 enim
1476 3117 1718 3168 homines
1743 3130 1876 3181 prte-

338 3216 417 3257 ter
446 3206 589 3257 illum
633 3204 802 3258 solum
831 3205 917 3271 qui
947 3218 1011 3255 ex
1058 3203 1258 3271 virgine
1297 3211 1449 3255 natus
1477 3211 1558 3256 est
1579 3202 1876 3271 ,originali

336 3302 554 3360 peccato
578 3293 725 3353 caeci,
752 3294 800 3344 id
827 3301 926 3353 est,
957 3308 1073 3345 cum
1099 3301 1313 3360 peccato
1344 3293 1451 3343 nati
1476 3301 1612 3351 sunt,
1646 3292 1785 3359 quod
1809 3306 1873 3343 ex

339 3380 516 3433 radice
536 3381 826 3448 peccatrice
847 3381 1000 3447 primi
1021 3387 1268 3447 parentes
1286 3388 1573 3431 traxerunt.
1599 3380 1777 3446 (Vens.
1793 3380 1870 3449 Ξ.)

338 3468 781 3537 lnterrogaverttnt
801 3484 913 3519 eum
930 3467 1164 3534 discipuli
1178 3468 1319 3535 ejus:
1346 3484 1363 3515 ι
1384 3466 1565 3519 Rabbi.
1591 3466 1869 3537 Scis[Ms.,

338 3553 539 3622 scitis],
570 3556 693 3620 quia
724 3554 885 3605 ﬂabbi
912 3555 1159 3623 magister
1182 3564 1281 3607 est.
1306 3554 1610 3623 Magistrum
1642 3555 1871 3624 appella-

339 3640 466 3692 bant
486 3680 500 3703 ,
526 3642 646 3708 quia
677 3641 878 3693 discere
898 3641 1283 3693 desiderabant.
1307 3642 1657 3705 Qumstionem
1682 3644 1872 3711 quippe

340 3730 562 3781 Domino
591 3737 995 3797 proposuerunt,
1024 3736 1272 3795 tanquam
1301 3730 1553 3797 magistro
1584 3744 1597 3780 :

410 3817 567 3870 Vens.
598 3817 650 3868 5.
680 3845 748 3855 —
782 3815 907 3879 Quis
933 3816 1175 3885 peccavit,
1200 3817 1280 3867 hic
1302 3826 1389 3868 aut
1410 3826 1640 3884 parentes
1662 3816 1791 3882 ejus,
1819 3826 1873 3866 ut

341 3920 505 3956 ca'cus
525 3904 854 3955 nasceretur?
881 3901 1156 3971 Respondit
1182 3903 1216 3955 Ι
1222 3921 1336 3957 esus
1362 3918 1377 3954 :
1404 3904 1578 3973 Neque
1600 3904 1680 3955 hic
1700 3920 1874 3971 pecca-

339 3993 409 4044 vit
436 4029 452 4052 ,
491 4006 646 4058 neque
675 3999 906 4055 parentes
932 3990 1043 4057 ejus
1080 3989 1157 4057 [ut
1186 4007 1349 4044 cereus
1376 3993 1708 4064 nasceretur].
1741 3992 1873 4057 Quid

339 4087 421 4131 est
442 4077 580 4145 quod
611 4076 774 4129 dixit?
799 4076 855 4129 Si
881 4076 1045 4129 nullus
1078 4078 1234 4129 homo
1254 4078 1365 4131 sine
1387 4088 1622 4146 peccato,
1644 4081 1875 4145 nunquid

340 4174 587 4235 parentes
634 4164 787 4230 hujus
822 4164 947 4219 caeci
996 4166 1109 4218 sine
1153 4172 1372 4233 peccato
1400 4167 1582 4219 erant?
1633 4166 1876 4235 Nunquid

340 4259 452 4327 ipse
494 4259 606 4313 sine
646 4266 863 4325 peccato
891 4256 1133 4326 originali
1162 4268 1316 4312 natus
1344 4267 1491 4321 erat,
1531 4260 1612 4312 vel
1656 4260 1876 4312 vivendo

260 4354 263 4357 '
341 4348 468 4401 nihil
496 4346 798 4400 addiderat?
833 4344 888 4399 Si
935 4362 1061 4414 ergo
1088 4356 1139 4400 et
1168 4358 1411 4413 parentes
1437 4348 1550 4414 ejus
1579 4350 1879 4401 habuerunt

341 4443 629 4502 peccatum,
678 4444 729 4487 et
773 4436 869 4487 iste
897 4436 1077 4489 habuit
1100 4445 1402 4503 pwcatum,
1433 4453 1598 4506 quare
1628 4438 1878 4491 Dominus

342 4518 497 4580 dixit,
548 4519 721 4588 Neque
759 4521 839 4571 hic
873 4522 1117 4587 peccavit,
1148 4538 1320 4591 neque
1345 4534 1575 4590 parentes
1614 4524 1745 4592 ejus,
1777 4525 1876 4577 nisi

345 4604 408 4656 ad
438 4619 545 4657 rem
574 4606 856 4673 respondit,
884 4607 947 4659 de
972 4620 1075 4674 qua
1099 4606 1453 4676 interrogatus
1478 4616 1577 4670 est,
1594 4625 1689 4662 cur
1706 4623 1878 4663 caicus

344 4694 683 4745 nasceretur?
726 4692 998 4747 Habebam
1026 4693 1185 4763 558
1212 4697 1351 4748 enim
1387 4705 1659 4765 peccatum
1687 4712 1877 4766 paren-
1905 4716 1954 4775 ο

346 4788 424 4832 tes
453 4777 584 4845 ejus,
614 4781 705 4832 sed
735 4796 836 4833 non
876 4783 989 4849 ipso
1012 4792 1227 4850 peccato
1268 4782 1464 4838 factum
1502 4792 1582 4838 est
1620 4794 1679 4838 ut
1706 4799 1897 4839 caecus,

346 4874 668 4919 nasceretur.
710 4864 766 4917 Si
804 4880 941 4935 ergo
964 4883 1068 4921 non
1102 4878 1322 4937 peccato
1362 4879 1639 4937 parentum
1678 4871 1872 4924 factum

344 4962 425 5008 est
467 4964 525 5008 ut
571 4968 742 5008 caecus
787 4964 1112 5018 nasceretur,
1158 4972 1319 5025 quare
1360 4972 1529 5011 caecus
1574 4968 1728 5011 natus
1752 4960 1875 5011 est?

345 5043 480 5094 Audi
510 5042 817 5109 magistrum
850 5033 1122 5093 docent‘em
1165 5060 1177 5092 :
1219 5046 1409 5111 quaerit
1455 5045 1777 5105 credentem,
1816 5052 1873 5096 ut

347 5130 504 5181 faciat
538 5130 931 5199 inteliigentern.
963 5128 1077 5197 ipse
1103 5142 1314 5183 causam
1344 5134 1469 5188 dicit
1496 5148 1662 5203 quare
1686 5134 1756 5187 sit
1787 5133 1873 5186 ille

345 5231 515 5271 cacus
538 5224 691 5268 natus
714 5234 725 5267 :
753 5214 928 5285 Neque
952 5218 1032 5269 hic
1050 5221 1286 5285 peccavit,
1309 5220 1496 5288 inquit,
1519 5239 1675 5291 neque
1698 5238 1875 5289 paren-

347 5314 419 5355 tes
440 5302 569 5371 ejus,
593 5302 682 5354 sed
702 5312 756 5353 ut
780 5306 1167 5374 manifestentur
1187 5321 1338 5374 Opera
1364 5307 1455 5359 Dei
1482 5311 1535 5361 in
1556 5311 1662 5363 illo.
1703 5330 1719 5361 ι
1763 5308 1875 5363 Non

348 5392 514 5443 solum
542 5390 665 5459 quid
708 5390 760 5442 in
797 5391 898 5443 hoc
939 5394 1296 5447 tantummodo
1332 5408 1467 5447 caeo
1510 5407 1723 5451 acturus
1755 5398 1875 5457 sim,

349 5475 437 5525 sed
463 5483 519 5526 ut
548 5474 913 5530 manilestetur
950 5478 1075 5544 quid
1121 5479 1173 5532 in
1206 5480 1437 5533 caecitate
1466 5483 1626 5534 totius
1666 5483 1875 5535 humani

418 5591 443 5618 ι
475 5580 549 5631 Ex
580 5580 638 5635 S.
672 5582 824 5651 Aug.,
861 5591 1013 5636 tract.
1044 5600 1184 5647 xuv,
1218 5602 1359 5639 num.
1389 5587 1528 5639 1-17.

1969 2231 2119 2283 esse?
2147 2231 2199 2284 Si
2232 2233 2330 2286 hoc
2358 2243 2632 2301 putamus,
2675 2237 2785 2303 jam
2811 2254 2936 2309 ergo
2963 2250 3078 2308 post
3104 2257 3377 2298 ascensum
3410 2246 3509 2298 Do-

1970 2320 2096 2371 mini
2142 2319 2278 2373 facta
2312 2332 2393 2373 est
2439 2338 2536 2374 nox
2572 2324 2670 2376 ista
2716 2331 2993 2380 metuenda
3014 2368 3030 2391 ,
3057 2331 3142 2383 ubi
3168 2347 3319 2385 nemo
3348 2336 3512 2400 possit

1968 2408 2194 2472 operari.
2228 2426 2245 2457 ι
2295 2407 2351 2460 Si
2393 2420 2512 2475 post
2554 2413 2915 2466 ascensionem
2956 2414 3090 2470 facta
3128 2428 3209 2472 est
3255 2436 3355 2473 nox
3389 2422 3507 2483 ista,

1969 2492 2093 2559 quid
2114 2501 2210 2553 est,
2226 2493 2365 2561 quod
2387 2496 2460 2546 ait
2478 2496 2747 2565 discipulis
2770 2500 2879 2553 suis
2897 2503 3186 2557 ascendens
3208 2504 3258 2557 in
3280 2507 3466 2561 cmlum
3495 2527 3506 2559 :

1973 2576 2101 2630 Ecce
2122 2595 2210 2646 ego
2230 2580 2481 2631 vobiscum
2507 2598 2619 2633 sum
2648 2585 2881 2638 omnibus
2914 2588 3087 2641 diebus
3114 2607 3268 2659 usque
3297 2595 3363 2645 ad
3387 2610 3508 2647 con-

1971 2669 2357 2720 summationem
2404 2670 2581 2721 smruli
2626 2670 2833 2737 (Matth.
2876 2690 3060 2739 xxvttt,
3089 2677 3213 2746 20)?
3257 2679 3354 2745 Qui
3385 2690 3508 2735 tunc

1971 2755 2230 2819 corporali
2259 2758 2537 2823 praesentia
2568 2758 2665 2811 fuit
2698 2760 2749 2812 in
2782 2763 3010 2824 mundo,
3054 2781 3193 2819 nunc
3220 2768 3392 2823 divina
3420 2786 3511 2839 po-

1973 2841 2133 2892 tentia
2182 2857 2414 2909 prresens
2463 2854 2544 2897 est
2600 2847 2791 2913 ubique
2837 2850 2889 2901 in
2943 2853 3156 2905 mundo.
3201 2855 3513 2911 Audivitnus

1973 2928 2133 2991 diem,
2165 2930 2443 2984 audiamus
2494 2946 2610 2999 qua:
2662 2936 2731 2986 sit
2766 2928 2867 2988 nox
2917 2937 3036 2990 ista.
3090 2958 3107 2989 t
3142 2939 3274 3005 Quid
3323 2944 3515 3012 igitur?

1973 3014 2109 3078 Quid
2144 3017 2379 3071 dicemus
2418 3018 2481 3072 de
2520 3029 2672 3074 nocte
2705 3021 2837 3074 ista?
2879 3022 3097 3087 Quando
3132 3029 3262 3091 erit,
3300 3034 3509 3099 quando

1975 3117 2129 3155 nemo
2156 3106 2346 3171 poterit
2373 3109 2622 3172 aperarii
2661 3108 2773 3161 Nox
2807 3111 2904 3163 ista
2936 3113 3213 3181 impiorum
3238 3119 3370 3181 erit;
3405 3136 3506 3172 nox

1976 3191 2074 3242 ista
2103 3205 2285 3243 eorum
2308 3192 2429 3253 erit,
2456 3193 2653 3269 quibus
2672 3196 2722 3247 in
2754 3196 2855 3249 ﬁne
2884 3198 3087 3251 dicetur
3116 3219 3128 3251 :
3159 3201 3236 3254 Ite
3263 3205 3315 3256 in
3346 3206 3509 3272 ignem

1975 3288 2249 3339 sternunt,
2304 3280 2390 3348 qui
2434 3291 2645 3347 paratus
2688 3293 2759 3335 est
2811 3285 3017 3339 diabolo
3066 3298 3110 3339 et
3167 3291 3360 3359 angelis
3403 3294 3513 3361 ejus

1978 3364 2186 3434 (Matth.
2215 3382 2336 3427 xxv,
2374 3366 2481 3435 41).
2512 3366 2616 3423 Sed
2644 3379 2697 3422 et
2724 3386 2826 3423 nox
2854 3373 2991 3425 dicta
3022 3384 3127 3438 est,
3156 3392 3258 3430 non
3281 3379 3507 3438 flamma.

1974 3468 2077 3505 non
2106 3456 2258 3521 ignis.
2276 3456 2431 3515 Audi,
2455 3457 2574 3522 quia
2600 3466 2648 3509 et
2677 3472 2779 3511 nox
2799 3468 2896 3512 est.
2924 3460 2996 3513 De
3016 3464 3239 3528 quodam
3264 3481 3416 3518 servo
3439 3468 3515 3520 di-

1973 3540 2141 3591 citur:
2169 3538 2344 3606 Ligate
2363 3540 2441 3591 illi
2462 3558 2663 3596 manus
2694 3554 2702 3567 '
2724 3546 2890 3612 pedes,
2908 3558 2952 3598 et
2975 3549 3207 3616 projicite
3228 3567 3339 3604 eum
3364 3555 3416 3606 in
3442 3565 3515 3607 te-

1975 3628 2153 3680 nebras
2166 3630 2439 3683 exteriores
2456 3630 2662 3699 (Matth.
2682 3649 2808 3697 xxtt,
2828 3634 3202 3706 13).0peretur
3212 3656 3338 3710 ergo
3358 3644 3515 3697 homo

1976 3714 2128 3782 [Aug.
2160 3717 2283 3767 add.
2310 3718 2431 3770 dum
2460 3718 2632 3789 vivit],
2662 3736 2727 3775 ne
2754 3721 2839 3777 illa
2866 3734 3019 3778 nocte
3043 3730 3513 3793 prmveniatur,uhi

1975 3815 2128 3851 nemo
2142 3805 2306 3866 possit
2326 3807 2553 3869 operari.
2570 3806 2721 3861 Modo
2738 3817 2819 3861 est
2838 3818 2895 3862 ut
2914 3821 3160 3878 Operetur
3181 3814 3306 3867 ﬁdes
3325 3830 3418 3882 per
3435 3817 3513 3869 di-

1973 3885 2277 3951 lectionem;
2310 3900 2361 3942 et
2384 3892 2427 3943 si
2454 3894 2607 3947 modo
2621 3908 2919 3962 operamur,
2952 3899 3036 3953 hic
3065 3910 3146 3953 est
3170 3903 3305 3964 dies,
3330 3904 3413 3957 hic
3436 3917 3517 3959 est

1974 3977 2232 4030 Christus.
2264 3980 2396 4032 Audi
2421 3984 2836 4049 promittentem,
2860 3997 2911 4039 et
2940 4004 3005 4041 ne
3028 3991 3303 4045 arbitreris
3328 3995 3517 4047 absen-

1976 4072 2101 4153 tem.
2126 4082 2138 4115 :
2187 4063 2317 4117 Ecce
2353 4083 2444 4135 ego
2472 4070 2722 4122 vobiscum
2757 4090 2869 4125 sum
2899 4078 3129 4129 omnibus
3156 4079 3330 4132 diebus
3358 4100 3519 4153 usque

1974 4151 2041 4201 ad
2085 4154 2571 4205 consummationem
2611 4159 2805 4209 stt-culi.
2859 4159 2933 4213 lbi
2976 4164 3116 4216 enim
3148 4166 3249 4217 erit
3286 4183 3387 4221 nox
3428 4151 3516 4223 ubi

1976 4253 2129 4291 nemo
2152 4241 2318 4306 possit
2340 4244 2571 4308 operari,
2596 4246 2686 4299 sed
2714 4248 2951 4315 recipere
2977 4253 3117 4319 quod
3141 4267 3387 4322 operatus
3412 4270 3510 4311 est.

1974 4329 2127 4382 Aliud
2147 4339 2229 4383 est
2253 4340 2457 4399 tempus
2482 4337 2822 4400 operationis,
2846 4339 2987 4392 aliud
3010 4345 3323 4410 receptionis
3350 4364 3361 4395 :
3392 4348 3512 4398 rc.|-

1975 4417 2063 4468 det
2087 4418 2225 4481 enim
2248 4418 2528 4485 unicuique
2548 4423 2835 4477 secundum
2862 4438 3018 4493 opera
3040 4443 3151 4481 sua.
3178 4450 3196 4481 ι
3227 4432 3517 4490 Audiamus

1975 4503 2197 4556 sollicita
2228 4514 2402 4557 mente
2428 4506 2733 4574 Apostolum
2763 4511 3135 4569 exhortantem
3158 4534 3254 4573 nos
3279 4526 3506 4589 operari.

1976 4588 2097 4640 dum
2128 4596 2332 4658 tempus
2358 4592 2630 4646 habemus.
2663 4596 2797 4648 Dicit
2824 4599 2965 4649 enim
2995 4616 3007 4649 :
3040 4599 3171 4653 Dum
3196 4614 3389 4671 tempus
3419 4609 3515 4661 ltu~

1977 4679 2165 4743 bemus,
2207 4697 2470 4748 operemur
2510 4684 2693 4747 bonum
2735 4685 2804 4736 ad
2848 4702 3018 4739 omnes
3056 4686 3247 4757 (Calat.
3288 4708 3369 4755 vr,
3403 4698 3512 4765 l0).
3582 4678 3585 4679 ν

1978 4767 2113 4831 Quid
2136 4770 2279 4821 enim
2314 4770 2555 4823 Christus
2583 4773 2801 4834 dixerit,
2828 4774 3155 4831 admonendo
3181 4779 3378 4843 bonos,
3411 4794 3511 4837 ter-

1978 4855 2143 4909 rendo
2164 4857 2348 4918 malos,
2378 4859 2705 4921 audivimus;
2740 4862 2828 4913 sed
2853 4862 3124 4919 videamus
3147 4868 3271 4934 quid
3302 4870 3504 4925 fecerit.

1978 4942 2160 5001 (νω.
2190 4941 2242 5004 6,
2276 4943 2349 5009 7.)
2384 4942 2506 4994 Ηαέ
2530 4961 2643 4997 cum
2670 4948 2900 5011 dixisset,
2931 4953 3125 5018 exspuit
3150 4954 3201 5003 in
3230 4964 3437 5018 terram,
3463 4971 3509 5009 et

1980 5026 2093 5092 fecit
2114 5028 2276 5081 lutum
2293 5047 2355 5082 ea:
2376 5042 2543 5099 sputo,
2569 5046 2615 5085 et
2641 5035 2800 5089 linivit
2828 5037 2989 5090 lutum
3008 5056 3160 5104 super
3178 5042 3349 5095 oculos
3375 5045 3507 5111 ejus,

1977 5125 2024 5164 et
2048 5115 2177 5166 dixit
2205 5118 2252 5168 ei
2281 5132 2296 5165 .·
2337 5117 2475 5170 Vade
2502 5130 2547 5172 et
2574 5120 2685 5173 lana
2711 5124 2764 5176 in
2791 5127 3045 5177 natatart'a
3078 5125 3232 5190 Siloe,
3260 5133 3393 5200 quod
3424 5135 3503 5184 iu-

1979 5213 2282 5273 terpretatur
2306 5208 2509 5259 missus.
2542 5209 2674 5271 Quid
2708 5209 2834 5263 fecit
2870 5212 3141 5279 Dominus,
3172 5221 3507 5291 perspicuum

1975 5301 2075 5346 est.
2099 5294 2410 5348 llluminatio
2446 5294 2584 5383 facta
2617 5305 2697 5351 est
2725 5298 2777 5352 in
2808 5315 2967 5364 caeco,
2992 5304 3084 5359 sed
3115 5320 3356 5374 magnum
3392 5324 3504 5383 tay-

1974 5380 2190 5431 sterium
2222 5380 2621 5454 commendatur
2649 5384 2701 5436 in
2722 5384 2954 5441 humano
2980 5404 3187 5459 genere.
3225 5408 3243 5440 ι
3283 5380 3506 5462 Exspuit

1976 5465 2028 5515 in
2056 5474 2247 5517 terram
2268 5504 2282 5528 ,
2310 5465 2374 5521 de
2404 5467 2565 5521 saliva
2593 5468 2760 5523 lutum
2786 5471 2946 5536 fecit,
2978 5476 3099 5542 quia
3127 5476 3353 5531 Verbum
3381 5496 3502 5537 caro
