4152 6190
356 340 450 393 881

1110 335 1510 392 ΕΧΕΕΕΤῙΕΔ.
1556 365 1620 376 --
1649 332 1990 390 COMMENT.
2031 331 2094 383 IN
2132 329 2317 385 JOAN.
2345 361 2414 371 -—-
2451 330 2574 384 LIB.
2613 333 2672 383 V.

3409 335 3513 391 88%

355 459 412 504 et
434 449 644 502 dorsum
658 447 853 515 ponitis
880 455 1062 500 contra
1087 447 1400 502 Dominum?
1421 446 1526 500 Sed
1552 460 1650 498 nec
1675 459 1886 498 servum
1915 447 1956 500 Λ
1984 452 2132 495 orate
2173 451 2232 495 ut
2261 443 2408 496 vobis
2447 443 2840 510 proﬁcientibus
2878 446 2987 510 ipsa
3014 445 3273 498 deﬁciant.
3311 445 3510 500 Tamen
3606 440 3612 445 ’

360 535 675 603 sequimini;
701 548 826 588 nam
850 539 947 601 per
972 534 1117 587 illum
1147 533 1213 586 ad
1247 532 1524 586 Dominum
1547 531 1888 584 duoeremini.

434 623 590 676 Vm
617 621 705 684 30,
727 622 814 675 3|.
839 640 915 660 —'
930 620 1204 690 Respondit
1225 621 1312 672 ille
1336 622 1486 672 homo
1504 660 1518 681 ,
1546 618 1592 671 et
1632 619 1760 670 dixit
1781 619 1852 669 eis
1873 631 1891 668 :

362 709 430 764 In
452 712 546 764 Itoc
571 710 803 763 mirabile
820 719 913 772 est,
943 712 1063 778 quia
1081 694 1169 762 eos'
1195 709 1394 762 nescitis
1425 709 1557 759 unde
1602 709 1684 770 sit,
1712 717 1758 760 et
1779 723 1896 774 ape-

364 797 468 848 ruit
495 795 667 848 oculos
688 811 844 848 meos.
878 793 1078 851 Scimus
1102 805 1290 857 autem,
1311 796 1430 863 quia
1450 804 1733 861 peccatores
1759 793 1895 845 Deus

366 901 468 937 non
498 885 728 948 exaudit,
763 883 852 937 sed
877 884 966 952 qui
997 881 1143 953 [Ἀθη
1168 884 1213 936 si
1235 883 1372 952 quis]
1405 881 1500 934 Dei
1529 881 1694 934 cultor
1718 891 1809 945 est,
1849 892 1896 934 et

364 969 673 1024 volutet-tetu
711 971 824 1039 ejus
866 971 1011 1037 facit,
1057 971 1190 1022 hunc
1223 970 1430 1021 exaudit
1463 968 1620 1021 Deus.
1665 986 1682 1016 ι
1717 969 1900 1020 Adhuc

366 1059 612 1112 inunctus
640 1058 892 1124 loquitur.
923 1057 1054 1110 Nam
1081 1065 1136 1108 et
1160 1057 1466 1124 peccatores
1491 1054 1705 1110 exaudit
1739 1055 1894 1107 Deus.

364 1144 424 1196 Si
450 1143 591 1195 enim
621 1151 925 1211 [necatores
967 1143 1104 1196 Deus
1127 1159 1230 1196 non
1255 1143 1547 1204 exaudiret,
1577 1142 1772 1196 frustra
1812 1143 1898 1195 ille

365 1228 674 1295 publicanus
712 1230 892 1283 oculos
939 1231 992 1282 in
1038 1238 1236 1283 terram
1273 1229 1541 1282 dimittens
1563 1269 1577 1291 ,
1622 1238 1675 1282 et
1719 1238 1901 1296 pectus

366 1331 518 1370 suum
541 1318 840 1384 percutiens
860 1319 1092 1371 diceret:
1120 1317 1352 1380 Domine,
1376 1318 1622 1384 propitius
1648 1324 1753 1368 esto
1777 1317 1900 1367 mihi

367 1405 620 1470 peccatori
654 1404 800 1473 (Luc.
824 1420 975 1466 mu,
1005 1405 1112 1473 15).
1144 1405 1209 1458 Et
1229 1405 1330 1457 ista
1352 1403 1681 1457 confessione
1708 1405 1901 1456 meruit

361 1488 824 1555 justiﬁeationem,
882 1492 1144 1558 quomodo
1195 1493 1299 1544 iste
1349 1506 1516 1544 caecus
1568 1491 1902 1544 illuminatioo

368 1594 508 1632 nem.
543 1600 562 1629 ι
595 1579 698 1632 Sed
721 1581 1084 1648 peccatoribus
1111 1581 1386 1632 lavandum
1413 1589 1494 1633 est
1522 1594 1614 1632 cor
1635 1581 1897 1648 peniten-

369 1668 456 1720 tia:
478 1668 742 1736 Iacrymis,
769 1679 828 1722 ut
847 1671 1224 1731 exandiantur;
1253 1680 1305 1722 et
1339 1670 1427 1720 ﬁat
1452 1669 1559 1737 [Ms
1589 1711 1602 1733 ,
1627 1680 1680 1723 et
1705 1669 1814 1741 ﬁet]
1848 1672 1900 1725 in

1991 532 2152 585 nolite
2173 530 2476 599 desperare,
2501 539 2555 584 et
2580 539 2884 598 peccatores
2902 541 3067 584 orate.
3089 531 3216 596 Quis
3240 532 3381 584 enim
3411 547 3512 585 non

1991 620 2261 687 peccavit?
2301 619 2344 670 Α
2387 617 2747 671 sacerdotibus
2791 618 2980 685 incipe.
3025 616 3395 671 Sacerdotibus
3439 618 3520 674 di-

1991 717 2133 761 ctum
2157 716 2239 762 est
2265 723 2279 761 :
2305 705 2461 760 Prius
2483 708 2658 774 olens
2682 708 2934 774 sacrificia
2960 724 3056 776 pro
3076 708 3292 776 peccatis
3323 708 3520 770 vestris,

1991 805 2038 847 et
2055 797 2128 848 sic
2150 813 2242 864 pro
2266 795 2452 865 populo
2478 795 2658 865 (Hebr.
2679 811 2777 858 vn,
2794 795 2903 863 2'1).
2936 795 3187 863 Sequitur
3210 815 3222 849 :

2061 884 2220 936 Vens.
2250 884 2336 937 59.
2382 913 2453 922 —
2498 883 2562 935 In
2590 883 2845 951 judicium
2886 899 2976 952 ego
3017 884 3072 936 in
3105 885 3239 936 hunc
3275 885 3525 939 mundum

1995 970 2126 1032 veni,
2170 979 2223 1021 ut
2257 972 2344 1039 qui
2367 986 2468 1022 non
2499 971 2687 1031 rident,
2730 971 2952 1032 ritieant,
2979 980 3029 1022 et
3062 971 3149 1040 qui
3186 971 3373 1035 rident,
3401 974 3526 1024 circi

1995 1058 2143 1123 ﬁant.
2175 1057 2309 1122 Quid
2334 1066 2436 1120 est,
2465 1059 2603 1124 quod
2627 1057 2775 1120 dicit,
2804 1057 2869 1109 In
2900 1058 3154 1123 judicium
3192 1076 3281 1128 ego
3311 1059 3363 1112 in
3391 1062 3525 1112 hunc

1996 1149 2242 1200 mundum
2265 1149 2395 1210 veni,
2423 1148 2544 1200 dum
2588 1147 2688 1199 alio
2719 1146 2832 1200 loco
2869 1147 2995 1199 dicit
3025 1164 3038 1197 :
3078 1145 3197 1197 Non
3234 1148 3368 1199 enim
3397 1149 3526 1207 veni.

1995 1245 2051 1286 ut
2083 1236 2310 1302 judicem
2347 1235 2592 1286 mundum
2632 1232 2810 1302 (Joan.
2856 1249 2939 1295 ιιι,
2986 1231 3072 1295 17,
3103 1233 3221 1300 l8)?
3265 1234 3364 1285 nisi
3405 1235 3527 1300 quia

1996 1323 2135 1375 aliud
2163 1332 2244 1375 est
2282 1321 2538 1388 judicium
2581 1322 2916 1374 discretionis
2935 1360 2950 1383 ,
2997 1319 3136 1373 aliud
3164 1329 3242 1373 est
3273 1320 3526 1388 judicium

1997 1409 2363 1471 damnationis,
2391 1409 2456 1461 de
2475 1423 2580 1475 quo
2606 1408 2715 1475 ipse
2740 1407 2993 1460 Dominus
3017 1407 3091 1458 ait
3110 1407 3233 1461 alibi
3263 1421 3277 1458 :
3303 1405 3403 1470 Qui
3430 1425 3530 1460 rion

1997 1499 2154 1552 credit
2181 1499 2233 1550 in
2258 1513 2357 1559 me,
2372 1497 2485 1564 jam
2505 1496 2766 1563 judicatus
2786 1504 2880 1556 est,
2904 1495 2956 1547 id
2981 1503 3084 1556 est,
3107 1494 3403 1548 damnatus.
3435 1494 3531 1547 llic

1997 1587 2135 1638 enim
2164 1585 2216 1637 in
2239 1585 2338 1637 hoc
2368 1585 2481 1638 loco
2507 1623 2520 1645 ,
2547 1584 2684 1636 sicut
2710 1583 2761 1634 in
2789 1582 3127 1649 sequentibus
3153 1582 3329 1634 verbis
3366 1591 3528 1648 patet,

1992 1671 2248 1739 judicium
2275 1671 2609 1724 discretionis
2629 1669 2905 1738 signiﬁcat,
2934 1668 3056 1720 dum
3077 1669 3150 1720 ait
3180 1685 3192 1718 :
3227 1665 3290 1718 Ut
3319 1667 3407 1735 qui
3431 1683 3532 1720 non

367 1756 527 1809 corde
572 1756 777 1808 illorum
805 1760 942 1824 quod
981 1759 1175 1812 factum
1217 1768 1296 1811 est
1325 1759 1377 1810 in
1408 1757 1542 1810 facie
1571 1761 1692 1812 (neci
1721 1759 1902 1826 hujus;
1939 1742 1978 1800 Β
2003 1761 2190 1824 rident,
2209 1761 2429 1822 rideant,
2457 1769 2503 1812 et
2522 1760 2610 1827 qui
2631 1758 2816 1820 vident,
2844 1758 2964 1811 σεινεὶ
2986 1757 3133 1824 ﬁant.
3163 1774 3181 1804 ι
3201 1755 3334 1820 Quid
3357 1763 3460 1818 est,
3475 1764 3532 1806 ut

366 1851 423 1897 et
449 1844 682 1896 sentiunt
727 1845 889 1897 Deum
931 1846 1048 1898 illos
1082 1847 1364 1908 exaudire,
1395 1847 1481 1913 qui
1519 1855 1574 1897 ut
1601 1855 1906 1914 peccatores

370 1928 603 1985 salvaret
625 1931 768 1983 venit
788 1931 840 1983 in
869 1932 1008 1985 hunc
1034 1933 1304 1984 mundum.

441 2019 599 2072 Vsus.
631 2019 718 2083 32,
749 2021 837 2073 35.
880 2051 948 2058 —-
990 2022 1030 2073 Α
1057 2021 1243 2074 sa'culo
1272 2038 1372 2074 non
1401 2032 1473 2074 est
1500 2023 1749 2085 auditum,
1784 2025 1907 2091 quia

372 2107 568 2171 aperuit
594 2107 708 2174 quis
735 2107 910 2161 oculos
945 2111 1065 2161 σαι-εί
1107 2112 1234 2162 nati.
1274 2109 1388 2162 Nisi
1437 2121 1561 2163 esset
1603 2112 1683 2163 hic
1714 2129 1745 2163 a
1778 2112 1902 2174 Deo,

374 2204 474 2242 non
515 2202 712 2258 poterat
746 2195 915 2260 facere
945 2196 1240 2264 quidquam.
1274 2197 1460 2250 Libcre
1502 2207 1908 2266 constanterque

371 2278 644 2336 confessus
672 2291 751 2336 est
780 2284 1070 2336 veritatem.
1099 2285 1221 2337 Haec
1253 2287 1391 2338 enim
1425 2301 1542 2351 qua:
1568 2286 1705 2338 facta
1732 2295 1852 2339 sunt
1877 2301 1906 2338 a

377 2370 632 2432 Domino,
684 2387 715 2424 a
744 2387 848 2440 quo
895 2372 1082 2426 ﬁerent
1122 2374 1222 2427 nisi
1250 2390 1278 2426 a
1309 2373 1448 2426 Deo?
1489 2374 1593 2426 Aut
1631 2375 1839 2441 quando
1877 2389 1907 2426 a

374 2458 646 2526 discipulis
666 2460 791 2512 talia
812 2460 1020 2523 ﬁerent,
1045 2463 1144 2515 nisi
1167 2463 1218 2514 in
1240 2463 1318 2517 eis
1339 2463 1590 2516 Dominus
1614 2463 1908 2516 habitaret?

376 2545 559 2613 (Vsus.
581 2546 691 2616 34.)
709 2546 1124 2615 «Responderunt
1150 2561 1195 2601 et
1216 2551 1453 2603 dixerunt
1476 2553 1520 2602 ei
1551 2565 1568 2600 :
1600 2551 1662 2603 In
1692 2552 1909 2619 peccatis

378 2643 528 2685 natus
557 2650 609 2686 es
636 2645 790 2688 totus.
821 2636 955 2703 Quid
995 2647 1077 2690 est
1119 2638 1294 2689 totus.’
1324 2639 1454 2690 Cum
1492 2639 1658 2692 oculis
1691 2640 1906 2693 clausis.

380 2721 483 2775 Sed
515 2724 603 2790 qui
632 2728 836 2790 aperuit
860 2727 1070 2789 oculos,
1107 2727 1276 2779 salvat
1301 2737 1354 2779 et
1384 2736 1548 2781 totum
1579 2747 1590 2780 :
1623 2729 1734 2796 ipse
1764 2729 1908 2782 dabit

383 2807 434 2858 iu
461 2809 617 2860 corde
640 2814 1096 2876 resurrectionem,
1121 2814 1209 2881 qui
1240 2814 1292 2866 in
1320 2814 1452 2868 facie
1479 2815 1623 2868 dedit
1646 2814 1908 2868 illumina-

381 2896 596 2950 tionem.
627 2897 692 2951 In
709 2901 926 2967 peccatis
947 2911 1081 2953 totus
1107 2911 1256 2953 natus
1281 2919 1353 2966 es,
1379 2912 1426 2954 et
1446 2913 1501 2954 tu
1519 2904 1666 2956 doces
1690 2904 1821 2957 nos?
1843 2903 1909 2956 Et

2001 1850 2087 1919 qui
2112 1865 2212 1902 non
2237 1850 2424 1911 rident,
2454 1849 2692 1901 videant?
2727 1847 2825 1912 Qui
2868 1862 2924 1899 se
2945 1862 3049 1899 non
3076 1846 3254 1899 videre
3274 1845 3530 1899 conﬁten-

2003 1947 2193 2003 tur,.et
2235 1936 2491 1991 medicum
2526 1943 2766 2003 quasrunt
2790 1944 2848 1986 ut
2870 1933 3101 1986 videant.
3139 1931 3204 1983 Et
3229 1932 3316 2000 qui
3343 1932 3530 1992 vident,

2002 2027 2122 2078 circi
2141 2026 2288 2092 ﬁant.
2329 2024 2463 2089 Quid
2483 2033 2582 2081 est,
2604 2024 2690 2092 qui
2710 2023 2897 2084 uident,
2919 2021 3039 2073 ια·ίὶ
3063 2021 3189 2088 ﬁant
3214 2021 3308 2072 ΡΗ
3322 2031 3424 2082 est,
3444 2023 3535 2087 qui

2003 2128 2060 2166 se
2080 2121 2264 2181 putant
2284 2113 2484 2174 videre,
2499 2119 2551 2163 et
2569 2100 2830 2163 medicum
2854 2123 2958 2160 non
2976 2115 3239 2175 quarunt,
3255 2109 3345 2161 sed
3367 2107 3418 2158 in
3439 2121 3534 2162 sua

2003 2201 2238 2253 excitate
2265 2198 2417 2268 561
2441 2206 2747 2267 permanent
2771 2196 2948 2266 [Aug.,
2979 2194 3362 2266 permaneant].
3393 2195 3530 2263 Ergo

2005 2288 2156 2340 istam
2176 2289 2541 2341 discretionem
2561 2286 2769 2340 vocavit
2785 2285 3070 2355 judicium;
3095 2303 3113 2336 ι
3139 2285 3261 2353 quia
3284 2284 3536 2338 discernit

2004 2372 2228 2425 humiles
2243 2387 2272 2424 a
2291 2374 2550 2439 superbis,
2573 2371 2848 2425 credentes
2868 2388 2898 2424 a
2914 2387 3019 2425 non
3041 2373 3395 2434 credentibus,
3423 2387 3534 2424 me-

2004 2454 2182 2514 dicum
2205 2469 2499 2527 querentes
2527 2460 2593 2512 ab
2620 2459 2699 2514 eis
2726 2459 2817 2526 qui
2859 2457 3119 2511 medicum
3141 2472 3376 2526 quaerere
3404 2473 3532 2513 con-

2009 2556 2264 2602 temnunt.
2295 2547 2338 2602 0
2362 2547 2605 2609 Domine,
2638 2545 2853 2608 venisti,
2888 2553 2950 2598 ut
2969 2545 3062 2613 qui
3085 2558 3192 2597 non
3214 2543 3424 2607 vident,
3458 2545 3536 2597 vi-

2005 2639 2202 2702 deant;
2241 2647 2412 2701 recte,
2453 2638 2576 2706 quia
2602 2637 2778 2689 lumen
2800 2650 2897 2699 es;
2935 2642 3109 2696 recte,
3151 2633 3275 2701 quia
3299 2632 3411 2686 dies
3436 2646 3535 2693 es;

2008 2737 2168 2791 recte,
2190 2729 2312 2795 quia
2341 2728 2405 2780 de
2435 2727 2664 2780 tenebris
2699 2723 2894 2778 liberas
2917 2723 3174 2777 homines.
3221 2719 3332 2775 Hoc
3365 2721 3540 2774 omnis

2003 2818 2181 2871 anima
2211 2817 2464 2884 accipiat,
2491 2816 2590 2868 hoc
2614 2814 2787 2866 omnis
2813 2812 2989 2864 anima
3017 2810 3306 2879 intelligat,
3343 2819 3402 2864 ut
3428 2825 3533 2864 non

2009 2914 2218 2958 maneat
2243 2905 2294 2956 in
2326 2902 2589 2965 tenebris;
2621 2900 2712 2954 sed
2739 2899 3059 2952 illuminctur
3085 2900 3151 2951 ab
3172 2913 3234 2951 eo
3254 2939 3272 2960 ,
3295 2899 3384 2968 qui
3410 2898 3533 2952 illu-

379 2981 632 3047 cjecerunt
669 3001 782 3039 eum
809 2986 966 3052 foras.
1008 2987 1108 3054 Ipsi
1137 2987 1282 3039 illum
1316 2989 1624 3056 magistrum
1655 2989 1908 3052 fecerant,
1968 3055 1979 3056 ί
2012 2994 2169 3046 minat
2192 3007 2389 3044 omnem
2412 2989 2664 3042 hominem
2687 2987 2959 3039 venientem
2979 2985 3032 3037 in
3056 2985 3189 3036 hunc
3217 2987 3487 3039 mundum;

383 3069 480 3133 ipsi
511 3079 569 3120 ut
609 3071 898 3134 discerent;
933 3075 1088 3126 toties
1127 3055 1600 3140 interrogaverunt,
1643 3084 1698 3127 ct
1722 3075 1911 3143 ingrati
1941 3055 1985 3110 (Ῑ
2083 3081 2242 3132 Vsus.
2279 3078 2364 3131 40.
2389 3075 2733 3131 -—‘Commoti
2761 3082 2881 3126 sunt
2907 3073 3047 3126 enim
3075 3071 3249 3125 verbis
3283 3073 3401 3128 istis
3424 3075 3545 3143 qui-

385 3153 659 3206 docentem
686 3159 1037 3224 pmjecerunt.
1087 3159 1190 3213 Sed
1220 3170 1276 3214 ut
1317 3161 1421 3214 dixi
1456 3159 1782 3227 iamdudum,
1811 3163 1916 3215 ira-

383 3253 526 3304 tres,
573 3242 645 3294 illi
683 3244 913 3313 pellunt,
943 3246 1194 3301 Dominus
1234 3250 1448 3316 suscipit
1493 3290 1505 3301 .
1557 3251 1724 3319 magis
1752 3252 1914 3313 enim,

383 3333 506 3400 quia
551 3337 798 3404 expulsus
835 3347 937 3400 est,
980 3339 1313 3394 Christianus
1346 3340 1514 3393 factus
1559 3350 1658 3394 est.
1703 3361 1720 3391 ι
1763 3342 1916 3395 Certe

383 3421 648 3488 projectus
671 3432 752 3475 cst
783 3425 881 3478 iste
907 3425 972 3484 de
1001 3441 1284 3495 synagoga.
1313 3427 1522 3481 Audivit
1553 3428 1724 3490 Jesus,
1753 3438 1806 3480 et
1840 3429 1917 3480 in—

385 3507 531 3561 venit
559 3523 700 3571 eum,
723 3519 777 3562 et
800 3511 935 3562 dixit
961 3513 1009 3564 ei
1043 3530 1054 3562 :
1083 3515 1262 3578 (Vens.
1287 3515 1374 3576 55,
1406 3515 1517 3582 36.)
1557 3515 1631 3566 Tu
1661 3517 1823 3568 credis
1863 3517 1916 3568 in

387 3589 580 3645 Filium
610 3593 744 3646 Dei.’
770 3593 836 3647 Et
863 3596 985 3650 ille:
1011 3597 1135 3660 Quis
1170 3610 1260 3659 est,
1296 3600 1526 3662 Domine,
1557 3610 1610 3650 ut
1639 3601 1838 3652 credam
1863 3603 1916 3653 in

386 3682 538 3733 eum?
566 3682 806 3746 Videbat,
854 3695 908 3738 et
945 3702 1049 3739 non
1094 3687 1323 3751 videbat,
1370 3688 1576 3742 videbat
1612 3689 1778 3742 oculis
1805 3698 1916 3741 tan-

391 3777 521 3828 tum,
546 3769 636 3820 sed
668 3772 830 3822 corde
851 3772 1022 3824 adhuc
1047 3790 1150 3826 non
1176 3775 1403 3830 videbat.
1430 3776 1517 3828 Ait
1539 3775 1611 3830 illi
1639 3777 1913 3832 Dominus:

391 3851 457 3920 Et
502 3853 669 3906 vidisti
707 3871 842 3917 eum,
881 3859 1089 3924 quando
1129 3860 1448 3914 illuminatus
1485 3863 1652 3925 fuisti,
1697 3865 1796 3917 hoc
1840 3873 1923 3918 est

388 3941 583 4004 oculis;
617 3939 683 3995 Et
719 3944 804 4012 qui
833 3943 1056 4012 loquitur
1090 3955 1251 4000 tecum
1274 3987 1290 4010 ,
1320 3949 1424 4015 ipse
1449 3959 1541 4000 est.
1586 3967 1606 3998 ι
1632 3950 1769 4002 Dum
1801 3969 1919 4021 ergo

388 4031 582 4083 audivit
608 4030 760 4084 Jesus
777 4051 793 4096 ,
813 4034 936 4101 quia
957 4034 1211 4103 ejecerunt
1237 4050 1351 4086 eum
1380 4035 1542 4102 foras,
1572 4045 1618 4088 et
1645 4052 1760 4087 cum
1784 4038 1920 4090 inve-

391 4119 544 4173 nisset
567 4137 684 4174 eum
703 4161 715 4184 ,
742 4122 872 4176 dixit
902 4124 949 4176 ei
970 4137 987 4175 .'
1022 4123 1097 4179 Tu
1121 4124 1284 4178 credis
1309 4124 1360 4176 in
1385 4123 1579 4178 Filium
1597 4124 1730 4178 Dei.’
1771 4124 1924 4178 Modo

388 4205 530 4259 lavat
573 4207 760 4261 faciem
810 4211 1004 4265 cordis.
1053 4210 1330 4280 Respondit
1358 4211 1465 4275 ille,
1495 4221 1541 4264 et
1569 4211 1731 4277 dixit,
1769 4213 1919 4281 quasi

388 4294 560 4349 adhuc
603 4295 845 4350 intinctus
868 4311 906 4349 .:
962 4296 1086 4360 Quis
1117 4307 1222 4359 est,
1255 4299 1494 4362 Domine,
1531 4311 1586 4351 ut
1629 4302 1832 4352 credant
1866 4301 1918 4353 in

389 4399 505 4437 eum
527 4385 552 4435 .’
577 4383 758 4453 (Vsus.
789 4385 900 4454 37.)
927 4383 994 4437 Et
1026 4385 1156 4439 dixit
1181 4387 1228 4439 ei
1259 4385 1457 4441 Iesus:
1494 4387 1561 4442 Et
1588 4389 1756 4442 uidisti
1781 4407 1918 4453 eum,

392 4479 439 4524 ct
463 4473 550 4538 qui
576 4471 798 4541 loquitur
820 4483 1006 4537 tecum,
1045 4474 1150 4540 ipse
1168 4484 1262 4527 est.
1293 4474 1334 4529 Τ
1340 4491 1440 4528 unc
1465 4486 1762 4544 prostratus
1790 4479 1920 4532 ado-

395 4556 530 4607 ravit
554 4569 693 4610 eum.
726 4559 872 4612 'l‘unc
894 4559 1024 4629 HL,
1047 4559 1218 4630 Nunc]
1237 4561 1362 4616 lavit
1391 4560 1575 4616 faciem
1604 4566 1798 4618 cordis.
1824 4563 1922 4620 De-

397 4643 550 4710 nique
571 4640 679 4709 jam
707 4645 840 4698 facie
871 4648 977 4702 lota
1003 4649 1197 4712 cordis,
1223 4656 1277 4702 et
1301 4648 1548 4703 mundata
1574 4653 1918 4716 conscientia,

396 4749 686 4803 agnoscens
718 4735 860 4789 illum
902 4754 1004 4791 non
1034 4739 1223 4804 Filium
1259 4742 1485 4796 hominis
1528 4749 1750 4807 tantum,
1781 4745 1919 4812 quod

398 4832 521 4876 ante
553 4824 882 4887 crediderat,
923 4827 1014 4879 sed
1031 4826 1141 4898 jam
1166 4829 1354 4884 Filium
1380 4831 1506 4894 Dei,
1533 4845 1687 4898 quem
1713 4833 1922 4886 videbat

399 4912 575 4979 [Aug.,
608 4909 798 4965 Filium
847 4913 979 4974 Dei,
1026 4915 1115 4981 qui
1159 4931 1372 4970 carnem
1416 4917 1763 4988 susceperat],
1809 4919 1921 4972 ait:

399 4998 581 5066 (Vsus.
611 5003 723 5070 38.)
753 5003 950 5068 Credo,
987 5005 1217 5060 Domine.
1250 5007 1352 5062 Sed
1381 5025 1570 5077 parum
1597 5021 1678 5066 est
1718 5012 1920 5074 dicere,

399 5091 568 5145 credo.
607 5093 695 5145 Vis
720 5095 896 5148 videre
920 5096 1123 5163 quakm
1151 5098 1370 5153 credat?
1398 5097 1674 5154 Procidens
1697 5103 1926 5155 adoravit

398 5196 534 5232 eunt.
570 5201 588 5230 ι
643 5174 698 5233 Si
750 5179 1031 5240 Dominum
1086 5183 1177 5238 Dei
1225 5185 1415 5238 Filium
1469 5202 1575 5243 non
1618 5189 1928 5244 credidisset

399 5284 558 5336 quem
585 5271 810 5335 videbat,
837 5272 1132 5328 nullatenus
1159 5275 1430 5329 adorasset
1455 5290 1596 5328 eum.
1640 5278 1930 5332 lneumbite

400 5370 532 5426 ergo
587 5361 931 5425 orationibus,
959 5373 1300 5428 peccatores.
1349 5363 1668 5420 conﬁtemini
1717 5375 1929 5434 peccata

403 5457 575 5500 Vestra
603 5489 616 5510 ,
667 5461 818 5506 orate
862 5461 917 5504 ut
967 5451 1256 5514 deleantur,
1300 5463 1448 5506 orate
1498 5462 1555 5506 ut
1607 5455 1930 5517 minuantur,

2014 3168 2133 3220 dam
2155 3183 2218 3220 ex
2247 3167 2546 3227 Pharisaais,
2573 3173 2626 3217 et
2649 3165 2898 3217 dixerunt
2929 3164 2978 3216 ei
3017 3180 3030 3214 :
3059 3179 3077 3211 ι
3108 3160 3354 3230 Nunquid
3379 3169 3426 3213 et
3453 3176 3545 3214 nos

2013 3257 2133 3307 αιτί
2164 3255 2376 3307 sumus?
2408 3254 2636 3305 Audiaut
2670 3250 2814 3321 [.ils.,
2843 3251 2961 3304 audi
2990 3248 3130 3320 jam]
3155 3249 3280 3318 quid
3300 3255 3381 3303 est
3409 3249 3548 3316 quod

2015 3347 2182 3396 move!
2205 3353 2255 3395 at
2285 3362 2296 3393 :
2327 3343 2391 3394 Et
2426 3345 2512 3409 qui
2532 3342 2719 3403 uident,
2749 3342 2871 3392 ca'ci
2901 3340 3049 3408 ﬁant.

2083 3433 2240 3485 Vens.
2279 3430 2365 3481 41.
2393 3459 2459 3467 ——
2487 3429 2629 3481 Dixit
2658 3423 2728 3480 eis
2761 3427 2915 3479 Iesus
2944 3441 2962 3477 :
2990 3427 3047 3480 Si
3073 3430 3194 3480 ccci
3218 3430 3416 3492 essetis,
3451 3445 3550 3482 non

2013 3518 2261 3571 haberetis
2294 3525 2572 3585 peccatum.
2603 3514 2732 3568 Cum
2760 3514 2829 3567 sit
2853 3513 3063 3566 caecitas
3102 3514 3214 3582 ipsa
3254 3525 3548 3582 peccatum.

2016 3606 2072 3661 Si
2109 3607 2230 3660 εατεὶ
2275 3607 2468 3666 essetis,
2498 3605 2549 3657 id
2568 3614 2667 3668 est,
2694 3605 2736 3658 si
2780 3619 2875 3658 vos
2900 3619 3067 3658 cmcos
3106 3604 3473 3668 adverteretis,
3499 3617 3555 3660 et

2015 3692 2080 3746 ad
2104 3692 2363 3746 medicum
2387 3693 2702 3756 curreretis;
2751 3691 2797 3743 si
2825 3706 2950 3762 ergo
2974 3691 3046 3743 ita
3073 3689 3196 3745 caeci
3217 3691 3420 3752 essetis,
3451 3709 3552 3744 non

2016 3782 2263 3834 haberetis
2289 3791 2565 3849 peccatum.
2596 3781 2748 3834 Nunc
2776 3797 2890 3833 vero
2938 3780 3126 3843 dicitis,
3157 3781 3276 3851 quia
3303 3782 3549 3843 uidemus.

2016 3881 2233 3923 vestrum
2251 3878 2510 3938 peccatum
2530 3881 2716 3923 manet.
2745 3870 2950 3937 Quare?
2974 3869 3106 3936 Quia
3135 3870 3372 3935 dicendo,
3405 3869 3552 3924 Vide-

2019 3975 2151 4022 mus,
2169 3959 2427 4013 medicum
2452 3975 2555 4012 non
2573 3961 2826 4027 qumritis,
2854 3961 2906 4014 in
2931 3961 3167 4016 excitate
3182 3973 3353 4016 vestra
3383 3977 3550 4019 rema-

2018 4049 2171 4102 netis.
2194 4069 2212 4100 ι
2257 4047 2505 4118 Sequitur
2526 4067 2542 4104 ἰ

2524 4196 2526 4199 .
2564 4141 2787 4195 CAPUT
2841 4133 3006 4196 XXV.

2021 4243 2246 4330 Quinon
2265 4246 2423 4298 intrat
2449 4261 2540 4330 per
2767 4249 2820 4299 in
2862 4247 2991 4327 orile
3009 4251 3200 4313 ovium,
3221 4252 3386 4330 [urens
3424 4271 3560 4330 esse,

2086 4317 2367 4384 artiumque
2399 4331 2453 4366 se
2473 4323 2519 4367 et
2543 4325 2794 4383 pastorem
2823 4317 3012 4385 orium,
3041 4334 3132 4385 pro
3152 4317 3331 4385 quibus
3369 4338 3421 4374 se
3440 4325 3555 4376 ani-

2089 4398 2225 4435 mam
2260 4386 2541 4450 positurum
2567 4400 2732 4445 suam,
2755 4394 2802 4436 et
2819 4384 2949 4437 alias
2979 4384 3092 4438 oves
3114 4384 3470 4451 adducturum,
3499 4403 3551 4442 ut

2091 4452 2183 4518 ﬁat
2204 4468 2360 4504 unum
2384 4452 2514 4506 ovile
2537 4463 2584 4506 et
2604 4469 2735 4506 unus
2771 4464 2964 4522 pastor,
2991 4456 3133 4508 dicit.

2089 4557 2264 4612 Ωυυτ
2292 4574 2345 4612 x.
2376 4560 2535 4613 Vsus.
2564 4561 2759 4613 l-6.—-
2777 4562 2958 4625 Amen,
2982 4581 3128 4616 amen
3147 4566 3260 4618 dico
3290 4568 3446 4631 vobis,
3467 4572 3554 4640 qui

2024 4664 2124 4700 non
2152 4649 2310 4700 intrat
2362 4665 2451 4716 per
2488 4651 2676 4700 ostium
2705 4650 2758 4700 in
2801 4650 2931 4702 ovile
2965 4652 3153 4716 ovium,
3192 4653 3280 4706 sed
3329 4657 3555 4709 ascendit

2023 4738 2244 4802 aliunde,
2278 4740 2361 4793 ille
2384 4741 2470 4809 fur
2485 4749 2577 4801 cst,
2607 4754 2663 4795 ετ·
2683 4742 2848 4805 latro;
2871 4740 3058 4812 [usque
3094 4747 3145 4799 in
3169 4762 3287 4801 eum
3315 4749 3509 4820 locum]
3538 4769 3551 4803 :

2027 4830 2136 4883 Hoc
2165 4830 2479 4897 proverbium
2506 4829 2638 4881 dixit
2657 4830 2729 4882 eis
2752 4830 2902 4883 Jesus
2917 4849 2934 4884 :
2949 4832 3038 4886 llli
3060 4845 3228 4886 autem
3252 4851 3351 4886 nou
3370 4851 3555 4904 cogno-

2022 4926 2200 4970 verunt
2223 4917 2346 4986 quid
2369 4917 2656 4986 loqueretur
2675 4919 2767 4970 eis.
2800 4935 2818 4967 ε
2857 4931 2884 4960 ι
2911 4919 3133 4989 Propter
3171 4921 3554 4975 Pharisteorum

2021 5004 2111 5072 qui
2135 5019 2190 5056 se
2211 5005 2387 5059 videre
2406 5005 2676 5073 jactabant
2703 5020 2821 5058 cum
2847 5007 2973 5060 caeci
3007 5016 3178 5071 erant,
3221 5015 3552 5071 venenatam,

2023 5102 2077 5145 ct
2103 5095 2402 5161 superbam,
2432 5102 2486 5148 et
2519 5094 2862 5148 insanabilem
2901 5097 3276 5165 arrogantiam,
3305 5094 3564 5150 Dominus

2022 5182 2176 5237 .lesus
2199 5185 2295 5238 ista
2323 5184 2612 5245 contexuit,
2641 5204 2659 5234 ι
2685 5199 2800 5252 quae
2827 5184 2879 5236 in
2904 5185 3002 5238 bac
3022 5183 3266 5252 parabole
3291 5183 3554 5252 leguntur,

2023 5289 2180 5340 quam
2205 5275 2312 5342 ipse
2338 5274 2435 5327 illis
2457 5288 2558 5325 non
2586 5273 2991 5342 intelligentibus
3031 5285 3290 5340 exponere
3314 5271 3559 5340 dignatus

2024 5369 2133 5424 est;
2164 5363 2216 5416 in
2243 5379 2348 5430 qua
2369 5379 2466 5417 nos
2487 5362 2786 5426 salubriter,
2809 5363 2852 5416 si
2882 5363 3232 5423 advertamus,
3264 5360 3557 5426 admonuit,

2025 5468 2130 5506 non
2152 5453 2363 5520 gloriari
2394 5456 2444 5506 in
2470 5455 2721 5522 sapientia
2743 5455 2988 5517 humana,
3013 5469 3114 5508 non
3156 5454 3206 5506 in
3247 5469 3450 5508 morum
3481 5456 3529 5510 di
3540 5480 3556 5490 τ

477 5558 499 5579 "
530 5555 600 5608 liv
643 5566 822 5610 sancto
864 5558 1171 5622 Augustino,
1203 5566 1354 5611 tract.
1385 5575 1478 5612 xu
1503 5561 1553 5613 in
1580 5559 1752 5621 Joan,
1781 5577 1922 5613 num.
1962 5562 2014 5621 2,
2044 5563 2095 5624 3,
2203 5559 2254 5621 6,
2278 5562 2331 5619 8,
2361 5561 2411 5619 9,
2444 5559 2522 5621 Η,
2559 5560 2635 5611 l5.
