4266 6194
656 284 757 335 885

1498 288 1558 342 Β.
1590 289 1649 343 1-⁵.
1689 289 1904 343 Αωικι
1942 288 2069 343 εει]
2106 286 2374 342 Αιευιδτ
2411 282 2683 342 οΡΕΙῖΙἉΙ
2720 287 2895 345 PARS
2930 290 2991 344 ll.

3711 293 3818 351 εει

647 391 867 457 gnitate,
895 392 937 443 si
970 378 1234 445 humilitas
1281 392 1398 446 ﬁdei
1426 395 1697 449 catholica:
1724 396 1776 446 in
1799 395 2067 448 Christum
2090 395 2180 447 de-
2208 397 2255 452 Α
2279 401 2380 455 est,
2406 402 2461 445 et
2480 408 2583 447 non
2613 409 2789 449 verus.
2822 413 2841 446 ι
2860 395 2997 462 Quid
3020 406 3102 451 est
3125 412 3258 466 opus
3283 400 3442 455 multa
3473 406 3818 472 percurrere?

646 478 733 532 sit.
770 495 789 528 ι
826 478 972 532 Multi
998 482 1139 534 enim
1162 489 1282 534 sunt
1308 484 1516 553 pagani,
1548 485 1636 551 qui
1688 485 1974 538 secundum
2001 499 2185 551 quam-

644 565 766 620 dam
793 568 913 621 vitae
936 568 1091 636 hujus
1112 572 1542 624 consuetudinem
1563 572 1810 625 dicuntur
1850 572 1972 626 boni
2018 574 2184 626 homi-

643 673 755 718 nes,
779 659 1101 720 innocentes,
1130 668 1183 713 et
1211 660 1360 726 quasi
1382 662 1722 715 observantes
1749 677 1812 717 ea
1856 677 1974 730 qua:
1996 662 2045 714 in
2070 663 2185 731 lege

638 759 898 816 praecepta
920 757 1069 813 sunt;
1093 748 1386 805 defemntes
1413 751 1665 805 honorem
1706 751 2011 818 parentibus
2050 752 2180 814 suis,

638 850 741 887 non
769 837 1110 899 mechantes,
1136 853 1238 890 non
1266 838 1606 892 homicidium
1653 834 2033 907 perpetrantes,
2078 854 2180 892 non

637 921 835 976 furtum
882 924 1154 988 facientes,
1200 942 1302 979 non
1344 925 1530 979 falsum
1570 928 1823 983 adversus
1862 941 2180 995 quemquam

635 1014 987 1067 testimonium
1009 1016 1371 1083 perhibentes;
1394 1026 1448 1069 et
1465 1024 1677 1078 caetera,
1692 1031 1811 1083 qua
1832 1017 1882 1068 in
1904 1016 2016 1083 lege
2032 1030 2179 1067 man—

632 1101 753 1155 data
784 1110 925 1163 sunt,
955 1103 1095 1156 velut
1126 1103 1409 1156 observant
1436 1103 1585 1173 illa,
1614 1104 1754 1157 velut
1792 1104 2173 1173 olrservantes],

631 1199 685 1242 et
709 1189 994 1243 Christiani
1018 1207 1119 1245 non
1144 1203 1264 1245 sunt
1288 1209 1303 1255 ;
1327 1202 1380 1245 et
1408 1193 1713 1261 plerumque
1733 1208 1791 1247 se
1803 1192 2025 1259 jactant,
2047 1210 2177 1264 quo-

629 1282 787 1333 modo
816 1281 899 1333 isti
927 1281 1198 1344 Pharisaei,
1228 1282 1462 1336 dicentes
1493 1300 1503 1333 :
1533 1280 1781 1351 Nunquid
1822 1292 1868 1335 et
1915 1300 2029 1343 nos,
2055 1284 2176 1335 ca’ci

626 1370 841 1420 sumus?
868 1390 885 1420 ο
916 1368 1018 1423 Sed
1049 1373 1161 1425 hare
1187 1374 1361 1426 omnia
1407 1374 1634 1427 inaniter
1659 1373 1877 1436 faciunt,
1905 1375 2026 1441 quia
2070 1390 2173 1428 non

627 1458 829 1510 intrant
848 1474 943 1527 per
965 1462 1177 1522 ostium,
1204 1461 1295 1515 sed
1346 1461 1574 1525 aliunde,
1617 1462 1819 1516 tumido
1860 1460 1994 1515 fastu
2021 1465 2172 1530 quasi

625 1560 723 1613 per
746 1560 801 1598 se
824 1547 965 1615 ipsos
986 1551 1270 1603 ascendere
1294 1559 1551 1619 quarunt.
1587 1568 1606 1600 ι
1638 1550 1968 1622 Quapropter
1996 1553 2171 1607 Domi—

627 1647 727 1684 nus
751 1634 1144 1690 similitudinem
1166 1638 1441 1705 proposuit
1464 1638 1529 1692 de
1547 1653 1705 1709 grege
1729 1654 1842 1700 suo.
1868 1648 1921 1693 et
1944 1641 2009 1694 de
2033 1643 2170 1696 ostio

2282 490 2335 534 et
2359 482 2522 536 multa
2548 498 2680 536 vana
2706 485 2966 541 haeresum
2991 488 3353 544 dinumerare?
3383 491 3491 547 lloc
3520 503 3717 559 tenete;
3760 496 3815 550 in

2281 569 2403 622 ovili
2421 568 2614 623 Christi
2634 570 2920 626 Eeclesiam
2940 575 3252 630 catholicam
3266 592 3402 642 esse,
3416 580 3614 633 credite
3634 577 3815 653 [Αιις.ν

2282 655 2392 709 Hoc
2419 665 2609 720 tenete,
2632 660 2767 712 ovile
2788 660 2981 715 Christi
3008 677 3125 718 esse
3150 665 3458 720 catholicam
3481 666 3813 742 Eeclesiam].

2280 746 2585 817 Quicunque
2609 750 2718 803 vult
2743 750 2942 805 intrare
2965 753 3030 805 ad
3049 754 3203 817 ovile,
3229 771 3323 824 per
3344 759 3534 811 ostium
3558 758 3736 823 intret,
3760 760 3812 813 id

2279 842 2381 896 est,
2404 849 2496 902 per
2515 836 2781 890 Christum
2808 838 2986 900 intret,
3018 850 3072 894 et
3100 841 3365 897 Christum
3407 860 3589 899 verum
3624 846 3810 910 Deum,

2277 930 2330 974 et
2355 937 2534 975 verum
2571 922 2758 976 Filium
2791 925 2882 979 Dei
2908 929 3173 994 przedicet.
3203 929 3315 984 Non
3343 932 3511 986 solum
3544 932 3809 991 Christum

2265 1011 2543 1089 'prmdicet,
2568 1012 2660 1064 sed
2698 1012 2891 1069 Christi
2930 1016 3149 1085 gloriam
3192 1027 3413 1086 quaerat,
3463 1036 3567 1074 non
3613 1036 3763 1075 suam
3794 1041 3806 1075 :

2276 1111 2398 1148 nam
2447 1098 2596 1152 multi
2636 1103 2915 1169 quarrendo
2957 1104 3175 1172 gloriam
3220 1121 3392 1171 suam,
3448 1123 3573 1163 oves
3614 1109 3810 1166 Christi

2275 1193 2576 1249 sparserunt
2598 1188 2769 1253 potius
2796 1192 2952 1256 quam
2978 1202 3445 1261 congregaverant.
3473 1194 3697 1251 Humilis
3727 1206 3811 1253 est

2272 1274 2411 1325 enim
2425 1273 2588 1340 janua
2608 1275 2852 1331 Christus
2877 1280 3128 1335 Dominus
3154 1282 3293 1336 Deus
3322 1291 3498 1338 noster
3542 1300 3559 1337 :
3602 1287 3689 1354 qui
3730 1288 3784 1343 in

2274 1372 2493 1433 tratper
2513 1368 2647 1420 hanc
2664 1366 2902 1433 januam,
2944 1378 3153 1438 oportet
3193 1372 3432 1427 humiliet
3459 1388 3538 1437 se,
3580 1384 3638 1428 ut
3680 1392 3810 1432 sano

2271 1453 2441 1519 capite
2459 1453 2623 1519 possit
2648 1454 2864 1509 intrare.
2899 1475 2916 1507 ι
2942 1456 3004 1509 lli
3034 1466 3157 1510 sunt
3184 1459 3272 1525 qui
3303 1473 3483 1512 vocem
3504 1462 3615 1514 veri
3630 1473 3808 1529 pasto-

2272 1540 2345 1591 ris
2372 1540 2692 1604 andiunt;hi
2719 1551 2839 1595 sunt
2883 1559 3016 1610 quos
3058 1546 3296 1614 proprias
3337 1561 3463 1599 oves
3498 1550 3804 1603 nominatim

2269 1641 2426 1681 verus
2470 1638 2649 1695 pastor
2675 1640 2846 1684 vocat.
2877 1632 2949 1685 De
2989 1634 3075 1687 his
3121 1633 3321 1686 dictum
3346 1643 3424 1689 est
3456 1650 3471 1687 :
3498 1633 3724 1690 Gaudete
3756 1650 3806 1691 et

623 1734 729 1785 quo
750 1720 978 1774 intratur
1006 1722 1071 1775 ad
1094 1698 1247 1777 ovile.
1264 1698 1297 1776 ἰ
1331 1723 1467 1788 Quid
1508 1698 1894 1794 enimvprodest
1935 1743 2066 1781 vana
2086 1728 2168 1795 ja-
2193 1698 2218 1753 ι

2229 1698 2241 1751 ³
2266 1716 2535 1778 exsultate,
2556 1721 2796 1786 quoniam
2819 1722 3023 1773 nomine
3050 1731 3213 1773 vestra
3230 1724 3420 1789 scripta
3444 1734 3561 1775 sunt
3587 1725 3642 1776 in
3669 1726 3806 1777 cortis

622 1806 877 1860 ctantium
900 1809 963 1862 de
989 1808 1124 1863 bene
1150 1812 1374 1865 vivendo
1392 1812 1611 1876 inﬂatio,
1636 1814 1761 1867 dum
1785 1816 1851 1868 ad
1872 1815 2029 1869 linem
2050 1830 2168 1885 per-

621 1896 904 1963 petualiter
930 1899 1063 1952 bene
1084 1900 1304 1954 vivendo
1349 1903 1455 1955 vita
1497 1917 1677 1957 eorum
1724 1918 1828 1957 non
1868 1907 2171 1973 perveniat?

626 1999 644 2029 ι
678 1982 757 2035 Ad
776 1984 877 2036 hoc
898 1985 1038 2039 enim
1061 1986 1216 2040 debet
1234 1972 1519 2056 unicuique
1537 1991 1789 2059 prodesse
1808 1972 1940 2046 bene
1966 1994 2162 2057 vivere,

618 2080 676 2123 ut
705 2072 860 2125 detur
884 2074 955 2126 illi
984 2089 1195 2144 semper
1239 2076 1373 2130 bene
1418 2078 1627 2143 vivere;
1679 2096 1800 2134 nam
1842 2082 1886 2134 si
1929 2083 2011 2134 cui
2060 2096 2163 2134 non

615 2160 771 2213 datur
796 2176 1005 2229 semper
1028 2163 1161 2218 bene
1186 2165 1383 2228 vivere,
1402 2169 1525 2237 quid
1538 2170 1755 2235 prodest
1771 2172 1819 2223 ei
1834 2171 1966 2223 bene
1987 2172 2164 2226 vivere

613 2248 681 2300 ad
714 2252 952 2319 tempus?
984 2252 1148 2321 Igitur
1173 2269 1270 2307 nec
1293 2256 1426 2308 bene
1452 2257 1633 2309 vivere
1669 2258 1873 2311 dicendi
1902 2268 2044 2319 sunt,
2072 2260 2161 2326 qui

612 2338 771 2392 ﬁnem
799 2341 932 2393 bene
960 2342 1165 2394 vivendi
1194 2342 1273 2396 vel
1298 2344 1536 2397 caecitate
1578 2346 1840 2409 nesciunt,
1887 2346 1968 2399 vel
2012 2346 2161 2399 inna-

609 2428 752 2479 tione
770 2435 1131 2481 contemnunt.
1164 2428 1276 2483 Non
1299 2439 1381 2485 est
1403 2440 1578 2485 autem
1607 2433 1853 2500 cuiquam
1880 2447 2001 2501 spes
2033 2447 2159 2486 vera

608 2525 663 2568 et
686 2525 831 2569 certa
854 2531 1063 2586 semper
1084 2518 1311 2582 vivendi,
1337 2519 1435 2572 nisi
1467 2528 1720 2588 agnoscat
1744 2521 1907 2573 vitam
1936 2534 2053 2587 qum
2076 2529 2159 2574 est

606 2606 872 2668 Christus,
896 2616 952 2660 et
970 2622 1064 2677 per
1080 2606 1298 2673 januam
1338 2610 1500 2665 intret
1529 2610 1582 2664 in
1611 2611 1764 2666 ovile.
1796 2631 1815 2663 ι
1843 2611 1977 2665 Sunt
2015 2613 2155 2665 enim

605 2696 821 2761 quidam
843 2695 1084 2751 homines
1128 2699 1215 2766 qui
1262 2700 1313 2751 in
1340 2700 1452 2753 suis
1488 2700 1779 2769 gloriantur
1812 2702 2063 2761 moribus,
2102 2708 2156 2752 et

605 2782 738 2835 alios
764 2793 883 2851 post
907 2799 963 2838 se
990 2787 1201 2839 trahere
1229 2797 1489 2855 quzerunt,
1538 2803 1641 2841 non
1683 2789 1748 2843 de
1788 2789 1983 2842 Christi
2021 2804 2156 2857 prte-

604 2872 773 2939 ceptis
800 2872 1119 2926 instruentes
1156 2888 1281 2927 suos
1304 2882 1611 2939 sectatores,
1634 2876 1726 2929 sed
1768 2876 1878 2929 suis
1900 2877 2152 2944 exemplis

602 2962 781 3015 vivere
802 2976 895 3014 eos
919 2962 1221 3024 suadentes,
1245 2965 1308 3017 de
1326 2964 1519 3031 quibus
1538 2963 1641 3017 alio
1664 2966 1778 3019 loco
1806 2966 1918 3033 ipsa
1941 2966 2149 3018 Veritas
2174 2995 2218 3056 ς

601 3052 677 3104 ait
703 3066 717 3102 :
743 3050 987 3104 Docentes
1019 3052 1281 3104 doctrinas
1328 3054 1590 3105 hominum
1624 3052 1831 3121 (Matth.
1878 3070 1963 3116 xv,
1992 3056 2068 3124 9),
2093 3065 2146 3110 et

601 3138 847 3191 mandata
874 3137 965 3192 Dei
990 3148 1405 3194 contemnentes.
1445 3159 1463 3191 ‹
1500 3141 1561 3195 Hi
1617 3157 1713 3210 per
1750 3142 1906 3196 aliam
1934 3153 2144 3212 partem

602 3228 886 3281 ascendere
902 3240 1139 3296 quaarunt
1150 3270 1164 3292 ,
1182 3244 1365 3297 rapere
1380 3240 1433 3283 et
1452 3232 1722 3294 occidere;
1747 3247 1847 3285 non
1870 3241 1929 3284 ut
1944 3241 2143 3301 pastor,

599 3316 805 3370 salvare
850 3327 1006 3384 atque
1055 3333 1385 3371 conservare.
1425 3338 1443 3369 ι
1480 3319 1549 3372 De
1584 3320 1776 3373 talibus
1808 3306 1907 3373 hic
1947 3322 2143 3374 dictum

596 3414 680 3458 est
711 3421 724 3457 :
757 3404 857 3459 Sed
897 3409 1125 3460 ascendit
1172 3408 1403 3470 aliunde,
1428 3408 1512 3461 ille
1554 3409 1641 3475 fur
1662 3419 1754 3471 est,
1777 3420 1821 3461 et
1847 3411 1999 3462 latro.
2031 3410 2141 3464 Non

597 3494 766 3547 solum
792 3510 919 3548 vero
946 3494 1077 3548 tales
1104 3496 1443 3549 inveniuntur
1478 3495 1721 3549 doctores
1760 3498 1897 3550 inter
1937 3513 2029 3551 eos
2054 3500 2143 3565 qui

594 3584 709 3636 sine
736 3585 945 3636 nomine
970 3583 1166 3637 Christi
1190 3591 1329 3645 sunt,
1360 3584 1494 3636 sicut
1541 3585 1687 3637 multi
1716 3585 2141 3654 philosophorum

594 3674 683 3739 qui
708 3687 856 3725 suam
891 3674 1203 3741 sapientiam
1228 3674 1406 3725 buccis
1430 3676 1767 3743 crepantibus
1794 3676 2137 3747 ventilabam,

594 3772 647 3813 et
687 3762 847 3815 vitam
893 3762 1102 3815 beatam
1155 3760 1307 3832 [suis]
1353 3764 1703 3817 sectatoribus
1748 3765 2135 3831 promiserunt;

594 3867 776 3905 verum
826 3852 985 3904 etiam
1028 3850 1236 3919 plurimi
1291 3852 1447 3920 562
1484 3852 1570 3918 qui
1599 3851 1899 3906 Christiano
1930 3854 2140 3907 nomine

591 3939 962 4000 censebantur,
990 3946 1044 3992 et
1065 3938 1380 3991 illuminatos
1422 3954 1451 3992 a
1498 3938 1709 3993 Christo
1748 3953 1805 3993 se
1834 3954 1950 3994 esse
1970 3940 2139 4007 jacta-

593 4028 737 4085 l:;mt,
768 4026 1020 4095 ﬁngentes
1044 4026 1139 4079 sibi
1168 4042 1301 4079 nova
1326 4042 1542 4094 quaeque
1571 4029 1782 4079 nomina
1812 4028 1878 4081 de
1905 4028 2135 4091 Christo,

589 4125 640 4165 et
671 4113 787 4166 lidei
816 4114 1085 4167 catholica:
1113 4115 1399 4177 contraria,
1422 4117 1558 4168 sicut
1602 4115 2009 4171 innumerabiles
2033 4119 2139 4172 1ης

593 4201 740 4254 τοιιὶρί
792 4200 1073 4263 faciebant,
1128 4204 1448 4257 :estimantes
1495 4218 1551 4258 se
1603 4203 1737 4258 falso
1783 4208 1995 4259 nomine
2043 4223 2138 4276 per

2268 1804 2415 1875 (an.
2444 1822 2494 1868 x,
2522 1807 2631 1876 20).
2680 1806 2810 1861 Hinc
2842 1809 2982 1861 enim
3021 1822 3112 1861 eas
3134 1818 3286 1863 vocat
3315 1811 3643 1864 nominatim.
3677 1830 3695 1860 ι
3740 1813 3805 1865 Et

2265 1897 2382 1963 quis
2403 1909 2494 1949 eas
2516 1897 2651 1950 alius
2672 1898 2884 1961 emittit,
2904 1898 3004 1952 nisi
3024 1900 3113 1966 qui
3134 1914 3315 1953 earum
3334 1908 3547 1969 peccata
3566 1901 3801 1963 dimittit,

2263 1995 2323 2037 ut
2342 1999 2461 2037 eum
2490 1987 2637 2054 sequi
2669 1988 2814 2040 duris
2834 1988 3067 2042 liberatae
3094 1990 3315 2043 vinculis
3340 1990 3578 2057 possint?
3598 1991 3661 2043 Et
3684 1992 3803 2057 quis

2262 2089 2353 2126 eas
2378 2076 2665 2142 prmeessit,
2690 2092 2793 2145 quo
2813 2092 2930 2130 eum
2950 2086 3259 2145 sequantur,
3284 2079 3384 2145 nisi
3406 2079 3497 2147 qui
3524 2093 3803 2149 resurgens

2262 2177 2292 2214 a
2323 2162 2545 2216 mortuis
2565 2161 2673 2229 jam
2700 2178 2805 2215 non
2846 2164 3086 2227 moritur,
3130 2172 3185 2216 et
3227 2179 3370 2219 mors
3415 2164 3489 2218 illi
3520 2164 3655 2218 ultra
3697 2181 3799 2219 non

2260 2249 2618 2304 dominabitur
2645 2248 2813 2319 (Rom.
2840 2266 2913 2314 vt,
2946 2250 3037 2321 9)?
3073 2272 3091 2303 ι
3124 2252 3229 2306 Has
3276 2267 3401 2307 vero
3440 2255 3669 2308 educita
3700 2252 3801 2308 llde

2259 2338 2325 2391 ad
2353 2338 2603 2404 speciem,
2644 2345 2697 2390 et
2723 2347 2846 2391 ante
2885 2339 3014 2392 istas
3041 2341 3200 2399 vadit,
3225 2342 3346 2407 quia
3388 2341 3534 2409 prior
3565 2342 3800 2395 omnium

2257 2428 2491 2480 ascendit
2522 2428 2573 2480 in
2595 2427 2785 2482 cadum
2814 2437 2903 2484 :et
2925 2445 3041 2497 qua:
3073 2438 3193 2482 sunt
3232 2446 3361 2485 oves
3384 2446 3510 2493 sum,
3541 2431 3686 2485 illun.
3710 2445 3795 2485 se-

2254 2522 2507 2583 quuntur,
2538 2517 2660 2582 quia
2684 2517 2859 2569 sciunt
2898 2531 3081 2571 vocem
3126 2518 3380 2573 doctrina:
3424 2519 3573 2586 ejus;
3601 2518 3798 2576 alienos

2253 2618 2378 2655 vero
2402 2603 2643 2657 doctores
2664 2619 2766 2657 non
2786 2615 3095 2674 sequuntur,
3125 2606 3218 2660 sed
3240 2605 3443 2675 fugiunt
3463 2606 3530 2659 ab
3553 2608 3653 2670 eis,
3673 2606 3793 2674 quia

2253 2706 2357 2744 non
2383 2700 2641 2744 noverunt
2671 2706 2873 2756 vocem,
2916 2693 2967 2746 id
2994 2702 3095 2756 est,
3144 2693 3435 2747 doctrinam
3480 2693 3790 2747 alienorum.

2252 2782 2355 2836 Sed
2383 2785 2629 2852 loquente
2654 2786 2875 2839 Domino
2906 2786 3031 2841 Jesu
3060 2803 3163 2841 non
3190 2788 3557 2842 intellexerunt
3580 2789 3669 2854 qui
3704 2801 3796 2839 att-

2250 2868 2480 2923 dierunt.
2510 2871 2860 2926 lnerassatum
2886 2875 3025 2939 enim
3054 2876 3476 2937 habueruntcor,
3496 2884 3549 2930 et
3566 2874 3797 2943 graviter

2251 2958 2548 3011 audierunt.
2571 2977 2589 3008 ι
2613 2959 2857 3013 Nominat
2878 2961 3092 3024 ostium,
3116 2962 3350 3015 nominat
3374 2961 3531 3024 ovile,
3555 2961 3794 3014 nominat

2245 3060 2407 3100 oves:
2440 3036 2771 3100 commendat
2794 3050 2905 3103 haec
2930 3050 3127 3111 omnia,
3170 3051 3262 3104 sed
3296 3050 3528 3106 nondum
3556 3049 3793 3118 exponit.

2243 3132 2499 3200 Legamus
2544 3123 2689 3202 ergo,
2738 3134 2859 3201 quia
2914 3143 3167 3188 venturus
3216 3143 3299 3189 est
3343 3135 3410 3189 ad
3436 3150 3499 3191 ea
3529 3137 3711 3199 verba,
3740 3136 3793 3188 in

2242 3220 2434 3287 quibus
2457 3220 2612 3273 nobis
2638 3220 2835 3289 aliqua,
2866 3237 2986 3291 qute
3029 3223 3181 3285 dixit,
3208 3222 3452 3293 dignetur
3476 3237 3738 3293 exponere
3772 3238 3788 3274 :

2241 3323 2304 3361 ex
2329 3323 2553 3375 quorum
2576 3310 2909 3376 expositione
2932 3311 3079 3365 dabit
3121 3314 3273 3365 nobis
3322 3312 3546 3365 fortasse
3586 3310 3793 3382 [etiam]

2241 3400 2327 3453 illa
2355 3416 2471 3470 quae
2498 3416 2601 3453 non
2627 3403 2870 3469 exposuit
2899 3403 3209 3470 intelligere.
3238 3402 3415 3458 Pascit
3457 3403 3599 3457 enim
3625 3404 3782 3457 mani-

2240 3489 2409 3551 festis,
2462 3499 2677 3544 exercet
2732 3492 2991 3546 obscuris.
3026 3512 3043 3543 ι
3085 3494 3376 3549 Audiamus
3421 3502 3793 3561 exponentem,

2240 3581 2327 3646 qui
2351 3581 2647 3650 audivimus
2675 3593 3073 3650 proponentent.

2309 3670 2467 3721 Vsus.
2510 3648 2807 3721 7.;Dicit
2850 3686 2967 3737 ergo
3012 3670 3085 3721 eis
3135 3670 3319 3721 iterum
3374 3668 3527 3723 Iesus
3560 3683 3578 3720 :
3608 3670 3788 3732 Amen,

2237 3776 2384 3809 amen
2416 3758 2530 3809 dico
2560 3759 2715 3819 nobis,
2746 3759 2865 3826 quia
2902 3774 2993 3826 ego
3016 3774 3131 3811 sum
3177 3759 3365 3811 ostium
3412 3759 3602 3811 ovium.
3648 3758 3786 3811 Ecce

2238 3850 2409 3916 ipsum
2438 3849 2633 3900 Ostium
2662 3849 2799 3914 quod
2844 3848 3078 3902 clausum
3120 3857 3388 3917 posuerat,
3420 3849 3645 3916 aperuit.
3674 3846 3789 3914 Ipse

2235 3944 2317 3989 est
2335 3937 2527 3989 ostium
2548 3955 2561 3987 :
2581 3937 2908 4005 agnovimus,
2926 3938 3204 3999 intremus,
3221 3944 3280 3989 ut
3296 3950 3396 3989 nos
3410 3936 3635 3990 intrasse
3655 3951 3777 4006 gau-

2235 4025 2659 4092 deamus.(Vt:ns.
2673 4024 2749 4093 8.)
2764 4023 2969 4086 Omnes,
2982 4033 3224 4095 quotquot
3238 4032 3501 4089 venerunt,
3518 4025 3656 4092 fures
3667 4035 3786 4079 sunt

2234 4124 2281 4165 et
2308 4113 2549 4165 latrones.
2579 4111 2713 4175 Quid
2737 4121 2817 4165 est
2846 4113 2967 4177 hoc,
3017 4112 3253 4173 Domine,
3307 4113 3516 4175 Omnes,
3544 4123 3786 4183 quotquot

2235 4202 2512 4254 venerunt?
2536 4200 2669 4265 Quid
2697 4200 2858 4264 enim,
2890 4211 2945 4255 tu
2971 4217 3074 4255 non
3101 4203 3324 4256 venisti?
3374 4200 3477 4256 Sed
3503 4202 3735 4273 intellige
3758 4219 3777 4256 :

585 4290 821 4354 jzinuam,
844 4304 959 4355 qua:
990 4290 1229 4343 Christus
1247 4300 1345 4351 est,
1369 4292 1586 4345 intrare.
1624 4310 1641 4342 ι
1678 4292 1935 4348 Sabellius
1962 4296 2087 4348 dicit
2120 4314 2130 4346 :
2164 4304 2212 4361 υ
2238 4286 2445 4349 0mm.
2469 4297 2711 4357 quotquot
2730 4298 2994 4353 venerunt,
3029 4290 3162 4343 dixit
3198 4288 3376 4360 [Ααθη
3417 4290 3572 4362 dixi].
3600 4292 3785 4360 utique

591 4379 687 4441 Qui
739 4378 904 4431 Filius
942 4388 1040 4439 est,
1070 4381 1180 4447 ipse
1207 4388 1290 4432 est
1328 4380 1484 4431 Pater
1524 4394 1536 4431 :
1579 4382 1669 4433 sed
1696 4381 2058 4452 Filius]Ang.,
2091 4385 2133 4437 si

590 4464 773 4535 Filius]
808 4481 907 4518 non
954 4476 1034 4519 est
1087 4465 1260 4519 Pater.
1299 4466 1411 4519 Non
1452 4468 1609 4519 intrat
1651 4484 1745 4536 per
1790 4471 2003 4532 ostium,
2046 4474 2133 4538 qui

592 4554 780 4607 Filium
835 4556 961 4607 dicit
1007 4554 1237 4608 Patrem.
1291 4555 1517 4609 Arianus
1556 4557 1702 4626 illm,
1748 4557 1925 4629 Arius]
1964 4560 2129 4611 dicit:

592 4645 741 4696 Aliud
770 4654 851 4697 est
874 4644 1049 4705 Pater,
1076 4645 1212 4697 aliud
1240 4645 1421 4697 Filius.
1450 4648 1609 4698 ltecte
1632 4648 1849 4707 diceret,
1870 4648 1913 4698 si
1937 4648 2132 4703 diceret

592 4732 746 4792 alius,
780 4748 881 4783 non
905 4732 1063 4784 aliud.
1088 4731 1307 4796 Quando
1335 4733 1474 4784 enim
1497 4733 1624 4785 dicit
1652 4732 1812 4795 aliud,
1840 4735 1888 4787 ei
1918 4732 2132 4788 contra-

590 4820 717 4871 dicit
740 4836 767 4870 a
798 4833 901 4885 quo
918 4820 1061 4871 audit
1086 4838 1097 4870 :
1126 4820 1234 4887 Ego
1256 4830 1301 4873 et
1330 4817 1486 4871 Pater
1502 4837 1657 4872 unum
1678 4836 1852 4874 sumus
1875 4821 2052 4890 (Joan.
2074 4842 2130 4889 ι,

588 4908 697 4969 50).
732 4907 836 4960 Nec
864 4910 972 4976 ipse
999 4922 1124 4975 ergo
1146 4908 1304 4959 intrat
1324 4923 1416 4974 per
1442 4911 1632 4961 ostium
1666 4927 1678 4960 :
1710 4912 1962 4977 praedicat
1989 4915 2131 4967 enim

592 4996 857 5047 Christum
884 4996 1089 5060 qualem
1113 4996 1211 5049 είΙιί
1238 4996 1404 5064 pingit
1432 4995 1608 5065 [Aug.,
1641 4997 1831 5068 ﬁngit],
1871 5015 1971 5053 non
1997 5017 2127 5068 qua-

588 5087 689 5137 lem
732 5086 930 5138 veritas
983 5087 1143 5137 habet
1182 5085 1369 5154 [Aug.,
1422 5086 1589 5157 dicit].
1644 5088 1899 5141 Photinus
1946 5090 2070 5141 dicit
2114 5108 2125 5141 :

590 5176 831 5228 Christus
853 5176 1009 5227 homo
1039 5183 1240 5227 tantum
1264 5184 1363 5236 est,
1390 5190 1491 5227 non
1517 5177 1670 5231 Deus.
1698 5176 1804 5231 Nec
1833 5178 1943 5246 ipse
1973 5179 2131 5231 intrat

590 5280 685 5329 per
726 5265 937 5322 OSIitlln,
971 5265 1093 5331 quia
1118 5263 1362 5316 Christus
1409 5275 1462 5317 et
1494 5266 1667 5340 homo
1711 5276 1763 5320 et
1807 5266 1945 5319 Deus
1974 5276 2069 5318 est.
2106 5287 2123 5317 ι

592 5354 720 5405 lluic
751 5354 891 5406 enim
915 5368 1043 5403 nova
1075 5352 1291 5405 hzcrcsis
1313 5368 1427 5420 qua:
1455 5355 1651 5407 nostris
1674 5354 1996 5422 temporibus
2016 5364 2127 5406 orta

590 5460 615 5489 ρ
640 5454 691 5501 ηι,
736 5443 1033 5496 consentire
1078 5442 1283 5497 videtur
1334 5440 1637 5495 allirmando
1673 5449 1723 5493 et
1752 5443 2081 5510 praedicando
2114 5461 2123 5492 :

594 5542 604 5582 t
639 5533 850 5592 Μίνως,
882 5535 1009 5586 sicut
1034 5534 1250 5601 quilibet
1298 5541 1522 5590 sanctus.
1574 5531 1954 5595 mancupatis-us
1994 5531 2128 5582 Deus

2232 4385 2428 4444 praeter
2449 4391 2551 4430 me.
2584 4376 2897 4431 Recolamus
2938 4391 3083 4445 ergo.
3128 4377 3265 4432 Ante
3309 4378 3591 4433 adventum
3619 4378 3784 4449 ipsius

2234 4475 2490 4519 venerunt
2514 4467 2783 4533 propheta:
2813 4484 2824 4517 :
2857 4466 3094 4534 nunquid
3118 4465 3263 4520 fures
3301 4466 3511 4519 fuerunt
3541 4473 3596 4519 et
3618 4466 3782 4522 latro-

2232 4556 2361 4608 nes?
2383 4555 2552 4608 Absit.
2583 4553 2695 4606 Non
2721 4562 2912 4622 praeter
2939 4554 3083 4607 illum
3108 4562 3383 4615 venerunt,
3431 4554 3523 4607 sed
3549 4570 3667 4612 mm
3690 4555 3780 4610 illo

2231 4650 2503 4696 venerunt.
2536 4643 2800 4696 Venturos
2832 4656 3101 4711 praecones
3148 4643 3409 4703 mittebat,
3456 4644 3546 4696 sed
3591 4657 3776 4696 eorum

2230 4733 2388 4787 corda
2409 4747 2541 4799 quos
2567 4736 2803 4795 miserat,
2834 4732 3152 4800 possidebat.
3191 4731 3321 4785 Cum
3349 4732 3438 4786 illo
3465 4747 3588 4801 ergo
3611 4746 3774 4784 vene-

2232 4830 2374 4883 runt,
2397 4824 2519 4889 quia
2544 4838 2664 4875 cum
2688 4822 2850 4875 verbo
2870 4821 2965 4874 Dei
2989 4831 3264 4875 venerunt.
3294 4822 3403 4890 Ego
3427 4836 3560 4882 sum,
3584 4820 3772 4888 inquit,

2228 4912 2330 4972 via,
2370 4913 2556 4963 veritas
2583 4921 2631 4963 et
2658 4913 2762 4963 vita
2788 4910 2965 4978 (Joan.
3014 4928 3125 4973 xlv,
3152 4911 3226 4978 6).
3273 4911 3385 4977 Ipse
3428 4918 3511 4963 est
3546 4910 3771 4975 veritas;

2229 5015 2347 5053 cum
2370 5001 2457 5053 illo
2477 5008 2752 5061 venerunt,
2773 5001 2893 5068 quia
2916 5015 3133 5054 veraces
3159 4998 3370 5051 [tierunt
3397 5007 3451 5051 et
3495 5000 3771 5053 veritatem

2227 5091 2664 5158 przcdicaverunt.
2694 5090 2959 5158 Quotquot
3004 5096 3179 5141 autem
3228 5096 3421 5155 praster
3447 5088 3591 5142 illum
3615 5103 3771 5143 vene-

2229 5188 2370 5238 runt,
2400 5177 2543 5230 fures
2573 5176 2786 5230 luerunt
2824 5186 2877 5230 et
2919 5177 3171 5230 latrones.
3206 5195 3225 5227 ι
3255 5176 3357 5230 Per
3398 5192 3453 5231 se
3487 5184 3770 5241 venerunt,
3834 5250 3835 5253 η

2228 5266 2349 5334 quia
2376 5281 2469 5332 per
2492 5280 2611 5319 cum
2641 5268 2787 5319 missi
2831 5281 2933 5317 non
2974 5264 3204 5329 fuerunt,
3249 5267 3456 5321 dicente
3482 5265 3765 5332 Apoaolo:

2230 5356 2493 5419 Quomodo
2520 5355 2887 5425 prttdicabnnt,
2929 5355 3027 5406 nisi
3078 5358 3346 5409 mittantur
3370 5354 3538 5422 (Rom.
3572 5370 3620 5416 x,
3648 5354 3771 5423 «δν

2229 5444 2295 5496 Et
2320 5446 2406 5511 qui
2439 5445 2585 5515 μίση
2615 5442 2759 5513 quia]
2786 5456 2877 5512 per
2899 5458 2955 5497 se
2983 5452 3254 5502 venerunt,
3282 5450 3335 5493 et
3354 5457 3455 5494 non
3476 5450 3596 5495 sunt
3618 5443 3685 5495 ab
3704 5456 3770 5495 eo

2229 5532 2392 5589 missi.
2436 5530 2585 5585 Tures
2638 5540 2756 5584 sunt
2792 5540 2840 5583 et
2890 5531 3134 5583 latrones.
3186 5526 3312 5579 Nam
3343 5538 3461 5582 ante
3487 5528 3767 5583 adventum
