4152 6196
344 318 451 376 885

1128 300 1527 361 EXEGETICA.
1563 334 1623 344 —-
1664 301 2008 360 COMMENT.
2051 300 2116 353 IN
2154 296 2339 353 JOAN.
2376 327 2441 337 —
2479 294 2604 350 LIB.
2642 292 2704 347 V.

3402 291 3502 347 886

343 417 538 481 Christi
580 417 697 474 falsi
744 415 955 471 fuerunt
1001 416 1053 469 in
1093 415 1282 484 populo
1309 413 1402 466 Dei
1426 412 1715 481 prophetae,
1755 411 1871 463 falsi
1903 414 1947 471 Α
1973 404 2287 475 (Vens.10.)
2319 402 2431 457 Fur
2456 420 2557 457 non
2576 404 2726 467 venit,
2773 402 2868 455 nisi
2908 411 2959 454 ut
2985 400 3187 468 furatur
3230 408 3275 452 et
3302 410 3505 458 mactet,

343 515 607 569 doctores.
626 510 773 584 Sicut
794 514 912 578 post
927 507 1209 560 adventum
1227 504 1367 558 illius
1385 505 1482 557 sub
1495 502 1708 556 nomine
1719 500 1876 555 Chri-

341 604 537 667 stiano,
562 599 929 670 quamplurimi
979 594 1097 652 falsi
1136 594 1349 648 fuerunt
1373 593 1635 654 doctores,
1666 606 1765 645 nec
1790 590 1879 644 do-

344 699 539 753 ctores,
578 688 672 745 sed
712 688 1043 750 seductores;
1092 700 1197 738 non
1218 682 1609 753 prmdicatores,
1645 680 1738 734 sed
1764 680 1878 733 falsi

342 779 715 851 pradicatores
739 775 886 848 (In,
914 775 1006 830 sed
1029 768 1396 843 praedatores],
1437 768 1711 823 latrocinia
1732 782 1884 821 exer-

344 876 545 932 centes,
592 881 697 922 non
723 880 864 920 same
905 862 1158 919 doctrinae
1202 860 1535 916 inhaerentes.
1585 856 1660 910 De
1694 856 1885 925 quibus

346 957 548 1011 dictum
574 962 693 1009 est:
725 952 891 1007 Fures
914 960 1033 1006 sunt
1053 960 1101 1003 et
1124 949 1366 1011 latrones,
1394 947 1446 1000 ld
1473 954 1574 1009 est,
1615 944 1681 999 ad
1706 944 1885 998 furan-

345 1048 472 1101 dum
501 1045 657 1115 533
677 1052 733 1099 et
758 1043 1097 1098 occidendum
1138 1046 1414 1095 venerunt.
1438 1036 1549 1091 Sed
1577 1050 1681 1090 non
1708 1034 1886 1089 audie-

348 1143 476 1188 runt
496 1147 590 1205 eos
607 1132 708 1186 illa:
731 1145 849 1200 quae
868 1143 1005 1183 verte
1025 1136 1306 1191 suntoves,
1324 1141 1427 1179 non
1454 1126 1552 1179 sub
1574 1123 1709 1195 pelle
1730 1122 1883 1176 ovina

346 1222 585 1290 lupinum
609 1234 703 1275 cor
726 1217 1124 1273 abscondentes.
1146 1217 1309 1286 igitur
1327 1215 1417 1283 qui
1444 1222 1568 1267 ante
1605 1213 1885 1265 adventum

346 1307 544 1361 Christi
571 1306 1007 1374 praedicaverunt,
1036 1303 1219 1368 eodem
1258 1301 1445 1373 spiritu
1470 1298 1890 1370 praedicaverunt

345 1411 453 1464 quo
487 1393 710 1464 apostoli
755 1403 812 1449 et
842 1393 1025 1453 sancti
1052 1393 1316 1453 doctores,
1350 1389 1440 1457 qui
1463 1396 1580 1458 post
1606 1387 1885 1440 adventum

345 1482 543 1539 Christi
566 1481 806 1536 veritatis
817 1481 957 1537 viam
974 1481 1169 1534 mundo
1184 1478 1547 1533 ostenderunt.
1577 1493 1596 1526 ι
1624 1474 1891 1542 Quotquot

344 1579 521 1624 autem
567 1569 656 1625 illo
702 1576 939 1637 tempore
982 1568 1320 1622 Crediderunt
1359 1566 1441 1619 vel
1486 1564 1775 1627 Abraham,
1806 1562 1889 1618 vel

346 1656 507 1719 Isaac,
553 1657 639 1711 vel
687 1655 869 1721 Jacob,
913 1656 997 1710 vel
1043 1656 1234 1725 Moysi,
1279 1655 1364 1708 vel
1407 1654 1525 1708 aliis
1550 1654 1887 1724 patriarchis,

1974 504 2021 548 et
2041 493 2239 563 perdat.
2279 492 2391 562 Ego
2423 489 2556 554 ueni,
2586 500 2641 544 ut
2662 491 2814 544 uitans
2834 489 3067 551 habeant,
3098 497 3145 541 et
3166 486 3509 541 abundantius

1976 581 2212 635 habeant.
2233 581 2452 635 Videtur
2469 579 2609 633 enim
2632 578 2849 642 dixisse,
2872 583 2932 631 ut
2974 576 3135 629 vitam
3172 572 3399 628 habeant
3426 574 3511 625 in-

1979 670 2275 740 gredientes
2309 668 2398 740 [In
2454 668 2585 736 Aug.
2630 667 2754 723 add.
2777 682 2797 719 :
2830 673 2883 720 et
2911 663 3260 718 abundantius
3284 662 3514 715 habeant

1978 756 2329 829 egredientes]
2355 772 2371 809 :
2396 770 2499 810 non
2523 764 2697 808 autem
2724 760 2898 822 potest
2941 752 3164 820 quisque
3185 765 3280 819 per
3297 749 3510 809 ostium,

1981 845 2033 897 id
2061 853 2160 908 est,
2185 859 2280 912 per
2297 844 2563 897 Christum
2586 840 2766 912 egredi
2809 842 2875 895 ad
2915 846 3163 892 aeternam
3194 839 3375 901 vitam,
3400 851 3517 904 quae

1980 931 2084 984 erit
2104 931 2156 983 in
2181 931 2378 999 specie,
2402 930 2501 983 nisi
2527 944 2622 997 per
2652 929 2822 998 ipsum
2872 926 3087 989 ostium,
3131 925 3236 979 hoc
3280 932 3379 987 est,
3423 939 3517 992 per

1981 1019 2223 1073 eumdem
2247 1017 2535 1081 Christum,
2582 1018 2635 1069 in
2665 1016 2951 1070 Ecclesiam
2977 1014 3110 1083 ejus,
3139 1027 3256 1082 qua:
3280 1022 3361 1066 est
3384 1011 3521 1066 ovile

1983 1108 2116 1176 ejus,
2148 1107 2422 1161 intraverit
2443 1106 2509 1158 ad
2536 1102 2697 1158 vitam
2734 1103 3073 1173 temporalem
3095 1116 3211 1171 qua:
3237 1109 3318 1156 est
3342 1102 3393 1154 in
3420 1100 3520 1154 tidc

1985 1191 2114 1262 [ΑΛ.
2140 1194 2190 1246 in
2213 1191 2415 1263 ﬁnem].
2440 1192 2561 1245 Ideo
2588 1192 2662 1244 ait
2685 1205 2708 1243 τ
2733 1189 2843 1258 Ego
2871 1189 3004 1253 veni,
3025 1196 3081 1241 ut
3105 1189 3261 1240 vitam
3284 1187 3515 1244 habeant,

1985 1282 2083 1336 hoc
2109 1290 2209 1346 est,
2242 1281 2396 1335 fidem
2418 1297 2534 1350 quae
2553 1295 2647 1349 per
2670 1280 3001 1334 dilectionem
3027 1286 3273 1346 operatur
3300 1274 3437 1346 (Gal.
3466 1289 3519 1336 v,

1986 1369 2061 1438 6),
2086 1383 2179 1437 per
2196 1382 2353 1437 quam
2383 1367 2537 1421 fidem
2575 1367 2627 1419 in
2646 1352 2781 1420 ovile
2806 1365 3187 1434 ingrediuntur,
3226 1374 3289 1417 ut
3324 1364 3522 1424 vivant,

1985 1458 2107 1524 quia
2126 1456 2304 1525 justus
2319 1472 2381 1509 ea:
2399 1454 2501 1523 ﬁde
2515 1455 2632 1507 vivit
2654 1453 2876 1525 (Habae.
2900 1469 2960 1517 tt,
2990 1453 3074 1522 4);
3105 1462 3153 1505 et
3182 1452 3525 1507 abundantius

1986 1546 2223 1610 habeant,
2266 1546 2354 1613 qui
2381 1545 2764 1615 perseverando
2800 1560 2967 1613 usque
2993 1545 3045 1599 in
3073 1544 3247 1607 linem,
3282 1559 3377 1612 per
3401 1543 3524 1596 illud

1987 1633 2199 1695 ostium,
2232 1632 2408 1695 id.est,
2439 1647 2535 1699 per
2570 1632 2727 1687 ﬁdem
2747 1631 2943 1687 Christi
2982 1631 3352 1702 egrediuntur;
3390 1645 3522 1698 quo-

346 1744 567 1811 aliisque
607 1719 879 1813 prophetis
919 1719 1187 1799 Christum
1220 1719 1723 1812 praenuntiantibus,
1763 1755 1888 1795 oves
1918 1732 1963 1790 Β
1985 1721 2126 1813 illam
2152 1720 2263 1813 γετί
2313 1719 2492 1813 “deliis
2520 1721 2837 1813 "torium-ur,
2870 1728 2926 1775 et
2968 1720 3342 1813 abundantius
3367 1720 3527 1813 habes

346 1840 519 1895 erant,
539 1839 595 1884 et
618 1831 884 1885 Christum
909 1831 1191 1885 audierunt
1219 1848 1231 1882 :
1263 1845 1368 1883 non
1414 1829 1639 1883 alienam
1684 1841 1888 1891 vocem,

346 1917 439 1972 scd
464 1917 629 1987 ipsius
655 1917 855 1973 Christi
905 1916 1203 1971 audierunt.
1257 1915 1390 1970 Nam
1421 1916 1582 1985 judex
1615 1913 1809 1969 clamat
1836 1914 1891 1967 in

348 2023 608 2077 praecone,
639 2008 760 2061 dum
786 2023 963 2078 ιιι-αιοο
992 2007 1224 2077 judicem
1270 2006 1551 2060 annuntiat
1589 2012 1887 2060 venturum.

251 2104 254 2107 '
349 2095 449 2149 Alii
474 2106 599 2150 sunt
619 2111 745 2165 ergo
764 2112 897 2164 quos
914 2111 1017 2150 non
1046 2095 1323 2149 audierunt
1342 2108 1486 2160 oves,
1504 2094 1557 2147 in
1578 2092 1768 2161 quibus
1786 2105 1890 2145 non

347 2195 465 2240 erat
492 2202 593 2241 vox
619 2184 835 2249 Christi,
860 2193 1121 2248 errantes,
1151 2184 1282 2239 falsa
1306 2185 1557 2247 dicentes,
1580 2182 1754 2235 inania
1774 2194 1894 2249 gar—

350 2275 566 2340 rientes,
597 2289 731 2327 vana
770 2272 1041 2344 tingentes,
1083 2273 1306 2327 miseros
1350 2271 1679 2334 seducentes,
1711 2289 1729 2322 ι
1759 2269 1894 2323 sicut

349 2361 834 2432 pseudoprophetae,
864 2360 1003 2413 sicut
1039 2357 1239 2413 Scriba:
1260 2367 1315 2413 et
1364 2358 1617 2413 Pharisaei
1646 2356 1893 2425 tempori-

349 2450 450 2504 bus
476 2449 646 2516 ipsius
668 2448 901 2504 Domini.
928 2447 991 2501 lli
1019 2454 1139 2500 sunt
1168 2446 1255 2514 qui
1300 2455 1558 2498 venerunt
1602 2460 1697 2515 per
1735 2460 1820 2509 se,
1842 2453 1896 2499 et

349 2553 454 2594 non
475 2544 600 2593 sunt
616 2552 645 2589 a
667 2536 848 2603 judice
875 2536 1042 2589 missi.
1089 2533 1183 2588 Bis
1205 2546 1333 2587 vero
1359 2547 1479 2587 cum
1504 2532 1760 2585 doctrinis
1784 2532 1895 2585 suis

348 2628 532 2699 procul
549 2626 801 2697 expulsis,
830 2626 1103 2680 videamus
1128 2639 1232 2693 quo
1260 2638 1357 2677 nos
1397 2631 1578 2694 pastor
1608 2623 1778 2676 bonus
1803 2637 1896 2676 vo—

351 2729 459 2777 cat.
490 2720 627 2776 Dicit
652 2720 793 2774 enim
819 2732 835 2772 :
864 2720 1046 2789 (Vnus.
1080 2717 1157 2790 9.)
1188 2717 1298 2788 Ego
1316 2734 1429 2771 sum
1455 2718 1641 2771 ostium
1663 2733 1681 2770 :
1703 2732 1794 2786 per
1815 2732 1894 2768 me

349 2813 397 2865 si
421 2812 535 2881 quis
556 2810 829 2873 introierit,
850 2806 1151 2871 salvabitur,
1173 2817 1219 2861 et
1241 2805 1578 2876 ingredietur,
1599 2814 1645 2859 et
1673 2803 1895 2874 egredie—

350 2910 455 2961 tur,
482 2907 530 2951 et
554 2914 748 2966 pascua
775 2896 1013 2950 inveniet.
1054 2912 1075 2944 ι
1106 2894 1173 2947 Et
1210 2895 1310 2947 hoc
1353 2894 1623 2947 evidenter
1668 2889 1898 2946 ostendit

1985 1810 2119 1865 bunt
2142 1810 2332 1873 vitam,
2350 1810 2605 1865 veniendo
2624 1824 2728 1878 quo
2754 1816 2935 1877 pastor
2984 1809 3069 1862 ille
3102 1810 3389 1876 praecessit,
3439 1810 3525 1862 ubi

1988 1915 2257 1968 nunquam
2279 1899 2469 1954 deinde
2493 1899 2806 1954 moriantur.
2837 1897 3087 1963 Quamvis
3110 1911 3237 1967 ergo
3281 1905 3335 1951 et
3363 1897 3448 1950 hic
3476 1898 3528 1949 in

1988 1994 2101 2062 ipso
2122 1994 2247 2050 Ovili
2284 2008 2387 2047 non
2410 1994 2585 2047 desint
2604 2007 2799 2073 pascua
2820 1990 2966 2063 Mn,
2988 1988 3239 2061 pascuae],
3280 1989 3528 2060 quoniam

1989 2077 2054 2135 ad
2078 2092 2363 2152 utrumque
2390 2098 2669 2153 possumus
2712 2083 3005 2151 intelligere
3026 2082 3164 2151 quod
3186 2082 3379 2136 dictum
3409 2090 3490 2135 est
3514 2098 3526 2131 :

1988 2167 2055 2220 Et
2068 2185 2260 2238 pascua
2284 2169 2704 2241 [Ms.,pascuaut,
2731 2177 2784 2224 et
2804 2170 2873 2223 ita
2901 2167 3081 2239 porro]
3100 2168 3337 2231 inveniet,
3357 2166 3406 2220 id
3428 2176 3528 2229 est,

1986 2264 2041 2308 et
2061 2256 2128 2309 ad
2153 2256 2447 2325 ingressum
2467 2268 2520 2311 et
2546 2258 2611 2312 ad
2637 2272 2907 2326 egressum
2938 2274 2951 2309 :
2984 2266 3159 2311 tamen
3195 2270 3320 2310 vere
3338 2270 3530 2325 pascua

1990 2346 2281 2412 invenient,
2300 2348 2390 2402 ubi
2407 2357 2711 2401 saturentur
2730 2350 2817 2416 qui
2834 2350 3074 2403 esuriunt
3101 2357 3155 2403 et
3181 2348 3367 2403 sitiunt
3379 2348 3533 2417 justi.

1991 2437 2117 2490 tiam
2163 2436 2372 2507 (Matth.
2425 2425 2476 2501 v,
2515 2436 2589 2508 6).
2614 2436 2831 2503 Qualem
2858 2436 3006 2507 μισ..
3047 2438 3251 2509 Talem]
3284 2436 3531 2507 pascua'm

1991 2526 2311 2591 invenit,cui
2330 2527 2524 2581 dictum
2540 2535 2636 2590 est,
2656 2525 2807 2579 hodie
2831 2541 3025 2580 mecum
3044 2527 3143 2579 eris
3168 2527 3222 2578 in
3242 2526 3483 2595 paradiso
3508 2544 3526 2576 ι

1992 2613 2156 2685 (Luc.
2208 2632 2360 2681 χχιιι,
2390 2615 2523 2686 45).
2557 2615 2832 2685 Sequitur
2875 2616 2939 2669 de
2981 2615 3104 2670 boni
3154 2615 3378 2684 pastoris
3415 2630 3533 2684 pcr-

1992 2702 2217 2759 factione
2259 2708 2518 2760 sententia
2566 2707 2791 2770 Domini,
2815 2716 2869 2761 et
2907 2706 2971 2761 de
2997 2705 3117 2762 mali
3157 2706 3383 2776 pastoris
3414 2704 3533 2779 fuga

1991 2806 2149 2860 quem
2179 2793 2563 2847 mercenarium
2590 2796 2845 2849 nominat.

2060 2882 2218 2936 Vnus.
2278 2883 2361 2948 ii,
2411 2883 2713 2954 12.—Ego
2760 2902 2873 2939 sum
2905 2896 3083 2954 pastor
3120 2888 3301 2951 bonus,
3338 2887 3531 2956 inquit.

352 3002 456 3041 non
504 2986 676 3040 solum
716 2994 1013 3055 pastorem,
1050 2983 1143 3038 sed
1187 2982 1347 3035 etiam
1387 2996 1514 3035 oves
1567 2982 1766 3035 intrare
1802 2996 1898 3049 per
1927 3047 1963 3055 Δ
1996 2971 2186 3029 Pastor
2204 2974 2363 3029 bonus
2386 2977 2611 3049 animum
2634 2992 2781 3030 suam
2794 2978 3037 3047 ponitpro
3054 2977 3227 3030 ovibus
3250 2978 3379 3030 suis.
3402 2978 3538 3030 Mer-

350 3074 564 3129 ostiunt.
619 3047 739 3127 Sed-
750 3073 875 3141 quid
919 3047 1020 3137 est,
1067 3070 1381 3140 ingredietur
1420 3077 1467 3122 et
1512 3047 1819 3137 egredietur,
1844 3078 1891 3121 et
1918 3047 1966 3109 ο
1993 3064 2229 3117 cenat-ius
2252 3073 2422 3118 autem
2442 3047 2591 3134 fugit,
2608 3064 2729 3135 quia
2748 3065 3089 3118 mercenarius
3108 3073 3203 3127 est,
3230 3074 3278 3117 et
3301 3080 3401 3117 non
3419 3080 3533 3133 per-

350 3177 542 3231 pauua
583 3161 840 3214 inveniet?
881 3158 1093 3228 ingredi
1127 3157 1318 3226 quippe
1361 3155 1415 3209 in
1466 3153 1755 3208 Ecclesiam
1802 3169 1898 3223 per
1993 3154 2115 3208 tinet
2138 3155 2207 3208 ad
2234 3156 2434 3210 eumde
2461 3158 2653 3211 ovibus.
2691 3174 2711 3207 ι
2750 3169 2774 3197 ι
2801 3156 3043 3224 Loquens
3083 3155 3335 3209 Dominus
3381 3152 3533 3208 Jesu’s

354 3252 549 3304 ostium
575 3248 871 3313 Christum,
891 3248 1042 3302 valde
1067 3248 1262 3301 bonum
1288 3252 1369 3299 est
1396 3262 1409 3297 :
1442 3244 1590 3299 exire
1627 3252 1803 3299 autem
1832 3245 1897 3299 de
1996 3244 2183 3312 ovibus
2227 3244 2357 3309 suis,
2384 3254 2438 3299 et
2461 3247 2806 3321 prasentibus
2834 3254 2889 3299 et
2915 3244 3125 3309 futuris,
3155 3259 3272 3314 quae
3300 3253 3423 3298 tunc
3443 3245 3530 3297 ad-

352 3334 609 3398 Eeeiesia,
633 3336 766 3390 sicut
796 3336 872 3388 ait
886 3335 995 3404 ipse
1008 3332 1237 3389 Joannes
1260 3331 1580 3403 evangelista
1602 3331 1657 3386 in
1676 3331 1896 3401 epistola
1996 3342 2168 3398 erant,
2191 3336 2450 3402 quierant
2476 3334 2625 3406 μη,
2645 3336 2887 3406 aderant]
2904 3335 3125 3390 ibiJam
3148 3334 3535 3412 [inpraesentia]

354 3437 451 3478 sua
492 3441 505 3474 :
548 3423 632 3475 Ea:
680 3424 824 3477 nobis
868 3425 1130 3485 exierunt,
1176 3422 1264 3475 sed
1307 3438 1409 3475 non
1452 3430 1597 3474 erant
1644 3437 1709 3473 ea:
1756 3421 1899 3473 nobis
1994 3435 2123 3486 oves
2141 3420 2258 3488 ejus
2280 3432 2451 3485 erant,
2476 3438 2594 3491 qua:
2618 3423 2808 3477 futura:
2833 3434 2984 3477 erant
3005 3441 3133 3479 oves
3158 3424 3273 3491 ejus
3298 3420 3531 3479 Mitem:

356 3507 409 3579 (1
438 3507 596 3561 Joan.
624 3523 693 3572 ιι,
713 3508 837 3578 20);
866 3524 972 3563 non
1002 3518 1083 3563 est
1111 3510 1292 3575 utique
1336 3509 1550 3561 bonum.
1594 3506 1736 3561 Talis
1774 3521 1899 3575 ergo
1996 3510 2344 3578 praesentibus
2366 3518 2423 3564 et
2446 3509 2659 3575 futuris,
2682 3519 2737 3564 et
2776 3512 2882 3565 illis
2905 3520 2960 3567 et
3005 3513 3177 3576 nobis,
3202 3523 3257 3567 et
3280 3522 3540 3583 quotquot

354 3613 599 3669 egressus
622 3612 723 3651 non
751 3606 929 3666 posset
953 3612 983 3651 a
1012 3598 1152 3652 bono
1166 3604 1378 3665 pastore
1420 3595 1647 3659 laudari,
1668 3604 1727 3648 ut
1752 3596 1896 3650 dice-
1997 3595 2156 3668 53‘.
2181 3598 2341 3652 etiam
2389 3606 2509 3667 post
2550 3614 2647 3653 nos
2691 3599 2886 3653 fuerint
2926 3616 3052 3655 oves
3076 3600 3209 3669 ejus,
3244 3601 3536 3672 [suasjam]

356 3696 477 3739 ret:
505 3686 571 3739 Et
604 3686 917 3754 ingredietur
941 3694 988 3739 et
1024 3685 1329 3755 egredietur,
1355 3693 1403 3737 et
1440 3700 1631 3753 pascua
1657 3685 1896 3741 inveniet.
1996 3687 2245 3739 ostendit.
2276 3686 2471 3741 Omnes
2497 3702 2624 3757 ergo
2645 3690 2859 3743 audiant
2879 3688 3057 3761 [Aug.,
3093 3689 3330 3760 audiunt]
3355 3706 3537 3746 vocem

355 3777 451 3832 Est
476 3789 603 3843 ergo
626 3775 815 3842 aliquis
844 3791 947 3829 non
985 3776 1155 3830 solum
1200 3777 1487 3846 ingressus,
1532 3790 1715 3830 verum
1739 3776 1901 3830 etiam
1998 3775 2223 3843 pastoris
2252 3775 2333 3829 sui
2353 3776 2607 3829 dicentis:
2637 3775 2747 3845 Ego
2773 3793 2886 3829 sum
2912 3788 3087 3845 pastor
3104 3778 3281 3831 bonus.
3312 3778 3425 3833 Non
3447 3780 3539 3833 ad-

358 3879 605 3935 egressus
628 3864 797 3917 bonus
824 3879 919 3933 per
933 3865 1128 3918 ostium
1149 3866 1367 3929 bonum,
1380 3868 1517 3935 quod
1536 3876 1621 3921 est
1639 3867 1899 3923 Christus.

358 3956 463 4011 Sed
489 3955 609 4026 quis
637 3964 718 4009 est
744 3953 831 4008 ille
857 3952 1133 4008 laudabilis
1156 3964 1211 4007 et
1254 3955 1441 4008 beauis
1464 3957 1745 4021 egressus?
1769 3956 1900 4011 Pos-

356 4044 457 4100 sim
486 4045 699 4115 quidem
718 4043 895 4099 dicere
916 4044 1116 4114 ingredi
1144 4059 1263 4106 nos,
1308 4043 1516 4112 quando
1561 4042 1784 4097 interius
1809 4045 1905 4098 ali-

356 4133 484 4201 quid
507 4134 802 4203 cogitamus
826 4150 840 4185 :
870 4131 1048 4202 egredi
1092 4141 1291 4197 autem,
1318 4132 1529 4202 quando
1554 4132 1785 4186 exterius
1810 4132 1900 4187 ali—

356 4222 483 4289 quid
512 4212 823 4291 operamur;
851 4231 905 4275 et
945 4224 1382 4291 quoniam,psicut
1425 4224 1554 4278 dicit
1600 4224 1901 4294 Apostolus,

355 4326 451 4379 per
468 4309 624 4377 [idern
648 4306 845 4362 habitat
869 4308 1107 4363 Christus
1127 4313 1181 4363 in
1210 4312 1448 4365 cordibus
1476 4316 1664 4368 nostris
1692 4313 1901 4385 (Ephes.

357 4415 441 4461 ιιι,
470 4397 577 4468 l7),
604 4397 804 4468 ingredi
833 4413 926 4467 per
943 4396 1240 4462 Christum,
1257 4408 1400 4453 esset
1419 4403 1706 4458 secundum
1735 4405 1902 4472 ipsam

360 4485 521 4545 ﬁdem
545 4486 805 4553 cogitare;
839 4485 1017 4555 egredi
1042 4493 1219 4539 autem
1262 4500 1358 4555 per
1392 4485 1680 4551 Christum,
1716 4504 1905 4545 secun-

360 4570 487 4622 dum
516 4572 683 4638 ipsam
706 4573 862 4629 ﬁdem
882 4575 1041 4629 etiam
1070 4576 1219 4637 foris,
1252 4575 1306 4629 id
1330 4583 1430 4640 est,
1473 4591 1648 4631 coram
1679 4578 1904 4633 homini-

360 4658 461 4711 bus
486 4660 716 4726 0perari.
744 4661 891 4715 Unde
915 4673 969 4717 et
991 4664 1275 4730 inxPsalmo
1300 4666 1491 4720 dicitur
1514 4685 1527 4719 :
1568 4666 1713 4721 Exiet
1752 4668 1902 4725 homo

360 4747 429 4845 nd
457 4760 583 4852 op'us
612 4762 761 4798 suurn
790 4745 1010 4814 (Psalm.
1038 4744 1152 4852 diu,
1180 4752 1293 4820 25).
1319 4753 1529 4821 Εῑιίρεε
1554 4754 1807 4809 Dominus
1827 4756 1903 4810 di-

362 4834 435 4887 cit
459 4851 472 4885 :
502 4832 725 4886 Luceant
748 4850 899 4902 opera
920 4832 1080 4888 vestrd
1098 4853 1270 4890 coram
1306 4840 1595 4895 hominibus
1611 4841 1818 4912 (Matth.
1851 4861 1899 4905 v,

364 4923 473 4991 ιϐ).
497 4922 602 4977 Sed
623 4923 737 4993 plus
764 4939 848 4978 me
871 4922 1249 4994 delectatquod
1278 4927 1389 4993 ipsa
1421 4929 1632 4985 Veritas
1652 4941 1903 5002 tanquam

364 5018 547 5077 pastor
566 5012 759 5075 bonus,
778 5020 831 5065 et
855 5012 971 5067 ideo
994 5012 1177 5067 doctor
1194 5012 1384 5079 bonus,
1402 5016 1790 5083 quodammodo
1808 5038 1905 5075 nos

365 5097 676 5154 admonuit:
706 5103 991 5156 secundum
1032 5090 1188 5174 quem
1234 5103 1450 5158 modum
1496 5104 1787 5175 intelligere
1812 5107 1905 5160 de-

367 5192 603 5254 beamus,
628 5192 767 5258 quod
791 5194 893 5246 ait:
912 5192 1255 5263 lngredietur,
1272 5201 1321 5245 et
1344 5193 1629 5261 egredietur
1640 5204 1686 5248 et
1712 5212 1903 5263 pascua

366 5282 603 5336 inveniet.
656 5278 805 5333 Tunc
857 5281 1055 5351 [Aug.,
1106 5281 1269 5353 Cum]
1326 5292 1536 5337 secutus
1585 5282 1825 5352 adjunxit
1887 5304 1897 5335 :

435 5425 459 5482 ξι
487 5413 563 5482 Ex
587 5414 643 5467 S.
668 5415 830 5482 Aug"
864 5421 1015 5482 tract.
1047 5428 1187 5482 xcvi.
1214 5430 1358 5469 num.
1390 5417 1440 5479 l,
1467 5416 1524 5478 Ξ,
1552 5415 1602 5467 4.

437 5479 463 5517 δ
490 5480 637 5549 Apud
649 5479 805 5552 Augi:
826 5500 842 5532 ι
864 5480 1106 5552 Loquens
1126 5480 1377 5535 Dominus
1393 5482 1545 5538 Jesus
1563 5482 1747 5536 ovibus
1770 5488 1897 5544 suis.

369 5559 422 5600 et
448 5552 704 5621 prasenti'
729 5550 788 5605 us
816 5562 867 5606 et
908 5550 1117 5609 futuris,
1170 5565 1285 5617 qua:
1337 5559 1460 5605 tunc
1492 5552 1736 5607 aderant:
1778 5556 1897 5620 quia

1998 3868 2167 3931 deret,
2189 3868 2368 3933 bonus,
2396 3868 2493 3922 nisi
2516 3876 2692 3922 essent
2712 3877 2951 3938 pastores
2978 3868 3119 3922 mali.
3171 3867 3275 3924 Sed
3301 3879 3540 3939 pastores

2002 3958 2148 4020 mali,
2179 3958 2277 4026 ipsi
2305 3965 2429 4012 sunt
2448 3956 2593 4011 fures
2615 3966 2670 4012 et
2689 3956 2922 4012 latrones
2952 3972 2966 4011 :
2998 3966 3090 4011 aut
3126 3968 3286 4021 certe,
3318 3967 3376 4012 ut
3401 3960 3536 4013 mul-

1990 4049 2131 4109 tum,
2160 4046 2491 4121 mercenarii.
2524 4044 2719 4101 Omnes
2748 4049 2890 4102 enim
2916 4047 3002 4101 hic
3022 4062 3279 4116 personas
3300 4064 3431 4119 quas
3450 4064 3540 4118 po-

2000 4135 2125 4198 suit,
2158 4136 2449 4202 requirere,
2491 4135 2814 4205 distinguere
2841 4145 2894 4191 et
2919 4152 3072 4191 nosse
3104 4138 3374 4192 debemus.
3406 4137 3540 4206 Ape—

2002 4223 2111 4275 ruit
2126 4222 2266 4275 enim
2278 4222 2390 4289 jam
2417 4222 2549 4276 duas
2575 4237 2664 4277 res
2700 4224 2969 4287 Dominus,
3000 4240 3135 4292 quas
3156 4227 3541 4292 quodammodo

2002 4309 2208 4364 clausas
2230 4319 2598 4379 proposuerat.
2628 4309 2743 4363 iam
2795 4311 2989 4367 scimus
3031 4313 3152 4380 quia
3186 4313 3380 4367 ostium
3430 4314 3539 4384 ipse

2002 4406 2103 4464 est,
2131 4399 2333 4454 scimus
2372 4401 2494 4471 quia
2520 4410 2703 4472 pastor
2742 4403 2853 4469 ipse
2878 4409 2977 4456 est.
3017 4401 3182 4457 Fures
3220 4410 3273 4455 et
3312 4401 3541 4475 latrones

2004 4482 2095 4556 qui
2122 4490 2247 4555 sint,
2276 4492 2454 4561 priore
2480 4493 2739 4547 sententia
2762 4495 3083 4562 patefactum
3121 4501 3204 4548 est
3236 4508 3250 4546 :
3280 4509 3417 4549 nunc
3445 4509 3539 4549 au-

2003 4584 2110 4629 tem
2150 4580 2447 4635 audivimus
2486 4583 2895 4647 mercenarium,
2921 4583 3215 4637 audivimus
3260 4591 3317 4636 et
3341 4582 3539 4653 lupum.

2002 4666 2305 4721 nominatus
2332 4678 2414 4722 est
2441 4677 2494 4722 et
2516 4670 2783 4723 ostiarius.
2812 4671 2867 4723 in
2885 4672 3038 4725 bonis
3060 4686 3186 4741 ergo
3211 4673 3404 4727 ostium
3440 4684 3541 4737 est,

1999 4754 2267 4817 ostiarius,
2290 4764 2471 4824 pastor
2497 4764 2553 4811 et
2573 4772 2732 4813 oves:
2767 4760 2820 4811 iu
2845 4759 3024 4823 malis,
3045 4759 3187 4813 fures
3210 4768 3266 4814 et
3288 4762 3539 4823 latrones,

2006 4845 2362 4900 mercenarius
2385 4854 2436 4899 et
2473 4846 2645 4914 lupus.
2693 4844 2896 4901 Ostium
2951 4848 3227 4901 Dominum
3272 4847 3538 4903 Christum

2007 4937 2310 5005 accipimus,
2358 4944 2626 5005 pastorem
2677 4937 2877 5005 ipsum;
2907 4937 3176 4990 ostiariqu
3201 4938 3391 5005 quem?
3418 4936 3541 4991 Haec

2007 5028 2147 5080 enim
2172 5026 2273 5080 duu
2298 5028 2406 5094 ipse
2435 5027 2709 5096 exposuit;
2733 5029 3005 5082 ostiarium
3034 5026 3184 5081 nobis
3202 5016 3537 5095 quaerendum

2004 5116 2237 5183 reliquit.
2272 5115 2335 5170 Et
2363 5117 2490 5183 quid
2516 5118 2589 5170 ait
2617 5117 2682 5171 de
2709 5118 2960 5172 ostiario?
2990 5116 3353 5203 liuicvmquit,
3376 5119 3536 5170 ostia-

2004 5208 2108 5259 rius
2138 5207 2317 5275 aperit.
2348 5206 2441 5259 Cui
2462 5207 2666 5275 aperit?
2694 5207 2915 5261 Pastori.
2954 5207 3086 5273 Quid
3112 5205 3279 5275 aperit
3303 5208 3540 5273 pastori?

2000 5292 2225 5346 Ostium.
2247 5293 2452 5373 thuis
2467 5303 2541 5347 est
2562 5295 2729 5362 ipsum
2755 5294 3102 5362 ostium?lpse
3118 5294 3277 5347 etiam
3298 5301 3497 5361 pastor.
3515 5318 3533 5349 ι

1998 5432 2169 5484 erant,
2193 5422 2548 5487 uliijamoves
2575 5421 2685 5487 ejus
2713 5433 2883 5486 erant,
2909 5438 3025 5491 quae
3053 5423 3539 5495 futuraecrtu1tcjus~

1996 5506 2141 5545 «πρε.
2229 5534 2233 5537 -
