4266 6216
690 300 787 349 δθοῖ

1552 309 1610 359 Β.
1646 310 1701 360 F.
1744 311 1961 364 Al.lil.\l
2002 314 2128 367 SEU
2168 316 2434 369 ALUIIXI
2480 319 2678 373 Ol'l'ltil
2709 323 2749 373 Μ
2787 327 2957 379 ζ’).ίίῗό
2999 329 3054 378 ll.

3765 342 3870 394 888

692 411 900 461 Diuersa
932 424 1054 463 s'mt
1083 414 1318 473 noiiiina,
1361 429 1556 478 pastor.
1593 418 1850 487 [ostium],
1883 422 2016 483 ovis,
2057 437 2216 473 unum
2248 428 2289 479 Α
2318 424 2448 475 alius
2476 425 2627 491 lupus
2647 430 2735 493 qui
2771 431 2885 484 sine
2906 436 3201 489 cessatione
3231 439 3464 503 quotidie
3489 455 3593 492 non
3612 456 3868 511 corpora,

686 500 881 565 aliquid
911 501 1275 568 signiﬁcantia.
1315 504 1443 554 Nam
1469 504 1631 571 ipsius
1656 507 1860 558 Domini
1893 508 2050 559 verba
2076 510 2231 575 paulo

688 598 807 637 ,ιιιιιτ
837 587 1132 640 audivimus
1161 602 1175 640 :
1210 589 1319 656 Ego
1346 608 1457 642 sum
1489 595 1705 654 ostium;
1735 604 1788 646 ct
1844 596 1927 647 hic
1976 598 2130 649 modo
2159 597 2231 650 le-

686 684 825 724 t‘lllltl
855 684 935 725 est
962 676 1114 728 nobis
1139 690 1152 726 :
1187 676 1295 742 ligo
1317 694 1429 729 smn
1451 690 1641 745 pastor.
1663 682 1761 745 Qui
1790 683 1949 739 etiam
1976 686 2041 735 ab
2063 685 2229 737 amico

688 764 861 824 sponsi
880 763 1059 828 Agnus
1080 765 1400 826 nominatur,
1425 769 1559 819 sicut
1586 768 1636 818 in
1671 770 1769 821 hoc
1795 772 2037 835 praesenti
2060 772 2227 824 Evan-

682 852 816 914 μιν»
844 853 1171 905 audivitmts:
1208 854 1338 905 Ecce
1374 858 1545 923 Agnus
1582 856 1694 918 Dei,
1716 875 1828 909 cccc
1852 861 1937 926 qui
1964 860 2093 911 tollit
2117 879 2229 927 pec-

681 950 793 989 cata
843 942 1019 999 ntundt'
1070 941 1243 1008 (Ioan.
1281 960 1316 1003 l,
1361 944 1466 1003 :29).
1522 945 1594 995 De
1622 963 1725 1011 quo
1755 948 1917 999 multo
1948 960 2066 1001 ante
2096 950 2224 1002 Pro—

679 1028 831 1091 pheta
861 1030 1105 1094 pnedivit
1133 1048 1143 1081 :
1177 1030 1436 1098 Tanquam
1465 1020 1569 1085 oris
1598 1036 1664 1085 ud
1708 1038 2008 1087 occisionem
2045 1038 2224 1091 ductus

676 1126 747 1165 est
792 1116 938 1167 tlsui.
973 1136 1082 1177 LIII,
1109 1120 1160 1180 7)
1198 1138 1208 1170 :
1233 1123 1472 1185 quamvis
1497 1133 1662 1174 totum
1695 1141 1885 1193 corpus
1905 1142 2077 1181 suum,
2101 1140 2224 1179 oves

679 1206 815 1254 illius
847 1207 1217 1273 intelligantur.
1270 1209 1447 1262 Potest
1476 1221 1529 1262 et
1567 1212 1654 1263 ille
1695 1214 1945 1265 ostiarius
1984 1215 2219 1283 inti-ll’gi,
2250 1246 2253 1251 ~

676 1296 795 1359 quia
829 1313 982 1349 nemo
1010 1300 1301 1366 ingreditur
1322 1302 1399 1353 vel
1414 1304 1695 1368 egreditur,
1724 1305 1820 1356 nisi
1850 1322 1913 1356 eo
1934 1306 2217 1371 aperiente,

673 1385 761 1445 qni
795 1384 952 1434 habet
979 1386 1181 1438 clavem
1208 1390 1386 1447 David,
1420 1392 1506 1456 qni
1535 1393 1722 1458 aperit,
1747 1401 1800 1443 ct
1820 1409 1973 1444 neum
1996 1394 2218 1457 claudit;

673 1473 891 1531 claudit,
946 1484 999 1525 et
1042 1492 1198 1527 nemo
1243 1479 1411 1544 aperit
1461 1480 1747 1547 (Apoc-.1”,
1780 1482 1852 1549 7).
1887 1501 1902 1531 ι
1942 1483 2052 1537 Non
2097 1498 2222 1551 ergo

675 1562 846 1626 pigeat
870 1581 972 1615 nos"
989 1566 1274 1618 secundum
1306 1571 1581 1633 quamdam
1611 1572 2027 1630 similitmlincm,
2053 1575 2220 1639 ipsqu

670 1652 941 1703 nstin-ium
974 1655 1230 1722 accipere,
1265 1671 1419 1722 quem
1448 1668 1502 1709 et
1537 1662 1748 1711 ostium.
1782 1660 1909 1725 Quis
1954 1672 2035 1715 est
2059 1664 2218 1716 ostia-

2334 510 2423 562 sed
2455 525 2657 568 mentes
2685 516 2918 584 dilaniat,
2945 522 3205 589 malignus
3253 523 3491 578 videlicet
3515 510 3870 600 spiritusqu

2330 599 2506 652 catulus
2528 599 2757 656 fidelium
2787 605 3041 663 insidians
3061 611 3327 678 circumit,
3353 622 3413 667 et
3434 624 3632 671 mortes
3661 599 3867 675 animia—

2333 701 2446 736 rum
2487 690 2696 753 quatrit.
2749 690 2824 745 De
2866 710 2971 762 quo
2999 695 3118 765 lupo
3144 714 3261 752 mox
3308 702 3589 756 subditur:
3623 703 3689 757 Et
3718 704 3872 775 lupus

2330 774 2480 840 rupit,
2510 786 2558 827 et
2595 778 2835 848 dispergit
2882 800 3015 837 oves.
3043 786 3197 857 567
3223 788 3401 858 Lupus
3424 794 3568 846 venit
3593 802 3645 848 et
3668 774 3872 852 meroe-

2329 862 2509 915 uarius
2532 862 2690 932 fugit;
2717 870 2837 935 quia
2858 873 3120 942 malignus
3152 877 3368 942 spiritus
3393 891 3596 936 mentes
3632 882 3864 941 ﬁdelium

2329 948 2381 997 in
2412 952 2701 1006 tentatione
2724 955 2958 1021 dilaniat,
2994 970 3048 1013 et
3071 962 3115 1015 is
3142 966 3229 1031 qui
3254 965 3424 1018 locum
3447 951 3673 1037 pastoris
3702 979 3869 1037 tenet,

2326 1049 2508 1087 curam
2535 1039 2902 1096 sollicitudinis
2930 1061 3031 1099 non
3080 1048 3255 1103 habet.
3302 1053 3505 1108 Anima:
3542 1067 3782 1125 pereunt,
3814 1070 3869 1115 et

2325 1121 2435 1187 ipse
2459 1121 2524 1175 de
2553 1128 2777 1181 terrenis
2816 1135 3105 1188 commodis
3143 1136 3366 1192 laetatur.
3417 1121 3594 1213 Lupus
3639 1121 3776 1215 rapit
3814 1159 3871 1204 et

2322 1212 2576 1282 dispergit
2600 1231 2745 1283 oves,
2786 1236 2904 1275 cum
2946 1214 3112 1278 lalium
3156 1229 3221 1281 ad
3275 1212 3535 1285 luxuriam
3581 1212 3868 1305 pertrahit,

2323 1298 2482 1352 alium
2528 1302 2581 1355 in
2629 1309 2906 1363 avaritiam
2958 1317 3214 1382 accendit,
3259 1320 3421 1372 alium
3469 1321 3523 1375 in
3565 1330 3868 1392 superbiam

2321 1384 2496 1450 erigit,
2540 1388 2697 1442 alium
2725 1408 2823 1459 per
2858 1396 3181 1453 iracundiam
3229 1404 3431 1472 dividit,
3486 1409 3624 1465 hunc
3669 1413 3866 1471 invidia

2320 1471 2575 1538 stimulat,
2621 1478 2763 1533 illum
2817 1484 2869 1535 in
2914 1483 3116 1541 fallacia
3169 1493 3486 1560 supplantat.
3530 1497 3691 1565 Quasi
3740 1519 3868 1573 ergo

2318 1574 2528 1656 gregem
2557 1564 2708 1633 lupus
2736 1571 2978 1641 dissipat,
3023 1592 3141 1630 cum
3169 1579 3373 1637 fidelem
3402 1589 3654 1656 populum
3680 1564 3866 1649 diabo-

2322 1642 2403 1699 lus
2428 1664 2523 1716 per
2548 1656 2860 1711 tentationes
2882 1672 3054 1715 necat.
3083 1665 3185 1719 Sed
3221 1642 3420 1725 contra.
3445 1642 3555 1729 haec
3597 1642 3868 1735 mercena-

674 1742 797 1797 rius.
821 1743 917 1793 "is,
937 1745 1025 1808 qui
1056 1720 1256 1811 nimi”
1285 1720 1412 1810 Quis
1440 1750 1622 1815 apem,
1655 1752 1755 1803 nisi
1785 1754 1872 1819 qui
1897 1768 1952 1806 se
1975 1755 2219 1820 ρψοηίιορ
2251 1720 2295 1777 Β
2325 1736 2437 1791 rius
2464 1741 2605 1795 nullo
2631 1745 2744 1799 zelo
2770 1751 3097 1817 accenditur,
3139 1757 3279 1811 nullo
3323 1759 3529 1818 fervore
3566 1765 3867 1826 dilectionis

669 1830 875 1881 dicente
904 1833 1076 1898 seipso
1107 1837 1169 1885 de
1195 1836 1370 1901 seipse
1396 1852 1407 1887 :
1444 1836 1551 1903 Ego
1577 1854 1688 1889 simi
1726 1841 1825 1901 cia,
1855 1852 1899 1891 et
1945 1842 2146 1901 reritas,
2175 1855 2221 1895 et

666 1919 787 1970 tim.
822 1920 877 1971 Si
908 1923 1041 1972 forte
1074 1922 1164 1974 tibi
1190 1924 1432 1976 voluntas
1453 1934 1531 1976 est
1574 1926 1729 1979 aliam
1775 1944 2012 1995 (llltl‘l‘L‘l'C
2042 1947 2221 1997 perso—

666 2024 785 2060 nam
814 2012 1036 2071 ostiarii,
1069 2013 1297 2078 Spiritus
1326 2025 1539 2066 sam-tus
1559 2026 1659 2078 est,
1690 2018 1751 2069 de
1779 2033 1882 2085 quo
1908 2020 2015 2085 ipse
2044 2018 2217 2072 Domi-

666 2115 763 2149 nus
793 2100 1063 2165 discipulis
1089 2102 1199 2154 suis
1228 2103 1300 2153 ait
1334 2120 1346 2153 :
1381 2101 1497 2169 Ipse
1528 2121 1609 2155 ros
1638 2105 1831 2157 docebit
1869 2124 2068 2158 omnem
2093 2110 2216 2160 reri-

660 2198 813 2237 tatem
864 2189 1040 2243 (Joan.
1096 2206 1205 2250 va,
1260 2191 1359 2249 l3).
1411 2190 1613 2244 Ostium
1658 2196 1785 2261 quid
1810 2195 1923 2247 est?
1950 2194 2211 2249 Christus.

663 2273 903 2326 Christus
950 2276 1074 2341 quid
1118 2278 1232 2329 est?
1263 2278 1488 2331 Veritas.
1521 2280 1648 2344 Quis
1677 2282 1843 2349 aperit
1874 2284 2085 2343 ostium,
2115 2287 2212 2340 nisi

663 2362 753 2427 qui
784 2364 937 2414 docet
978 2381 1188 2417 onmem
1239 2368 1549 2420 veritatem?
1581 2391 1598 2418 ι
1634 2369 1764 2423 Dum
1811 2371 2062 2425 Dominus
2092 2374 2210 2427 boni

666 2451 890 2514 pastoris.
919 2467 1050 2518 opus
1077 2454 1355 2506 ostendere
1382 2457 1561 2519 voluit,
1606 2460 1833 2526 seipsum
1864 2463 2135 2529 proposuit
2159 2462 2209 2515 in

656 2538 897 2604 esetuplo
916 2539 1097 2591 dicens
1128 2557 1139 2591 :
1171 2539 1345 2593 Bonus
1367 2555 1542 2611 pastor
1556 2548 1778 2597 animum
1805 2564 1951 2599 suam
1966 2552 2104 2616 ponit
2118 2569 2209 2620 pro

656 2627 828 2678 oribus
853 2631 976 2681 suis.
1012 2630 1160 2683 Fecit
1185 2634 1321 2698 quod
1352 2636 1571 2694 monuit,
1600 2638 1826 2689 ostendit
1849 2640 1986 2705 quod
2010 2640 2203 2707 jussit:

656 2716 887 2768 animam
920 2736 1069 2771 suam
1097 2723 1267 2789 posuit
1294 2739 1388 2789 pro
1409 2725 1593 2777 ovibus
1615 2726 1741 2778 suis.
1773 2726 1995 2780 Ostensa
2016 2739 2097 2781 est
2117 2746 2205 2782 no—

657 2803 739 2853 bis
759 2802 821 2853 de
849 2816 1149 2874 contemptu
1178 2812 1365 2863 mortis
1391 2813 1472 2863 via
1513 2828 1671 2880 quam
1716 2830 2016 2881 sequamur,
2048 2832 2203 2884 appo-

659 2889 761 2942 sita
782 2890 947 2944 forma
975 2896 1057 2945 cui
1082 2897 1461 2961 imprimanmr.
1514 2899 1747 2953 Primum
1777 2903 1927 2956 nobis
1955 2913 2035 2956 est
2058 2913 2201 2957 exte-

656 2978 797 3046 riora
838 2990 1014 3034 nostra
1072 2984 1484 3039 misericorditer
1512 2990 1696 3043 ovibus
1721 2991 1835 3058 ejus
1864 2994 2192 3060 impendere:

2323 1827 2614 1893 excitatur;
2643 1832 2763 1898 quia
2793 1834 2915 1888 dum
2944 1838 3052 1893 sola
3095 1845 3358 1900 exteriora
3386 1853 3661 1907 commoda
3690 1858 3864 1925 requi.

2322 1914 2410 1977 rit,
2436 1916 2685 2007 interiora
2713 1924 2886 1993 gregis
2911 1926 3100 1983 damna
3126 1934 3449 2005 negligenter
3473 1942 3690 2007 patitur.
3717 1914 3865 2003 Unde

2318 2012 2371 2093 et
2398 2019 2517 2093 mox
2548 2006 2850 2079 adjungitur
2880 2034 2891 2067 :
2927 2017 3105 2085 (Vens.
3142 2021 3250 2093 13.)
3306 2006 3652 2084 Hercenarius
3690 2045 3863 2087 autem

2317 2090 2469 2159 fugit,
2492 2096 2612 2162 quia
2639 2104 2981 2157 mercenarius
3001 2116 3097 2171 est,
3121 2118 3169 2161 et
3196 2090 3297 2164 non
3331 2116 3546 2181 pertinet
3570 2119 3638 2171 ad
3662 2136 3777 2173 eum
3798 2123 3863 2176 de

2316 2182 2512 2236 oribus.
2541 2184 2662 2240 Sola
2692 2203 2817 2258 ergo
2843 2206 3001 2247 causa
3052 2205 3132 2250 est
3168 2208 3225 2253 ut
3267 2207 3627 2261 mercenarius
3676 2207 3860 2279 fugiat,

2313 2270 2436 2336 quia
2459 2276 2817 2329 mercenarius
2842 2289 2942 2333 est.
2969 2281 3045 2336 Ac
3082 2285 3125 2338 si
3155 2296 3336 2355 aperte
3368 2291 3633 2347 diceretur
3661 2313 3673 2346 :
3707 2270 3861 2352 Siare

2313 2358 2364 2410 in
2391 2360 2625 2426 periculo
2646 2364 2821 2418 ovium
2850 2383 2952 2421 non
2978 2380 3172 2438 potest,
3214 2376 3305 2442 qui
3332 2376 3383 2430 in
3410 2393 3475 2433 eo
3502 2380 3642 2447 quod
3670 2385 3857 2440 ovibus

2313 2456 2524 2511 pra-cst,
2549 2465 2651 2503 non
2683 2467 2809 2507 oves
2837 2456 3023 2524 diligit,
3056 2460 3147 2512 sed
3187 2460 3391 2516 lucrum
3422 2473 3688 2523 terrenum
3715 2486 3857 2539 quae-

2311 2533 2395 2583 rit.
2446 2534 2575 2587 Dum
2604 2539 2744 2590 enim
2767 2539 3020 2597 honorem
3052 2546 3403 2616 amplectitur,
3439 2553 3560 2606 dum
3588 2533 3855 2626 tempora-

2308 2620 2444 2673 libus
2464 2626 2756 2678 commodis
2790 2626 3015 2695 laetatur,
3047 2646 3312 2702 opponere
3339 2650 3396 2691 se
3420 2650 3601 2695 contra
3643 2620 3854 2712 pericu-

2307 2706 2412 2800 lum
2442 2710 2689 2776 trepidat,
2722 2729 2789 2766 ne
2818 2715 2916 2769 hoc
2942 2720 3081 2785 quod
3125 2720 3317 2791 diligit,
3345 2726 3571 2781 amittat.
3730 2733 3856 2800 quia

2306 2790 2623 2862 Redemptor
2650 2808 2827 2851 uoster
2852 2802 3032 2870 culpas
3078 2804 3185 2859 licti
3215 2790 3441 2876 pastoris
3482 2790 3853 2881 innotuit,

2306 2895 2418 2931 rtnn
2442 2882 2664 2936 formam
2687 2887 2768 2938 cui
2791 2888 3077 2945 debeamus
3104 2894 3354 2964 imprimi,
3380 2900 3611 2955 ostendit
3631 2903 3811 2961 dicens
3834 2927 3848 2962 :

2302 2968 2484 3064 (lycus.
2520 2971 2621 3040 14.)
2650 2973 2759 3043 ligo
2781 2993 2892 3029 sum
2917 2990 3095 3047 pastor
3120 2983 3280 3036 bonus
3298 3002 3315 3037 :
3360 2995 3517 3055 atque
3542 2984 3808 3064 suhjungit
3834 3016 3849 3051 :

710 3040 717 3046 .
1389 3037 1420 3039 νν
1443 3037 1473 3039 ν-
1519 3037 1537 3041 ν
1581 3037 1694 3043 τηασ
1725 3037 1833 3058 ~a"-
1864 3037 2161 3060 ’ν’-νι··“·ν·ν
2182 3037 2192 3050 δ
2334 3052 2338 3058 η

653 3078 975 3135 postremum
1004 3087 1148 3134 vero,
1195 3075 1236 3126 si
1279 3091 1490 3129 necesse
1520 3078 1608 3140 sit,
1650 3080 1809 3130 etiam
1851 3091 2071 3133 mortem
2102 3099 2195 3134 no—
2227 3037 2270 3094 ς
2305 3052 2338 3103 ἡ

2163 3037 2195 3128 ,ξ
2227 3037 2270 3094 C
2305 3052 2369 3104 Et
2407 3037 2652 3125 cognosco
2682 3037 2841 3126 nicas,
2878 3037 2977 3119 hoc
3002 3077 3103 3123 est.
3136 3071 3316 3140 diligo,
3345 3085 3392 3125 et
3431 3037 3848 3145 itognosc'untnm

653 3166 816 3209 stram
844 3173 941 3225 pro
960 3158 1157 3213 eisdem
1186 3164 1371 3215 ovibus
1399 3166 1716 3217 ministrare.
1749 3169 1845 3232 Qui
1870 3184 1971 3222 non
1996 3171 2083 3222 dat
2105 3187 2199 3237 pro

648 3241 837 3296 ovibus
862 3248 1205 3299 subst-uitium
1229 3264 1401 3311 sUam,
1430 3253 1637 3318 quanto
1660 3269 1754 3319 pro
1774 3257 1850 3307 eis
1875 3257 2096 3310 daturus
2118 3269 2197 3310 est

652 3334 882 3387 animam
907 3344 1091 3388 suam?
1122 3338 1492 3405 Exposuimus,
1526 3341 1603 3392 vel
1648 3344 1835 3407 magis,
1863 3346 2082 3398 Domino
2108 3346 2197 3399 do—

649 3430 825 3483 conte,
846 3423 1217 3485 intelleximus,
1244 3426 1363 3493 quis
1386 3427 1452 3479 sit
1481 3438 1679 3494 pastor,
1708 3431 2058 3497 quisostimn,
2080 3433 2197 3500 quis

652 3508 920 3571 ostiarius,
942 3511 1061 3578 quis
1086 3513 1240 3565 etiam
1266 3524 1319 3565 et
1344 3516 1494 3566 ovis:
1528 3531 1623 3570 nec
1653 3532 1756 3570 non
1791 3520 1880 3586 qui
1923 3521 2029 3572 sint
2055 3520 2196 3574 fures

646 3606 701 3648 et
727 3595 955 3650 latrones
978 3602 1336 3666 cognovimus.
1362 3602 1465 3654 Sed
1512 3604 1665 3656 modo
1694 3605 1763 3657 de
1794 3610 2118 3661 mcrcenario
2144 3618 2195 3661 et

651 3684 774 3751 lupo
801 3687 1210 3748 consideremus,
1244 3689 1308 3740 de
1345 3691 1536 3757 quibus
1586 3692 1696 3758 ipse
1734 3694 1987 3761 Dominus
2016 3696 2187 3750 dixit:

658 3771 1003 3828 Mercenarius
1032 3786 1224 3839 autem,
1253 3787 1304 3829 ct
1331 3781 1419 3839 qui
1459 3795 1557 3831 non
1597 3792 1667 3833 est
1697 3794 1891 3849 pastor,
1914 3801 2061 3855 cujus
2093 3804 2190 3838 non

648 3870 765 3911 sttttt
787 3878 901 3915 oves
930 3866 1172 3931 propria’,
1211 3867 1338 3919 ridet
1366 3868 1541 3937 lupum
1578 3874 1879 3935 venientem,
1910 3884 1957 3926 et
1984 3875 2189 3944 dimittit

646 3962 781 4009 ores,
812 3958 858 3999 et
905 3949 1056 4017 fugit.
1095 3970 1112 4000 ι
1143 3964 1165 3989 ο
1198 3953 1309 4005 Non
1350 3964 1550 4022 pastor,
1584 3959 1675 4012 sed
1714 3962 2073 4017 mercenarius
2096 3980 2188 4018 vo-

650 4044 821 4097 catur,
851 4038 939 4104 qui
970 4053 1074 4093 non
1099 4054 1196 4108 pro
1238 4040 1416 4097 annue
1467 4045 1651 4101 intimo
1700 4063 1825 4102 oves
1869 4050 2184 4113 Dominicas.

645 4125 736 4174 scil
790 4126 855 4176 ad
900 4130 1220 4194 temporales
1273 4132 1541 4187 mercedes
1586 4136 1774 4201 pascit.
1835 4137 2189 4193 Mercenarius

644 4210 835 4279 quippe
879 4224 959 4266 cst
1006 4216 1095 4283 qui
1140 4216 1309 4269 locum
1350 4217 1605 4292 [quidem]
1631 4224 1857 4291 pastoris
1898 4232 2058 4289 tenet,
2096 4228 2185 4281 sed

644 4299 788 4350 lucra
832 4301 1126 4355 animarum
1182 4319 1284 4357 non
1328 4309 1518 4373 quaerit
1568 4327 1579 4358 :
1625 4312 1850 4365 terrenis
1897 4317 2187 4370 commodis

644 4386 832 4450 inhiat,
864 4389 1059 4443 honore
1083 4392 1405 4458 pta'lationis
1448 4398 1659 4462 gaudet,
1706 4402 2080 4468 temporalibus
2106 4404 2183 4457 lu-

640 4474 748 4525 eris
767 4475 1021 4540 pascitur,
1053 4478 1285 4545 impensa
1314 4482 1410 4534 sibi
1442 4484 1507 4534 ab
1543 4485 1841 4539 hominilms
1890 4492 2181 4543 reverentia

640 4558 865 4612 hetatur.
919 4561 1033 4614 Ista:
1075 4574 1193 4616 sunt
1240 4568 1431 4620 etenim
1469 4573 1734 4624 inet-cedes
1759 4576 2086 4641 mercenarii,
2123 4587 2180 4631 ut

641 4665 735 4714 pro
757 4665 820 4701 eo
846 4651 960 4717 ipso
989 4655 1124 4718 quod
1152 4655 1201 4706 in
1230 4657 1478 4724 tegimine
1501 4658 1722 4720 laborat,
1752 4662 1835 4715 hic
1874 4665 2013 4731 quod
2039 4680 2179 4733 qua:-

644 4736 731 4796 rit,
774 4737 1022 4799 inveniat,
1052 4740 1196 4791 etab
1248 4742 1555 4797 harreditate
1591 4748 1766 4814 gregis
1818 4750 1869 4801 iu
1908 4761 2177 4818 posterqu

640 4824 842 4877 alietttts
872 4826 1081 4879 existat.
1128 4828 1304 4896 Lupus
1334 4833 1473 4885 enim
1506 4848 1662 4902 super
1698 4850 1824 4889 oves
1860 4841 2020 4902 venit,
2057 4857 2175 4895 cum

641 4910 858 4975 quilibet
885 4910 1109 4977 injustas
1142 4925 1195 4966 et
1226 4929 1405 4984 raptor
1428 4919 1607 4974 fideles
1636 4938 1867 4991 quosque
1898 4935 2052 4995 atque
2076 4929 2175 4981 hu-

642 4998 789 5049 miles
840 5001 1107 5066 Oppn'mit.
1155 5000 1259 5055 Sed
1287 5003 1330 5055 is
1362 5006 1448 5071 qui
1479 5017 1658 5073 pastor
1685 5024 1801 5062 esse
1830 5012 2099 5066 videbatur
2124 5025 2175 5065 et

640 5100 741 5136 nou
772 5093 907 5147 crat,
939 5087 1183 5155 relinquit
1206 5106 1331 5143 oves
1355 5102 1409 5144 et
1438 5094 1600 5161 fugit;
1635 5097 1756 5164 quia
1802 5097 1925 5151 dum
1959 5102 2057 5153 sibi
2109 5104 2175 5154 ab

636 5190 697 5223 νο
723 5173 1010 5239 periculum
1059 5180 1260 5239 metuit,
1314 5180 1557 5234 resistere
1602 5185 1715 5252 ejus
1754 5184 2022 5251 injustitia:
2070 5204 2173 5242 non

638 5263 925 5327 jmcsuniit.
958 5263 1109 5334 Fugit
1128 5275 1301 5320 autem
1329 5285 1430 5323 non
1452 5274 1701 5327 mutando
1724 5274 1911 5336 locum,
1938 5276 2028 5329 sed
2054 5279 2173 5331 sub-

637 5352 890 5403 trahendo
938 5354 1212 5418 solatium;
1268 5358 1395 5427 fugit
1445 5362 1533 5429 qui
1582 5361 1889 5429 injustitiam
1944 5368 2071 5420 vidit
2122 5377 2173 5421 et

636 5439 828 5499 tacuit;
862 5440 990 5507 fugit
1023 5444 1109 5507 qui
1142 5460 1196 5497 se
1219 5447 1315 5497 sub
1341 5447 1550 5501 silentio
1575 5451 1864 5511 abscondit.
1904 5475 1918 5501 ι
1958 5454 2172 5508 Sedeat

706 5566 722 5582 η
761 5552 827 5601 Ιῖκ
954 5555 1105 5622 tircg.
1140 5556 1303 5609 Ilumil
1359 5559 1445 5609 lib.
1483 5577 1515 5619 ι,
1553 5561 1727 5613 homil.
1770 5562 1847 5622 li,
1884 5581 2022 5617 num.
2055 5566 2162 5615 12-3.

2218 4348 2266 4405 Ι)

2301 3158 2444 3194 ποιων.
2491 3146 2567 3197 Ac
2596 3148 2638 3198 si
2664 3159 2910 3215 patenter
2948 3154 3090 3208 dicat
3116 3174 3128 3208 :
3163 3157 3445 3228 Diligentes
3467 3164 3845 3233 obsequuntur.

2303 3247 2318 3275 ι
2356 3229 2500 3284 L'nde
2546 3249 2663 3287 ηιοι
2690 3238 2999 3307 suljuuxit:
3035 3242 3216 3310 (Vens.
3262 3245 3369 3318 l5.)
3406 3247 3553 3302 Sicut
3590 3229 3728 3305 novit
3766 3269 3848 3307 me

2302 3315 2475 3379 Pater,
2504 3331 2550 3372 et
2575 3338 2663 3390 ego
2682 3342 2929 3393 cognosco
2951 3329 3184 3396 Patrem,
3208 3344 3255 3386 et
3276 3337 3503 3391 animum
3528 3356 3692 3391 meam
3710 3358 3846 3408 pono

2293 3420 2384 3469 pro
2406 3406 2580 3460 oribus
2614 3412 2756 3463 meis.
2782 3412 2857 3466 Ac
2879 3414 2923 3467 si
2949 3425 3192 3483 patenter
3216 3420 3355 3474 dicat
3382 3441 3393 3474 :
3428 3422 3485 3476 ln
3513 3425 3613 3480 hoc
3633 3406 3845 3482 constat

2295 3495 2417 3560 quia
2443 3507 2495 3548 et
2522 3513 2781 3565 cognosco
2806 3502 3013 3556 Patrem
3042 3514 3095 3558 et
3123 3520 3413 3577 cognoscor
3435 3527 3464 3564 a
3492 3511 3669 3578 Patre,
3710 3516 3837 3583 quia

2296 3583 2524 3635 anin‘iam
2553 3601 2721 3639 meum
2748 3605 2885 3657 pono
2913 3608 3009 3659 pro
3036 3595 3223 3650 ovibus
3244 3598 3404 3663 meis;
3435 3600 3485 3653 id
3509 3609 3612 3665 est,
3631 3616 3694 3654 ea
3715 3592 3843 3655 elia-

2298 3675 2449 3728 ritate
2472 3692 2573 3743 qua
2597 3692 2693 3746 pro
2720 3682 2905 3734 ovibus
2951 3685 3165 3747 morior,
3191 3698 3444 3753 quantum
3484 3690 3696 3744 Patrem
3721 3690 3843 3744 dili-

2293 3782 2411 3835 gam
2452 3769 2690 3822 ostendo.
2735 3771 2863 3834 Quia
2909 3787 3032 3825 vero
3072 3790 3177 3827 non
3224 3775 3393 3830 solum
3432 3778 3690 3846 Judaeum,
3739 3783 3833 3837 sed

2292 3853 2449 3904 etiam
2465 3855 2809 3921 gentilitatem
2832 3859 3087 3915 redimere
3108 3873 3345 3929 venerat,
3362 3865 3595 3935 adjungit
3614 3886 3627 3919 :
3646 3869 3833 3939 (\‘Eas.

2294 3942 2398 4013 16.)
2433 3942 2499 3996 Et
2530 3945 2661 3999 alias
2691 3964 2804 4001 ores
2843 3950 3024 4015 habeo,
3058 3970 3171 4022 qua:
3204 3972 3304 4008 non
3327 3968 3445 4009 sunt
3472 3974 3536 4011 ea:
3574 3951 3671 4013 hoc
3698 3962 3841 4027 ovili,

2288 4046 2333 4086 et
2355 4034 2471 4088 illas
2499 4047 2691 4104 oportet
2717 4055 2796 4089 me
2833 4040 3109 4105 adducere,
3136 4051 3183 4095 et
3206 4060 3371 4097 vocem
3400 4063 3564 4101 meam
3599 4050 3835 4112 audient,

2288 4130 2334 4171 et
2366 4121 2452 4184 ﬁet
2480 4139 2635 4174 unum
2663 4123 2792 4176 orile
2820 4134 2868 4176 et
2890 4140 3021 4179 unus
3055 4139 3249 4196 pastor.
3286 4130 3714 4201 Redemptionem
3738 4149 3839 4189 no-

2289 4218 2452 4262 stram
2479 4210 2568 4279 qui
2596 4226 2657 4264 ex
2685 4214 2863 4281 gentili
2891 4217 3084 4284 populo
3100 4218 3336 4272 venimus
3352 4217 3606 4276 Dominus
3620 4237 3840 4292 aspexe-

2291 4306 2391 4361 rat,
2419 4314 2537 4351 cum
2565 4313 2621 4352 se
2642 4301 2903 4355 adducere
2928 4312 2981 4356 et
3010 4304 3142 4357 alias
3165 4318 3289 4359 oves
3320 4307 3545 4362 dicebat.
3571 4308 3681 4365 Hoc
3704 4326 3837 4379 «ισοξ

2290 4385 2414 4437 tidie
2439 4386 2573 4447 fieri,
2614 4385 2826 4451 fratres,
2852 4391 3125 4460 aspicitis;
3155 4392 3255 4447 hoc
3295 4393 3649 4450 reconciliatis
3666 4398 3837 4465 genti-

2283 4472 2380 4524 lrus
2402 4470 2595 4526 factum
2643 4474 2796 4528 hodie
2825 4476 3030 4530 videtis.
3065 4478 3222 4542 Quasi
3252 4495 3316 4534 ex
3364 4482 3567 4539 duobus
3590 4482 3836 4551 gregibus

2282 4576 2440 4614 unum
2462 4562 2598 4615 ovile
2636 4562 2816 4625 elllcit,
2861 4564 2985 4631 quia
3014 4565 3289 4620 Judaicmn
3319 4577 3373 4621 et
3399 4568 3644 4635 gentilem
3670 4585 3836 4649 popu-

2282 4646 2389 4697 lum
2418 4646 2468 4698 in
2495 4660 2588 4699 sua
2622 4646 2723 4699 fide
2752 4648 3043 4719 conjungit,
3071 4651 3236 4705 Paulo
3264 4657 3684 4724 attestante,-qui
3709 4646 3785 4710 ait
3812 4674 3829 4712 :

2281 4733 2394 4801 Ipse
2410 4743 2483 4785 est
2506 4751 2608 4802 paa:
2635 4746 2829 4801 nostra,
2851 4739 2939 4807 qui
2960 4741 3079 4807 fecit
3100 4750 3317 4811 utraque
3343 4760 3498 4796 unum
3525 4746 3735 4815 (Ephes.
3765 4762 3830 4810 tl,

2280 4821 2386 4889 14).
2414 4820 2546 4875 Dum
2562 4825 2701 4879 enim
2718 4825 2783 4877 ad
2808 4836 3061 4880 aeternam
3087 4829 3244 4882 vitam
3271 4847 3337 4885 ex
3362 4840 3586 4901 utraque
3613 4834 3827 4887 natione

2278 4912 2545 4979 simplices
2572 4914 2736 4983 eligit,
2761 4917 2826 4967 ad
2847 4916 2985 4968 ovile
3010 4920 3279 4987 proprium
3300 4936 3428 4974 oves
3446 4922 3675 4976 deducit.
3706 4941 3723 4971 ‹
3756 4923 3830 4978 De

2274 5002 2465 5066 quibus
2494 5002 2731 5070 profecto
2760 5004 2945 5058 ovibus
2969 4993 3181 5061 rursum
3208 5008 3346 5063 dixit
3376 5025 3388 5060 :
3421 5008 3549 5063 Oves
3583 5027 3709 5064 nocte
3737 5010 3827 5066 ro-

2275 5101 2378 5137 cem
2410 5102 2573 5138 meam
2596 5087 2834 5151 audiunt,
2864 5099 2913 5141 et
2939 5108 3030 5160 ego
3075 5109 3321 5160 cognosco
3345 5096 3455 5157 eas,
3480 5100 3527 5147 et
3548 5108 3817 5169 sequuntur
3839 5130 3849 5137 α

2274 5190 2372 5237 me,
2399 5184 2446 5226 et
2471 5191 2560 5242 ego
2584 5176 2738 5228 vitam
2760 5188 3004 5232 internum
3029 5181 3096 5233 do
3125 5182 3230 5245 eis;
3267 5182 3333 5237 de
3375 5186 3566 5252 quibus
3594 5198 3646 5241 et
3670 5188 3827 5257 paulo

2273 5263 2512 5329 superius
2541 5263 2665 5318 dicit
2690 5284 2700 5317 :
2735 5263 2839 5319 Per
2859 5283 2938 5319 me
2959 5266 3133 5336 siquis
3153 5271 3427 5337 introierit,
3451 5262 3754 5337 satvﬂitiir,
3774 5284 3823 5328 et

2273 5350 2603 5417 ingredietur,
2629 5365 2677 5407 et
2701 5356 3006 5424 egredietur,
3048 5368 3097 5409 et
3134 5376 3325 5427 pascua
3372 5364 3607 5417 inveniet.
3638 5362 3818 5431 ingre-

2272 5442 2443 5494 dietur
2467 5447 2657 5514 quippe
2684 5447 2747 5500 ad
2788 5447 2979 5512 tidem;
3022 5453 3321 5519 egredietur
3360 5468 3486 5507 vero
3526 5468 3555 5507 a
3601 5455 3701 5510 fide
3750 5456 3815 5509 ad
