4152 6190
331 331 435 387 889

1121 331 1520 386 EXEGETICA.
1562 360 1628 369 ——
1663 328 2008 385 COMMENT.
2042 328 2109 383 ΠΝ
2146 326 2333 393 .IOAN.
2370 356 2438 366 —
2473 327 2596 378 LIB.
2640 328 2698 377 V.

3387 331 3489 382 890

330 437 579 501 speciem,
610 451 638 486 a
663 436 974 489 credulitate
1015 436 1080 489 ad
1107 439 1632 505 contemplationem;
1673 451 1864 504 pascua
1892 443 1938 501 Α
1963 451 2150 503 ponam
2187 435 2363 504 (loan.
2409 450 2526 497 xm,
2566 435 2690 503 57),,
2716 435 2767 488 id
2809 443 2908 497 est,
2955 447 3170 503 propter
3206 446 3256 495 te
3298 442 3493 494 mori...-

331 533 506 576 anteui
534 523 762 576 inveniet
788 523 840 575 in
877 532 1072 577 aeterna
1101 522 1419 602 refectione.
1437 523 1572 578 Oves
1595 537 1720 594 ergo
1754 522 1868 588 ejus

329 624 524 679 pascua
552 610 837 672 invenient,
868 612 990 676 quia
1020 612 1256 678 quisquis
1285 611 1428 665 illum
1456 612 1612 666 corde
1644 612 1869 678 simplici

329 699 589 765 sequitur,
607 707 822 752 atteruae
842 699 1120 754 viriditatis
1141 700 1332 766 pabulo
1361 700 1606 753 nutritur.
1630 699 1754 764 Quae
1774 714 1867 752 au-

331 793 438 838 tem
467 793 588 839 sunt
618 785 840 840 istarum
881 787 1056 839 ovium
1084 799 1298 852 pascua,
1336 785 1436 839 nisi
1463 785 1866 853 ieteniagaudia

332 877 651 943 sempiterne
675 877 894 929 virentis
921 876 1183 944 paradisi?
1209 875 1407 930 Paseua
1432 890 1657 943 namque
1675 875 1868 947 electo-

334 980 451 1016 rum
475 972 620 1026 sunt,
647 964 820 1016 vultus
847 979 1080 1030 presens
1108 963 1224 1026 Dei,
1253 964 1342 1030 qui
1371 963 1494 1018 dum
1521 963 1638 1017 sine
1662 963 1871 1016 deiectu

329 1053 672 1120 conspicitur,
700 1053 812 1105 sine
838 1052 939 1105 tiue
961 1067 1110 1106 mens
1133 1054 1252 1106 vitai
1277 1053 1397 1106 cibo
1423 1052 1661 1106 satiatur.
1685 1069 1706 1101 ι
1733 1063 1758 1089 ι
1775 1051 1871 1103 Se-

329 1139 510 1208 quitur
539 1155 555 1191 :

400 1228 557 1282 Vtilis.
590 1228 673 1279 l7.
703 1226 732 1266 δ
751 1257 820 1266 --
845 1224 1115 1293 Propterea
1150 1241 1228 1278 me
1246 1223 1412 1291 diligit
1437 1221 1612 1284 Pater,
1638 1224 1758 1290 quia
1778 1239 1871 1291 ego

330 1332 464 1383 pono
490 1317 718 1368 animam
745 1331 931 1378 meum,
955 1315 1202 1387 et-iterum
1223 1328 1368 1364 sumo
1381 1328 1541 1366 eanm
1565 1310 1700 1376 Quid
1727 1311 1800 1363 ait
1817 1323 1862 1361 ετ

339 1400 612 1471 Propterea
649 1419 729 1456 me
757 1400 917 1457 Pater
941 1404 1148 1472 diligit?
1173 1393 1303 1468 Quia
1329 1405 1547 1466 morior,
1593 1410 1649 1457 ut
1693 1417 1869 1456 resur-

273 1553 277 1557 l
331 1505 474 1557 gam.
521 1489 654 1544 Cum
698 1504 889 1558 magno
924 1492 1064 1544 enim
1095 1492 1325 1559 pondere
1365 1491 1562 1546 dictum
1592 1500 1671 1545 est
1698 1509 1710 1544 :
1738 1490 1864 1558 Ego.

334 1577 470 1640 Quia
514 1595 624 1645 ego,
671 1578 860 1646 inquit,
903 1595 1036 1647 pono
1078 1581 1303 1633 animum
1347 1597 1529 1632 meam.
1577 1581 1686 1648 Ego
1713 1596 1864 1648 pono.

331 1664 468 1729 Quid
495 1673 729 1737 estzego
764 1668 936 1735 pono?
961 1667 1090 1737 Ego,
1135 1667 1322 1733 inquit,
1373 1667 1515 1719 illam
1559 1682 1712 1735 pono.
1755 1667 1866 1719 Non

1964 539 2144 580 carne.
2180 523 2316 578 Caro
2342 525 2521 592 posuit
2555 524 2786 584 animam
2831 540 3002 588 suam,
3045 534 3100 578 et
3138 541 3263 582 caro
3302 531 3492 585 iterum

1965 612 2249 679 assumpsit
2287 613 2548 674 animam;
2578 627 2688 667 non
2723 621 2899 669 tamen
2932 623 3189 681 potestate
3227 632 3318 669 sua
3345 633 3492 678 caro,

1964 699 2056 754 sed
2082 707 2340 767 potestate
2368 700 2705 758 inhabitantis
2733 719 2754 772 ι
2778 702 2938 754 Verbi
2972 703 3084 760 Dei.
3116 704 3343 760 Verbum
3367 720 3494 758 vero

1964 787 2055 840 Dei
2097 804 2362 857 nunquam
2391 791 2564 856 posuit
2609 791 2837 843 animam
2884 805 2948 843 ex
2973 808 3035 844 eo
3075 808 3228 859 quam
3275 795 3506 863 sumpsit,

1963 888 2079 926 eam
2109 875 2164 927 in
2190 877 2441 928 unitatem
2473 893 2709 945 persona:
2750 877 2878 942 sibi,
2914 880 3005 931 sed
3048 894 3079 932 a
3119 895 3282 935 carne
3320 874 3508 936 anima:

1964 963 2130 1030 posita
2157 970 2258 1025 est,
2293 965 2563 1018 et'iterum
2603 977 2869 1034 resumpta
2893 982 2989 1035 per
3024 976 3334 1048 potestatem
3364 970 3498 1029 divi.

1965 1051 2165 1105 uitatis.
2195 1050 2332 1105 Caro
2360 1065 2485 1121 ergo
2524 1054 2671 1120 ponit
2709 1056 2939 1108 animam
2975 1071 3126 1109 suam
3155 1058 3492 1124 exspirando.

1965 1137 2094 1191 Vide
2139 1137 2308 1206 ipsum
2353 1139 2626 1218 Dominum
2674 1139 2726 1198 in
2772 1157 2949 1200 cruce.
3000 1144 3125 1211 quid
3161 1145 3326 1198 dixit?
3364 1144 3497 1197 Sitio

1965 1224 2142 1294 (Joan.
2183 1242 2294 1290 xix,
2317 1227 2405 1291 28,
2429 1226 2580 1298 αφ).
2611 1228 2710 1293 Qui
2755 1230 2996 1294 aderant,
3032 1233 3298 1285 tinxerunt
3336 1249 3498 1301 span:

1963 1315 2102 1382 giam
2129 1316 2181 1368 in
2205 1325 2377 1379 aceto,
2402 1317 2747 1388 alligaverunt
2777 1319 3041 1382 arundini,
3061 1329 3118 1372 et
3143 1329 3503 1387 apposuenint

1963 1402 2043 1455 ori
2082 1402 2230 1469 eius:
2256 1405 2393 1471 quod
2436 1419 2556 1458 cum
2600 1407 2906 1472 accepisset,
2941 1407 3014 1459 ait
3035 1421 3056 1471 ε,
3073 1405 3362 1475 Perfectum
3398 1418 3506 1472 est.

1964 1487 2098 1552 Quid
2139 1500 2239 1552 est,
2273 1488 2562 1558 Perfectum
2600 1493 2713 1544 est?
2749 1492 2964 1560 impleta
3006 1504 3127 1547 sunt
3169 1497 3343 1548 omnia
3384 1511 3500 1562 qua:

1963 1586 2089 1630 ante
2125 1587 2350 1632 mortem
2377 1577 2548 1631 futura
2591 1578 2677 1649 [de
2705 1579 2812 1651 me}
2840 1579 3050 1633 fuerant
3075 1582 3406 1649 prophetata.
3438 1582 3501 1634 Et

1963 1666 2082 1732 quia
2118 1675 2430 1732 potestatem
2471 1667 2696 1722 habebat
2721 1669 2929 1736 quando
2953 1668 3109 1735 vellet
3135 1668 3360 1736 ponendi
3388 1669 3501 1723 ani-

332 1755 624 1822 glorientur
649 1754 813 1810 Judaai
844 1775 857 1807 :
886 1757 1070 1812 saevire
1093 1765 1394 1824 potuerunt,
1441 1765 1752 1822 potestatem
1779 1757 1870 1809 ha-
1901 1756 1942 1813 8
1970 1768 2107 1806 mam
2149 1769 2318 1818 suam,
2361 1764 2701 1823 posteaquam
2748 1757 2899 1821 dixit,
2946 1755 3243 1824 Perfectum
3279 1765 3372 1820 est,
3423 1758 3501 1810 ait

333 1844 461 1896 bere
499 1861 601 1899 non
631 1854 929 1913 potuemnt.
963 1848 1194 1902 Saeviant
1238 1855 1491 1915 quantum
1536 1857 1794 1914 possunt:
1823 1849 1867 1902 si

332 1945 431 2000 ego
466 1934 682 1987 noluero
719 1949 914 2002 ponere
950 1937 1180 1991 animam
1223 1952 1416 1999 meam,
1443 1935 1566 2004 quid
1607 1937 1868 1991 sievieudo

336 2016 525 2070 facturi
551 2021 702 2072 sunt?
725 2021 836 2074 Una
858 2023 1197 2089 responsione
1222 2023 1473 2090 prostrati
1498 2031 1640 2085 sunt,
1661 2023 1867 2090 quando

333 2105 414 2158 eis
441 2105 651 2177 dictum.
675 2115 756 2160 est
783 2123 798 2160 :
831 2107 992 2172 Quem
1018 2111 1243 2178 quaeritis
1276 2111 1449 2179 (Joan.
1490 2127 1638 2173 xvnl,
1669 2111 1756 2180 6)?
1782 2112 1869 2163 Di-

337 2205 546 2260 xerunt,
574 2195 784 2262 Jesum;
824 2208 877 2253 et
912 2201 984 2255 ait
1009 2202 1124 2255 eis:
1157 2200 1267 2270 Ego
1301 2217 1414 2253 sum
1444 2217 1462 2253 :
1490 2202 1760 2253 redierunt
1788 2215 1870 2253 re-

339 2293 441 2345 tro,
468 2292 523 2337 et
561 2285 882 2338 ceciderunt.
913 2286 1009 2350 Qui
1039 2288 1344 2341 ceciderunt
1389 2286 1456 2342 ad
1481 2301 1640 2340 unam
1686 2300 1870 2340 vocem

335 2367 532 2424 Christi
583 2373 848 2434 morituri,
875 2373 998 2441 quid
1046 2373 1241 2427 facient
1279 2376 1376 2429 sub
1402 2389 1531 2428 voce
1578 2373 1726 2444 illa,
1773 2373 1870 2427 sub

334 2459 542 2524 vocem]
564 2461 880 2528 judicaturi?
910 2461 1036 2530 Ego,
1065 2463 1250 2529 inquit,
1275 2479 1408 2530 pono
1435 2465 1660 2515 animum
1684 2479 1868 2516 meum.

337 2543 450 2596 Non
478 2546 772 2613 glorientur
795 2545 980 2612 Judaei,
1012 2549 1162 2616 quasi
1201 2549 1288 2617 qui
1326 2548 1732 2615 praevaluerint:
1763 2551 1872 2616 ipse

336 2635 514 2700 posuit
544 2633 773 2686 animam
798 2649 966 2687 suam.
1000 2654 1019 2686 ι
1053 2633 1201 2686 Sicut
1227 2642 1540 2703 potestatem
1572 2634 1754 2695 habuit
1782 2648 1872 2700 po-

334 2723 516 2782 uendl,
556 2719 628 2772 ita
665 2729 980 2786 potestatem
1022 2723 1339 2775 resuiuendi.
1368 2721 1515 2787 Quod
1553 2721 1668 2774 aliis
1695 2721 1873 2774 vertis

337 2805 390 2859 iu
418 2807 518 2858 hoc
556 2806 668 2874 ipso
695 2807 975 2876 Evangelio
1010 2809 1261 2872 ostendit,
1291 2809 1508 2864 dicens:
1537 2807 1721 2861 Solvite
1749 2817 1873 2858 tem-

335 2895 476 2962 plum
501 2896 616 2958 hoc,
640 2905 686 2947 et
712 2896 765 2948 in
789 2896 948 2948 tribus
973 2896 1147 2947 diebus
1187 2897 1418 2967 excitabo
1457 2895 1583 2950 illud
1609 2893 1783 2963 (Joan.
1814 2910 1870 2955 ιι,

339 2981 426 3043 l9,
453 2981 542 3051 2|)
570 2999 582 3034 :
613 2983 752 3049 quod
782 2983 1100 3052 evangelista
1141 2981 1299 3052 568
1338 2993 1550 3036 secutus
1587 2984 1829 3053 exposuit
1854 3004 1866 3036 ;

1964 1842 2278 1909 evangelista
2311 1841 2412 1894 :Et
2451 1842 2696 1894 inclinato
2737 1845 2898 1910 capite
2938 1843 3149 1896 tradidit
3186 1844 3442 1912 spiritum.
3472 1862 3493 1896 ι

1964 1927 2113 1993 Quod
2153 1929 2222 1982 ibi
2265 1929 2457 1982 dicitur
2498 1929 2734 1993 tradidit,
2777 1938 2830 1982 et
2873 1929 2960 1983 hic
2992 1929 3192 1982 dictum
3219 1938 3301 1983 est
3335 1929 3500 1998 ponit,

1965 2019 2085 2084 quia
2114 2028 2275 2071 unum
2313 2027 2394 2072 est
2433 2021 2638 2091 tradere
2685 2028 2738 2072 et
2781 2029 2994 2090 ponere.
3027 2037 3046 2069 ι
3079 2017 3206 2084 Quis
3254 2018 3503 2076 tradidit?

1965 2093 2127 2170 Quem
2169 2107 2415 2160 tradidit?
2443 2106 2695 2174 Spiritum
2727 2109 2957 2170 tradidit,
2986 2124 3110 2161 caro
3155 2109 3301 2172 illum
3344 2110 3503 2164 tradi-

1965 2194 2060 2249 dit.
2091 2193 2227 2261 Quid
2253 2201 2350 2253 estv,
2380 2209 2506 2247 caro
2535 2192 2677 2245 illum
2702 2194 2947 2246 tradidit?
2968 2195 3104 2250 Caro
3126 2195 3274 2247 illum
3305 2188 3501 2256 emisit,

1966 2299 2091 2336 caro
2119 2283 2262 2336 illum
2301 2283 2607 2352 exspiravit.
2645 2282 2764 2336 ldeo
2802 2284 2941 2350 enim
2984 2282 3179 2337 dicitur
3204 2281 3505 2349 exspirare,

1965 2379 2116 2423 extra
2151 2371 2391 2438 spiritum
2442 2371 2588 2446 ﬁeri;
2628 2372 2891 2439 quomodo
2930 2381 3013 2428 est
3049 2371 3307 2433 exsulare,
3350 2379 3505 2437 extra

1967 2457 2134 2510 solum
2179 2457 2310 2511 ﬁeri.
2349 2480 2366 2507 ι
2391 2459 2538 2522 Quod
2582 2459 2668 2513 hic
2715 2459 2908 2512 dicitur
2943 2457 3292 2515 :Potestaiem
3346 2459 3504 2511 habeo

1965 2545 2182 2614 ponendi
2203 2547 2429 2600 animum
2454 2562 2636 2608 meam,
2668 2545 2737 2598 ibi
2762 2546 2960 2600 dictum
2985 2555 3066 2599 est
3093 2565 3104 2598 :
3141 2541 3396 2599 Inciinato
3419 2565 3505 2600 ca-

1966 2633 2067 2699 pite
2090 2633 2302 2686 tradidit
2324 2636 2580 2702 spiritum,
2609 2633 2728 2702 quia
2754 2634 2968 2701 spiritus
2990 2635 3166 2690 anima
3191 2644 3292 2686 est.
3323 2653 3340 2682 t
3373 2633 3504 2708 Cum

1967 2734 2093 2787 ergo
2119 2721 2227 2774 exit
2266 2722 2438 2774 anima
2460 2737 2490 2774 a
2531 2737 2716 2786 carne,
2757 2731 2810 2776 et
2834 2729 3069 2776 remanet
3103 2737 3228 2775 caro
3252 2723 3363 2773 sine
3389 2718 3505 2774 ani-

1969 2822 2084 2870 ma,
2130 2816 2254 2861 tunc
2299 2809 2456 2863 homo
2501 2823 2698 2878 ponere
2747 2810 2976 2864 animam
3024 2809 3237 2865 dicitur.
3288 2808 3503 2874 Quando.

1971 2896 2211 2949 Christus
2252 2896 2484 2952 animam
2526 2897 2732 2963 posuit?
2783 2896 3002 2970 Quando
3040 2900 3271 2953 Verbum
3318 2899 3500 2952 voluit.

1972 2983 2299 3052 Principatus
2333 2988 2474 3050 enim
2514 2983 2568 3037 in
2594 2983 2766 3036 Verbo
2800 2992 2916 3037 erat
2941 3002 2953 3036 :
2983 2986 3052 3036 ibi
3101 2995 3332 3052 potestas
3368 2995 3505 3052 crat,

340 3066 452 3120 Hoc
480 3049 610 3121 enim
637 3071 831 3122 dicebat
856 3049 1125 3139 ἁείεηιρέο
1153 3049 1376 3139 corp—oris
1401 3071 1500 3122 sui.
1533 3071 1597 3122 Et
1634 3049 1870 3140 adjuuxit
1898 3049 1941 3108 C
1972 3049 2178 3139 quando
2203 3081 2421 3140 poneret
2445 3086 2570 3145 caro
2597 3071 2848 3136 animam,
2874 3071 3082 3138 quando
3101 3049 3362 3126 sumeret.
3392 3049 3502 3128 Sic;

337 3155 620 3224 discipulos
646 3173 769 3210 suos
796 3159 908 3211 hzec
935 3160 1091 3211 verba
1119 3172 1516 3220 rememorasse,
1542 3173 1661 3210 cum
1697 3171 1871 3210 resur~

339 3247 563 3300 rexisset
587 3247 828 3299 Christus
855 3262 884 3298 a
911 3249 1149 3301 mortuis.
1186 3247 1294 3302 lloc
1331 3248 1703 3308 suscitabatur,
1733 3247 1871 3314 quo]

339 3339 690 3401 moriebatur;
746 3352 866 3390 nam
923 3337 1149 3389 Verbum
1197 3339 1330 3391 mori
1384 3354 1488 3394 non
1539 3339 1723 3406 potuit,
1777 3352 1872 3390 nec

339 3428 515 3480 anima
544 3427 628 3481 illa
657 3435 861 3480 mortua
898 3424 1013 3478 fuit.
1045 3423 1180 3478 Caro
1220 3435 1422 3479 tantum
1463 3434 1665 3478 mortua
1695 3432 1795 3486 est,
1821 3431 1874 3476 et

338 3519 630 3570 resurrexit
668 3519 821 3571 tertia
867 3518 968 3570 die.
1018 3516 1118 3569 Sed
1159 3517 1494 3582 quaerendum
1535 3523 1615 3567 est
1641 3515 1765 3581 quid
1806 3513 1874 3567 sit

337 3607 479 3675 quod
508 3609 639 3659 dixit
670 3626 681 3658 :
717 3625 733 3655 ι
766 3607 873 3674 Ego
899 3624 1029 3674 pono
1050 3608 1272 3659 animum
1300 3605 1646 3670 meam?Quis
1670 3605 1874 3673 posuit?

253 3726 268 3731 -
338 3693 505 3760 Quem
532 3696 883 3760 posuit?Quis
907 3703 985 3747 est
1006 3695 1092 3760 qui
1115 3695 1316 3764 posuit?
1337 3691 1470 3758 Quid
1498 3702 1578 3744 est
1601 3690 1874 3744 Christus?

339 3783 571 3840 Verbum
616 3792 669 3833 et
713 3784 886 3834 homo.
919 3782 1024 3834 Nec
1051 3784 1128 3836 sic
1163 3785 1338 3845 homo,
1369 3790 1426 3833 ut
1453 3780 1561 3834 sola
1591 3795 1752 3833 caro:
1784 3779 1876 3832 sed

339 3873 467 3942 quia
497 3872 651 3924 homo
677 3878 884 3924 constat
920 3883 984 3922 ex
1012 3884 1172 3922 carne
1215 3878 1269 3923 et
1307 3871 1500 3932 anima,
1533 3877 1673 3922 totus
1700 3878 1875 3922 autem

341 3961 501 4015 homo
556 3960 611 4017 in
665 3959 896 4014 Christo.
955 3957 1066 4012 Non
1127 3959 1267 4010 enim
1307 3967 1511 4026 partem
1562 3958 1875 4014 deteriorem

341 4050 678 4115 suscepisset,
706 4057 760 4102 et
807 4057 1009 4118 partem
1046 4047 1313 4106 meliorem
1336 4046 1660 4116 desemisset
1700 4064 1712 4096 :
1753 4062 1878 4113 pars

338 4137 533 4208 quippe
558 4138 785 4191 hominis
812 4138 995 4196 melior
1021 4147 1104 4192 est
1119 4137 1294 4190 anima
1319 4148 1476 4204 quam
1503 4149 1711 4201 corpus.
1742 4133 1876 4197 Quia

340 4244 468 4300 ergo
495 4235 641 4281 totus
669 4227 825 4279 homo
855 4228 906 4283 in
939 4227 1166 4288 Christo,
1195 4226 1319 4293 quid
1344 4234 1427 4280 est
1452 4223 1723 4278 Christus?
1752 4221 1876 4275 Ver-

344 4319 486 4379 bum,
522 4317 757 4383 inquam,
785 4322 838 4368 et
862 4315 1036 4368 homo.
1075 4314 1289 4368 Verbum
1329 4323 1450 4367 caro
1477 4316 1669 4382 [actum
1707 4321 1800 4375 est,
1825 4311 1875 4364 id

342 4414 444 4468 est,
474 4404 614 4460 Deus
634 4405 790 4460 homo
815 4402 986 4457 laenis
1010 4411 1122 4464 est;
1147 4401 1276 4455 dicit
1300 4403 1439 4457 enim
1469 4420 1481 4454 :

891 4509 1112 4567 CAPUT
1146 4508 1330 4562 XXVI.

347 4597 652 4652 Potestatem
680 4603 863 4654 habere
890 4619 942 4654 se
967 4601 1088 4652 dicit
1116 4599 1421 4668 pouendiac
1453 4598 1738 4668 redimendi
1766 4613 1880 4668 ant-

413 4683 548 4739 maut
572 4685 746 4739 suam.
767 4669 927 4739 Facta
946 4664 1140 4739 quoque
1159 4667 1382 4739 encaenia
1408 4669 1462 4739 in
1489 4664 1876 4739 Hierosolymis,

413 4746 458 4813 et
488 4737 618 4813 inter
641 4735 798 4800 multa
840 4735 1114 4813 Pharith
1154 4735 1525 4813 sciscitantibus
1651 4752 1668 4785 :
1691 4735 1799 4802 Ego
1826 4743 1881 4787 et

412 4803 569 4856 Pater
594 4819 752 4855 unum
779 4820 977 4858 sumus.
1009 4802 1074 4857 El
1102 4804 1246 4857 multi
1273 4802 1590 4857 crediderunt
1616 4805 1667 4855 in
1694 4819 1828 4854 eum.

418 4912 574 4965 Vsus.
617 4914 788 4968 18,——
822 4909 1131 4966 Poteuatem
1171 4916 1330 4968 habeo
1382 4912 1602 4982 ponendi
1651 4913 1878 4969 animum

351 5019 378 5051 η
414 5016 545 5049 οιιιι.
582 5012 629 5050 et
682 5010 976 5070 potestatem
1026 5001 1183 5053 habeo
1229 5004 1413 5056 iterum
1461 5001 1690 5056 sumendi
1744 5016 1875 5053 eam.

353 5107 372 5138 t
458 5086 518 5140 Cl
560 5087 698 5141 'istus
737 5099 932 5153 autem,
966 5099 1022 5142 et
1052 5103 1146 5158 pro
1186 5092 1335 5143 nobis
1371 5093 1564 5161 pqsuit,
1594 5101 1648 5146 et
1671 5092 1879 5160 quando

351 5175 514 5228 voluit
591 5177 766 5237 iosuit,
815 5187 868 5228 et
911 5178 1117 5249 quando
1162 5175 1345 5247 voluit]
1389 5182 1608 5248 sumpsit
1650 5181 1876 5234 animant

351 5279 518 5317 suam.
548 5266 747 5321 Ponere
776 5282 900 5336 ergo
929 5270 1158 5324 animam
1195 5269 1328 5323 mori
1361 5277 1460 5327 est.
1503 5269 1650 5324 Sicut
1677 5279 1880 5340 aposto-

353 5348 433 5404 ιωι
461 5351 644 5405 Pe'rua
672 5356 890 5408 Domino
932 5357 1063 5414 dixit
1090 5378 1102 5410 :
1133 5360 1367 5414 Animam
1413 5374 1572 5417 meum
1613 5371 1812 5427 propter
1838 5370 1882 5410 te

424 5491 446 5554 ξ
488 5479 760 5554 ﬂuensque
791 5486 843 5536 S.
874 5485 1174 5554 Gregorius.

426 5547 450 5585 1³
489 5551 559 5601 lix
589 5551 642 5600 S.
672 5552 824 5618 Λιῳ,
857 5547 1005 5605 tractv.
1043 5573 1192 5615 ιιιιι,
1230 5574 1370 5608 tium.
1408 5557 1456 5611 't'.
1484 5557 1529 5605 Ω.

1972 3168 2030 3211 ιιι
2053 3161 2192 3212 enim
2220 3177 2354 3214 unus
2379 3163 2537 3214 homo
2561 3161 2732 3213 anima
2760 3167 2813 3214 et
2841 3175 3056 3228 corpus,
3095 3161 3170 3214 sic
3194 3177 3329 3214 unus
3353 3161 3503 3231 Chri-

1968 3261 2080 3305 stus
2095 3251 2323 3305 Verbum
2347 3260 2400 3304 et
2423 3252 2596 3304 homo.
2619 3251 2804 3304 Anima
2827 3258 2880 3305 et
2906 3264 3096 3319 corpus
3116 3251 3229 3304 duae
3255 3264 3339 3304 res
3361 3260 3503 3314 sunt,

1969 3343 2058 3394 sed
2084 3356 2218 3394 unus
2248 3341 2424 3394 homo.
2453 3341 2686 3418 Verbum‘
2709 3348 2763 3393 et
2789 3341 2947 3393 homo
2971 3341 3086 3394 dum
3115 3357 3198 3394 res
3235 3349 3372 3401 sunt,
3409 3342 3501 3394 sed

1969 3442 2103 3480 unus
2144 3425 2402 3477 Christus.
2452 3425 2618 3477 Nemo
2659 3427 2799 3492 enim
2841 3426 3029 3480 titubet
3068 3427 3119 3479 in
3148 3427 3271 3490 ﬁde,
3295 3427 3504 3494 quan'lo

1969 3512 2112 3564 audit
2141 3511 2416 3561 D-sminum
2463 3510 2661 3561 dixisse
2693 3527 2705 3561 :
2741 3507 3046 3563 Potestatem
3090 3514 3248 3566 habeo
3291 3513 3511 3582 ptinendi

1969 3603 2194 3653 animant
2243 3616 2424 3651 meam.
2455 3599 2609 3651 Ponit
2652 3613 2770 3651 eam
2805 3613 2960 3670 (caro,
3007 3601 3096 3652 sed
3133 3616 3195 3653 ex
3249 3613 3511 3670 potestate

1972 3690 2157 3750 Verbi;
2204 3689 2364 3742 sumit
2400 3702 2516 3740 eam
2557 3702 2702 3750 caro,
2747 3689 2836 3741 sed
2877 3702 2941 3740 ex
2987 3696 3244 3758 potestate
3277 3685 3451 3744 Verbi.
3489 3712 3506 3744 ι

1973 3779 2222 3839 Verbum,
2253 3777 2444 3836 anima,
2494 3790 2638 3837 caro,
2679 3791 2814 3828 unus
2857 3786 2937 3829 est
2969 3777 3227 3830 Christus.
3278 3777 3343 3829 Et
3387 3779 3510 3831 dum

1971 3883 2096 3922 caro
2124 3866 2296 3921 occisa
2325 3864 2442 3928 fuit,
2485 3863 2729 3920 Christus
2753 3851 2959 3918 oecisus
2987 3865 3112 3928 fuit;
3141 3872 3197 3930 et
3221 3865 3342 3917 dum
3384 3881 3514 3938 caro

1973 3958 2200 4009 animam
2222 3953 2525 4025 resumpsit,
2545 3951 2785 4006 Christus
2803 3952 3028 4004 animam
3055 3951 3352 4019 resumpsit.
3376 3945 3511 4016 Quia

1973 4044 2227 4114 quidquid
2267 4044 2337 4097 ibi
2380 4042 2577 4094 factum
2625 4051 2706 4094 est
2749 4041 2801 4094 in
2841 4041 3231 4110 dispensatione
3271 4041 3512 4100 humana)

1972 4136 2177 4198 salutis,
2224 4143 2389 4187 totum
2437 4148 2572 4185 unus
2615 4131 2854 4184 Christus
2898 4133 3023 4201 egit,
3072 4146 3207 4184 unus
3232 4130 3395 4184 Filius
3415 4129 3514 4206 Dei

1969 4224 2215 4291 proprius
2242 4213 2295 4274 et
2330 4215 2616 4289 perfectus,
2662 4236 2796 4272 unus
2825 4220 2964 4272 Deus
2999 4234 3156 4272 verus
3189 4228 3242 4271 et
3266 4215 3516 4286 'omnipo-i

1977 4318 2111 4369 tens,
2139 4309 2295 4362 homo
2319 4313 2535 4374 prepter
2562 4302 2790 4356 Verbum
2823 4303 2982 4363 Deus,
3013 4303 3151 4361 Deus
3177 4312 3392 4374 propter
3422 4307 3516 4360 ho-_

1902 4370 1951 4433 θ
1980 4400 2171 4452 minem
2194 4370 2370 4457 homo,
2396 4370 2531 4448 sicut
2557 4392 2754 4446 dictum
2783 4399 2866 4444 est
2891 4407 2904 4442 ;
2944 4388 3159 4442 Verbum
3181 4370 3302 4442 caro
3321 4389 3516 4463 factum

1978 4496 2071 4544 est.
2104 4483 2207 4543 Sed
2242 4482 2354 4545 hinc
2387 4479 2562 4535 omnia
2609 4481 2746 4532 unde
2772 4477 3127 4546 implerentur.
3177 4477 3513 4553 subsequenti

1978 4572 2140 4625 verbo
2180 4570 2428 4626 ostendit.
2462 4586 2482 4618 ι
2513 4565 2648 4631 Hoc,
2691 4565 2876 4634 inquit,
2922 4566 3219 4619 mandatum
3266 4567 3439 4634 accepi
3481 4584 3514 4620 a

1979 4651 2135 4715 Patre
2158 4675 2286 4712 meo.
2319 4658 2548 4710 Verbum
2589 4671 2692 4709 non
2735 4656 2896 4707 verbo
2938 4654 3141 4722 accepit
3186 4654 3509 4720 mandatum,

1977 4753 2082 4810 sed
2103 4752 2156 4804 in
2201 4748 2370 4804 Verbo
2398 4747 2666 4815 unigenito
2694 4744 2868 4799 Patris
2896 4752 2978 4798 est
3002 4758 3157 4796 omne
3186 4743 3510 4800 mandatum,

1977 4839 2108 4894 Cum
2137 4847 2310 4890 autem
2355 4834 2548 4888 dicitur
2593 4827 2758 4888 Filius
2798 4831 2956 4901 569
2999 4846 3027 4882 a
3056 4829 3212 4888 Patre
3255 4830 3513 4897 accipere,

1978 4927 2114 4994 quod
2158 4922 2573 4985 substantialiter
2619 4920 2792 4982 habet,
2842 4919 3102 4987 quomodo
3153 4919 3346 4972 dictum
3394 4925 3512 4969 cst:

1980 5013 2123 5067 Sicut
2143 5012 2290 5064 habet
2321 5006 2476 5062 Pater
2500 5010 2651 5061 vitam
2679 5009 2732 5059 in
2764 5010 3047 5076 semetipso,
3079 5008 3149 5057 sic
3192 5005 3331 5055 dedit
3372 5002 3513 5059 Filio

1979 5102 2132 5154 vitam
2161 5100 2344 5152 habere
2383 5100 2435 5150 in
2475 5097 2737 5165 semetipso
2778 5095 2954 5163 (Ioan.
2987 5111 3035 5153 ιν,
3068 5094 3178 5158 26),
3205 5107 3322 5143 cum
3353 5089 3516 5146 Filius

1981 5189 2090 5256 ipse
2123 5189 2191 5241 sit
2212 5189 2315 5239 vita
2343 5205 2354 5237 :
2382 5201 2482 5238 non
2513 5192 2743 5253 potestas
2796 5183 3062 5238 minuitur,
3111 5170 3515 5246 sell'generatio

1980 5276 2290 5330 ostenditur.
2338 5268 2591 5339 Quoniam
2643 5269 2796 5322 l’ater
2825 5283 2925 5319 non
2973 5267 3121 5334 quasi
3155 5267 3202 5318 ei
3247 5266 3396 5326 Filio,
3422 5270 3514 5334 qui

1982 5361 2316 5430 imperfectus
2346 5358 2471 5436 [ΑΙ.⁹
2509 5352 2833 5424 imperfecto]
2878 5361 3029 5405 natus
3057 5362 3160 5414 est,
3189 5353 3383 5420 aliquid
3422 5354 3515 5406 ad-

2051 5503 2068 5518 ·’
2111 5489 2160 5537 lu
2193 5487 2308 5535 cui.
2340 5483 2615 5534 Rlicmcusi
2648 5483 2731 5533 hic
2763 5479 2942 5545 incipit
2967 5493 3079 5545 cap.
3110 5477 3195 5527 27.

2048 5557 2070 5593 ιι
2115 5559 2168 5605 S.
2203 5558 2331 5619 Aug.
2364 5556 2460 5605 loc.
2492 5554 2603 5608 cit,
2635 5565 2774 5604 num.
2819 5547 2990 5600 ll-l-i.
