4266 6196
715 306 811 361 891
1532 303 1590 356 Β.
1635 302 1691 357 F.
1734 303 1949 356 ALBINI
1989 303 2119 358 εει)
2161 301 2400 357 ALCUIN

2221 301 2424 357 QCUINI
2463 302 2735 357 Ol’EllL'M
2774 304 2947 357 PARS
2986 304 3045 357 II.
3798 314 3906 367 89'!

713 416 869 479 didit,
890 415 983 468 sed
1007 416 1053 468 ei
1075 429 1231 483 quem
1258 412 1549 482 perfectum
1571 414 1769 481 genuit,
1792 413 1966 466 omnia
1994 412 2255 482 gignendo
2283 418 2328 472 Α
2356 411 2604 478 templum
2650 410 2765 476 ejus
2800 412 3122 480 appellemur
3144 422 3194 466 et
3223 414 3409 478 simus,
3457 427 3578 469 cum
3622 420 3906 477 rnanifestc

714 504 876 559 dedit.
903 503 981 559 lta
1009 503 1152 558 dedit
1181 503 1254 556 illi
1285 518 1435 555 suam
1456 495 1830 570 :equalitatem,
1856 516 2013 570 quem
2042 516 2145 553 non
2166 515 2257 568 ge-
2357 500 2499 552 dicat
2518 499 2794 567 Apostolus
2822 515 2838 554 :
2876 498 2974 554 Vos
2999 503 3118 554 estis
3146 504 3387 570 teinplum
3406 502 3502 556 Dei
3529 506 3645 571 riui,
3669 508 3803 561 sicut
3823 512 3905 563 ΔΙ-

712 595 827 649 nuit
849 591 1302 661 inmqualem.Sed
1328 592 1439 644 hmo
1465 589 1711 658 loquente
1740 590 1980 652 Domino,
2008 589 2256 657 quoniam
2357 590 2424 640 cit
2454 588 2590 642 Deus
2616 604 2634 641 :
2663 588 2969 644 lnhabitabo
2994 593 3047 643 in
3069 593 3163 654 eis,
3197 602 3245 644 et
3273 596 3406 645 inter
3428 593 3546 647 illos
3573 596 3845 650 ambulabo
3876 619 3895 650 ι

710 680 798 736 lux
843 682 1049 736 lucebat
1079 682 1132 734 in
1159 680 1412 742 tenebris,
1436 684 1490 732 et
1532 679 1762 732 tenebra
1808 691 1924 729 eam
1965 691 2068 729 non
2112 691 2256 730 com-
2357 674 2449 745 (ll
2492 676 2611 730 Cor.
2660 693 2735 740 vn,
2774 678 2840 731 16
2866 679 2904 746 ).
2956 678 3199 733 Ostendit
3242 696 3370 735 vero
3411 683 3754 752 evangelista,
3802 702 3903 739 cur

708 772 1120 841 prehenderunt.
1810 829 1814 833 1
2354 765 2611 818 dixisset:
2640 764 2839 819 Hiemis
2867 774 3122 834 tempore.
3153 767 3337 836 (Vsus.
3363 768 3477 841 ει.)
3504 769 3665 835 Tunc,
3702 774 3900 841 inquit,

778 859 933 912 Vens.
966 858 1052 920 i9,
1082 858 1170 910 20.
1193 887 1263 898 -—-
1296 858 1559 909 Dissensio
1600 857 1784 907 iterum
1823 855 1961 922 facta
2004 865 2077 907 est
2122 856 2255 907 inter
2353 852 2793 905 circumdederunt
2834 870 2948 906 eum
2984 853 3178 908 Judm'.
3208 855 3680 914 Circumdederunt
3719 862 3903 930 itaque

704 946 920 999 Judteos
947 956 1154 1016 propter
1172 962 1429 1001 sermones
1469 948 1581 998 hos.
1614 944 1859 998 Dicebant
1900 954 2069 998 autem
2104 945 2253 998 multi
2351 952 2474 991 eum
2496 940 2800 993 tentationis
2826 942 3014 1009 gratia,
3045 958 3150 995 non
3174 944 3415 999 veritatis
3440 950 3785 1015 agnoscenda:
3806 965 3899 1004 vo-

703 1052 769 1089 τε
794 1036 917 1104 ipsis
938 1047 957 1084 :
990 1033 1312 1100 Demetrium
1350 1033 1520 1089 habet.
1543 1034 1734 1086 insanit
1760 1045 1777 1083 :
1802 1032 1927 1101 quid
1958 1048 2073 1084 eum
2102 1030 2251 1082 audi-
2350 1024 2636 1090 luntate,et
2655 1027 3220 1100 dicebantzQuousque
3239 1034 3464 1087 animant
3486 1046 3713 1089 nostram
3729 1038 3900 1092 tollis!

701 1124 805 1176 tis?
843 1122 959 1176 Ista:
1006 1120 1216 1175 fuerant
1258 1121 1585 1175 densissima:
1633 1122 1882 1193 tenebrae.
1917 1120 2100 1189 (Vsus.
2134 1120 2248 1186 ει.)
2350 1112 2411 1167 Si
2432 1124 2486 1165 tu
2513 1130 2565 1166 es
2594 1114 2847 1179 Christus,
2875 1116 2960 1169 die
3016 1119 3159 1171 nobis
3184 1120 3377 1187 palam.
3404 1133 3426 1160 ο
3455 1121 3579 1177 Hmc
3622 1139 3748 1179 vero
3790 1139 3898 1180 non

703 1212 807 1266 Alii
834 1212 1066 1265 dicebant
1096 1227 1112 1264 :
1141 1210 1268 1264 lia-e
1304 1210 1453 1264 verba
1499 1226 1600 1262 non
1641 1218 1760 1262 sunt
1803 1209 2112 1262 dtemonium
2155 1211 2251 1262 ha-
2347 1205 2627 1258 veritatem
2657 1205 2777 1259 ﬁdei
2819 1202 3151 1275 inquirendo,
3188 1210 3281 1263 sed
3307 1211 3380 1265 illi
3407 1227 3563 1280 quem
3598 1213 3895 1285 interroga-

701 1300 860 1354 beatis
901 1313 920 1349 :
963 1298 1194 1367 nunquid
1236 1298 1544 1351 (immanium
1591 1305 1749 1365 potest
1780 1296 1953 1350 oculos
1998 1313 2246 1350 meorum
2344 1292 2493 1356 bant,
2525 1293 2819 1348 insidiando
2845 1304 2901 1348 et
2922 1296 3240 1351 calumniam
3287 1299 3601 1355 instruendo
3625 1302 3899 1364 dicebant.

699 1384 1078 1455 aperire?.lam
1122 1386 1341 1439 istorum
1380 1383 1529 1455 [ιιι.
1565 1383 1852 1455 iustorum]
1894 1384 2032 1439 oculi
2073 1400 2248 1452 cmpe-
2346 1388 2406 1432 ut
2451 1380 2750 1435 invenirent
2792 1385 3055 1450 quomodo
3104 1397 3419 1441 accusarent
3459 1403 3619 1453 eum,
3656 1390 3897 1445 nolentes

701 1488 821 1532 rant
847 1478 1071 1547 aperiri;
1112 1496 1131 1529 ι
1160 1489 1185 1516 ι
1212 1484 1267 1530 et
1292 1476 1491 1544 aliquid
1518 1474 1653 1529 lueis
1676 1476 1878 1537 videre,
1919 1486 1973 1528 et
2004 1476 2247 1549 veritatis
2343 1482 2464 1521 eum
2509 1472 2729 1524 credere
2775 1471 2961 1535 Deum,
3002 1474 3096 1527 sed
3136 1475 3402 1530 hominem
3436 1492 3625 1545 purum
3660 1488 3895 1533 tantum-

691 1581 1002 1637 agnoscere.
1026 1565 1334 1620 Audivimus
1354 1563 1663 1631 patientiam
1688 1563 1780 1615 Dei
1815 1562 1964 1633 [Ms.,
1990 1561 2241 1633 Domini],
2342 1559 2501 1612 modo
2539 1560 2795 1623 futurum,
2829 1569 2883 1614 et
2915 1577 3093 1631 regem
3132 1566 3339 1620 caeteris
3361 1567 3608 1622 omnibus
3638 1571 3894 1624 excelsio-

696 1664 751 1710 et
778 1656 914 1709 inter
936 1654 1217 1722 opprobria
1253 1651 1555 1706 Iudaeorum
1581 1651 1769 1704 salutis
1792 1652 2239 1719 pnedicationem,
2342 1661 2453 1699 rem
2479 1662 2595 1701 esse
2616 1657 2913 1703 venturum.
2943 1650 3055 1716 Qua
3072 1653 3229 1705 etiam
3252 1655 3514 1709 dementia
3536 1660 3895 1725 posteriorum

698 1743 792 1798 sed
820 1742 895 1795 illi
927 1741 1191 1805 obdurati,
1228 1739 1400 1810 magis
1426 1752 1548 1793 eum
1590 1747 1795 1793 tentare
1832 1740 2065 1807 aggressi
2096 1746 2237 1801 sunt,
2272 1727 2316 1785 Β
2342 1732 2529 1803 [Βεάα.
2565 1737 2762 1802 posteri
2796 1737 3002 1808 eorum]
3043 1755 3210 1808 usque
3250 1741 3302 1795 in
3346 1756 3599 1811 praesens,
3638 1754 3693 1799 et
3720 1746 3891 1800 donec

697 1847 855 1899 quam
889 1832 1065 1885 verbis
1101 1831 1242 1885 illius
1279 1830 1513 1884 obedire.
1546 1828 1729 1898 (Vsus.
1759 1829 1871 1900 22.)
1903 1827 2063 1882 Facta
2098 1839 2239 1893 sunt,
2337 1823 2718 1879 Antichristum
2748 1842 2843 1895 pro
2861 1827 3074 1883 Christo
3100 1831 3409 1899 suscipiant,
3429 1849 3611 1888 errare
3641 1851 3745 1889 non
3770 1851 3888 1892 ces-

695 1919 867 1988 inquit
889 1918 1233 1987 evangelista,
1259 1918 1485 1969 enca'nia
1510 1917 1564 1968 in
1594 1916 1984 1987 Hierosolymis,
2008 1926 2055 1970 et
2078 1918 2241 1971 hiems
2336 1919 2475 1964 sant.
2504 1912 2569 1965 Et
2596 1914 2639 1967 si
2670 1928 2730 1968 se
2757 1914 3013 1971 Dominus
3037 1917 3191 1972 Jesus
3212 1918 3481 1974 Christum
3522 1936 3641 1975 esse
3669 1938 3888 1992 respon—

692 2013 825 2068 erat,
854 2012 901 2057 et
941 2003 1239 2057 ambulabat
1274 2002 1427 2055 lesus
1455 2005 1510 2055 in
1552 2003 1738 2071 templo
1777 2002 1831 2055 in
1861 2005 2058 2071 porticu
2089 2004 2241 2057 Salo-
2336 1999 2484 2053 deret
2506 2042 2520 2064 ,
2569 2003 2873 2073 cogitabant
2922 2020 3044 2060 eum
3092 2009 3301 2062 tradere
3347 2013 3597 2079 potestati
3646 2015 3887 2080 praesidis

692 2097 877 2148 monis.
916 2111 936 2145 ι
965 2094 994 2133 δ
1022 2093 1265 2146 Encaenia
1293 2100 1469 2145 autem
1496 2092 1783 2145 vocabatur
1809 2093 2117 2147 solemnitas
2144 2095 2238 2147 de-
2335 2089 2678 2157 puniendum,
2722 2092 2872 2159 quasi
2898 2103 3082 2148 contra
3110 2094 3403 2165 Augustum
3434 2112 3754 2167 repugnans,
3786 2100 3888 2156 illi—

693 2182 973 2237 dicationis
1001 2180 1199 2251 templi,
1226 2196 1385 2250 quam
1412 2182 1635 2250 populus
1661 2182 1753 2235 Dei
1782 2197 1848 2236 ex
1877 2184 2095 2250 antiqua
2135 2182 2237 2235 Pa-
2334 2176 2500 2228 citum
2528 2177 2629 2230 sibi
2653 2189 2933 2247 usurparet
2956 2182 3255 2251 imperium.
3286 2183 3392 2238 Sed
3418 2185 3531 2252 ipse
3563 2196 3758 2242 nostra:
3795 2205 3884 2243 sa-

691 2282 832 2326 trum
879 2273 1160 2325 traditione
1192 2286 1287 2339 per
1320 2284 1487 2324 annos
1517 2269 1750 2339 singulos
1794 2269 2061 2323 celebrare
2106 2284 2236 2323 con-
2333 2262 2428 2317 luti
2467 2265 2769 2331 consulens,
2799 2277 3015 2338 propter
3048 2285 3183 2340 quos
3223 2272 3338 2327 haec
3379 2275 3660 2330 scribenda
3706 2288 3882 2341 erant,

688 2371 953 2417 sueverat.
985 2361 1091 2414 Sed
1123 2362 1409 2414 notandum
1434 2367 1515 2412 est
1540 2358 1679 2427 quod
1706 2359 1818 2413 haec
1841 2359 2095 2421 encaenia,
2120 2373 2237 2426 qua:
2334 2351 2408 2404 ita
2450 2366 2760 2421 reSponsum
2802 2359 3117 2423 temperavit
3153 2374 3330 2423 suum,
3367 2370 3425 2414 ut
3456 2370 3508 2415 et
3535 2364 3884 2419 calumniato-

691 2452 777 2505 hic
810 2451 1075 2520 leguntur,
1105 2465 1210 2502 non
1254 2448 1319 2502 ad
1357 2448 1580 2516 primam
1624 2448 1803 2518 templi
1833 2448 2233 2509 dedicationem,
2333 2454 2449 2491 rum
2487 2454 2582 2493 ora
2610 2441 2967 2509 concluderet,
3002 2454 3058 2499 et
3082 2447 3205 2514 quia
3233 2447 3475 2503 Christus
3512 2448 3596 2504 est
3628 2451 3775 2522 μὴ,
3800 2471 3885 2507 es-

688 2540 784 2594 sed
814 2541 881 2594 ad
905 2540 1142 2592 ultimam
1169 2537 1463 2606 pertinent;
1492 2538 1631 2606 quod
1659 2552 1724 2590 ex
1758 2550 1823 2592 eo
1844 2536 1999 2592 facile
2035 2537 2236 2605 colligi-
2330 2530 2453 2600 set].
2486 2531 2645 2601 57o
2678 2533 2921 2589 fidelibus
2945 2545 3127 2604 aperta
3159 2552 3291 2592 voce
3320 2540 3592 2608 panderet.
3624 2542 3701 2596 Illi
3741 2545 3882 2597 enim

688 2636 792 2692 tur,
830 2629 952 2698 quia
990 2628 1164 2681 hieme
1200 2626 1341 2681 facta
1387 2625 1709 2680 referuntur.
1755 2624 1933 2681 Prima
1974 2625 2233 2694 siquidem
2331 2618 2396 2673 de
2426 2620 2638 2674 homine
2666 2620 2879 2675 Christo
2905 2626 3215 2691 quaerebant
3246 2627 3395 2697 :ipse
3430 2636 3607 2683 autem
3636 2630 3883 2709 divinita-

688 2718 924 2788 ejusdem
952 2718 1130 2785 templi
1167 2718 1430 2772 dedicatio
1467 2734 1497 2771 a
1536 2717 1820 2775 Salomone
1864 2728 2103 2789 tempore
2142 2735 2235 2772 au-
2331 2710 2399 2762 ῐίε
2426 2723 2551 2770 θυῖεν
2586 2725 2688 2779 qua
2717 2712 2936 2781 aequalis
2960 2722 3041 2768 est
3074 2714 3235 2776 Patri,
3264 2717 3437 2785 palam
3475 2723 3726 2788 mysteria
3752 2735 3879 2774 nar-

688 2805 857 2859 ιυιιιηί
895 2802 981 2875 (ιι
1020 2801 1204 2857 Pam],
1232 2804 1361 2875 vn);
1390 2809 1620 2859 secunda
1660 2815 1839 2859 autem
1880 2822 1910 2861 ι
1944 2806 2233 2860 Ζοι-οιιεδει
2331 2807 2432 2851 rat.
2464 2818 2482 2850 s
2518 2798 2653 2865 Quid
2681 2816 2809 2870 ergo
2827 2800 2993 2858 Judati
3016 2806 3404 2862 circumdantes
3428 2809 3708 2862 Dominum
3733 2812 3880 2869 dixe-

686 2904 740 2950 et
764 2893 887 2949 Jesu
918 2896 1192 2949 sacerdote
1222 2903 1458 2963 tempore
1478 2896 1619 2949 veris
1645 2893 1731 2967 (11
1754 2895 1910 2950 Eutr.
1938 2895 2044 2969 v1);
2076 2897 2230 2951 genia
2330 2895 2453 2939 runt
2473 2888 2765 2941 videamus.
2793 2888 3087 2960 Quousque,
3110 2892 3374 2962 inquiunt,
3396 2897 3623 2949 animum
3649 2908 3879 2953 nostram

686 2998 715 3035 a
743 2980 877 3035 Juda
907 2980 1204 3035 lachabso
1231 2990 1466 3050 tempore
1491 2982 1681 3037 hiemis
1703 2992 1786 3037 est
1832 2983 1990 3049 facta,
2022 2985 2231 3052 quando
2253 3038 2299 3058 η
2328 2976 2504 3029 tollis!
2528 2977 2585 3031 Si
2610 2988 2665 3031 tu
2698 2996 2751 3033 es
2781 2978 3030 3045 Christus,
3069 2986 3153 3038 die
3181 2987 3324 3041 nobis
3353 2990 3547 3058 palam.
3590 2991 3704 3045 Non
3733 2995 3879 3047 venit

684 3073 989 3141 specialiter
1014 3038 1362 3129 constitutum
1390 3091 1506 3130 esse
1528 3077 1741 3145 legitur,
1782 3087 1839 3129 ut
1864 3038 2058 3131 eadem
2076 3077 2228 3132 dedi-
2252 3038 2299 3100 Β
2328 3064 2571 3153 Chiis”!
2600 3066 2652 3119 in
2678 3082 2737 3121 se
2761 3069 3099 3126 credentibus
3136 3038 3377 3127 animatur
3395 3076 3598 3139 tollere.
3631 3078 3727 3132 sed
3763 3080 3881 3133 ani-

683 3161 825 3216 catio
849 3176 947 3230 per
975 3176 1162 3216 omnes
1188 3178 1355 3215 annos
1381 3164 1432 3215 in
1450 3164 1759 3217 memoriam
1789 3164 2114 3219 solemnibus
2140 3180 2226 3218 re-
2328 3168 2469 3206 mam
2502 3155 2788 3210 νίνίῧοπθ·
2830 3156 2933 3212 Sed
2964 3160 3061 3228 ipsi
3091 3162 3191 3216 είδί
3217 3161 3382 3217 humi
3418 3167 3649 3221 animam
3670 3183 3774 3237 Pe?
3794 3168 3878 3225 Ῑη·

684 3260 971 3303 novaretur
995 3250 1180 3305 oﬂlciis
1222 3250 1417 3322 (δισσὴ.
1462 3252 1556 3323 Iv).
1580 3253 1708 3318 Qua:
1734 3255 1894 3306 etiam
1920 3255 1986 3308 ad
2024 3262 2229 3322 tempus
2328 3243 2369 3293 ﬂ‘

2189 3270 2229 3309 ι,
2328 3242 2633 3296 ﬁdelitatem
2663 3243 2912 3310 tulerunt,
2952 3247 3053 3315 qui
3095 3255 3301 3305 tentare
3338 3251 3631 3319 Christum,
3673 3273 3777 3311 non
3822 3259 3874 3315 in

682 3354 850 3408 usque
870 3340 1153 3395 Dominicte
1172 3341 1548 3395 incarnationis
1578 3342 1857 3395 observata
1882 3341 2065 3406 fuisse,
2091 3345 2229 3397 sicut
2326 3327 2366 3383 (ἶ

2193 3353 2229 3397 η
2326 3327 2594 3383 Christum
2639 3331 2855 3386 credere
2892 3338 3196 3405 congregati
3243 3346 3381 3393 sunt.
3408 3340 3589 3411 (Vens.
3618 3343 3731 3413 25.)
3780 3343 3878 3398 Re-

682 3427 863 3495 tnodo,
893 3444 1011 3484 cum
1035 3429 1299 3499 legeretur
1320 3430 1681 3501 Evangelium,
1706 3432 2025 3487 audivimus.
2054 3452 2072 3483 ι
2100 3432 2227 3499 ουκ
2324 3418 2526 3487 spondit
2551 3420 2624 3472 eis
2648 3420 2801 3473 lem
2828 3436 2847 3472 :
2865 3418 3072 3489 Loquor
3091 3424 3251 3488 vobis,
3285 3437 3332 3479 et
3356 3445 3458 3482 non
3490 3430 3717 3484 creditis.
3744 3431 3878 3485 Pro-

682 3506 846 3569 etiam
897 3515 1159 3570 dedicatio
1202 3517 1401 3570 salubri
1450 3520 1828 3579 consuetudine
1876 3519 1928 3571 in
1977 3519 2227 3573 Ecclesiis
2324 3522 2367 3574 Ρ]

2185 3520 2227 3573 is
2324 3506 2437 3574 prie
2482 3507 2712 3560 ostendit
2745 3507 2865 3575 quis
2905 3518 3062 3572 esset,
3096 3512 3221 3567 dum
3262 3516 3437 3568 dixit:
3467 3516 3671 3587 Loquor
3709 3519 3870 3583 vobis,

684 3604 884 3658 Christi
924 3604 1127 3658 servari
1174 3604 1426 3659 moderno
1450 3612 1686 3673 tempore
1711 3606 2052 3674 dignoscitur.
2083 3606 2226 3660 Con-
2325 3595 2369 3647 id

2187 3625 2226 3659 ,-
2325 3594 2377 3647 id
2419 3603 2523 3659 est,
2569 3596 2800 3651 Verbum
2839 3598 2932 3654 Dei
2974 3610 3292 3657 maternum
3335 3605 3480 3660 Patri
3512 3608 3673 3675 :quia
3712 3623 3872 3677 opera

683 3693 1018 3746 ςίικηυάιιηι
1061 3701 1146 3746 εει
1185 3707 1351 3761 quam
1385 3694 1705 3763 ενειιςειίειι
1746 3695 2103 3767 δίκετίινλιιεεο
2128 3713 2224 3752 en.
2323 3698 2440 3753 quae
2479 3684 2608 3739 facit
2637 3686 2691 3740 in
2733 3690 2945 3743 nomine
2972 3689 3145 3745 Patris
3188 3693 3548 3749 testimonium
3592 3697 3875 3766 perhibent

683 3782 848 3835 exenia
896 3782 1086 3835 hiemis
1115 3790 1351 3851 tempore
1390 3781 1529 3837 facta
1570 3786 1721 3838 esse?
1747 3785 1974 3841 Omnino
2011 3798 2227 3857 propter
2322 3791 2368 3844 (ll

2183 3804 2227 3841 ει-
2322 3777 2463 3844 quod
2490 3784 2573 3829 est
2596 3775 2759 3831 Filius
2782 3778 2895 3838 Dei.
2927 3780 3017 3847 qui
3040 3780 3259 3849 gloriam
3286 3798 3435 3837 suam
3472 3800 3579 3839 non
3604 3787 3868 3854 quasivit.

682 3868 930 3925 duritiam
976 3870 1279 3926 Judaaorum
1323 3881 1376 3928 et
1421 3873 1802 3938 inﬁdelitatem,
1848 3892 1966 3945 qua:
2013 3877 2226 3948 frigoris
2321 3862 2414 3915 ⁵θά
2449 3862 2563 3929 ⁸1⁸1⁸
2598 3863 2690 3930 (ιυί
2725 3864 2869 3917 mis“
2907 3866 3074 3931 illum,
3103 3869 3227 3937 (ιυίε
3262 3886 3365 3923 una
3392 3872 3665 3940 ⁸³⁸8101⁸⁵³
3697 3872 3875 3927 “ms

683 3960 896 4013 nomine
920 3975 1058 4030 saepe
1081 3962 1346 4032 designari
1375 3962 1583 4031 legitur.
2319 3956 2375 4003 et
2397 3948 2537 4003 Filii.
2578 3949 2684 4004 Sed
2723 3952 2860 4007 hanc
2892 3953 3047 4009 fidem
3090 3958 3250 4011 corda
3294 3958 3584 4013 inﬁdelium
3626 3960 3870 4030 accipere

752 4046 908 4100 Vsus.
946 4046 1033 4100 25.
1057 4077 1125 4086 —
1148 4045 1214 4100 Et
1240 4048 1530 4102 ambulabat
1558 4049 1711 4103 Iesus
1733 4052 1787 4104 in
1814 4052 2000 4121 templo
2026 4054 2079 4105 in
2100 4069 2223 4122 por-
2321 4052 2437 4105 neq!

2185 4069 2223 4092 ._
2321 4036 2694 4105 nequiverunt,
2721 4040 2786 4094 de
2809 4042 3001 4109 quibus
3026 4045 3099 4097 ait
3128 4058 3144 4097 :
3175 4044 3355 4115 (Vens.
3381 4046 3494 4118 26.)
3528 4047 3632 4102 Sed
3652 4065 3741 4103 eos
3767 4040 3870 4104 non

682 4139 787 4190 ιίτιι
815 4137 1126 4192 Salomonis.
1156 4156 1175 4189 ι
1208 4139 1264 4192 Si
1290 4155 1419 4209 ergo
1446 4141 1536 4193 Dei
1573 4142 1737 4195 Filius
1765 4143 2034 4197 ambulare
2064 4143 2226 4196 voluit
2321 4126 2564 4191 creditis;
2587 4142 2910 4198 causamque
2934 4132 3106 4186 reddit
3131 4148 3230 4187 cur
3256 4150 3361 4190 non
3389 4138 3704 4197 crederent:
3730 4139 3869 4204 Quia

683 4224 737 4276 in
761 4224 975 4294 templo,
1008 4226 1060 4278 in
1096 4240 1201 4295 quo
1232 4242 1360 4281 caro
1384 4236 1437 4281 et
1461 4230 1675 4297 sanguis
1700 4230 1975 4283 brutorum
2018 4231 2222 4283 anima-
2321 4232 2368 4267 ’"

2178 4249 2222 4283 ι,
2321 4232 2424 4269 non
2464 4216 2585 4269 estis
2626 4232 2690 4269 ex
2728 4218 2905 4273 ovibus
2957 4222 3101 4275 meis.
3143 4240 3162 4274 ι
3190 4222 3217 4263 ἀ
3243 4224 3381 4280 Oves
3420 4237 3544 4282 sunt
3582 4229 3863 4293 credendo.

681 4312 811 4366 lium
860 4312 1197 4379 oﬂ’erebatur,
1248 4316 1413 4370 multo
1460 4318 1629 4387 magis
1678 4327 1915 4372 nostram
1966 4321 2223 4374 orationis
2254 4316 2450 4416 υονθθ
2493 4313 2616 4357 sum
2655 4313 3231 4416 paswm‘muendos
3257 4328 3384 4367 ονθε
3419 4324 3545 4416 sum.

678 4401 916 4467 domum,
959 4404 1048 4457 ubi
1078 4406 1254 4458 carnis
1286 4406 1450 4474 ipsius
1488 4422 1551 4459 ac
1591 4408 1863 4474 sanguinis
1891 4409 2221 4462 sacramenta
2255 4399 2299 4416 “’
2324 4407 2437 4445 rem
2465 4408 2568 4447 που
2590 4399 3003 4462 contemnendo;
3032 4415 3158 4455 0'98
3179 4409 3302 4455 8111³⁸
3326 4417 3423 4471 Per
3442 4404 3638 4457 οιιὶυω
3666 4404 3867 4460 illm"-

678 4490 1039 4555 celebrantur,
1068 4492 1283 4546 visitare
1310 4494 1575 4561 gaudebit.
1608 4492 1663 4547 Si
1707 4495 2074 4561 perambulare
2119 4510 2223 4549 non
2322 4484 2411 4547 d0.
2437 4498 2564 4537 Oves
2590 4495 2715 4540 διωι
2750 4488 3096 4551 θιθυθάθν’θι
3128 4505 3319 4557 pascua
3363 4492 3694 4548 inveniendo.
3722 4496 3864 4561 Quo-

681 4581 920 4649 despexit
958 4580 1242 4651 porticum,
1273 4581 1324 4632 in
1348 4597 1450 4650 qua
1478 4596 1568 4635 rex
1606 4584 1869 4652 quondam
1900 4583 2141 4638 mortalis
2162 4602 2224 4638 ac
2321 4588 2366 4626 ω

2176 4602 2224 4638 ιο
2321 4573 2480 4627 modo
2498 4588 2628 4642 ergo
2650 4574 2763 4628 istis
2780 4574 2917 4629 dixit
2942 4594 2954 4627 :
2981 4576 3101 4631 Non
3125 4580 3246 4633 estis
3264 4576 3328 4632 es:
3348 4581 3524 4633 ovibus
3544 4599 3672 4636 mets
3688 4585 3713 4637 .’
3730 4583 3861 4649 Quia

681 4677 942 4731 terrenus,
989 4668 1229 4735 quamvis
1267 4671 1664 4738 potentissimus
1696 4686 1761 4724 ac
1805 4673 2226 4741 sapientissimus
2322 4662 2366 4714 Vi

2176 4688 2226 4725 ωε
2322 4662 2535 4716 videbat
2582 4677 2674 4717 eos
2716 4665 2783 4717 ad
2842 4666 3217 4735 sempiternam
3266 4666 3472 4723 futuros
3516 4672 3861 4738 perditionem

682 4758 749 4811 ad
788 4758 1047 4811 orandum
1073 4764 1215 4809 stare
1250 4757 1472 4822 solebat,
1506 4755 1705 4827 quanto
1737 4759 1906 4827 magis
1929 4760 2221 4827 penetralia
2324 4750 2506 4821 [Λυσι.
2555 4753 2622 4806 ad
2666 4754 3041 4823 sempiternum
3091 4754 3363 4808 interitum
3408 4757 3861 4831 praedestinatos],

680 4843 917 4899 cordium
948 4850 1249 4898 nostrorum
1280 4844 1503 4898 invisere
1532 4852 1687 4914 atque
1723 4845 1987 4900 illustrare
2016 4847 2219 4902 deside-
2324 4854 2427 4893 non
2451 4840 2517 4893 ad
2537 4840 2699 4895 Vitam
2726 4854 2975 4895 attemam
3002 4842 3082 4895 sui
3111 4830 3379 4913 sanguinis
3396 4830 3566 4914 pretio
3590 4860 3862 4913 compara-
3888 4916 3897 4923 ν

683 4939 787 4994 rat,
820 4932 867 4985 si
900 4939 1073 4985 tamen
1101 4947 1163 4984 ea
1190 4934 1447 4999 porticum
1483 4948 1600 4987 esse
1641 4932 1957 4995 Salomonis,
1988 4934 2087 4989 hoc
2114 4946 2217 5001 est,
2322 4935 2421 4980 tos.
2466 4946 2486 4982 ι
2528 4928 2709 4998 (Vens.
2740 4930 2829 4993 37,
2858 4928 2969 4999 28.)
3011 4929 3139 4983 Oves
3178 4947 3305 4984 mea:
3348 4946 3515 4985 vocem
3560 4947 3725 4985 meam
3767 4951 3862 4987 atl-

681 5023 728 5078 si
753 5036 815 5075 ea
836 5022 1077 5075 timorem
1100 5035 1254 5073 suum
1279 5023 1369 5087 qui
1394 5030 1474 5075 est
1495 5023 1702 5077 initium
1729 5024 1999 5092 sapientius
2024 5025 2217 5080 habere
2317 5016 2366 5069 di

2174 5040 2217 5080 re
2317 5016 2489 5082 dium,
2534 5028 2582 5072 et
2621 5036 2713 5088 ego
2754 5035 2998 5087 cognosco
3038 5036 3147 5084 eas,
3175 5029 3222 5073 et
3247 5029 3529 5088 sequuntur
3568 5038 3669 5087 me,
3696 5033 3859 5090 etego

680 5107 1037 5178 perspexerit?
1065 5104 1244 5174 Neque
1269 5107 1409 5160 enim
1447 5111 1734 5175 putandum
1756 5120 1839 5164 est
1878 5111 2002 5180 quia
2029 5111 2217 5165 domus
2317 5109 2472 5161 vitam
2516 5119 2759 5181 (sternam
2801 5109 2867 5162 da
2904 5110 2996 5164 eis.
3052 5110 3190 5164 Dicit
3233 5109 3415 5163 enim:
3447 5107 3705 5180 Cognosce
3749 5127 3855 5165 eas.

680 5197 1007 5251 solummodo
1048 5196 1102 5249 in
1129 5212 1231 5266 qua
1258 5196 1325 5251 ad
1357 5198 1613 5252 orandum
1638 5199 1719 5253 vel
1760 5201 1825 5254 ad
1852 5200 2101 5269 mysteria
2129 5215 2215 5254 ce-
2318 5200 2653 5255 Consuetudo
2686 5211 2881 5257 sanctae
2910 5201 3196 5269 Scriptura:
3242 5207 3323 5253 est
3366 5201 3542 5255 dicere
3576 5198 3861 5256 Dominum

681 5287 931 5343 lebranda
977 5287 1321 5341 convenimus
1362 5289 1610 5359 templum
1646 5291 1715 5344 sit
1747 5291 1973 5354 Domini,
2016 5298 2070 5344 et
2110 5307 2212 5345 non
2319 5301 2495 5351 nosse,
2532 5288 2786 5358 quidquid
2812 5288 2990 5357 elegit,
3017 5287 3265 5356 Apostolo
3291 5288 3540 5341 dicente:
3575 5286 3727 5341 Novit
3750 5287 3858 5339 Do—

677 5376 777 5445 ipsi
798 5375 888 5445 qui
917 5376 968 5429 in
988 5375 1200 5429 nomine
1218 5374 1425 5431 Domini
1446 5379 1788 5433 convenimus
1808 5379 1974 5433 multo
1993 5380 2215 5447 amplius
2318 5377 2506 5441 minus,
2531 5380 2617 5447 qui
2633 5388 2755 5449 sunt
2774 5378 2884 5446 ejus
2904 5376 2987 5446 (11
3010 5376 3139 5431 Tim.
3173 5391 3233 5441 η,
3266 5376 3375 5443 19);
3399 5386 3450 5428 et
3478 5376 3601 5430 illud
3627 5370 3851 5437 nescire.

746 5500 767 5522 -
806 5486 1086 5552 [lucusque
1108 5500 1171 5539 ex
1198 5495 1383 5542 sancto
1403 5487 1714 5552 Augustino.
2388 5502 2407 5521 ι’
2451 5489 2525 5543 Ex
2551 5490 2710 5552 Deda,
2733 5489 2849 5544 loco
2872 5489 3053 5543 citato.

746 5554 771 5591 δ
810 5554 881 5608 Ex
906 5542 1056 5611 Beda:
1078 5555 1290 5610 homilia
1319 5556 1371 5611 in
1396 5542 1731 5614 Dedit'alione
1755 5559 2020 5615 Ecclesitc.
2384 5558 2405 5595 τί
2450 5542 2522 5612 Et
2553 5542 2617 5613 ἐξ
2634 5542 2978 5629 Ᾰιῖεξξὶτήᾶ.
3010 5571 3191 5613 sum.
3224 5570 3367 5608 num.
3398 5555 3447 5610 ι.
3480 5542 3529 5605 ii.
