4266 6206
349 301 450 354 895

1129 305 1521 360 EXEGETICA.
1560 336 1628 346 --
1659 308 2002 362 COMMENT.
2043 306 2106 358 IN
2145 306 2330 360 JOAN.
2369 338 2434 346 —
2460 307 2582 359 LIB.
2624 309 2684 358 γ.

3383 311 3486 364 θυι

352 413 488 480 quod
515 425 616 464 non
643 413 893 480 approbat
919 413 1126 482 dignum
1156 416 1272 468 vita:
1298 425 1526 468 mternre.
1553 416 1699 469 Unde
1725 425 1778 468 et
1805 415 1870 466 ad
1901 419 1948 476 Α
1971 415 2263 466 execranda
2312 416 2640 468 monstravit.
2688 436 2704 466 I
2741 417 3070 471 Conticescat
3114 419 3374 473 Sabellius
3411 437 3504 474 au-

351 501 538 568 impios
565 502 799 556 dicturus
823 503 924 556 erit
947 521 957 554 :
994 503 1109 556 Non
1141 506 1254 556 novi
1288 522 1376 557 vos
1402 494 1611 574 (-Hattb.
1637 520 1735 568 vn,
1763 505 1873 572 23).

351 589 603 656 Sequitur
638 589 702 642 de
744 591 928 643 ovibus
956 610 967 641 :
1000 591 1065 642 Et
1097 609 1186 660 ego
1223 593 1373 644 vitam
1401 604 1640 644 (eternam
1677 593 1743 644 do
1782 594 1874 644 eis.

350 669 473 729 Hzec
497 686 618 730 sunt
643 692 837 745 pascua
866 694 981 746 qua:
1006 681 1244 746 superius
1274 681 1514 746 promisit
1534 681 1717 732 ovibus
1744 680 1875 740 suis,

350 764 438 815 ubi
479 764 618 816 nulla
659 766 819 818 herba
855 767 1064 826 arescit,
1111 775 1273 818 totum
1315 768 1466 829 viret,
1508 776 1672 820 totum
1715 766 1875 835 viget,

351 858 519 903 totum
554 853 812 920 integrum
852 863 1147 920 permanet;
1175 861 1226 906 et
1261 855 1508 922 quidquid
1543 853 1704 907 semel
1741 855 1878 908 acci-

351 939 514 1005 pitur,
541 954 749 1006 semper
769 941 1007 994 babetur.
1034 940 1100 992 Et
1131 958 1229 992 non
1264 941 1496 1007 peribunt
1532 941 1585 992 iu
1610 950 1873 992 internum.

352 1023 449 1076 Hic
476 1026 886 1079 subaudiendum
925 1037 1028 1088 est,
1056 1028 1315 1094 quomodo
1348 1043 1439 1080 vos
1467 1026 1726 1094 peribitis,
1755 1026 1876 1092 quia

352 1131 455 1168 non
483 1116 609 1168 estis
627 1129 690 1166 ex
717 1117 902 1169 ovibus
929 1117 1073 1169 meis.
1099 1116 1164 1167 Et
1193 1133 1293 1168 non
1323 1116 1480 1183 rapiet
1502 1133 1588 1167 eas
1613 1115 1876 1182 quisquam

351 1203 414 1253 de
440 1212 593 1255 manu
621 1219 756 1263 mea,
785 1203 835 1256 id
865 1213 964 1265 est,
995 1204 1059 1258 de
1083 1212 1338 1270 potestate
1374 1218 1506 1255 mea.

422 1290 580 1342 Vens.
604 1291 690 1344 29.
713 1320 782 1329 —
806 1289 963 1344 Pater
989 1309 1149 1352 meus,
1189 1291 1322 1361 quod
1351 1291 1488 1344 dedit
1525 1291 1670 1352 mihi,
1710 1290 1877 1356 majus

350 1386 426 1427 est
453 1377 701 1429 omnibus.
730 1378 876 1442 Quod
901 1380 1042 1431 dedit
1070 1379 1222 1431 Pater
1246 1379 1380 1431 Filio
1402 1378 1569 1446 majus
1596 1389 1676 1431 est
1711 1377 1878 1430 omni-

351 1465 471 1528 bus,
509 1475 567 1518 ut
604 1467 713 1533 ipse
761 1467 832 1518 illi
877 1476 1016 1520 esset
1057 1470 1354 1536 unigenitus
1407 1469 1588 1528 Filius,
1641 1467 1877 1534 :equalis,

349 1557 834 1611 consubstantialis.
864 1557 997 1622 Quid
1046 1568 1123 1611 est
1168 1560 1307 1626 quod
1350 1559 1528 1611 dedit?
1574 1559 1762 1624 Utique
1803 1559 1878 1624 gi-

1975 502 2124 554 diens
2149 520 2161 552 :
2189 501 2298 570 Ego
2325 512 2372 554 et
2412 501 2584 563 Pater,
2630 505 2718 569 qui
2750 520 2904 556 unam
2947 519 3224 571 personam
3255 506 3427 560 Patris
3453 517 3508 561 et

1973 587 2090 640 Filii
2119 603 2277 655 prava
2299 590 2535 642 doctrina
2561 590 2836 650 disseruit;
2866 607 2982 642 nam
3005 609 3094 659 ego
3122 602 3168 644 et
3194 591 3369 656 Pater,
3390 595 3507 648 dum

1972 685 2096 729 sunt
2122 692 2374 742 personae.
2401 678 2527 730 Item
2557 677 2832 730 erubescat
2867 678 3022 731 Arius
3046 680 3263 732 audiens
3286 697 3300 732 :
3334 679 3508 734 Unum

1971 778 2165 822 sumus,
2205 764 2294 828 qui
2331 761 2463 815 duas
2502 771 2715 814 naturas
2755 764 2807 815 in
2849 763 3003 815 Patre
3037 773 3090 816 et
3136 764 3267 817 Filio
3295 768 3506 830 astruit,

1973 850 2095 901 dum
2137 865 2294 900 unum
2325 866 2483 902 uuam
2530 859 2771 902 naturam
2807 851 3088 920 signiﬁcat,
3130 852 3268 904 sicut
3309 869 3506 913 sumus.

1974 936 2106 990 duas
2134 952 2403 1003 personas.
2445 937 2740 1004 Sequamur
2776 939 3116 1006 apostolicam
3143 940 3320 1002 ﬁdem,
3350 957 3506 1008 quam

1973 1025 2158 1077 lentus
2183 1025 2372 1079 Petrus
2400 1027 2645 1094 princeps
2671 1029 3026 1094 apostolorum
3072 1029 3345 1084 confessus
3383 1041 3463 1084 est
3493 1049 3502 1080 :

1977 1112 2053 1164 Tu
2075 1130 2126 1165 es
2150 1113 2382 1166 Christus
2407 1114 2576 1167 Filius
2599 1115 2688 1168 Dei
2711 1116 2802 1168 viai
2824 1115 3032 1183 (Matth.
3059 1133 3170 1179 XVI,
3194 1117 3298 1185 16).
3325 1137 3342 1166 ε
3372 1119 3398 1157 δ
3419 1118 3508 1172 Ju-

1974 1201 2070 1252 dzei
2113 1202 2354 1254 videlicet
2397 1203 2554 1254 verba
2584 1203 2788 1256 Domini
2835 1205 3125 1268 audientes,
3154 1215 3206 1258 et
3239 1205 3510 1273 hucusque

1974 1293 2362 1354 sustinuerunt;
2405 1293 2527 1345 dum
2552 1309 2676 1346 vero
2700 1295 2772 1346 ait
2795 1309 2809 1345 :
2836 1295 2945 1362 Ego
2982 1305 3030 1347 et
3057 1292 3214 1346 Pater
3238 1312 3394 1346 unum
3425 1312 3511 1347 su-

1975 1399 2110 1444 mus,
2147 1398 2249 1435 non
2274 1384 2618 1450 pertulerunt,
2653 1385 2743 1436 sed
2771 1399 2917 1436 more
2946 1399 3042 1437 suo
3070 1385 3186 1437 duri
3223 1386 3287 1437 ad
3313 1385 3510 1451 lapides

1975 1482 2340 1535 cucurrerunt,
2369 1473 2506 1526 sicut
2531 1473 2846 1540 evangelista
2874 1474 2998 1526 dicit
3024 1491 3036 1524 :
3065 1474 3244 1540 (Vens.
3269 1473 3379 1539 3i.)
3407 1472 3511 1525 Tu-

1975 1559 2143 1610 lerunt
2171 1559 2383 1627 lapides,
2415 1570 2468 1612 ut
2498 1560 2782 1629 lapidarent
2807 1577 2940 1612 eum.
2967 1560 3216 1612 Dominus
3239 1561 3328 1626 qui
3355 1559 3507 1629 μὴ..

348 1645 556 1711 gnendo
594 1646 756 1707 dedit,
809 1649 931 1714 quia
973 1664 1075 1701 non
1127 1649 1379 1701 minorem
1419 1649 1515 1702 sibi
1544 1648 1742 1717 genuit,
1774 1662 1874 1699 non
1909 1707 1946 1717 ﬁ
1978 1646 2123 1714 quia]
2164 1662 2266 1698 non
2295 1647 2613 1714 patiebatur,
2643 1649 2781 1714 quod
2807 1648 3016 1701 nolebat
3054 1648 3182 1715 pati,
3217 1656 3269 1700 et
3298 1663 3399 1699 non
3423 1658 3508 1701 est

349 1707 586 1798 tempore
631 1707 972 1800 posteriorem
993 1775 1007 1797 ,
1053 1736 1143 1788 sed
1187 1742 1526 1796 coaeternum,
1545 1707 1677 1803 Vsine
1731 1707 1876 1786 initio
1909 1707 1950 1764 Β
1979 1707 2185 1802 passus,
2207 1707 2309 1786 nisi
2344 1736 2481 1802 quod
2511 1707 2676 1787 voluit
2697 1736 2828 1802 pati,
2856 1735 3028 1789 adhuc
3164 1707 3393 1801 lapidare
3415 1750 3508 1787 cu-

349 1821 601 1887 temporis
625 1835 833 1888 semper
874 1823 1055 1876 Deum.
1087 1841 1105 1871 (
1137 1821 1246 1876 Non
1293 1832 1374 1875 est
1410 1823 1685 1875 dicendum
1709 1863 1722 1883 ,
1775 1837 1877 1873 non

347 1913 485 1967 erat,
513 1915 791 1975 antequam
827 1917 980 1962 natus
1011 1917 1124 1963 erat
1151 1927 1163 1960 :
1192 1924 1453 1976 nunquam
1483 1909 1624 1961 enim
1654 1925 1755 1960 non
1785 1924 1876 1958 na-

349 2005 435 2047 tus
467 2005 604 2060 erat,
627 1998 716 2065 qui
746 1996 886 2050 Patri
913 2007 1206 2051 coaeternus
1225 2007 1359 2050 erat.
1391 1997 1489 2060 Qui
1518 1997 1674 2065 sapit,
1703 1996 1872 2063 capit;

346 2088 435 2152 qui
477 2102 579 2141 non
607 2089 765 2155 capit,
793 2091 972 2142 credat
1003 2107 1015 2140 :
1049 2091 1306 2142 nutriatur
1341 2088 1461 2150 ﬁde,
1502 2096 1558 2140 ut
1601 2088 1761 2154 possit
1789 2101 1876 2138 ca-

347 2187 472 2237 pere
501 2174 726 2226 Verbum
760 2176 872 2236 Dei,
905 2177 1026 2240 quia
1055 2177 1280 2229 Verbum
1307 2177 1489 2230 Filius.
1516 2175 1733 2242 Semper
1753 2188 1878 2242 ergo

347 2259 529 2322 l-‘ilius,
563 2269 617 2314 et
644 2276 847 2329 semper
870 2263 1104 2329 aequalis.
1138 2264 1247 2316 Dion
1277 2265 1415 2316 enim
1443 2264 1746 2323 crescendo,
1786 2261 1876 2313 sed

346 2348 610 2399 nascendo
650 2349 868 2417 :equalis
907 2358 1008 2413 est,
1048 2351 1136 2419 qui
1170 2365 1378 2419 semper
1421 2359 1578 2402 natus
1617 2351 1680 2402 de
1721 2350 1876 2400 Patre

345 2432 529 2497 Filius,
561 2435 624 2488 de
663 2436 769 2488 Deo
814 2437 973 2498 Deus,
1011 2439 1074 2490 de
1117 2447 1314 2492 ειεωο
1357 2447 1666 2492 coaeternus.
1723 2436 1875 2488 Pater

344 2527 521 2572 autem
570 2537 673 2574 non
719 2524 782 2575 de
832 2524 965 2576 Filio
1010 2524 1374 2578 Deustilius
1417 2528 1482 2579 de
1529 2526 1679 2579 Patre
1717 2524 1871 2578 Deus.

345 2607 464 2661 Ideo
488 2609 647 2662 Pater
673 2609 804 2663 Filio
849 2610 1107 2681 gignendo
1148 2612 1288 2665 dedit
1330 2622 1388 2664 ut
1431 2613 1566 2664 Deus
1593 2622 1761 2674 esset;
1794 2613 1874 2680 gi-

342 2697 550 2764 gnendo
587 2697 729 2750 dedit
764 2706 821 2750 ut
857 2699 1072 2767 aequalis
1096 2708 1255 2762 esset,
1282 2699 1379 2752 hoc
1401 2708 1505 2761 est,
1533 2701 1670 2768 quod
1707 2700 1876 2768 majus

339 2795 428 2838 est
456 2787 718 2840 omnibus.
759 2807 777 2838 ι
807 2788 926 2840 Ideo
971 2789 1294 2842 transcendit
1315 2790 1415 2842 iste
1436 2786 1665 2842 Joannes
1689 2803 1874 2841 omnes

343 2875 646 2927 altitudines
679 2885 1060 2938 creaturarum,
1085 2886 1137 2930 et
1163 2877 1323 2929 millia
1360 2877 1622 2929 exercitus
1667 2877 1878 2942 angelo-

345 2977 484 3023 rum,
520 2969 573 3012 et
615 2977 797 3031 magna
837 2963 1034 3024 omnia,
1065 2981 1083 3012 ‹
1111 2973 1165 3014 et
1205 2965 1441 3030 pervenit
1469 2964 1534 3016 ad
1579 2964 1704 3017 illud
1735 2965 1872 3031 quod

342 3049 514 3118 majus
546 3058 626 3102 est
663 3051 927 3112 omnibus,
953 3057 1006 3102 et
1033 3050 1199 3103 dixit:
1227 3048 1292 3100 In
1329 3049 1574 3117 principio
1599 3059 1706 3101 erat
1747 3048 1869 3102 Ver-

339 3136 484 3200 bum,
513 3147 563 3188 et
598 3136 811 3190 Verbum
845 3149 954 3190 erat
981 3138 1116 3207 apud
1156 3138 1338 3200 Deum,
1363 3147 1410 3190 et
1437 3137 1573 3190 Deus
1608 3148 1716 3190 erat
1752 3137 1873 3190 Ver-

341 3227 461 3277 bum
497 3226 671 3294 (Joan.
705 3244 743 3288 l,
776 3229 844 3293 t).
888 3229 994 3280 Hoc
1021 3237 1118 3289 est,
1146 3230 1282 3296 quod
1305 3229 1473 3298 majus
1501 3230 1744 3282 omnibus
1768 3238 1870 3291 est,

342 3313 394 3365 id
417 3321 518 3375 est,
547 3322 604 3365 ut
623 3315 722 3366 sim
749 3315 975 3366 Verbum
1005 3313 1137 3380 ejus,
1167 3324 1221 3367 ut
1247 3317 1344 3368 sim
1385 3317 1681 3384 unigenitus
1710 3306 1874 3369 Filius

340 3403 478 3469 ejus,
516 3411 574 3454 ut
604 3403 702 3455 sim
732 3403 971 3469 splendor
1013 3403 1141 3455 lucis
1180 3405 1310 3470 ejus.
1358 3405 1478 3458 Ideo
1511 3423 1662 3459 nemo
1707 3408 1874 3472 rapiet

340 3507 469 3546 oves
501 3492 565 3545 de
605 3509 758 3545 manu
803 3509 938 3554 mea,
967 3501 1018 3545 et
1046 3507 1194 3546 nemo
1221 3504 1392 3562 potest
1415 3512 1595 3562 rapere
1625 3498 1687 3548 de
1716 3511 1871 3548 manu

346 3580 517 3634 Patris
551 3582 671 3634 mei.
707 3601 723 3631 ι
752 3582 929 3634 Manus
957 3581 1127 3634 Patris
1151 3591 1204 3634 et
1240 3598 1426 3634 manus
1453 3583 1588 3644 Filii,
1621 3597 1722 3633 una
1762 3598 1871 3634 ma-

343 3683 442 3719 nus
462 3677 566 3730 est,
589 3668 639 3719 id
666 3677 765 3728 est,
795 3685 894 3719 una
922 3678 1186 3734 potestas:
1210 3671 1330 3736 quia
1353 3685 1453 3721 una
1482 3669 1742 3726 divinitas,
1769 3683 1871 3719 una

345 3755 611 3823 majestas,
641 3771 740 3806 una
780 3757 1066 3816 aeternitas,
1095 3773 1195 3809 una
1222 3757 1508 3824 aequalitas.
1542 3757 1706 3820 Quam
1733 3757 1872 3808 vide-

344 3847 465 3900 licet
488 3848 854 3912 :cqualitatem,
887 3849 994 3915 ipsc
1019 3849 1266 3901 Dominus
1290 3851 1338 3901 in
1369 3852 1640 3902 divinitate
1667 3851 1870 3911 habuit,

342 3939 647 4004 priusquam
679 3938 900 3989 mundus
940 3946 1079 3990 esset
1119 3939 1254 4003 apud
1292 3937 1518 3997 Patrem,
1551 3939 1661 4002 ipse
1690 3939 1740 3990 in
1771 3940 1871 3990 hu-

343 4026 563 4078 utilitate
589 4025 737 4095 [Ms.,
771 4026 1118 4097 humanitate]
1141 4042 1202 4081 ex
1231 4037 1466 4094 tempore
1497 4029 1873 4081 incarnationis

341 4110 563 4176 accepit.
1686 4131 1690 4135 ·

414 4195 478 4247 Et
502 4213 645 4248 nemo
657 4208 814 4265 potest
839 4216 1014 4267 rapere
1032 4201 1093 4252 de
1107 4218 1260 4254 manu
1277 4201 1449 4254 Patris
1463 4203 1578 4254 mei.
1600 4219 1618 4250 ι
1641 4214 1663 4240 ι
1681 4201 1872 4269 Aperte

1976 1823 2179 1890 pientes
2213 1823 2514 1890 alloquitur.
2539 1820 2864 1876 Sustulerunt
2903 1821 3076 1874 Judwi
3117 1821 3328 1888 lapides,
3359 1831 3412 1873 ut
3432 1821 3510 1874 la-

1972 1911 2207 1978 pidarent
2233 1910 2398 1962 illum.

2044 2018 2204 2070 Vens.
2236 2018 2322 2079 52,
2345 2019 2432 2070 55.
2461 2048 2529 2056 -
2559 2017 2832 2084 Respondit
2852 2018 2924 2070 eis
2960 2016 3112 2070 Iesus
3133 2030 3150 2066 :
3171 2015 3336 2070 Multa
3357 2033 3508 2084 opera

1974 2104 2103 2156 bona
2132 2105 2326 2155 ostendi
2357 2104 2491 2156 vobis
2511 2121 2574 2155 ex
2602 2103 2757 2156 Patre
2781 2120 2912 2164 meo,
2940 2113 3144 2170 propter
3167 2103 3304 2168 quod
3330 2118 3505 2153 eorum

1974 2209 2099 2260 opus
2121 2208 2200 2244 me
2214 2175 2454 2260 lapidatis
2479 2191 2502 2242 .’
2522 2189 2587 2242 Et
2614 2189 2691 2242 illi
2717 2190 3076 2256 responderunt
3098 2188 3204 2240 :De
3229 2188 3356 2238 bono
3383 2203 3502 2253 ope-

1976 2296 2030 2331 re
2049 2295 2149 2330 non
2172 2278 2463 2346 lopidamus
2487 2288 2552 2338 te,
2576 2277 2662 2328 sed
2690 2276 2752 2328 de
2781 2274 3244 2343 blasphemio,quia
3273 2282 3326 2324 tu
3357 2273 3507 2324 homo

1951 2382 2088 2418 eum
2110 2367 2202 2425 sis,
2223 2365 2354 2430 facis
2381 2374 2428 2416 te
2449 2367 2616 2431 ipsum
2636 2363 2820 2415 Deum.
2845 2362 2922 2416 Ad
2949 2361 3082 2436 illud.
3095 2363 3196 2415 hoc
3223 2360 3506 2427 responde-

1976 2459 2118 2514 runt,
2141 2451 2279 2519 quod
2297 2450 2504 2502 dixerat
2543 2467 2555 2498 :
2588 2448 2697 2516 Ego
2719 2458 2766 2501 et
2790 2449 2946 2501 Pater
2968 2467 3125 2500 unum
3150 2466 3344 2502 sumus.
3374 2449 3508 2503 Ecce

1972 2537 2138 2591 Judaei
2168 2538 2539 2590 intellexerunt
2557 2535 2691 2603 quod
2714 2536 2891 2588 Ariani
2918 2550 3018 2587 non
3048 2536 3359 2603 intelligunt.
3387 2537 3506 2588 Ideo

1973 2627 2116 2678 enim
2147 2626 2265 2678 irati
2294 2632 2438 2688 sunt,
2465 2625 2710 2691 quoniam
2762 2630 3040 2676 senserunt
3064 2637 3168 2674 non
3194 2636 3346 2688 posse
3382 2621 3508 2683 dici,

1973 2713 2084 2781 Ego
2107 2723 2154 2765 et
2176 2713 2334 2764 Pater
2359 2728 2516 2764 unum
2540 2728 2740 2774 sumus,
2771 2712 2869 2764 nisi
2887 2712 2977 2763 ubi
2997 2711 3271 2779 :cqualitas
3305 2718 3386 2763 est
3411 2709 3510 2762 Pa-

1976 2801 2072 2860 tris
2103 2809 2157 2853 et
2178 2800 2315 2854 Filii.
2345 2818 2362 2848 ‹
2397 2799 2649 2854 Dominus
2671 2808 2844 2852 autem
2874 2800 3003 2851 vidit
3024 2799 3148 2867 quid
3169 2798 3511 2868 responderet

1974 2889 2167 2958 pravis.
2203 2888 2347 2940 Vidit
2372 2902 2464 2940 eos
2494 2901 2596 2938 non
2635 2887 2774 2940 ferre
2805 2885 3139 2950 splendorem
3173 2886 3430 2947 veritatis,
3457 2893 3510 2936 et

1974 2992 2066 3029 eos
2111 2975 2332 3028 tentavit
2356 2973 2410 3029 in
2435 2973 2613 3026 verbis
2641 2972 2820 3042 [Aug.,
2848 2982 2903 3024 et
2942 2988 3064 3026 eum
3119 2973 3428 3040 temperavit
3455 2973 3506 3024 in

1972 3062 2188 3133 verbis].
2235 3061 2418 3115 Nonne
2442 3060 2686 3128 scriptum
2707 3071 2779 3112 est
2818 3062 2869 3112 in
2912 3059 3018 3128 lege
3065 3069 3228 3112 uestra
3255 3075 3273 3121 ;
3301 3058 3353 3110 id
3403 3065 3506 3118 est,

1971 3151 2117 3204 vobis
2154 3151 2272 3204 data
2305 3168 2318 3202 :
2349 3149 2484 3214 Quia
2509 3165 2599 3218 ego
2625 3150 2754 3212 dixi,
2784 3149 2858 3201 dii
2890 3149 3050 3201 estis.’
3079 3149 3214 3201 Deus
3250 3147 3380 3200 dicit
3414 3160 3510 3214 per

1968 3241 2283 3307 Prophetam
2306 3240 2356 3291 in
2382 3239 2583 3305 psalmo
2609 3238 2908 3292 hominibus
2931 3256 2944 3290 :
2982 3237 3092 3305 Ego
3121 3236 3250 3298 dixi,
3285 3235 3368 3286 Dii
3391 3234 3510 3287 estis

1973 3331 2191 3398 (Psalm.
2227 3345 2403 3389 unt,
2427 3327 2483 3394 6)
2512 3344 2525 3388 ;
2557 3335 2611 3379 et
2651 3328 2816 3394 legem
2839 3327 3119 3395 appellavit
3146 3325 3398 3378 Dominus
3425 3337 3510 3389 ge-

1971 3416 2220 3468 neraliter
2242 3428 2424 3466 omnes
2453 3413 2570 3464 illas
2595 3414 2898 3478 Scripturas
2928 3432 2939 3464 :
2971 3414 3212 3480 quamvis
3237 3413 3362 3465 alibi
3392 3427 3510 3478 spe-

1971 3504 2172 3556 cialiter
2197 3503 2337 3554 dicat
2371 3502 2556 3567 legem,
2601 3516 2631 3553 a
2671 3501 2942 3568 prophetis
2992 3515 3109 3552 eam
3144 3501 3496 3564 distinguens,

1970 3592 2124 3646 sicuti
2147 3601 2262 3644 est:
2315 3591 2495 3657 (Vens.
2543 3589 2653 3657 54.)
2707 3589 2812 3640 Lex
2863 3597 2908 3640 et
2933 3588 3189 3656 propheta:
3235 3603 3392 3653 usque
3439 3592 3504 3638 ad

1967 3679 2220 3732 Joannem
2248 3677 2395 3744 (Luc.
2426 3693 2532 3738 sVI,
2583 3677 2690 3744 i6).
2742 3677 2808 3728 Et
2835 3679 2887 3728 in
2915 3676 2993 3727 his
3016 3673 3214 3725 duobus
3243 3676 3506 3740 prmeeptis

1972 3777 2075 3820 tota
2102 3768 2182 3819 lex
2197 3767 2374 3836 pendet
2391 3777 2436 3818 et
2458 3766 2714 3833 prophetae
2737 3763 2946 3832 (Matth.
2970 3779 3103 3824 uti,
3127 3762 3237 3829 ιο).
3261 3761 3505 3828 Aliquan-

1971 3858 2037 3910 do
2070 3865 2244 3909 autem
2275 3857 2326 3907 in
2357 3855 2457 3906 tria
2485 3853 2754 3907 distribuit
2802 3852 3011 3906 easdem
3061 3849 3386 3918 Scripturas,
3412 3850 3503 3901 ubi

1971 3945 2068 3996 ait:
2088 3943 2359 4012 Oportebat
2383 3942 2580 4010 impleri
2597 3943 2768 3994 omnia
2780 3957 2894 4009 qua
2908 3941 3094 4009 scripta
3113 3949 3228 3993 sunt
3244 3941 3297 3991 in
3319 3937 3445 4007 lege,
3463 3947 3508 3990 et

1967 4033 2241 4100 prophetis,
2258 4040 2305 4083 et
2324 4031 2535 4100 psalmis
2556 4031 2617 4082 de
2640 4047 2717 4082 me
2739 4028 2887 4098 (Luc.
2908 4045 3048 4086 ulv.
3077 4029 3183 4098 Η).
3209 4027 3356 4081 Nunc
3380 4043 3506 4080 vero

1969 4124 2124 4173 etiam
2149 4122 2378 4188 psalmos
2400 4120 2528 4186 legis
2551 4119 2760 4171 nomine
2788 4118 3124 4184 nuncupavit,
3139 4117 3227 4169 ubi
3255 4116 3508 4182 scriptum

1969 4219 2046 4262 est
2076 4227 2086 4259 :
2124 4208 2233 4275 Ego
2269 4207 2398 4264 dixi.
2423 4207 2495 4256 dii
2519 4206 2658 4257 estis.
2686 4204 2871 4272 (γης.
2890 4203 2976 4264 '55,
3005 4203 3115 4270 36.)
3144 4203 3204 4255 Si
3231 4202 3345 4255 illos
3378 4203 3508 4254 dixit

342 4287 473 4339 dans
495 4287 706 4356 intelligi
742 4304 894 4340 unam
930 4297 1086 4357 atque
1111 4291 1469 4344 indissimilem
1493 4308 1610 4347 esse
1635 4307 1867 4352 manum,
1894 4311 1943 4368 υ
1967 4297 2106 4354 deos,
2138 4295 2203 4346 ad
2231 4309 2355 4362 quos
2380 4308 2543 4344 sermo
2569 4289 2666 4343 Dei
2691 4290 2856 4356 factus
2883 4299 2974 4350 est,
2996 4297 3042 4339 et
3069 4305 3169 4343 non
3194 4298 3354 4357 potest
3382 4289 3508 4341 solvi

341 4377 440 4429 huc
479 4387 576 4436 est,
622 4378 866 4430 virtutem
897 4394 1042 4432 suam
1069 4387 1123 4431 et
1150 4380 1348 4442 Patris;
1380 4389 1538 4446 atque
1568 4383 1685 4434 ideo
1712 4382 1867 4436 Chri-

341 4475 479 4518 stum
506 4483 562 4521 se
589 4485 704 4522 esse
730 4471 1066 4532 credendum,
1100 4471 1220 4538 quia
1248 4487 1350 4525 non
1380 4472 1513 4524 sicut
1537 4472 1710 4525 caeteri
1743 4489 1865 4524 san-

340 4555 409 4606 cti
450 4555 618 4608 factus
648 4558 831 4627 (Beda,
860 4560 1232 4630 sanctiﬁcatus]
1260 4577 1354 4628 per
1391 4562 1609 4629 gratiam
1643 4577 1707 4615 ex
1737 4569 1867 4614 tem-

341 4657 487 4709 pore,
518 4639 612 4695 sed
640 4659 792 4699 verus
833 4661 1039 4716 semper
1065 4648 1328 4700 exstiterit
1371 4649 1534 4702 Filius
1576 4649 1686 4702 Dei.
1720 4648 1866 4712 Quod

337 4733 499 4785 etiam
535 4735 769 4800 sequenti
791 4736 1048 4792 sententia
1077 4739 1188 4789 luce
1222 4738 1413 4789 clarius
1437 4740 1623 4804 aperit,
1655 4739 1862 4791 dicens:

341 4823 520 4888 (Vens.
683 4823 793 4892 Ego
814 4823 1040 4876 et-Pater
1058 4844 1213 4878 unum
1234 4843 1426 4879 sumus.
1459 4826 1650 4886 Unum,
1676 4828 1866 4892 inquit,

342 4926 538 4971 sumus,
580 4929 681 4965 una
712 4913 859 4966 nobis
899 4914 1209 4976 substantia,
1241 4932 1341 4968 una
1370 4925 1451 4968 est
1475 4914 1739 4974 divinitas,
1766 4931 1866 4966 una

340 5000 636 5062 aeternitas,
685 5002 910 5070 perfecta
957 5002 1107 5071 571
1157 5005 1460 5068 aequalitas,
1503 5001 1868 5054 dissimilitudo

344 5087 503 5139 nulla.
530 5087 730 5152 Quibus
753 5091 984 5157 profecto
1010 5090 1179 5142 verbis
1210 5105 1314 5142 non
1340 5101 1652 5156 prxsentem
1676 5089 1866 5141 solum-

345 5177 498 5228 modo
515 5174 808 5228 Judteorum
829 5180 1190 5246 quastionem,
1210 5194 1310 5246 qua
1338 5195 1404 5230 an
1431 5181 1541 5246 ipse
1561 5188 1700 5233 esset
1719 5178 1868 5231 Chri-

343 5273 457 5314 stus
499 5264 906 5331 interrogabant,
946 5267 1241 5333 explicavit,
1283 5268 1373 5319 sed
1410 5270 1569 5320 etiam
1600 5269 1869 5321 haeretico-

349 5366 463 5403 rum
492 5355 762 5417 perlidiam
801 5370 953 5422 quam
985 5355 1208 5409 futuram
1237 5356 1498 5422 praevidit,
1525 5366 1778 5423 quantum
1805 5360 1868 5409 sit

421 5534 439 5553 "
486 5521 552 5572 l‘A
589 5521 739 5580 lida.
772 5525 978 5578 hmnilia
1006 5524 1177 5577 citata.

1973 4388 2239 4454 Scriptura
2267 4399 2283 4435 :
2313 4399 2459 4452 quem
2490 4379 2648 4433 Pater
2671 4378 3006 4446 sanctiﬁcaoit
3045 4387 3090 4430 et
3119 4378 3253 4430 misit
3281 4378 3334 4428 in
3360 4393 3507 4428 mun-

1969 4479 2114 4537 dum,
2153 4493 2236 4528 vos
2269 4475 2440 4527 dicitis
2484 4472 2856 4540 blasphemare,
2886 4469 3008 4537 quia
3037 4466 3169 4530 dixi,
3216 4464 3383 4517 Filius
3414 4464 3507 4516 Dei

1967 4582 2078 4616 sum
2093 4566 2118 4616 .’
2135 4564 2192 4616 Si
2213 4578 2387 4616 sermo
2411 4562 2502 4614 Dei
2523 4560 2695 4612 lactus
2721 4567 2802 4612 est
2830 4559 2894 4610 ad
2917 4556 3175 4616 homines,
3195 4562 3253 4606 ut
3275 4554 3507 4608 diceren-

1970 4659 2058 4702 tur
2077 4650 2171 4711 dii,
2195 4651 2362 4716 ipsum
2381 4649 2611 4699 Verlum
2628 4645 2742 4705 Dei,
2767 4644 2904 4710 quod
2926 4651 3008 4695 est
3022 4643 3157 4710 apud
3175 4643 3359 4702 Deum,
3374 4657 3504 4708 quo-

1973 4735 2128 4787 modo
2155 4749 2256 4785 non
2296 4741 2378 4785 est
2405 4733 2580 4783 Deus?
2605 4730 2657 4783 Si
2687 4746 2781 4797 per
2809 4743 3103 4780 sermonem
3131 4727 3222 4786 Dei
3255 4726 3386 4778 ﬁunt
3415 4727 3506 4777 hn-

1972 4824 2141 4876 mines
2167 4823 2236 4875 dii
2266 4821 2345 4884 ;si
2391 4820 2752 4887 participando
2781 4818 2910 4870 ﬁant
2943 4818 3013 4868 dii
3046 4832 3059 4876 ;
3118 4815 3253 4869 unde
3293 4816 3507 4881 partici-

1970 4922 2117 4981 pant,
2148 4908 2455 4982 [quomodo]
2485 4925 2587 4961 non
2624 4916 2705 4960 est
2735 4907 2915 4959 Deus?
2943 4905 2997 4958 Si
3030 4904 3224 4956 lumina
3245 4902 3502 4954 illiuniua—

1972 5011 2020 5053 ta
2046 5002 2115 5053 dii
2139 5008 2281 5060 sunt,
2312 4998 2485 5050 lumen
2523 4997 2662 5064 quod
2700 4995 2959 5046 illuminat
3003 4991 3266 5061 quomodo
3293 5004 3394 5041 non
3425 4998 3507 5040 est

1970 5091 2152 5142 Deus?
2181 5090 2237 5142 Si
2282 5087 2523 5141 calefacti
2575 5085 2961 5152 quodammodo
3009 5084 3126 5151 igne
3173 5077 3386 5133 salutari
3433 5076 3504 5126 dii

1971 5179 2266 5233 efﬁciuntur
2294 5218 2308 5239 ,
2336 5177 2471 5229 unde
2513 5175 2758 5226 caleﬁunt
2781 5211 2794 5231 .
2826 5187 2927 5223 non
2977 5179 3060 5224 est
3087 5165 3263 5220 Deus?
3289 5164 3507 5216 Accedis

1975 5268 2039 5319 ad
2063 5268 2256 5324 lumen,
2283 5263 2612 5321 illuminaris,
2653 5268 2705 5311 et
2732 5259 2868 5310 inter
2890 5258 3025 5310 ﬁlios
3049 5256 3136 5307 Dei
3170 5251 3464 5304 numeraris
3489 5267 3502 5308 ;

1977 5356 2016 5407 si
2042 5355 2241 5406 recedis
2269 5370 2295 5404 a
2326 5352 2539 5409 lumine,
2566 5347 2871 5400 obscuraris
2893 5387 2906 5407 ,
2937 5354 2987 5398 et
3010 5346 3060 5396 in
3093 5340 3322 5394 tenebris
3364 5352 3505 5391 com-

2050 5527 2072 5562 ιη
2105 5526 2155 5573 S.
2195 5523 2319 5587 Aug.
2356 5520 2452 5570 lmi.
2488 5521 2598 5574 νὴ..
2632 5533 2769 5567 num.
2803 5514 2946 5568 8-12.
