4152 6218
790 281 890 333 Silii

1621 290 1676 341 il.
1720 291 1776 341 l".
1815 289 2030 341 Al.lil.\'l
2070 288 2195 342 εει
2235 288 2497 341 ALCI'lNl
2543 288 2815 342 OPERL'M
2854 288 3026 342 PARS
3060 291 3117 343 ll.

3860 296 3956 345 896

791 394 1037 459 putaris:
1079 393 1203 444 illud
1260 404 1431 445 tamen
1481 395 1704 465 Ilumen]
1748 410 1843 448 nec
1885 396 2089 449 accedit
2135 396 2199 446 ad
2246 408 2321 454 se,
2354 402 2397 457 Α
2426 397 2550 446 dere
2577 396 2953 473 discedentem,
3004 398 3465 463 apprehenderuut
3506 400 3596 450 isti
3650 414 3959 465 permanen-

790 482 911 547 qnia
960 496 1061 534 non
1093 484 1288 534 recedit
1315 500 1341 532 a
1371 497 1443 534 se.
1481 484 1535 535 Si
1559 499 1685 551 ergo
1729 500 1821 536 vos
1872 486 1995 537 deos
2039 484 2169 536 facit
2209 499 2323 535 ser—

794 580 879 616 mo
905 566 1015 625 Dei,
1034 568 1300 633 quomodo
1342 583 1444 619 non
1470 579 1550 622 est
1595 569 1731 622 Dens
1759 571 1983 621 Verbum
2018 570 2144 621 Dei?
2169 570 2326 621 Pater

793 662 919 717 ergo
965 654 1311 705 Satictillcavit
1351 653 1535 705 Filium
1564 670 1715 707 suum
1750 696 1762 714 ,
1791 666 1845 706 ct
1896 657 2038 707 misit
2085 657 2134 706 in
2176 666 2322 707 Inun-

792 740 937 791 dum.
963 739 1119 792 Forte
1145 740 1333 807 aliquis
1358 742 1496 793 dicat
1520 761 1532 793 :
1552 745 1607 794 Si
1631 744 1785 795 Patr-i-
1804 761 1924 794 cum
1955 746 2323 803 sanetilicavit,

794 824 1078 891 aliquando
1123 840 1223 897 non
1270 829 1642 880 sanctus?.\".e
1691 832 2059 893 sanrtilicavit,
2109 846 2324 896 quomo-

792 913 862 965 do
909 916 1123 981 genuit:
1174 924 1231 967 ut
1278 917 1418 967 enim
1472 930 1686 969 Sam-tus
1734 929 1902 980 esset,
1956 921 2214 986 gignendo
2274 919 2321 970 ei

792 1000 963 1060 dedit,
1024 1002 1147 1068 quia
1198 1012 1436 1055 sanctum
1479 1018 1601 1057 eum
1649 1007 1843 1071 genuit.
1916 1005 2042 1057 Nam
2094 1006 2135 1057 si
2186 1006 2322 1071 quod

791 1080 1176 1151 sanctiticatur,
1208 1102 1330 1143 ante
1352 1107 1452 1143 non
1476 1102 1595 1144 erat
1624 1093 2170 1159 sanctum,.quninmlo
2196 1094 2323 1146 dici-

791 1189 910 1229 mus
932 1175 1039 1227 Deo
1059 1175 1200 1229 Patri
1231 1194 1243 1228 :
1275 1175 1633 1243 Sancti/iretur
1661 1194 1842 1231 nomen
1869 1189 2009 1231 tuum
2031 1180 2056 1230 .9

862 1289 1018 1341 Vens.
1046 1289 1133 1352 37,
1164 1291 1247 1342 38.
1275 1320 1341 1327 --
1364 1289 1421 1341 Si
1468 1307 1567 1341 non
1597 1291 1730 1356 {ario
1784 1308 1936 1360 opera
1979 1292 2151 1345 Patris
2204 1294 2321 1356 mei,

793 1376 947 1428 nolite
981 1379 1185 1429 credere
1226 1380 1367 1430 mihi.
1396 1378 1451 1430 Si
1498 1391 1666 1431 autent
1712 1380 1936 1447 facio,et
1972 1384 2015 1434 si
2059 1383 2186 1433 milii
2222 1397 2325 1434 non

794 1465 943 1517 ruitis
974 1466 1207 1527 credere,
1229 1468 1461 1535 operibus
1491 1469 1698 1520 credite.
1740 1469 1806 1520 Ut
1830 1471 2118 1537 agnoscatis
2143 1480 2188 1522 et
2217 1486 2324 1522 crc-

792 1551 948 1613 tlatis,
973 1552 1092 1619 quia
1116 1554 1167 1603 in
1190 1569 1266 1605 me
1290 1564 1362 1605 est
1394 1551 1566 1614 Pater,
1596 1564 1644 1604 et
1662 1570 1752 1622 ego
1778 1554 1968 1623 inillo.
2003 1568 2025 1593 ι
2053 1556 2323 1620 Quomoio

794 1648 1013 1704 possunt
1045 1641 1217 1693 dicere
1255 1640 1511 1694 homines.
1564 1641 1618 1694 Si
1655 1642 1795 1695 enim
1830 1645 1961 1695 Lene
2010 1646 2319 1713 cogitemus,

794 1726 849 1780 in
879 1726 985 1780 Deo
1028 1744 1246 1792 smnus;
1275 1739 1325 1781 et
1374 1730 1416 1781 si
1457 1732 1586 1782 bene
1616 1731 1868 1793 vivamus,
1916 1733 2051 1785 Deus
2082 1733 2131 1783 in
2181 1732 2328 1784 nobis

793 1824 878 1869 est
905 1834 915 1866 :
947 1816 1124 1869 ﬁdeles
1146 1857 1158 1876 ,
1193 1818 1565 1884 participantcs
1612 1818 1724 1885 ejus
1760 1819 2005 1886 gratiam,
2056 1818 2329 1870 illuminati

796 1906 863 1956 ah
893 1906 1021 1973 ipso,
1055 1906 1103 1957 in
1131 1907 1216 1958 illo
1246 1923 1443 1965 sumus,
1485 1916 1538 1957 et
1562 1907 1671 1972 ipse
1703 1907 1753 1957 in
1782 1906 1949 1959 nobis.
1981 1906 2083 1958 Sel
2124 1921 2227 1957 non
2253 1905 2329 1957 sic

797 1993 1098 2059 unigenitus
1127 1992 1288 2044 Filius
1318 2010 1329 2041 :
1356 1992 1439 2042 illo
1465 1993 1514 2043 in
1544 1991 1717 2051 l’atrc,
1743 2002 1795 2043 et
1817 1991 1971 2043 l‘ater
2001 1992 2051 2043 in
2079 1991 2185 2050 illo,
2216 2000 2330 2041 tan-

794 2093 954 2147 quam
980 2078 1195 2147 a2qualis
1222 2079 1272 2131 in
1302 2093 1363 2129 eo
1390 2080 1473 2130 eui
1494 2087 1572 2129 est
1603 2067 1847 2145 :cqualis:
1868 2078 2097 2145 Denique
2125 2094 2219 2129 nos
2238 2077 2331 2129 nli-

796 2163 1008 2232 quando
1035 2180 1309 2233 possumus
1343 2166 1518 2217 dicere
1545 2183 1558 2217 :
1581 2165 1634 2216 ln
1661 2166 1765 2218 Deo
1804 2181 2005 2225 sumus,
2036 2174 2089 2217 ct
2118 2165 2256 2217 Deus
2278 2165 2329 2216 in

796 2255 948 2308 nobis
974 2272 989 2317 ;
1013 2256 1243 2322 nunquid
1266 2270 1544 2323 possumus
1562 2255 1734 2306 dicere
1760 2274 1769 2305 :
1798 2255 1903 2321 i230
1926 2265 1980 2307 el
2009 2256 2145 2308 Deus
2172 2271 2331 2307 unum

797 2343 1020 2397 sumus?
1048 2343 1102 2396 ln
1122 2342 1278 2411 572
1322 2344 1429 2395 Deo
1474 2358 1552 2403 es,
1604 2343 1725 2409 quia
1781 2343 1917 2394 Deus
1954 2351 2004 2394 te
2054 2343 2325 2403 continet;

798 2428 936 2483 Deus
965 2439 1044 2483 est
1087 2432 1138 2483 in
1180 2440 1250 2493 te,
1300 2432 1422 2498 quia
1462 2430 1709 2496 templum
1745 2429 1832 2482 Dei
1867 2429 2037 2482 factus
2085 2444 2161 2481 es.
2224 2428 2328 2481 Sed

802 2517 1037 2585 nunquid
1065 2517 1188 2584 quia
1227 2520 1277 2569 in
1309 2517 1414 2568 Deo
1443 2532 1499 2568 es
1522 2525 1573 2567 et
1604 2516 1739 2567 Deus
1764 2524 1845 2567 est
1889 2515 1940 2566 in
1974 2525 2043 2571 te.
2076 2525 2225 2581 potes
2254 2514 2330 2565 di-

795 2620 920 2659 cere
950 2617 969 2656 τ’
991 2606 1089 2669 Qui
1122 2620 1202 2657 me
1227 2605 1385 2666 videt,
1421 2605 1580 2657 Deum
1628 2603 1771 2656 videt
1807 2621 1819 2653 :
1851 2602 2111 2670 quomodo
2144 2602 2329 2669 l‘nigc.

797 2697 939 2749 uitus
978 2696 1109 2747 dixit
1135 2713 1147 2746 :
1178 2694 1278 2759 Qui
1308 2712 1385 2747 me
1435 2695 1588 2757 ridet,
1637 2695 1765 2747 ridit
1794 2703 1841 2745 et
1892 2693 2119 2746 Putrem.
2150 2692 2258 2760 Ego
2284 2703 2328 2744 et

800 2782 962 2836 Pater
986 2799 1329 2835 unumsumus
1353 2782 1527 2849 (Joan.
1553 2798 1660 2843 ιη’,
1690 2783 1780 2849 Si)?
1811 2783 2045 2849 Agnosco
2061 2781 2327 2849 proprium

798 2869 1026 2931 Domini,
1048 2880 1099 2922 ct
1123 2884 1309 2922 munus
1337 2869 1493 2920 servi.
1522 2868 1794 2935 Proin-iuni
1820 2868 2020 2919 Domini
2050 2877 2130 2919 est
2149 2881 2328 2933 aequa-

796 2958 917 3011 litas
936 2958 1145 3020 Patris;
1170 2973 1359 3011 munus
1382 2959 1517 3010 servi
1548 2969 1624 3011 est
1654 2958 1986 3026 pai-iieipatio
2018 2956 2325 3008 Salvatoris.

795 3046 979 3112 (Vens.
1012 3046 1121 3113 39.)
1159 3044 1462 3109 Qutrrebant
1488 3062 1605 3112 ergo
1634 3062 1747 3097 eum
1796 3046 2184 3112 apprchendere.
2216 3043 2330 3097 Uti-

796 3146 920 3184 nam
965 3132 1431 3199 apprclienderent,
1484 3134 1574 3185 sel
1604 3132 1943 3200 credendoet
1976 3130 2331 3199 intelligendo,

796 3233 904 3274 non
931 3220 1194 3272 saeviendo
1218 3228 1271 3272 et
1296 3222 1598 3273 occidendo.
1614 3221 1927 3286 Quaere-bant
1950 3236 2076 3288 ergo
2101 3235 2222 3272 eum
2244 3235 2335 3287 ap-

796 3310 1125 3378 prehendere
1148 3326 1161 3373 ;
1192 3309 1316 3361 dum
1343 3324 1461 3362 eum
1478 3312 1868 3379 apprehendere
1887 3312 2181 3371 voluerunt,
2210 3310 2334 3379 quid

801 3397 884 3449 eis
906 3395 1031 3448 fecit
1053 3397 1077 3448 ?
1098 3395 1271 3449 Exirit
1291 3398 1353 3449 de
1375 3399 1607 3450 manibus
1638 3415 1830 3449 eorum.
1865 3398 1975 3451 Non
2001 3414 2120 3451 eum
2144 3414 2335 3467 appre-

802 3483 1116 3546 henderunt,
1170 3486 1292 3553 quia
1325 3501 1509 3538 manus
1551 3486 1669 3539 lidei
1725 3503 1827 3539 non
1855 3488 2196 3540 habuerunt:
2232 3507 2247 3536 ο
2286 3496 2340 3539 et

803 3574 929 3641 quia
955 3572 1121 3625 noluit
1151 3573 1238 3640 qui
1262 3581 1574 3640 potestatem
1602 3574 1785 3625 habuit
1822 3574 2047 3625 animam
2071 3588 2218 3625 suam
2247 3591 2338 3642 po-

805 3675 950 3722 nere,
982 3675 1083 3713 non
1130 3660 1579 3729 apprehendemut
1609 3674 1762 3721 eum;
1793 3660 1914 3713 dum
1952 3670 2127 3713 autem
2155 3661 2335 3723 voluit,

803 3749 1162 3819 apprehensus
1208 3758 1290 3801 est
1317 3749 1384 3801 ab
1412 3750 1491 3802 eis
1532 3748 1773 3801 inanibus
1811 3748 2119 3816 iniquitatis.
2153 3750 2334 3816 (Vens.

802 3840 890 3902 40,
921 3838 1031 3907 ιι.)
1055 3838 1120 3890 Et
1143 3838 1266 3889 abiit
1287 3840 1469 3888 iterum
1492 3847 1632 3889 trans
1649 3836 1925 3889 Iordanem
1946 3837 2011 3887 ad
2038 3852 2151 3887 eum
2170 3837 2336 3888 locum

803 3926 891 3981 ubi
916 3935 1026 3978 erat
1047 3923 1274 4000 Joannes
1291 3923 1553 3992 baptizans
1597 3924 1817 3991 primum
1843 3941 1859 3986 ;
1886 3934 1932 3975 et
1970 3925 2154 3975 mansit
2178 3924 2265 3982 ibi,
2291 3934 2338 3975 et

802 4016 951 4071 multi
998 4024 1239 4068 venerunt
1279 4014 1346 4065 ad
1373 4031 1507 4074 eam,
1533 4024 1580 4065 et
1630 4014 1905 4065 dicebant:
1953 4013 2087 4076 Quia
2114 4012 2338 4064 Joannes

794 4105 1006 4171 quidem
1029 4105 1227 4174 signum
1259 4101 1376 4169 fecit
1426 4100 1643 4153 nullum.
1672 4119 1689 4149 ε
1725 4100 2033 4153 Meministis
2059 4100 2209 4153 voLis
2233 4100 2340 4152 dic-

806 4200 919 4242 tum
944 4186 1011 4242 de
1048 4188 1268 4250 Joanne,
1298 4188 1417 4257 quia
1443 4187 1648 4240 lucerna
1690 4197 1798 4240 erat
1843 4186 2019 4255 (Joan.
2050 4202 2101 4251 v,
2150 4187 2257 4252 35).
2287 4196 2341 4239 et

2428 491 2549 532 teni.
2584 482 2817 548 Denique
2842 481 2965 548 quid
2996 483 3279 550 sequitur?
3304 482 3366 534 Et
3393 483 3542 535 multi
3563 486 3889 539 crediderunt
3909 490 3959 539 in

2422 583 2556 620 eum.
2592 589 2610 620 ι

2960 674 3181 730 CAPUT
3218 676 3421 729 XXVII.

2422 780 2677 853 Lazarum
2699 784 3088 853 amicumqsuum
3114 785 3229 852 jam
3262 786 3665 853 quatridnanitm
3704 798 3959 841 mortuam

2489 851 2711 901 dormire
2724 850 2878 920 dicit.
2905 851 3066 913 Quem
3092 850 3283 920 magna
3303 869 3421 904 τοτε
3446 853 3721 907 clamando
3744 862 3959 909 restari-

2488 927 2623 987 tuus,
2655 917 2781 987 solui
2794 918 2936 984 jubet
2957 920 3109 971 simul
3130 917 3352 983 et'abire,
3382 920 3622 987 plurimis
3640 923 3960 977 credentibus

2489 1000 2551 1035 ea:
2580 984 2797 1036 Jada'is.

2456 1100 2461 1107 ’
2488 1114 2664 1167 Cicer
2695 1130 2765 1175 vi,
2789 1115 2942 1167 Vens.
2972 1114 3019 1165 i.
3038 1142 3099 1152 -—
3130 1113 3255 1166 Erat
3278 1123 3446 1166 autem
3469 1114 3682 1181 quidam
3715 1114 3963 1183 languens

2422 1201 2652 1254 Lazarus
2674 1220 2704 1254 a
2734 1202 2982 1255 Bethania
3012 1204 3089 1271 Ide
3134 1200 3359 1271 rastello,
3389 1201 3573 1252 Maria
3621 1212 3669 1252 et
3720 1201 3957 1253 Martha.

2428 1308 2445 1339 α
2492 1301 2512 1327 ε
2540 1290 2768 1343 Plurima
2800 1304 2923 1341 vero
2954 1291 3003 1341 in
3034 1291 3131 1341 hoc
3159 1288 3411 1341 miraculo
3451 1289 3752 1340 resuscitati
3779 1288 3918 1340 Lara
3948 1292 3963 1342 i

2424 1378 2699 1430 manifesta
2730 1388 2868 1430 sunt.
2912 1378 3297 1444 l'lxpOs-itioziem
3328 1379 3378 1429 in
3416 1377 3635 1446 singulis
3671 1391 3779 1429 non
3825 1392 3959 1444 qua:-

2425 1478 2619 1525 ranius,
2646 1474 2701 1515 ut
2732 1464 2951 1516 liberius
2974 1464 3268 1515 necessaria
3298 1470 3706 1530 pertractemus.
3734 1462 3791 1515 In
3816 1478 3958 1529 supe-

2426 1551 2552 1602 riori
2601 1551 2821 1603 lectione
2859 1552 3172 1603 meministis
3218 1551 3356 1617 quod
3413 1548 3665 1601 Domitius
3716 1550 3855 1602 exiit
3903 1552 3963 1601 ds

2428 1638 2669 1689 manibus
2691 1650 2872 1689 eurum
2902 1638 2990 1704 qui
3022 1637 3251 1713 lapidare
3279 1652 3397 1689 eum
3444 1634 3745 1697 voluerant,
3773 1645 3831 1689 et
3855 1634 3957 1687 dis-

2428 1724 2587 1776 cessit
2616 1733 2759 1776 trans
2806 1722 3085 1779 Jordanem
3122 1725 3208 1778 tibi
3238 1724 3465 1778 .ltianncs
3515 1723 3843 1792 baptizabat.
3892 1722 3960 1777 lbi

2426 1825 2553 1877 ergo
2608 1813 2825 1867 Domino
2876 1817 3181 1878 constituto,
3235 1816 3600 1867 iniirntabatur
3626 1814 3680 1866 in
3706 1812 3959 1867 Bethania

2431 1900 2681 1963 Lazarus,
2716 1906 2853 1971 quod
2877 1904 3147 1957 castellum
3169 1915 3285 1958 erat
3319 1905 3613 1972 proximum
3660 1903 3955 1972 Hierosoly-

2430 1991 2545 2041 mis.
2579 1992 2757 2057 (Vens.
2790 1992 2845 2051 ‘1,
2875 1993 2952 2057 3.)
2988 1991 3157 2043 Maria
3205 2002 3374 2043 autem
3418 2002 3528 2044 erat
3580 2009 3697 2061 qtae
3744 2003 3959 2045 auersi

2428 2076 2705 2130 Dominum
2728 2090 3001 2145 unguento,
3024 2088 3071 2130 et
3083 2080 3288 2131 extersit
3308 2080 3456 2145 pedes
3482 2080 3593 2147 ejus
3614 2078 3819 2146 capillis
3838 2079 3958 2137 satis,

2428 2168 2575 2233 cujus
2626 2165 2787 2231 fra'ter
2831 2163 3063 2217 Lazarus
3110 2166 3487 2232 inﬁrmabatur.
3540 2166 3797 2219 Miserum
3844 2181 3957 2233 ergo

2427 2272 2625 2309 sorores
2654 2256 2763 2322 ejus
2813 2255 2879 2306 ad
2906 2270 3018 2307 eum
3049 2255 3286 2308 dicentes.
3330 2253 3446 2307 lam
3495 2254 3839 2322 intelligimus
3864 2266 3961 2319 quo

2428 2345 2703 2403 miserunt,
2729 2343 2817 2395 ubi
2844 2351 2957 2395 erat
2987 2342 3237 2395 Dominus
3264 2360 3276 2394 :
3303 2343 3551 2409 quoniam
3589 2342 3783 2393 absens
3827 2348 3960 2399 erat,

2429 2441 2574 2484 trans
2620 2429 2901 2482 Jordancm
2946 2430 3163 2483 scilicet.
3218 2427 3472 2483 Miseruiit
3517 2431 3583 2481 ad
3636 2429 3948 2488 Dominum,

2429 2516 2728 2569 nuntiantes
2754 2515 2892 2584 quod
2921 2526 3202 2587 aegrotaret
3225 2516 3389 2573 inter
3410 2532 3616 2579 earum,
3636 2523 3697 2568 ut
3714 2516 3763 2569 si
3780 2516 3953 2583 digna-

2431 2614 2577 2656 retur
2604 2604 2802 2655 veniret
2831 2642 2845 2663 ,
2877 2612 2930 2655 et
2957 2619 3077 2657 eum
3104 2605 3171 2656 ab
3196 2603 3505 2671 mgritudine
3548 2602 3820 2655 liberant.
3875 2600 3963 2654 Ille

2429 2691 2631 2746 distulit
2683 2706 2905 2753 sanare,
2960 2700 3016 2743 ut
3051 2700 3227 2759 posset
3271 2691 3608 2743 icsuscitare.
3651 2689 3790 2755 Quid
3838 2701 3957 2758 ergo

2429 2780 2802 2831 nuntiaverunt
2824 2792 3032 2831 sorores
3067 2778 3223 2845 ejus?
3247 2777 3483 2842 Domine,
3509 2794 3623 2831 erce
3642 2794 3795 2847 quin
3818 2794 3955 2830 amas

2429 2865 2740 2931 inﬁrmatur.
2772 2862 2881 2915 Non
2926 2864 3190 2926 dixerunt,
3237 2865 3366 2919 \‘cni
3399 2882 3412 2919 :
3443 2866 3641 2920 amanti
3664 2867 3808 2921 enim
3848 2874 3953 2919 tau-

2432 2951 2700 3002 tummodo
2738 2951 3030 3003 nuntiatnm
3077 2950 3191 3004 fuit.
3246 2951 3358 3006 Non
3407 2969 3550 3007 ausa
3595 2962 3718 3008 sunt
3762 2954 3954 3014 dicere,

2432 3039 2559 3091 Veni
2592 3048 2649 3090 et
2700 3054 2872 3100 sana;
2925 3055 3028 3091 non
3075 3050 3197 3093 sunt
3236 3056 3377 3094 ausa:
3417 3042 3629 3103 dicere,
3684 3042 3755 3094 ibi
3801 3042 3953 3111 jzdie,

2428 3137 2483 3180 et
2530 3128 2616 3179 hic
2659 3127 2766 3178 Iiet.
2808 3126 2915 3179 Cur
2959 3128 3100 3181 enim
3152 3144 3256 3181 non
3299 3140 3354 3182 et
3400 3129 3539 3182 istud
3588 3128 3719 3199 [ΑΛ.
3751 3131 3869 3185 isne
3895 3130 3955 3198 η.

2432 3213 2475 3265 si
2500 3211 2628 3265 fides
2656 3212 2795 3264 illius
2822 3214 3147 3268 centurionis
3178 3216 3298 3269 inde
3338 3215 3621 3270 laudatur?
3658 3217 3747 3270 Ait
3773 3219 3912 3271 enim
3941 3232 3954 3267 :

2436 3300 2554 3352 Non
2581 3316 2692 3353 sum
2740 3292 2923 3368 dignus
2972 3310 3027 3353 at
3070 3301 3227 3376 intres
3279 3302 3370 3354 sub
3415 3312 3602 3355 tectam
3640 3319 3828 3367 meum,
3878 3304 3955 3355 sed

2434 3398 2630 3443 tantum
2658 3389 2739 3440 dic
2787 3390 2962 3452 uerbo,
2998 3401 3044 3441 et
3096 3391 3364 3442 sanabitur
3406 3408 3531 3459 piter
3582 3408 3726 3445 meus
3754 3392 3955 3461 (Natta.

2434 3494 2547 3539 vni,
2574 3479 2647 3547 ε).
2671 3478 2807 3531 Nihil
2836 3480 3019 3531 horum
3046 3480 3175 3541 istm,
3194 3482 3284 3534 sed
3310 3484 3670 3536 tantummodo
3699 3481 3954 3537 :Doatiue.

2434 3584 2544 3620 ecce
2592 3584 2742 3635 quem
2786 3584 2932 3621 amas
2979 3570 3294 3635 inﬁrmatur.
3352 3570 3555 3623 Suilicit
3604 3580 3661 3622 ut
3717 3570 3954 3627 noveris;

2436 3670 2535 3707 non
2561 3656 2701 3707 enim
2726 3670 2874 3708 amas
2901 3666 2957 3708 et
2991 3656 3207 3709 deseris.
3254 3656 3390 3709 Dicit
3437 3656 3629 3724 aliquis
3654 3674 3668 3709 :
3696 3655 3957 3722 Quomodo

2436 3760 2529 3812 per
2556 3746 2810 3797 Lazarum
2838 3755 3084 3812 peccator
3098 3748 3509 3816 signiﬁcabatur,
3523 3757 3579 3801 et
3598 3763 3631 3801 a
3653 3748 3875 3809 Domino
3891 3748 3959 3800 sic

2436 3834 2747 3886 amabatur?
2771 3836 2965 3888 Audiat
2990 3852 3109 3889 eum
3139 3839 3415 3892 dicentem
3445 3852 3460 3890 :
3488 3837 3608 3891 Non
3634 3839 3750 3890 nisi
3788 3851 3955 3892 cum

2428 3927 2618 3993 justas,
2650 3927 2739 3979 sed
2780 3938 3063 3996 peccatores
3090 3930 3302 3999 (Matth.
3334 3947 3407 3994 ix,
3433 3930 3539 3999 l5).
3583 3929 3644 3985 Si
3675 3930 3819 3983 enim
3850 3941 3956 3998 pec-

2438 4027 2645 4072 catores
2699 4020 2950 4073 Dominus
2995 4036 3097 4073 non
3149 4029 3366 4084 amaret,
3418 4022 3485 4076 de
3508 4020 3644 4076 celo
3672 4019 3741 4073 ad
3769 4026 3953 4072 terram

2439 4121 2541 4159 non
2572 4106 2913 4159 descenderet
2953 4105 3101 4175 [Μεη
3140 4123 3467 4178 nequaquam
3495 4122 3587 4163 eos
3609 4113 3860 4170 vocaret;
3891 4102 3952 4157 sl.

2439 4209 2544 4247 non
2572 4209 2663 4246 eos
2689 4208 2876 4247 vocare
2905 4195 3178 4265 venisset].

807 4280 909 4331 diei
948 4278 1305 4330 testiinonium
1346 4276 1675 4345 perhibebat.
1711 4275 1845 4339 Quid
1889 4289 2014 4343 ergo
2066 4276 2150 4328 isti
2193 4276 2339 4329 dise-
2370 4299 2417 4355 ο
2506 4282 2659 4351 573
2698 4284 2853 4336 γεκε,
2889 4283 2939 4336 ι,
2972 4284 3275 4337 ..Αιάξεηε
3304 4292 3476 4335 autem
3494 4280 3649 4336 In”
3668 4280 3798 4335 dixit
3819 4282 3955 4333 alia:

808 4375 931 4420 runt
958 4365 1093 4433 apud
1121 4380 1177 4418 se
1198 4365 1464 4427 ?.\'ullum,
1488 4365 1749 4432 inquiunt,
1781 4364 2089 4416 miraculum
2111 4363 2339 4415 ostendit

802 4455 1061 4510 Joannes:
1094 4468 1195 4505 non
1224 4453 1479 4505 darmonia
1507 4452 1722 4519 fugavit,
1752 4466 1853 4503 non
1881 4449 2080 4517 expulit
2106 4449 2335 4511 febrem,

808 4560 911 4598 non
939 4560 1106 4597 czecos
1144 4543 1475 4605 illuminavit,
1502 4558 1603 4595 non
1632 4550 1866 4593 mortuos
1894 4542 2184 4603 suscitavit,
2228 4556 2329 4595 non

809 4639 889 4684 tot
916 4630 1081 4690 millia
1114 4630 1383 4681 hominum
1411 4631 1474 4682 de
1507 4630 1736 4696 quinque
1779 4628 1860 4680 vel
1896 4639 2094 4695 septem
2120 4631 2353 4697 panibus

808 4718 1043 4780 satiavit,
1078 4731 1181 4770 non
1210 4730 1371 4785 super
1417 4730 1563 4768 mare
1588 4715 1891 4779 ambulavit,
1944 4730 2045 4768 non
2078 4718 2249 4771 ventis
2290 4727 2346 4772 et

807 4808 1054 4860 ﬂuctibus
1080 4807 1393 4876 imperavit;
1426 4804 1551 4860 nihil
1594 4803 1782 4856 horum
1811 4802 1937 4859 fecit
1981 4802 2211 4859 Joannes
2240 4824 2255 4869 ;
2288 4816 2346 4860 et

806 4903 979 4949 totum
1005 4895 1257 4964 quidquid
1282 4894 1510 4955 dicebat,
1560 4893 1682 4947 huic
1714 4891 2068 4944 testimonium
2105 4894 2345 4962 perbibe—

812 4982 922 5033 bat.
948 4980 1050 5034 Per
1093 4980 1363 5036 lucernam
1388 4980 1663 5031 veniamus
1688 4978 1753 5033 ad
1777 4978 1933 5032 diem.
1975 4977 2202 5033 Joannes
2234 4981 2347 5033 nal-

812 5070 922 5122 Ium
949 5070 1149 5136 signum
1171 5070 1308 5135 fecit.
1335 5055 1517 5139 (Veiis.
1541 5067 1653 5136 η.)
1682 5067 1867 5122 Omnia
1880 5070 2013 5121 enim
2032 5085 2347 5139 quacunque

811 5159 948 5211 dixit
971 5157 1197 5210 Joannes
1223 5158 1286 5209 de
1308 5160 1422 5219 hoc,
1465 5175 1584 5209 vera
1628 5168 1789 5209 erant.
1823 5159 1957 5212 Eooe
1988 5159 2112 5226 quid
2160 5174 2347 5227 appre-

815 5245 1135 5309 henderunt,
1163 5260 1266 5299 non
1287 5247 1547 5311 quomodo
1563 5244 1725 5299 Judzei
1748 5246 1990 5301 volebant
2012 5249 2039 5287 δ
2063 5249 2347 5317 apprehen-

892 5384 914 5445 ξ
947 5373 1058 5445 Hie
1090 5376 1355 5445 defectum
1385 5378 1563 5443 supple
1609 5394 1671 5431 ex
1696 5380 1843 5445 Aug:
1883 5397 1898 5427 ι
1937 5380 2046 5434 Non
2098 5384 2171 5436 sic
2221 5384 2348 5437 dicit

820 5439 985 5556 Ρὶιὶὶιι
1014 5441 1095 5556 :‘In
1119 5460 1193 5494 me
1227 5457 1296 5497 cst
1337 5439 1516 5502 ram-1
1547 5456 1589 5497 et
1618 5464 1703 5513 rgo
1727 5439 1912 5508 invitia,
1941 5454 2199 5517 quomodo
2232 5468 2348 5518 pos-

821 5521 919 5556 Sllll
951 5546 963 5556 .
996 5524 1022 5556 ρ
1051 5527 1095 5556 ι’.
1143 5528 1158 5556 ι

820 5521 963 5569 sunt,
996 5521 1095 5559 etc.
1143 5528 1158 5557 ι

2437 4368 2720 4437 lnﬁrmitas
2743 4372 2850 4425 Iarc
2871 4390 2971 4425 non
2996 4381 3069 4425 est
3093 4372 3160 4427 ad
3186 4379 3418 4435 mortem,
3447 4371 3535 4423 sed
3552 4386 3646 4439 pro
3665 4368 3831 4438 gloria
3853 4368 3956 4427 Dei.

2436 4468 2489 4509 at
2517 4457 2831 4526 glori/iretur
2857 4459 3025 4512 Filius
3068 4458 3163 4510 Dei
3190 4475 3279 4527 per
3304 4475 3437 4512 eam.
3473 4476 3492 4509 α
3527 4457 3669 4511 Talis
3708 4454 3959 4525 glas-ilics.

2436 4546 2510 4599 tio
2536 4546 2700 4614 ipsius
2726 4563 2829 4601 non
2858 4548 3026 4615 ipsum
3078 4549 3240 4609 ausit,
3279 4548 3374 4602 sed
3418 4546 3570 4601 nobis
3593 4544 3809 4616 promit.
3866 4545 3959 4600 Hoc

2435 4647 2561 4701 ergo
2588 4635 2663 4686 ait
2689 4652 2701 4685 :
2736 4634 2856 4687 Non
2881 4645 2953 4687 est
2981 4635 3048 4687 ad
3074 4646 3305 4699 mortem,
3326 4636 3449 4704 quia
3470 4635 3583 4704 ipsa
3605 4650 3752 4690 mors
3770 4643 3961 4689 nonest

2437 4722 2502 4773 ad
2527 4731 2770 4785 mortem,
2798 4725 3074 4792 aedpotius
3102 4724 3167 4775 ad
3187 4722 3500 4777 miraculum
3529 4740 3543 4776 :
3574 4738 3680 4791 quo
3704 4722 3959 4775 lactocrc-

2439 4810 2621 4863 tierent
2648 4813 2883 4866 homines
2910 4814 2963 4866 in
2989 4811 3277 4874 Christum,
3304 4820 3357 4865 et
3382 4812 3617 4866 vitarent
3634 4826 3817 4864 veram
3838 4824 3957 4863 mor

2442 4907 2567 4953 tem.
2603 4900 2740 4956 Sane
2765 4903 2937 4955 videte
2954 4902 3390 4968 quemadmodum
3416 4898 3663 4967 tanquam
3680 4914 3744 4953 ex
3764 4898 3959 4967 obliquo

2443 4987 2691 5042 Dominus
2704 4990 2864 5043 Deum
2883 5003 2941 5043 se
2968 4990 3116 5052 dixit,
3144 4998 3359 5059 propter
3380 4988 3635 5055 quosdam
3645 4987 3737 5055 qui
3763 4992 3955 5057 negant.

2443 5073 2575 5129 Nam
2600 5084 2721 5128 sunt
2744 5076 2975 5137 haeretici
3019 5079 3107 5144 qui
3136 5078 3236 5130 hoc
3276 5084 3469 5144 negant
3488 5075 3630 5144 quod
3674 5076 3844 5131 Filius
3862 5114 3866 5117 η
3884 5069 3956 5125 Dei

2442 5163 2513 5215 sit
2529 5163 2782 5216 Dominus
2805 5163 2952 5234 [.lls.,
3001 5164 3181 5233 Deus].
3224 5164 3359 5218 Ecce
3390 5165 3647 5219 audiant:
3689 5163 3957 5231 Inﬁnita:

2442 5267 2570 5322 ergo
2591 5254 2714 5315 lure,
2748 5256 2932 5323 inquit,
2964 5270 3062 5307 non
3087 5265 3158 5307 est
3180 5254 3247 5306 ad
3282 5265 3517 5318 mortem,
3542 5254 3629 5309 sed
3662 5267 3768 5320 pro
3812 5250 3957 5320 gloria

2513 5381 2541 5420 ι’
2568 5380 2716 5451 Apud
2744 5384 2874 5453 Aug.
2910 5402 2920 5434 :
2954 5401 2978 5453 μ
3010 5384 3146 5437 Ecce
3167 5369 3171 5410 Ῑ
3184 5384 3273 5453 qui
3322 5382 3779 5453 apprehendcrunt
3814 5422 3827 5447 ,
3871 5389 3956 5433 non

2448 5450 2708 5521 quomodo
2736 5450 2915 5505 Judazi.
2944 5450 3104 5505 Jndmi
3135 5450 3402 5511 volebant,
3430 5459 3532 5521 etc.
3576 5469 3593 5521 i

2521 5536 2536 5551 "
2576 5520 2650 5574 Ex
2681 5522 2733 5573 S.
2768 5521 2921 5588 Aug,
2958 5531 3107 5577 tract.
3141 5537 3281 5580 xm,
3310 5534 3451 5573 num.
3488 5519 3629 5572 i
