4266 6202
734 340 834 392 899

1560 329 1620 385 Β.
1658 330 1718 385 ιτ.
1754 328 1973 385 ALBINI
2012 329 2138 385 SEU
2176 329 2439 385 ALCUIXI
2487 330 2757 385 OPERUM
2797 330 2968 386 PARS
3004 330 3062 386 11.

3777 332 3884 386 900

733 449 824 508 sit,
861 443 1013 512 quasi
1044 453 1167 496 tunc
1210 442 1428 496 credere
1474 441 1782 508 inciperent.
1820 440 1933 493 Non
1958 442 2100 493 enim
2140 442 2254 493 ait:
2286 448 2328 499 Α
2428 443 2581 493 Vens.
2608 442 2787 493 Ωδμ-95.
2810 471 2878 480 —
2916 442 3045 493 Dicit
3087 441 3163 493 illi
3204 440 3394 494 Iesus:
3446 442 3682 510 ηραν-ρει
3723 444 3888 511 frater

736 532 1187 600 Gaudeo'proptcr
1214 546 1299 582 vos
1325 568 1341 591 ,
1366 536 1425 580 ut
1467 536 1641 581 vestra
1678 526 1807 581 ﬁdes
1850 538 2102 592 augeatur
2154 530 2263 581 sive

738 619 1013 681 ﬁrmetur;
1042 617 1133 669 sed
1168 625 1222 667 ut
1266 615 1483 667 credatis
1507 629 1526 665 :
1554 614 1695 681 quod
1742 614 2133 684 intelligendum
2162 626 2261 681 est,

738 714 796 757 ut
815 704 1039 773 amplius
1059 703 1429 771 robustiusque
1454 703 1701 755 credatis.

806 792 964 844 Vnus.
986 790 1071 854 l6,
1086 790 1167 842 l7.
1184 810 1251 828 --'
1268 788 1371 843 Sed
1395 807 1569 843 eamus
1592 791 1658 841 ad
1680 806 1813 841 eum.
1835 790 1971 842 Dixit
1995 807 2113 859 ergo
2134 789 2263 842 Tho-

736 895 867 939 ntus,
892 879 977 947 qui
997 877 1187 929 dicitur
1199 876 1469 945 Didymus,
1497 878 1563 929 ad
1576 878 1950 946 condiscipulos
1974 895 2093 930 suos
2115 892 2133 928 :
2161 878 2265 930 Ea-

736 984 847 1019 mus
866 974 1036 1027 etnos,
1055 976 1107 1017 ut
1136 964 1262 1033 (AL,
1292 963 1361 1034 et]
1378 966 1662 1016 moriamur
1681 980 1795 1016 cum
1822 981 1900 1016 eo.
1937 962 2080 1017 Venit
2096 966 2265 1032 itaque

738 1055 911 1117 Iesus,
925 1064 970 1105 et
986 1054 1170 1104 invenit
1183 1069 1297 1104 eum
1307 1062 1527 1121 quatuor
1538 1053 1641 1103 dies
1646 1052 1763 1119 jam
1777 1053 1828 1102 in
1841 1062 2162 1103 monumento
2176 1052 2269 1102 ha-

738 1146 951 1197 bentem.
985 1161 1003 1192 ι
1041 1142 1113 1195 ῐ)ε
1133 1154 1356 1210 quatuor
1384 1141 1568 1195 diebus
1597 1141 1758 1194 multa
1784 1141 1995 1208 quidem
2016 1140 2118 1193 dici
2147 1155 2267 1207 pos-

738 1240 878 1293 sunt,
912 1233 1113 1285 sicutse
1134 1230 1564 1283 habentobscura
1604 1227 2018 1295 Scripturarum,
2040 1243 2156 1295 qua:
2169 1241 2265 1293 pro

738 1318 1040 1371 diversitate
1062 1315 1460 1393 intelligentium
1475 1315 1667 1367 multos
1682 1329 1865 1367 sensus
1880 1314 2108 1380 pariunt.
2133 1331 2150 1361 ι
2176 1313 2265 1364 Di-

738 1421 917 1459 camus
933 1415 988 1459 et
1017 1420 1111 1458 nos
1122 1404 1246 1471 quid
1273 1403 1425 1456 nobis
1450 1404 1689 1455 videatur
1709 1402 2007 1470 signiﬁcare
2028 1409 2267 1453 mortuus

738 1492 1129 1560 quatriduanus.
1162 1490 1431 1556 Quomodo
1457 1491 1596 1543 enim
1638 1492 1689 1541 in
1719 1490 1808 1543 illo
1834 1504 1972 1543 ceco
2021 1490 2268 1558 intelligi-

740 1596 857 1633 mus
882 1579 1266 1648 quodammodo
1294 1579 1582 1631 humanum
1630 1591 1809 1646 genus,
1842 1578 1920 1631 sic
1963 1576 2097 1629 forte
2132 1586 2187 1631 et
2215 1578 2267 1629 in

742 1667 843 1719 isto
864 1674 1072 1719 mortuo
1090 1665 1279 1717 multos
1304 1664 1617 1716 intellecturi
1636 1678 1853 1716 sumus:
1883 1664 2103 1717 diversis
2128 1664 2267 1716 enim

741 1755 911 1807 modis
942 1769 1043 1806 una
1073 1768 1157 1806 res
1186 1751 1468 1822 signiﬁcari
1501 1760 1692 1818 potest.
1724 1751 1889 1804 Homo
1914 1752 2125 1820 quando
2150 1766 2267 1804 nas-

744 1844 898 1905 citur,
911 1840 1018 1907 jam
1042 1857 1159 1895 cum
1190 1849 1358 1893 morte
1387 1841 1639 1902 nascitur,
1666 1840 1788 1906 quia
1812 1839 1875 1892 de
1902 1840 2067 1892 Adam
2090 1854 2272 1907 pecca-

745 1939 853 1983 tum
891 1930 1073 1982 trahit.
1106 1928 1254 1982 Unde
1283 1927 1407 1979 dicit
1438 1926 1718 1994 Apostolus
1746 1946 1758 1978 :
1790 1926 1896 1979 Per
1928 1943 2085 1981 unum
2112 1928 2272 1978 homi~

747 2036 857 2070 nem
884 2027 1143 2086 peccatum
1186 2018 1390 2068 intravit
1418 2017 1471 2067 in
1496 2016 1740 2067 mundum
1764 2056 1777 2075 ,
1815 2024 1860 2067 et
1890 2032 1979 2083 per
2014 2026 2273 2082 peccatum

750 2120 883 2155 mors
914 2112 998 2155 :et
1046 2104 1118 2153 ita
1149 2104 1202 2153 in
1252 2119 1425 2153 omnes
1474 2104 1701 2154 homines
1743 2104 2057 2169 pertransiit,
2096 2104 2148 2153 in
2175 2118 2273 2171 quo

746 2207 917 2244 omnes
950 2200 1273 2250 peccaverunt
1302 2188 1475 2257 (Rom.
1508 2204 1560 2251 v,
1604 2190 1705 2258 l2).
1748 2189 1882 2241 Ecce
1923 2189 2086 2241 habes
2114 2203 2273 2241 unum

744 2276 882 2329 diem
904 2276 1104 2337 mortis,
1134 2291 1165 2344 ιλ
1210 2286 1428 2337 .catum,
1461 2276 1601 2343 quod
1628 2276 1783 2326 homo
1808 2275 1971 2325 trahit
1998 2274 2061 2326 de
2083 2275 2270 2327 mortis

747 2367 1048 2433 propagine.
1076 2366 1273 2418 Deinde
1305 2366 1521 2428 crescit,
1546 2364 1722 2431 incipit
1756 2366 2004 2417 accedere
2029 2364 2095 2417 ad
2119 2365 2277 2417 ratio-

749 2454 893 2505 nales
909 2469 1094 2517 annos,
1121 2464 1178 2505 ut
1205 2454 1370 2522 legem
1394 2455 1560 2523 sapiat
1588 2454 1897 2515 naturalem,
1924 2469 2079 2521 quam
2103 2454 2275 2507 homi-

752 2558 847 2595 nes
881 2541 1028 2611 μὴ,
1055 2542 1257 2612 omnes]
1292 2544 1485 2595 habent
1515 2543 1566 2594 in
1611 2542 1767 2595 corde
1793 2543 1949 2594 ﬁxam
1976 2560 1989 2592 :
2018 2543 2155 2609 quod
2185 2543 2277 2595 tibi

754 2630 866 2683 ﬁeri
890 2646 994 2683 non
1018 2632 1112 2694 vis,
1145 2632 1232 2683 alii
1261 2647 1323 2682 ne
1351 2630 1555 2683 feceris.
1573 2630 1816 2699 Nunquid
1851 2632 1952 2684 hoc
1972 2633 2036 2684 de
2065 2630 2279 2700 paganis

656 2732 663 2737 '
752 2718 945 2770 (icitur
976 2717 1155 2786 [Aug.,
1184 2718 1248 2771 de
1275 2718 1481 2786 paginis
1508 2715 1773 2787 discitur],
1803 2725 1855 2771 et
1879 2733 1982 2771 non
2008 2718 2060 2771 in
2090 2726 2277 2770 natura

752 2807 864 2874 ipsa
893 2807 1273 2873 quodammodo
1304 2806 1532 2875 legitur?
1560 2806 1777 2860 Furtum
1806 2807 1884 2859 vis
1927 2806 2071 2873 pati?
2099 2806 2281 2873 utique

752 2906 855 2944 non
884 2892 981 2943 vis.
1010 2892 1145 2946 Ecce
1182 2893 1264 2945 lex
1310 2894 1362 2945 in
1391 2892 1549 2946 corde
1593 2901 1717 2945 tuo:
1742 2893 1880 2959 quod
1906 2906 2008 2944 non
2032 2893 2114 2945 vis
2150 2893 2277 2960 pati,

754 2979 925 3032 facere
945 2980 1069 3033 noli.
1098 2981 1157 3033 Et
1182 2981 1315 3034 hanc
1336 2981 1502 3049 legem
1528 2978 1982 3048 transgrediuntur
2001 2979 2275 3033 homines:

2360 539 2497 582 tuus.
2548 532 2683 582 Dicit
2709 532 2754 582 ei
2785 531 2988 582 Martha
3012 544 3031 580 :
3071 530 3189 583 Scio
3214 532 3333 599 quia
3371 540 3591 597 resurget
3625 532 3679 584 in
3716 547 3888 584 resur-

2360 620 2579 671 rectione
2599 620 2652 671 in
2678 621 2944 672 novissimo
2965 621 3065 671 die.
3098 620 3168 673 De
3188 620 3273 673 illa
3294 622 3675 674 resurrectione
3696 634 3885 675 secura

2362 721 2475 757 sum
2500 723 2512 758 :
2546 706 2609 759 de
2639 708 2735 759 hac
2766 708 2963 760 incerta
2990 722 3123 759 sum.
3174 706 3306 759 Dicit
3339 710 3385 760 ei
3411 707 3562 761 Iesus
3588 720 3605 758 :
3636 709 3745 778 Ego
3769 726 3883 762 sum

2363 795 2659 844 resurrectio
2694 802 2740 844 et
2778 792 2898 845 vita.
2958 793 3133 845 Dicis:
3184 794 3425 862 Resurget
3462 796 3624 863 frater
3653 814 3793 850 meus
3828 799 3885 849 in

2358 881 2632 932 novissimo
2657 881 2769 943 die;
2798 896 2976 933 verum
3004 890 3117 933 est:
3148 882 3239 934 sed
3270 896 3363 949 per
3383 898 3536 950 quem
3564 894 3687 937 tunc
3708 898 3883 937 resur-

2362 974 2466 1032 get,
2489 974 2660 1031 potest
2674 975 2725 1019 et
2744 968 2898 1020 modo
2914 982 3208 1033 resurgere,
3222 966 3338 1037 qula
3356 984 3443 1038 ego
3458 985 3569 1022 sum
3586 973 3886 1026 resurrectio

2362 1062 2408 1103 et
2437 1054 2556 1104 vita.
2590 1053 2709 1106 Ideo
2737 1056 3071 1115 resurrectio,
3103 1056 3221 1123 quia
3250 1057 3354 1107 vita
3381 1074 3394 1109 :
3427 1056 3591 1127 [quia]
3616 1059 3703 1127 qui
3726 1060 3887 1112 credit

2362 1142 2416 1192 in
2449 1154 2553 1201 me,
2590 1158 2687 1193 non
2726 1143 2969 1193 morietur
3005 1144 3058 1194 in
3093 1136 3353 1196 aternum‘.
3399 1163 3415 1193 ι
3462 1144 3593 1209 Quid
3629 1151 3710 1198 est
3746 1143 3888 1199 hoc?

2366 1227 2466 1291 Qui
2489 1229 2647 1280 credit
2672 1229 2724 1280 in
2752 1245 2848 1291 me,
2876 1230 3025 1281 etiam
3050 1231 3093 1281 si
3117 1241 3343 1283 mortuus
3365 1230 3541 1298 fuerit,
3562 1233 3683 1283 vivet
3706 1247 3723 1281 :
3752 1233 3891 1285 slcut

2365 1319 2596 1371 Lazarus
2623 1326 2860 1371 mortuus
2890 1327 3001 1379 est,
3041 1326 3094 1369 et
3119 1319 3273 1380 vivit;
3320 1320 3437 1391 quia
3482 1334 3583 1371 non
3627 1327 3708 1371 est
3751 1319 3889 1371 Deus

2364 1416 2710 1466 mortuorum,
2736 1406 2828 1459 sed
2852 1406 3109 1457 vivorum.
3146 1405 3217 1459 De
3240 1406 3362 1457 olim
3388 1406 3608 1458 mortuis
3632 1406 3886 1474 patrihus.

2366 1494 2464 1545 hoc
2489 1501 2588 1553 est,
2617 1493 2681 1545 de
2705 1494 2989 1555 Abraham,
3020 1496 3085 1548 de
3124 1491 3287 1557 Isaac,
3331 1498 3395 1547 de
3436 1493 3613 1554 Iacob,
3661 1494 3765 1548 tale
3802 1508 3886 1546 re-

2365 1595 2611 1647 sponsum
2656 1578 2847 1634 Iudaeis
2890 1583 3049 1633 dedit.
3104 1580 3214 1649 Ego
3261 1598 3371 1633 sum
3418 1582 3553 1635 Deus
3594 1583 3888 1647 Abraham,

2368 1665 2435 1735 [et
2465 1666 2600 1719 Deus
2628 1666 2799 1737 Isaac]
2828 1677 2873 1719 et
2901 1668 3034 1719 Deus
3060 1666 3217 1721 Iacob
3242 1668 3431 1737 (Exod.
3456 1683 3533 1730 Ill,
3556 1668 3630 1737 6).
3671 1668 3788 1720 Non
3816 1676 3889 1720 est

2298 1751 2342 1808 Β
2370 1754 2506 1806 Deus
2546 1765 2861 1806 mortuorum
2886 1795 2899 1817 ,
2951 1756 3037 1807 sed
3083 1758 3308 1806 vivorum
3340 1754 3548 1823 (Matth.
3576 1770 3685 1807 nu
3706 1794 3720 1815 ,
3757 1750 3844 1821 32)
3875 1768 3887 1805 :

2368 1857 2550 1896 omnes
2580 1844 2716 1894 enim
2747 1843 2818 1895 illi
2849 1845 3046 1895 vivunt.
3094 1840 3258 1895 Crede
3285 1855 3428 1911 ergo,
3473 1850 3526 1895 et
3566 1842 3609 1893 si
3654 1850 3895 1894 mortuus

2371 1932 2552 1994 fueris,
2584 1935 2759 1991 vives;
2804 1930 2848 1984 si
2892 1941 3065 1984 autem
3107 1948 3207 1984 non
3247 1930 3449 1993 credis,
3494 1938 3545 1983 et
3585 1943 3703 1982 cum
3737 1928 3889 1989 vivis,

2369 2028 2606 2072 mortuus
2641 2034 2716 2071 es.
2769 2017 2917 2072 Unde
2953 2027 3034 2072 est
3067 2033 3192 2087 ergo
3227 2034 3365 2070 mons
3403 2020 3454 2070 in
3493 2018 3708 2070 anima?
3760 2014 3892 2081 Quia

2370 2122 2471 2159 non
2502 2116 2583 2160 est
2610 2106 2736 2159 lides
2762 2108 2813 2158 in
2838 2121 2919 2158 ea.
2952 2106 3098 2159 Unde
3122 2113 3198 2157 est
3225 2120 3365 2157 mors
3394 2104 3443 2156 in
3471 2104 3733 2171 corpore?
3760 2102 3893 2165 Quia

2370 2210 2473 2248 non
2496 2204 2576 2247 est
2598 2196 2666 2248 ibi
2689 2195 2880 2247 anima.
2909 2194 3045 2261 Ergo
3070 2194 3254 2247 anima:
3276 2202 3378 2245 tua:
3400 2193 3502 2245 vita
3526 2191 3675 2261 [Ms.,
3697 2189 3893 2257 anima]

2372 2283 2501 2336 ﬁdes
2534 2291 2632 2335 est.
2666 2282 2687 2331 ἱ
2738 2280 2887 2335 Sicut
2922 2283 3094 2333 anima
3132 2282 3368 2348 corporis
3393 2281 3497 2333 vita
3530 2288 3609 2333 est
3637 2280 3895 2348 corporis,

2373 2372 2443 2423 ita
2473 2371 2601 2423 lides
2627 2371 2814 2423 anima.-
2840 2370 2944 2422 vita
2974 2379 3054 2422 cst
3081 2370 3284 2421 anima‘.
3324 2387 3341 2417 ι
3376 2368 3476 2431 Qui
3515 2367 3671 2419 credit
3708 2368 3761 2418 in
3797 2384 3897 2428 me,

2374 2457 2570 2523 inquit,
2622 2457 2773 2507 etiam
2819 2456 2863 2507 sl
2909 2464 3137 2506 mortuus
3166 2439 3317 2519 fuerit
3359 2453 3409 2505 in
3444 2467 3630 2513 carne,
3678 2454 3801 2504 vivet
3846 2452 3902 2504 in

2374 2547 2578 2607 anima,
2609 2546 2773 2599 donec
2804 2552 3038 2611 resurget
3065 2558 3207 2605 caro,
3241 2556 3504 2608 nunquam
3533 2550 3711 2607 postea
3740 2541 3904 2592 mori-

2376 2644 2512 2686 tura.
2545 2634 2654 2686 Hoc
2676 2642 2777 2695 est,
2798 2635 2887 2701 qui
2912 2632 3067 2684 credit
3092 2633 3145 2683 in
3170 2647 3267 2694 me,
3292 2630 3411 2683 licet
3435 2631 3713 2692 moriatur,
3733 2630 3858 2681 vivet
3881 2642 3903 2678 :

2374 2731 2419 2771 et
2458 2722 2621 2772 omnis
2668 2720 2753 2787 qui
2804 2720 2919 2771 vivit
2949 2719 3001 2769 in
3030 2732 3219 2778 carne,
3259 2726 3306 2768 et
3346 2718 3501 2768 credit
3529 2717 3581 2767 in
3608 2731 3715 2777 me,
3762 2724 3816 2767 et
3854 2716 3903 2768 si

2376 2810 2630 2861 morietur
2670 2808 2733 2860 ad
2777 2816 2980 2873 tempus
3023 2812 3235 2873 propter
3275 2813 3499 2857 mortem
3542 2806 3749 2865 carnis,
3798 2820 3903 2855 non

2375 2897 2620 2949 morietur
2646 2897 2701 2946 in
2729 2905 2973 2947 arternum
3002 2904 3215 2961 propter
3242 2893 3401 2944 vitam
3453 2892 3666 2959 spiritus
3710 2901 3763 2944 et
3797 2892 3900 2943 im-

2381 2982 2753 3035 mortalitatem
2807 2980 3223 3033 resurrectionis.
3294 2979 3402 3032 Hoc
3454 2988 3533 3031 est
3586 2979 3727 3045 quod
3780 2978 3907 3029 ait:

751 3082 874 3120 ecce
899 3068 1033 3121 alter
1065 3069 1176 3121 dies
1201 3068 1405 3121 mortis.
1438 3066 1568 3119 Data
1620 3074 1700 3119 est
1735 3065 1893 3117 etiam
1924 3064 2004 3117 lex
2032 3066 2281 3119 divinitus
2305 3055 2350 3115 (ἶ
2383 3071 2563 3140 (Vsus.
2594 3069 2704 3136 26.)
2746 3068 2809 3121 Et
2842 3070 3003 3121 omnis
3032 3069 3115 3135 qui
3146 3067 3262 3118 vivit
3292 3076 3337 3117 et
3368 3066 3523 3117 credit
3565 3066 3618 3117 in
3660 3081 3760 3128 me,
3803 3080 3908 3116 non

754 3168 845 3219 pcr
867 3154 1117 3207 famulum
1164 3155 1255 3207 Dei
1288 3153 1497 3222 Moysen
1527 3172 1539 3205 :
1568 3154 1763 3207 dictum
1790 3162 1871 3205 est
1918 3154 2022 3205 illis
2049 3152 2201 3221 [Aug.
2233 3165 2279 3205 et

758 3241 883 3305 ML,
901 3239 1037 3311 illic]
1064 3260 1076 3292 :
1114 3242 1232 3294 Non
1260 3242 1457 3293 occides
1481 3257 1499 3303 ;
1526 3257 1625 3293 non
1654 3240 1976 3292 moechaberis
2002 3258 2019 3302 ;
2049 3257 2147 3292 non
2177 3242 2281 3307 fal-

756 3344 871 3379 sum
906 3329 1246 3379 testimonium
1289 3328 1425 3379 dices
1454 3343 1471 3389 ,'
1500 3328 1693 3379 honora
1718 3336 1908 3394 patrem
1943 3337 1989 3378 et
2026 3338 2235 3378 matrem
2265 3342 2281 3388 ;

756 3434 856 3469 non
878 3419 1196 3486 concupisces
1225 3435 1327 3469 rem
1350 3418 1568 3486 proximi
1592 3419 1666 3469 tui
1692 3417 1880 3485 (Exod.
1916 3432 2005 3479 xx,
2028 3418 2111 3479 l3,
2132 3418 2280 3485 seq.).

759 3504 892 3557 Ecce
930 3503 1013 3555 lex
1058 3505 1253 3571 scripta
1299 3513 1414 3566 est,
1441 3512 1495 3556 et
1545 3504 1655 3571 ipsa
1712 3504 2105 3555 contemnitur:
2153 3503 2286 3555 adde

758 3592 937 3661 [Aug.,
964 3590 1110 3661 ecce]
1156 3593 1369 3645 tertium
1397 3592 1535 3644 diem
1564 3592 1768 3644 mortis.
1796 3591 1931 3657 Quid
1962 3592 2159 3644 restat?
2187 3592 2288 3644 Ve-

761 3679 839 3729 nit
865 3678 930 3730 ad
974 3677 1329 3748 Evangelium,
1374 3679 1687 3746 praadicatur
1738 3694 1953 3747 regnum
2010 3679 2285 3742 malorum,

764 3764 1062 3818 diﬂamatur
1085 3767 1279 3834 ubique
1312 3766 1575 3829 Christus,
1600 3767 1829 3819 minatur
1858 3768 2171 3835 gehennam,
2212 3766 2289 3817 vi-

765 3866 868 3908 tam
890 3853 1147 3922 promittit
1174 3862 1426 3907 aeternam
1452 3891 1467 3915 ,
1489 3861 1542 3905 et
1567 3854 1678 3921 ipse
1702 3853 2076 3905 contemnitur.
2099 3851 2291 3903 Traus-

764 3944 1073 4011 grediuntur
1108 3941 1349 3993 homines
1376 3940 1749 4007 Evangelium:
1780 3953 1903 3991 ecce
1931 3948 2148 4005 quartus
2182 3939 2291 3991 dies

766 4030 970 4083 mortis.
995 4028 1179 4080 Merito
1194 4026 1301 4094 jam
1322 4033 1488 4094 putet.
1512 4025 1751 4092 Nunquid
1773 4034 1825 4078 et
1847 4025 2039 4079 talibus
2057 4028 2293 4094 neganda

769 4127 849 4171 est
907 4114 1311 4168 misericordia?
1338 4113 1506 4167 Absit.
1558 4113 1728 4165 Etiam
1766 4113 1830 4165 ad
1876 4113 2006 4165 tales
2045 4114 2294 4164 Dominus

766 4205 1075 4260 excitandos
1097 4218 1200 4255 non
1240 4202 1550 4269 dedignatur
1575 4200 1844 4253 accedere.
1877 4199 2055 4267 (Vsus.
2078 4200 2160 4260 l9,
2182 4199 2293 4268 20.)

772 4293 921 4346 Multi
974 4302 1143 4343 autent
1181 4306 1243 4342 ea:
1288 4289 1487 4342 Iudazis
1535 4298 1766 4341 venerant
1822 4288 1889 4339 ad
1941 4287 2198 4340 Hart/iam
2248 4298 2293 4340 et

2380 3158 2624 3209 morietur
2651 3157 2704 3206 in
2731 3168 2993 3206 trternum.

2451 3246 2608 3296 Vsus.
2637 3242 2796 3293 27.-—
2826 3239 3002 3292 Credis
3029 3241 3160 3292 hoc?
3192 3240 3273 3290 Ait
3301 3238 3417 3291 illi:
3447 3238 3651 3309 Utique,
3674 3237 3908 3291 Domine.

2382 3328 2493 3397 Ego
2530 3328 2722 3379 credidi
2759 3328 2877 3396 quia
2914 3336 2969 3378 tu
3004 3344 3055 3378 es
3084 3326 3317 3379 Christus
3353 3324 3525 3378 Filius
3560 3325 3683 3388 Dei,
3724 3326 3811 3393 qui
3857 3326 3913 3377 in

2381 3416 2515 3467 hunc
2540 3414 2786 3467 mundum
2812 3415 3009 3465 venisti.
3049 3414 3268 3477 Quando
3292 3412 3393 3465 hoc
3421 3411 3618 3464 credidi
3649 3409 3803 3479 (Aug.
3834 3426 3913 3461 re-

2382 3504 2501 3569 petit
2523 3517 2631 3551 voc.
2654 3499 2874 3568 credidi]
2899 3500 3019 3565 quia
3048 3508 3100 3549 tu
3125 3512 3183 3550 es
3208 3498 3541 3559 resurrectio,
3565 3496 3761 3549 credidi
3788 3496 3912 3562 quia

2384 3598 2439 3641 tu
2468 3603 2526 3641 es
2550 3590 2675 3650 vita,
2705 3587 2901 3641 credidi
2928 3588 3049 3653 quia
3077 3589 3167 3654 qui
3194 3587 3358 3640 credit
3385 3586 3436 3639 iu
3462 3595 3532 3648 te,
3560 3594 3609 3637 et
3646 3586 3689 3637 si
3718 3584 3913 3637 moria-

2386 3686 2491 3739 tur,
2512 3678 2680 3735 vivet;
2716 3685 2770 3729 et
2788 3676 2877 3742 qui
2900 3676 3029 3727 vivit
3053 3684 3106 3727 et
3127 3676 3292 3728 credit
3316 3673 3391 3743 [in
3414 3673 3509 3742 te],
3532 3686 3633 3724 non
3661 3670 3917 3723 morietur

2387 3766 2439 3818 in
2464 3774 2733 3817 :eternum.
2780 3764 2963 3831 (Vsus.
2988 3762 3100 3828 28.)
3140 3762 3207 3814 Et
3237 3778 3349 3813 cum
3382 3762 3487 3814 ha’c
3511 3761 3753 3820 dixisset,
3791 3759 3916 3810 abiit

2387 3864 2433 3905 et
2468 3854 2656 3905 vocavit
2704 3851 2924 3903 Mariam
2970 3866 3191 3902 sororem
3238 3866 3383 3902 suam
3424 3850 3654 3911 silentio,
3700 3849 3917 3900 dicens:

2391 3940 2638 4007 Magister
2663 3940 2824 3999 adest,
2855 3948 2899 3989 et
2926 3947 3069 3990 vocat
3096 3947 3162 3989 te.
3201 3935 3585 3990 Advertendum
3615 3944 3713 3994 est,
3738 3946 3919 3999 quem-

2391 4026 2667 4078 admodum
2697 4038 3033 4091 suppressam
3057 4037 3236 4075 vocem
3276 4007 3539 4074 silentium
3577 4017 3916 4083 nuncupavit.

2393 4114 2522 4165 Nam
2549 4113 2808 4179 quomodo
2836 4111 3006 4169 siluit,
3048 4126 3162 4177 qua:
3188 4111 3318 4162 dixit
3341 4122 3355 4158 :
3390 4107 3636 4173 Magister
3660 4105 3800 4157 adest
3819 4144 3833 4166 ,
3872 4114 3921 4167 et

2391 4207 2535 4251 vocat
2580 4198 3113 4249 teI-Advertendum
3161 4204 3241 4247 est
3285 4194 3440 4246 etiam
3486 4192 3922 4259 quemadmodum

2395 4286 2710 4353 evangelista
2739 4298 2842 4335 non
2868 4284 3078 4343 dixerit,
3104 4282 3194 4334 ubi
3218 4280 3298 4333 vel
3324 4279 3531 4347 quando
3555 4279 3637 4329 vel
3664 4276 3925 4343 quomodo

776 4384 1025 4442 Mariam,
1064 4390 1116 4430 ut
1145 4379 1527 4431 consolarentur
1558 4376 1713 4445 575
1742 4392 1828 4428 eas
1873 4376 1934 4427 de
1983 4374 2139 4436 fratre
2180 4392 2292 4427 suo.
2325 4349 2373 4406 D
2397 4349 2612 4427 Mariam
2640 4374 2892 4427 Dominus
2915 4372 3194 4425 vocaverit.
3228 4370 3295 4423 Ut
3320 4370 3418 4421 hoc
3443 4368 3495 4419 in
3515 4365 3689 4418 verbis
3712 4363 3925 4415 Martha:

777 4467 981 4521 Martha
1015 4479 1149 4530 ergo,
1189 4472 1244 4513 ut
1289 4462 1514 4528 cognovit
1556 4462 1677 4528 quia
1699 4459 1854 4511 Iesus
1892 4462 2037 4521 venit,
2081 4463 2299 4511 occurrit

778 4560 876 4619 illi.
902 4557 1068 4609 Maria
1098 4564 1265 4607 autem
1289 4553 1426 4605 domi
1454 4552 1672 4604 sedebat.
1706 4552 1882 4620 (Vsus.
1907 4551 1990 4611 ει,
2020 4550 2131 4617 22.)
2158 4551 2299 4602 Dixit

779 4663 896 4713 ergo
926 4645 1127 4696 Martha
1156 4642 1222 4695 ad
1245 4641 1422 4695 Iesum
1447 4654 1464 4690 :
1487 4640 1723 4702 Domine,
1750 4640 1793 4691 si
1820 4639 1999 4705 fuisses
2016 4640 2116 4703 hic,
2141 4640 2302 4705 frater

782 4749 920 4785 meus
944 4748 1043 4782 nou
1069 4742 1192 4782 esset
1221 4739 1467 4781 mortuus.
1504 4728 1606 4782 Sed
1629 4737 1675 4781 et
1705 4744 1837 4779 nunc
1869 4729 1992 4788 scio,
2022 4729 2140 4794 quia
2162 4742 2301 4795 quae-

783 4834 977 4887 cunque
1022 4817 1307 4885 poposceris
1358 4832 1390 4866 a
1419 4814 1555 4877 Deo,
1606 4815 1746 4865 dabit
1796 4814 1886 4865 tibi
1931 4813 2087 4865 Deus.
2136 4832 2153 4860 ι
2188 4813 2299 4865 Non

784 4912 915 4965 dixit
934 4927 946 4961 :
964 4907 1066 4963 Sed
1086 4915 1140 4960 et
1155 4906 1308 4959 modo
1330 4920 1456 4973 rogo
1477 4912 1546 4966 te,
1571 4912 1627 4955 ut
1642 4901 2087 4955 suscitesfratrem
2107 4918 2301 4957 meum.

786 5001 931 5056 Unde
970 4999 1108 5051 enim
1149 4996 1349 5049 sciebat
1377 4994 1420 5046 si
1447 4991 1611 5046 frater
1652 4991 1766 5059 ejus
1801 5002 2117 5059 resurgeret,
2166 4992 2304 5060 quod

784 5088 911 5140 utile
956 5085 1123 5139 fuerat
1151 5084 1280 5153 (AL,
1306 5092 1364 5135 ut
1409 5082 1453 5137 si
1492 5081 1575 5143 ille
1618 5082 1847 5135 adesset.
1882 5080 2039 5145 Δις..
2066 5080 2109 5131 si
2154 5080 2305 5133 fratri

784 5176 896 5240 ejus
923 5184 1195 5239 resurgere
1214 5170 1337 5223 utile
1376 5168 1588 5241 fuerit]?
1608 5168 1717 5222 Hoc
1737 5176 1939 5221 tantum
1970 5168 2098 5220 dixit
2123 5185 2135 5218 :
2164 5168 2301 5229 Scio,

788 5263 907 5329 quia
936 5270 1084 5329 potes
1114 5276 1127 5321 ;
1155 5259 1198 5310 si
1228 5258 1326 5319 vis,
1360 5258 1491 5312 lacis
1518 5276 1531 5310 :
1560 5267 1736 5311 utrum
1775 5265 1947 5311 autem
1978 5256 2138 5311 facies
2158 5257 2305 5327 [Ms.,

790 5346 996 5419 facias],
1018 5347 1201 5417 iudicii
1222 5346 1298 5399 tui
1323 5352 1427 5408 est,
1455 5359 1559 5399 non
1582 5346 2003 5413 pmomptionis
2029 5357 2175 5398 mea}.
2209 5345 2309 5398 Sed

791 5443 835 5484 et
860 5451 989 5487 nunc
1015 5436 1140 5499 scio,
1176 5434 1295 5502 quia
1332 5447 1642 5503 quaecunque
1666 5433 1949 5499 poposceris
1978 5450 2008 5484 a
2034 5432 2138 5485 Deo
2172 5432 2310 5484 dabit

796 5522 885 5572 tibi
916 5520 1065 5576 Deus.

2394 4462 2566 4529 potius
2612 4461 3016 4529 intelligeretur,
3066 4455 3379 4509 narrationis
3424 4454 3696 4507 veritatem
3747 4458 3922 4503 servat

2400 4550 2519 4619 (Ms.
2534 4550 2799 4613 ,veritate.
2821 4552 2975 4615 Aug.,
2989 4548 3245 4599 brevitate
3260 4541 3511 4612 servata].
3531 4542 3709 4608 (Vens.
3725 4538 3873 4592 29-3l
3887 4540 3926 4601 .)

2398 4638 2500 4690 Illa
2527 4648 2581 4690 ut
2608 4638 2823 4697 audivit,
2853 4637 3011 4703 surgit
3040 4636 3163 4694 cito,
3189 4642 3235 4685 et
3260 4634 3391 4685 venit
3419 4630 3486 4682 ad
3514 4645 3645 4681 eum.
3680 4627 3924 4680 Nondum

2398 4732 2600 4775 venerat
2624 4722 2775 4774 Iesus
2800 4723 2851 4774 in
2876 4720 3157 4782 castellum,
3180 4719 3266 4770 sed
3287 4726 3393 4770 erat
3415 4716 3579 4767 adhuc
3603 4716 3659 4766 in
3682 4712 3771 4767 illo
3794 4711 3930 4770 loco,

2404 4811 2487 4861 ubi
2515 4819 2799 4861 occurrerat
2830 4810 2876 4861 ei
2903 4808 3127 4859 Martha.
3159 4804 3330 4856 Iuda'i
3354 4805 3510 4870 igitur
3534 4802 3620 4869 qui
3646 4805 3790 4851 erant
3815 4811 3930 4847 cunt

2405 4900 2495 4952 illa
2539 4902 2592 4952 in
2636 4900 2814 4961 domo,
2849 4906 2895 4949 et
2932 4894 3323 4946 consolabantur
3358 4909 3499 4954 eam,
3540 4904 3655 4941 cum
3691 4886 3931 4939 vidissent

2408 4986 2651 5044 Mariam,
2696 4986 2815 5052 quia
2848 4984 2947 5034 cito
2974 4983 3190 5033 surrexit
3221 4992 3267 5033 et
3296 4982 3437 5039 exiit,
3465 4976 3621 5029 secuti
3648 4982 3765 5027 sunt
3796 4986 3932 5031 eam,

2410 5075 2666 5125 dicentes:
2703 5071 2835 5133 Quia
2864 5072 2997 5123 vadit
3024 5072 3089 5123 ad
3118 5078 3519 5129 monumentum,
3555 5075 3608 5117 ut
3644 5064 3806 5133 ploret
3839 5060 3933 5113 ibi.

2411 5158 2584 5222 Quare
2611 5157 2709 5209 hoc
2731 5159 2981 5222 pertinuit
3004 5156 3114 5226 [ad]
3134 5155 3501 5221 evangelistam
3531 5151 3788 5206 narrare?
3817 5144 3936 5216 [Ut]

2412 5244 2687 5296 videamus
2708 5258 2823 5310 qua:
2854 5245 3067 5298 occasio
3096 5243 3278 5295 iecerit
3316 5251 3372 5294 ut
3407 5243 3583 5309 plures
3618 5230 3705 5292 ibi
3725 5228 3897 5290 essent
3918 5274 3935 5295 ,

2413 5330 2622 5399 quando
2668 5330 2900 5383 Lazarus
2947 5331 3284 5383 resuscitatus
3334 5339 3433 5381 est.
3496 5326 3747 5391 Putantcs
3795 5324 3937 5376 enim

2413 5415 2601 5477 Judaei,
2624 5424 2900 5484 propterea
2930 5416 3072 5468 illam
3103 5416 3367 5475 festinare,
3393 5424 3450 5465 ut
3475 5412 3671 5466 doloris
3698 5411 3776 5464 sui
3803 5410 3938 5462 sola-

2419 5504 2546 5555 tium
2586 5504 2829 5572 lacrymis
2866 5513 3121 5568 qna‘rerct
3148 5544 3163 5563 ,
3200 5503 3362 5556 secuti
3398 5509 3516 5553 sunt
3552 5514 3700 5561 cam,
3736 5506 3796 5550 nt
3830 5504 3940 5549 tam
