  <div class='ocr_page' id='page_1' title='image "/cluster/home/n/w/nwhite01/storage/ocr_20150623/100/uva.x000827058/458.png"; bbox 0 0 4152 6230; ppageno 0'>
   <div class='ocr_carea' id='block_1_1' title="bbox 269 373 360 424">
    <p class='ocr_par' dir='ltr' id='par_1_1' title="bbox 269 373 360 424">
     <span class='ocr_line' id='line_1_1' title="bbox 269 373 360 424; baseline 0.011 -1"><span class='ocrx_word' id='word_1_1' title='bbox 269 373 360 424; x_wconf 67' lang='lat' dir='ltr'><strong>91H</strong></span> 
     </span>
    </p>
   </div>
   <div class='ocr_carea' id='block_1_2' title="bbox 1052 358 2643 420">
    <p class='ocr_par' dir='ltr' id='par_1_2' title="bbox 1052 358 2643 420">
     <span class='ocr_line' id='line_1_2' title="bbox 1052 358 2643 420; baseline -0.006 1"><span class='ocrx_word' id='word_1_2' title='bbox 1052 363 1448 420; x_wconf 66' lang='lat' dir='ltr'><strong>EXEGETICA.</strong></span> <span class='ocrx_word' id='word_1_3' title='bbox 1489 392 1553 402; x_wconf 87' lang='lat'><strong>——</strong></span> <span class='ocrx_word' id='word_1_4' title='bbox 1591 361 1932 416; x_wconf 55' lang='lat' dir='ltr'><strong>COilill-INT.</strong></span> <span class='ocrx_word' id='word_1_5' title='bbox 1969 359 2038 412; x_wconf 69' lang='lat' dir='ltr'><strong>IN</strong></span> <span class='ocrx_word' id='word_1_6' title='bbox 2078 358 2262 413; x_wconf 70' lang='lat' dir='ltr'><strong>JOAN.</strong></span> <span class='ocrx_word' id='word_1_7' title='bbox 2306 388 2369 399; x_wconf 89' lang='lat'><strong>-</strong></span> <span class='ocrx_word' id='word_1_8' title='bbox 2412 358 2539 412; x_wconf 78' lang='lat' dir='ltr'><strong>LIB.</strong></span> <span class='ocrx_word' id='word_1_9' title='bbox 2584 360 2643 414; x_wconf 79' lang='lat' dir='ltr'><strong>V.</strong></span> 
     </span>
    </p>
   </div>
   <div class='ocr_carea' id='block_1_3' title="bbox 3347 365 3451 416">
    <p class='ocr_par' dir='ltr' id='par_1_3' title="bbox 3347 365 3451 416">
     <span class='ocr_line' id='line_1_3' title="bbox 3347 365 3451 416; baseline -0.01 0"><span class='ocrx_word' id='word_1_10' title='bbox 3347 365 3451 416; x_wconf 58' lang='grc' dir='ltr'><strong>θινὶ</strong></span> 
     </span>
    </p>
   </div>
   <div class='ocr_carea' id='block_1_4' title="bbox 269 470 3450 552">
    <p class='ocr_par' dir='ltr' id='par_1_4' title="bbox 269 470 3450 552">
     <span class='ocr_line' id='line_1_4' title="bbox 269 470 3450 552; baseline -0.004 -18"><span class='ocrx_word' id='word_1_11' title='bbox 269 484 464 552; x_wconf 80' lang='lat' dir='ltr'><strong>grande</strong></span> <span class='ocrx_word' id='word_1_12' title='bbox 505 478 811 531; x_wconf 72' lang='lat' dir='ltr'><strong>miraculum</strong></span> <span class='ocrx_word' id='word_1_13' title='bbox 856 477 1189 543; x_wconf 87' lang='lat' dir='ltr'><strong>quatridnani</strong></span> <span class='ocrx_word' id='word_1_14' title='bbox 1238 474 1430 527; x_wconf 79' lang='lat' dir='ltr'><strong>mortui</strong></span> <span class='ocrx_word' id='word_1_15' title='bbox 1482 474 1805 540; x_wconf 72' lang='lat' dir='ltr'><strong>resurgentis</strong></span> <span class='ocrx_word' id='word_1_16' title='bbox 1836 484 1876 534; x_wconf 80' lang='grc' dir='ltr'><strong>Α</strong></span> <span class='ocrx_word' id='word_1_17' title='bbox 1906 470 1990 523; x_wconf 87' lang='lat' dir='ltr'><strong>ille</strong></span> <span class='ocrx_word' id='word_1_18' title='bbox 2017 472 2224 523; x_wconf 81' lang='lat' dir='ltr'><strong>nescit?</strong></span> <span class='ocrx_word' id='word_1_19' title='bbox 2279 470 2383 524; x_wconf 96' lang='lat' dir='ltr'><strong>Sed</strong></span> <span class='ocrx_word' id='word_1_20' title='bbox 2408 471 2556 539; x_wconf 89' lang='lat' dir='ltr'><strong>quasi</strong></span> <span class='ocrx_word' id='word_1_21' title='bbox 2584 470 2767 522; x_wconf 90' lang='lat' dir='ltr'><strong>nescit.</strong></span> <span class='ocrx_word' id='word_1_22' title='bbox 2831 470 2976 523; x_wconf 68' lang='lat' dir='ltr'><strong>[inde</strong></span> <span class='ocrx_word' id='word_1_23' title='bbox 3003 471 3100 523; x_wconf 85' lang='lat' dir='ltr'><strong>hoc</strong></span> <span class='ocrx_word' id='word_1_24' title='bbox 3130 471 3450 537; x_wconf 76' lang='lat' dir='ltr'><strong>probamus?</strong></span> 
     </span>
    </p>
   </div>
   <div class='ocr_carea' id='block_1_5' title="bbox 271 561 1808 637">
    <p class='ocr_par' dir='ltr' id='par_1_5' title="bbox 271 561 1808 637">
     <span class='ocr_line' id='line_1_5' title="bbox 271 561 1808 637; baseline -0.01 -12"><span class='ocrx_word' id='word_1_25' title='bbox 271 582 433 625; x_wconf 77' lang='lat' dir='ltr'><strong>testes</strong></span> <span class='ocrx_word' id='word_1_26' title='bbox 457 569 709 637; x_wconf 87' lang='lat' dir='ltr'><strong>plurimos</strong></span> <span class='ocrx_word' id='word_1_27' title='bbox 732 567 1005 619; x_wconf 88' lang='lat' dir='ltr'><strong>inveniret.</strong></span> <span class='ocrx_word' id='word_1_28' title='bbox 1040 565 1222 635; x_wconf 71' lang='lat' dir='ltr'><strong>(Vens.</strong></span> <span class='ocrx_word' id='word_1_29' title='bbox 1245 563 1457 631; x_wconf 70' lang='lat'><strong>32-54.)</strong></span> <span class='ocrx_word' id='word_1_30' title='bbox 1492 561 1660 615; x_wconf 74' lang='lat' dir='ltr'><strong>Maria</strong></span> <span class='ocrx_word' id='word_1_31' title='bbox 1689 577 1808 628; x_wconf 88' lang='lat' dir='ltr'><strong>ergo</strong></span> 
     </span>
    </p>
   </div>
   <div class='ocr_carea' id='block_1_6' title="bbox 271 647 1809 714">
    <p class='ocr_par' dir='ltr' id='par_1_6' title="bbox 271 647 1809 714">
     <span class='ocr_line' id='line_1_6' title="bbox 271 647 1809 714; baseline -0.009 -4"><span class='ocrx_word' id='word_1_32' title='bbox 271 674 385 711; x_wconf 86' lang='lat' dir='ltr'><strong>cum</strong></span> <span class='ocrx_word' id='word_1_33' title='bbox 423 655 636 709; x_wconf 80' lang='lat' dir='ltr'><strong>venisset</strong></span> <span class='ocrx_word' id='word_1_34' title='bbox 670 655 755 707; x_wconf 86' lang='lat' dir='ltr'><strong>ubi</strong></span> <span class='ocrx_word' id='word_1_35' title='bbox 789 663 895 706; x_wconf 84' lang='lat' dir='ltr'><strong>erat</strong></span> <span class='ocrx_word' id='word_1_36' title='bbox 921 651 1106 714; x_wconf 75' lang='lat' dir='ltr'><strong>Iesus,</strong></span> <span class='ocrx_word' id='word_1_37' title='bbox 1145 651 1316 703; x_wconf 87' lang='lat' dir='ltr'><strong>videns</strong></span> <span class='ocrx_word' id='word_1_38' title='bbox 1347 666 1491 712; x_wconf 87' lang='lat' dir='ltr'><strong>eum,</strong></span> <span class='ocrx_word' id='word_1_39' title='bbox 1530 648 1709 701; x_wconf 80' lang='lat' dir='ltr'><strong>cec&#39;dit</strong></span> <span class='ocrx_word' id='word_1_40' title='bbox 1742 647 1809 697; x_wconf 87' lang='lat' dir='ltr'><strong>ad</strong></span> 
     </span>
    </p>
   </div>
   <div class='ocr_carea' id='block_1_7' title="bbox 273 738 1813 813">
    <p class='ocr_par' dir='ltr' id='par_1_7' title="bbox 273 738 1813 813">
     <span class='ocr_line' id='line_1_7' title="bbox 273 738 1813 813; baseline -0.007 -16"><span class='ocrx_word' id='word_1_41' title='bbox 273 746 422 813; x_wconf 89' lang='lat' dir='ltr'><strong>pedes</strong></span> <span class='ocrx_word' id='word_1_42' title='bbox 447 744 579 813; x_wconf 80' lang='lat' dir='ltr'><strong>ejus,</strong></span> <span class='ocrx_word' id='word_1_43' title='bbox 608 753 655 795; x_wconf 93' lang='lat' dir='ltr'><strong>et</strong></span> <span class='ocrx_word' id='word_1_44' title='bbox 679 744 811 794; x_wconf 92' lang='lat' dir='ltr'><strong>dixit</strong></span> <span class='ocrx_word' id='word_1_45' title='bbox 837 743 883 793; x_wconf 90' lang='lat' dir='ltr'><strong>ei</strong></span> <span class='ocrx_word' id='word_1_46' title='bbox 906 756 921 792; x_wconf 73' lang='grc' dir='ltr'><em>ξ</em></span> <span class='ocrx_word' id='word_1_47' title='bbox 962 740 1201 803; x_wconf 88' lang='lat' dir='ltr'><strong>Domine,</strong></span> <span class='ocrx_word' id='word_1_48' title='bbox 1236 741 1281 791; x_wconf 91' lang='lat' dir='ltr'><strong>si</strong></span> <span class='ocrx_word' id='word_1_49' title='bbox 1310 740 1392 791; x_wconf 89' lang='lat' dir='ltr'><strong>hic</strong></span> <span class='ocrx_word' id='word_1_50' title='bbox 1422 738 1623 806; x_wconf 76' lang='lat' dir='ltr'><strong>fuisses,</strong></span> <span class='ocrx_word' id='word_1_51' title='bbox 1653 738 1813 805; x_wconf 79' lang='lat' dir='ltr'><strong>frater</strong></span> 
     </span>
    </p>
   </div>
   <div class='ocr_carea' id='block_1_8' title="bbox 275 825 1813 895">
    <p class='ocr_par' dir='ltr' id='par_1_8' title="bbox 275 825 1813 895">
     <span class='ocr_line' id='line_1_8' title="bbox 275 825 1813 895; baseline -0.007 -10"><span class='ocrx_word' id='word_1_52' title='bbox 275 850 415 885; x_wconf 84' lang='lat' dir='ltr'><strong>meus</strong></span> <span class='ocrx_word' id='word_1_53' title='bbox 460 848 558 884; x_wconf 84' lang='lat' dir='ltr'><strong>non</strong></span> <span class='ocrx_word' id='word_1_54' title='bbox 600 839 727 883; x_wconf 87' lang='lat' dir='ltr'><strong>esset</strong></span> <span class='ocrx_word' id='word_1_55' title='bbox 764 840 1014 881; x_wconf 89' lang='lat' dir='ltr'><strong>mortuus.</strong></span> <span class='ocrx_word' id='word_1_56' title='bbox 1067 828 1219 880; x_wconf 81' lang='lat' dir='ltr'><strong>Jesns</strong></span> <span class='ocrx_word' id='word_1_57' title='bbox 1260 842 1399 895; x_wconf 89' lang='lat' dir='ltr'><strong>ergo,</strong></span> <span class='ocrx_word' id='word_1_58' title='bbox 1447 836 1501 877; x_wconf 86' lang='lat' dir='ltr'><strong>ut</strong></span> <span class='ocrx_word' id='word_1_59' title='bbox 1538 825 1663 877; x_wconf 90' lang='lat' dir='ltr'><strong>vidit</strong></span> <span class='ocrx_word' id='word_1_60' title='bbox 1700 839 1813 875; x_wconf 83' lang='lat' dir='ltr'><strong>eum</strong></span> 
     </span>
    </p>
   </div>
   <div class='ocr_carea' id='block_1_9' title="bbox 273 912 1810 991">
    <p class='ocr_par' dir='ltr' id='par_1_9' title="bbox 273 912 1810 991">
     <span class='ocr_line' id='line_1_9' title="bbox 273 912 1810 991; baseline -0.007 -19"><span class='ocrx_word' id='word_1_61' title='bbox 273 923 584 991; x_wconf 71' lang='lat' dir='ltr'><strong>plorantem,</strong></span> <span class='ocrx_word' id='word_1_62' title='bbox 630 931 677 973; x_wconf 91' lang='lat' dir='ltr'><strong>et</strong></span> <span class='ocrx_word' id='word_1_63' title='bbox 716 919 927 973; x_wconf 76' lang='lat' dir='ltr'><strong>Iudam</strong></span> <span class='ocrx_word' id='word_1_64' title='bbox 955 920 1185 988; x_wconf 88' lang='lat' dir='ltr'><strong>quicum</strong></span> <span class='ocrx_word' id='word_1_65' title='bbox 1224 916 1315 968; x_wconf 75' lang='lat' dir='ltr'><strong>illa</strong></span> <span class='ocrx_word' id='word_1_66' title='bbox 1352 923 1497 968; x_wconf 84' lang='lat' dir='ltr'><strong>erant</strong></span> <span class='ocrx_word' id='word_1_67' title='bbox 1534 912 1810 982; x_wconf 72' lang='lat' dir='ltr'><strong>plorantes,</strong></span> 
     </span>
    </p>
   </div>
   <div class='ocr_carea' id='block_1_10' title="bbox 277 995 1813 1076">
    <p class='ocr_par' dir='ltr' id='par_1_10' title="bbox 277 995 1813 1076">
     <span class='ocr_line' id='line_1_10' title="bbox 277 995 1813 1076; baseline -0.008 -16"><span class='ocrx_word' id='word_1_68' title='bbox 277 1009 480 1076; x_wconf 76' lang='lat' dir='ltr'><strong>fremuit</strong></span> <span class='ocrx_word' id='word_1_69' title='bbox 507 1009 711 1075; x_wconf 79' lang='lat' dir='ltr'><strong>spiritu,</strong></span> <span class='ocrx_word' id='word_1_70' title='bbox 749 1016 796 1058; x_wconf 91' lang='lat' dir='ltr'><strong>et</strong></span> <span class='ocrx_word' id='word_1_71' title='bbox 820 1006 1040 1057; x_wconf 88' lang='lat' dir='ltr'><strong>turbavit</strong></span> <span class='ocrx_word' id='word_1_72' title='bbox 1064 1004 1406 1076; x_wconf 71' lang='lat' dir='ltr'><strong>semetipsum,</strong></span> <span class='ocrx_word' id='word_1_73' title='bbox 1440 1010 1487 1053; x_wconf 91' lang='lat' dir='ltr'><strong>et</strong></span> <span class='ocrx_word' id='word_1_74' title='bbox 1511 999 1680 1052; x_wconf 87' lang='lat' dir='ltr'><strong>dixit:</strong></span> <span class='ocrx_word' id='word_1_75' title='bbox 1718 995 1813 1049; x_wconf 86' lang='lat' dir='ltr'><strong>Ubi</strong></span> 
     </span>
    </p>
   </div>
   <div class='ocr_carea' id='block_1_11' title="bbox 275 1074 1816 1160">
    <p class='ocr_par' dir='ltr' id='par_1_11' title="bbox 275 1074 1816 1160">
     <span class='ocr_line' id='line_1_11' title="bbox 275 1074 1816 1160; baseline -0.008 -14"><span class='ocrx_word' id='word_1_76' title='bbox 275 1074 518 1160; x_wconf 75' lang='lat' dir='ltr'><strong>posuistis</strong></span> <span class='ocrx_word' id='word_1_77' title='bbox 534 1074 709 1145; x_wconf 79' lang='lat' dir='ltr'><strong>eum?</strong></span> <span class='ocrx_word' id='word_1_78' title='bbox 760 1090 972 1159; x_wconf 75' lang='lat' dir='ltr'><strong>Aliquid</strong></span> <span class='ocrx_word' id='word_1_79' title='bbox 1016 1074 1168 1143; x_wconf 85' lang='lat' dir='ltr'><strong>nobis</strong></span> <span class='ocrx_word' id='word_1_80' title='bbox 1214 1086 1498 1142; x_wconf 69' lang='lat' dir='ltr'><strong>insinuavit</strong></span> <span class='ocrx_word' id='word_1_81' title='bbox 1543 1083 1816 1138; x_wconf 78' lang='lat' dir='ltr'><strong>fremendo</strong></span> 
     </span>
    </p>
   </div>
   <div class='ocr_carea' id='block_1_12' title="bbox 277 1164 1818 1249">
    <p class='ocr_par' dir='ltr' id='par_1_12' title="bbox 277 1164 1818 1249">
     <span class='ocr_line' id='line_1_12' title="bbox 277 1164 1818 1249; baseline -0.009 -15"><span class='ocrx_word' id='word_1_82' title='bbox 277 1182 485 1249; x_wconf 81' lang='lat' dir='ltr'><strong>spiritu,</strong></span> <span class='ocrx_word' id='word_1_83' title='bbox 518 1187 572 1232; x_wconf 87' lang='lat' dir='ltr'><strong>et</strong></span> <span class='ocrx_word' id='word_1_84' title='bbox 600 1178 862 1232; x_wconf 88' lang='lat' dir='ltr'><strong>turbando</strong></span> <span class='ocrx_word' id='word_1_85' title='bbox 890 1176 1141 1244; x_wconf 85' lang='lat' dir='ltr'><strong>seipsum.</strong></span> <span class='ocrx_word' id='word_1_86' title='bbox 1176 1175 1304 1240; x_wconf 83' lang='lat' dir='ltr'><strong>Quis</strong></span> <span class='ocrx_word' id='word_1_87' title='bbox 1327 1164 1466 1227; x_wconf 87' lang='lat' dir='ltr'><strong>enim</strong></span> <span class='ocrx_word' id='word_1_88' title='bbox 1492 1185 1613 1223; x_wconf 90' lang='lat' dir='ltr'><strong>eum</strong></span> <span class='ocrx_word' id='word_1_89' title='bbox 1640 1176 1818 1238; x_wconf 80' lang='lat' dir='ltr'><strong><em>posset</em></strong></span> 
     </span>
    </p>
   </div>
   <div class='ocr_carea' id='block_1_13' title="bbox 279 1258 1817 1338">
    <p class='ocr_par' dir='ltr' id='par_1_13' title="bbox 279 1258 1817 1338">
     <span class='ocr_line' id='line_1_13' title="bbox 279 1258 1817 1338; baseline -0.01 -14"><span class='ocrx_word' id='word_1_90' title='bbox 279 1272 378 1324; x_wconf 83' lang='lat' dir='ltr'><strong>nisi</strong></span> <span class='ocrx_word' id='word_1_91' title='bbox 409 1271 518 1336; x_wconf 82' lang='lat' dir='ltr'><strong>ipse</strong></span> <span class='ocrx_word' id='word_1_92' title='bbox 545 1267 691 1338; x_wconf 71' lang='lat' dir='ltr'><strong>[Ms.,</strong></span> <span class='ocrx_word' id='word_1_93' title='bbox 724 1263 976 1335; x_wconf 87' lang='lat' dir='ltr'><strong>seipsum]</strong></span> <span class='ocrx_word' id='word_1_94' title='bbox 1007 1263 1263 1317; x_wconf 87' lang='lat' dir='ltr'><strong>turbare?</strong></span> <span class='ocrx_word' id='word_1_95' title='bbox 1305 1261 1488 1327; x_wconf 88' lang='lat' dir='ltr'><strong>itaque</strong></span> <span class='ocrx_word' id='word_1_96' title='bbox 1525 1259 1696 1327; x_wconf 92' lang='lat' dir='ltr'><strong>primo</strong></span> <span class='ocrx_word' id='word_1_97' title='bbox 1734 1258 1817 1309; x_wconf 86' lang='lat' dir='ltr'><strong>hic</strong></span> 
     </span>
    </p>
   </div>
   <div class='ocr_carea' id='block_1_14' title="bbox 278 1346 1813 1424">
    <p class='ocr_par' dir='ltr' id='par_1_14' title="bbox 278 1346 1813 1424">
     <span class='ocr_line' id='line_1_14' title="bbox 278 1346 1813 1424; baseline -0.01 -14"><span class='ocrx_word' id='word_1_98' title='bbox 278 1357 533 1410; x_wconf 76' lang='lat' dir='ltr'><strong>attendite</strong></span> <span class='ocrx_word' id='word_1_99' title='bbox 558 1362 886 1424; x_wconf 87' lang='lat' dir='ltr'><strong>potestatem,</strong></span> <span class='ocrx_word' id='word_1_100' title='bbox 912 1362 964 1407; x_wconf 90' lang='lat' dir='ltr'><strong>et</strong></span> <span class='ocrx_word' id='word_1_101' title='bbox 990 1352 1064 1405; x_wconf 90' lang='lat' dir='ltr'><strong>sic</strong></span> <span class='ocrx_word' id='word_1_102' title='bbox 1091 1350 1338 1418; x_wconf 84' lang='lat' dir='ltr'><strong>inquirite</strong></span> <span class='ocrx_word' id='word_1_103' title='bbox 1358 1346 1813 1417; x_wconf 86' lang='lat' dir='ltr'><strong>signiﬁcationem.</strong></span> 
     </span>
    </p>
   </div>
   <div class='ocr_carea' id='block_1_15' title="bbox 280 1433 1815 1504">
    <p class='ocr_par' dir='ltr' id='par_1_15' title="bbox 280 1433 1815 1504">
     <span class='ocr_line' id='line_1_15' title="bbox 280 1433 1815 1504; baseline -0.009 -7"><span class='ocrx_word' id='word_1_104' title='bbox 280 1445 531 1497; x_wconf 82' lang='lat' dir='ltr'><strong>&#39;l&#39;nrbaris</strong></span> <span class='ocrx_word' id='word_1_105' title='bbox 558 1454 612 1495; x_wconf 92' lang='lat' dir='ltr'><strong>tu</strong></span> <span class='ocrx_word' id='word_1_106' title='bbox 643 1442 857 1503; x_wconf 87' lang='lat' dir='ltr'><strong>nolens,</strong></span> <span class='ocrx_word' id='word_1_107' title='bbox 898 1441 1140 1494; x_wconf 81' lang='lat' dir='ltr'><strong>turbatur</strong></span> <span class='ocrx_word' id='word_1_108' title='bbox 1168 1438 1443 1499; x_wconf 77' lang='lat' dir='ltr'><strong>Christus,</strong></span> <span class='ocrx_word' id='word_1_109' title='bbox 1480 1435 1604 1504; x_wconf 89' lang='lat' dir='ltr'><strong>quia</strong></span> <span class='ocrx_word' id='word_1_110' title='bbox 1634 1433 1815 1487; x_wconf 83' lang='lat' dir='ltr'><strong>voluit.</strong></span> 
     </span>
    </p>
   </div>
   <div class='ocr_carea' id='block_1_16' title="bbox 281 1518 1821 1593">
    <p class='ocr_par' dir='ltr' id='par_1_16' title="bbox 281 1518 1821 1593">
     <span class='ocr_line' id='line_1_16' title="bbox 281 1518 1821 1593; baseline -0.009 -8"><span class='ocrx_word' id='word_1_111' title='bbox 281 1532 511 1585; x_wconf 81' lang='lat' dir='ltr'><strong>Esurivit</strong></span> <span class='ocrx_word' id='word_1_112' title='bbox 547 1530 740 1592; x_wconf 67' lang='lat' dir='ltr'><strong>Iesus,</strong></span> <span class='ocrx_word' id='word_1_113' title='bbox 782 1543 966 1581; x_wconf 85' lang='lat' dir='ltr'><strong>verum</strong></span> <span class='ocrx_word' id='word_1_114' title='bbox 1009 1534 1128 1590; x_wconf 89' lang='lat' dir='ltr'><strong>est,</strong></span> <span class='ocrx_word' id='word_1_115' title='bbox 1172 1525 1295 1593; x_wconf 85' lang='lat' dir='ltr'><strong>quia</strong></span> <span class='ocrx_word' id='word_1_116' title='bbox 1322 1524 1520 1585; x_wconf 80' lang='lat' dir='ltr'><strong>voluit;</strong></span> <span class='ocrx_word' id='word_1_117' title='bbox 1571 1518 1821 1574; x_wconf 79' lang='lat' dir='ltr'><strong>dormivit</strong></span> 
     </span>
    </p>
   </div>
   <div class='ocr_carea' id='block_1_17' title="bbox 280 1610 1820 1682">
    <p class='ocr_par' dir='ltr' id='par_1_17' title="bbox 280 1610 1820 1682">
     <span class='ocr_line' id='line_1_17' title="bbox 280 1610 1820 1682; baseline -0.006 -10"><span class='ocrx_word' id='word_1_118' title='bbox 280 1619 453 1682; x_wconf 69' lang='lat' dir='ltr'><strong>.lesus,</strong></span> <span class='ocrx_word' id='word_1_119' title='bbox 477 1634 656 1672; x_wconf 80' lang='lat' dir='ltr'><strong>verum</strong></span> <span class='ocrx_word' id='word_1_120' title='bbox 677 1626 779 1678; x_wconf 87' lang='lat' dir='ltr'><strong>est,</strong></span> <span class='ocrx_word' id='word_1_121' title='bbox 806 1617 927 1682; x_wconf 82' lang='lat' dir='ltr'><strong>quia</strong></span> <span class='ocrx_word' id='word_1_122' title='bbox 950 1616 1140 1678; x_wconf 89' lang='lat' dir='ltr'><strong>voluit;</strong></span> <span class='ocrx_word' id='word_1_123' title='bbox 1173 1615 1514 1668; x_wconf 88' lang='lat' dir='ltr'><strong>contristatus</strong></span> <span class='ocrx_word' id='word_1_124' title='bbox 1542 1621 1625 1665; x_wconf 88' lang='lat' dir='ltr'><strong>est</strong></span> <span class='ocrx_word' id='word_1_125' title='bbox 1645 1610 1820 1675; x_wconf 79' lang='lat' dir='ltr'><strong>Jcsus,</strong></span> 
     </span>
    </p>
   </div>
   <div class='ocr_carea' id='block_1_18' title="bbox 285 1700 1820 1773">
    <p class='ocr_par' dir='ltr' id='par_1_18' title="bbox 285 1700 1820 1773">
     <span class='ocr_line' id='line_1_18' title="bbox 285 1700 1820 1773; baseline -0.006 -14"><span class='ocrx_word' id='word_1_126' title='bbox 285 1724 463 1762; x_wconf 77' lang='lat' dir='ltr'><strong>verum</strong></span> <span class='ocrx_word' id='word_1_127' title='bbox 486 1716 585 1769; x_wconf 88' lang='lat' dir='ltr'><strong>est,</strong></span> <span class='ocrx_word' id='word_1_128' title='bbox 605 1706 695 1759; x_wconf 86' lang='lat' dir='ltr'><strong>sed</strong></span> <span class='ocrx_word' id='word_1_129' title='bbox 717 1706 838 1773; x_wconf 85' lang='lat' dir='ltr'><strong>quia</strong></span> <span class='ocrx_word' id='word_1_130' title='bbox 860 1704 1054 1767; x_wconf 87' lang='lat' dir='ltr'><strong>voluit;</strong></span> <span class='ocrx_word' id='word_1_131' title='bbox 1082 1713 1321 1756; x_wconf 87' lang='lat' dir='ltr'><strong>mortuus</strong></span> <span class='ocrx_word' id='word_1_132' title='bbox 1345 1710 1429 1755; x_wconf 87' lang='lat' dir='ltr'><strong>est</strong></span> <span class='ocrx_word' id='word_1_133' title='bbox 1446 1700 1615 1762; x_wconf 83' lang='lat' dir='ltr'><strong>Jesus,</strong></span> <span class='ocrx_word' id='word_1_134' title='bbox 1637 1714 1820 1753; x_wconf 88' lang='lat' dir='ltr'><strong>verum</strong></span> 
     </span>
    </p>
   </div>
   <div class='ocr_carea' id='block_1_19' title="bbox 1908 555 3453 623">
    <p class='ocr_par' dir='ltr' id='par_1_19' title="bbox 1908 555 3453 623">
     <span class='ocr_line' id='line_1_19' title="bbox 1908 555 3453 623; baseline 0.001 -14"><span class='ocrx_word' id='word_1_135' title='bbox 1908 557 2186 610; x_wconf 87' lang='lat' dir='ltr'><strong>Dominum</strong></span> <span class='ocrx_word' id='word_1_136' title='bbox 2222 559 2344 611; x_wconf 90' lang='lat' dir='ltr'><strong>audi</strong></span> <span class='ocrx_word' id='word_1_137' title='bbox 2374 558 2641 612; x_wconf 89' lang='lat' dir='ltr'><strong>dicturum</strong></span> <span class='ocrx_word' id='word_1_138' title='bbox 2683 559 2735 611; x_wconf 93' lang='lat' dir='ltr'><strong>in</strong></span> <span class='ocrx_word' id='word_1_139' title='bbox 2770 556 3005 623; x_wconf 88' lang='lat' dir='ltr'><strong>judicio:</strong></span> <span class='ocrx_word' id='word_1_140' title='bbox 3038 555 3159 611; x_wconf 83' lang='lat' dir='ltr'><strong>Non</strong></span> <span class='ocrx_word' id='word_1_141' title='bbox 3195 558 3313 612; x_wconf 79' lang='lat' dir='ltr'><strong>novi</strong></span> <span class='ocrx_word' id='word_1_142' title='bbox 3342 575 3453 617; x_wconf 80' lang='lat' dir='ltr'><strong>vos,</strong></span> 
     </span>
    </p>
   </div>
   <div class='ocr_carea' id='block_1_20' title="bbox 1906 644 3454 714">
    <p class='ocr_par' dir='ltr' id='par_1_20' title="bbox 1906 644 3454 714">
     <span class='ocr_line' id='line_1_20' title="bbox 1906 644 3454 714; baseline 0.003 -19"><span class='ocrx_word' id='word_1_143' title='bbox 1906 645 2147 698; x_wconf 76' lang='lat' dir='ltr'><strong>discedite</strong></span> <span class='ocrx_word' id='word_1_144' title='bbox 2178 662 2209 698; x_wconf 91' lang='lat' dir='ltr'><strong>a</strong></span> <span class='ocrx_word' id='word_1_145' title='bbox 2243 662 2327 698; x_wconf 81' lang='lat' dir='ltr'><strong>me</strong></span> <span class='ocrx_word' id='word_1_146' title='bbox 2354 645 2565 714; x_wconf 72' lang='lat' dir='ltr'><strong>(Matth.</strong></span> <span class='ocrx_word' id='word_1_147' title='bbox 2597 660 2691 705; x_wconf 85' lang='lat' dir='ltr'><strong>vu,</strong></span> <span class='ocrx_word' id='word_1_148' title='bbox 2720 644 2833 714; x_wconf 72' lang='grc'>25).</span> <span class='ocrx_word' id='word_1_149' title='bbox 2884 645 3019 710; x_wconf 89' lang='lat' dir='ltr'><strong>Quid</strong></span> <span class='ocrx_word' id='word_1_150' title='bbox 3049 652 3160 709; x_wconf 81' lang='lat' dir='ltr'><strong>est,</strong></span> <span class='ocrx_word' id='word_1_151' title='bbox 3206 644 3454 711; x_wconf 56' lang='lat' dir='ltr'><strong>NOIJOO</strong></span> 
     </span>
    </p>
   </div>
   <div class='ocr_carea' id='block_1_21' title="bbox 1909 732 3451 796">
    <p class='ocr_par' dir='ltr' id='par_1_21' title="bbox 1909 732 3451 796">
     <span class='ocr_line' id='line_1_21' title="bbox 1909 732 3451 796; baseline 0.003 -13"><span class='ocrx_word' id='word_1_152' title='bbox 1909 734 2019 785; x_wconf 67' lang='lat' dir='ltr'><strong>nor7</strong></span> <span class='ocrx_word' id='word_1_153' title='bbox 2044 734 2068 784; x_wconf 79' lang='lat'><strong>.’</strong></span> <span class='ocrx_word' id='word_1_154' title='bbox 2113 733 2227 786; x_wconf 83' lang='lat' dir='ltr'><strong>Non</strong></span> <span class='ocrx_word' id='word_1_155' title='bbox 2253 748 2344 787; x_wconf 78' lang='lat' dir='ltr'><strong>vos</strong></span> <span class='ocrx_word' id='word_1_156' title='bbox 2369 732 2520 786; x_wconf 87' lang='lat' dir='ltr'><strong>video</strong></span> <span class='ocrx_word' id='word_1_157' title='bbox 2548 734 2599 786; x_wconf 89' lang='lat' dir='ltr'><strong>in</strong></span> <span class='ocrx_word' id='word_1_158' title='bbox 2634 732 2750 785; x_wconf 92' lang='lat' dir='ltr'><strong>luce</strong></span> <span class='ocrx_word' id='word_1_159' title='bbox 2778 747 2925 796; x_wconf 87' lang='lat' dir='ltr'><strong>mea,</strong></span> <span class='ocrx_word' id='word_1_160' title='bbox 2968 747 3073 785; x_wconf 89' lang='lat' dir='ltr'><strong>non</strong></span> <span class='ocrx_word' id='word_1_161' title='bbox 3100 748 3193 787; x_wconf 87' lang='lat' dir='ltr'><strong>vos</strong></span> <span class='ocrx_word' id='word_1_162' title='bbox 3214 733 3367 788; x_wconf 85' lang='lat' dir='ltr'><strong>video</strong></span> <span class='ocrx_word' id='word_1_163' title='bbox 3396 734 3451 787; x_wconf 90' lang='lat' dir='ltr'><strong>in</strong></span> 
     </span>
    </p>
   </div>
   <div class='ocr_carea' id='block_1_22' title="bbox 1909 818 3453 888">
    <p class='ocr_par' dir='ltr' id='par_1_22' title="bbox 1909 818 3453 888">
     <span class='ocr_line' id='line_1_22' title="bbox 1909 818 3453 888; baseline 0.001 -16"><span class='ocrx_word' id='word_1_164' title='bbox 1909 819 1995 872; x_wconf 90' lang='lat' dir='ltr'><strong>illa</strong></span> <span class='ocrx_word' id='word_1_165' title='bbox 2022 820 2228 888; x_wconf 86' lang='lat' dir='ltr'><strong>justitia</strong></span> <span class='ocrx_word' id='word_1_166' title='bbox 2254 834 2413 887; x_wconf 88' lang='lat' dir='ltr'><strong>quam</strong></span> <span class='ocrx_word' id='word_1_167' title='bbox 2443 820 2582 871; x_wconf 90' lang='lat' dir='ltr'><strong>novi.</strong></span> <span class='ocrx_word' id='word_1_168' title='bbox 2624 818 2713 871; x_wconf 90' lang='lat' dir='ltr'><strong>Sic</strong></span> <span class='ocrx_word' id='word_1_169' title='bbox 2737 828 2790 872; x_wconf 90' lang='lat' dir='ltr'><strong>et</strong></span> <span class='ocrx_word' id='word_1_170' title='bbox 2817 820 2903 872; x_wconf 85' lang='lat' dir='ltr'><strong>hic</strong></span> <span class='ocrx_word' id='word_1_171' title='bbox 2932 828 3181 887; x_wconf 87' lang='lat' dir='ltr'><strong>tanquam</strong></span> <span class='ocrx_word' id='word_1_172' title='bbox 3211 820 3453 873; x_wconf 85' lang='lat' dir='ltr'><strong>nesciens</strong></span> 
     </span>
    </p>
   </div>
   <div class='ocr_carea' id='block_1_23' title="bbox 1910 906 3457 975">
    <p class='ocr_par' dir='ltr' id='par_1_23' title="bbox 1910 906 3457 975">
     <span class='ocr_line' id='line_1_23' title="bbox 1910 906 3457 975; baseline 0.001 -17"><span class='ocrx_word' id='word_1_173' title='bbox 1910 908 2067 961; x_wconf 80' lang='lat' dir='ltr'><strong>talem</strong></span> <span class='ocrx_word' id='word_1_174' title='bbox 2111 916 2472 970; x_wconf 83' lang='lat' dir='ltr'><strong>peccatorem,</strong></span> <span class='ocrx_word' id='word_1_175' title='bbox 2520 908 2688 960; x_wconf 74' lang='lat' dir='ltr'><strong>dixit:</strong></span> <span class='ocrx_word' id='word_1_176' title='bbox 2724 906 2820 959; x_wconf 89' lang='lat' dir='ltr'><strong>Ubi</strong></span> <span class='ocrx_word' id='word_1_177' title='bbox 2844 908 3085 975; x_wconf 79' lang='lat' dir='ltr'><strong>posuistis</strong></span> <span class='ocrx_word' id='word_1_178' title='bbox 3111 908 3273 959; x_wconf 76' lang='lat' dir='ltr'><strong>eum?</strong></span> <span class='ocrx_word' id='word_1_179' title='bbox 3314 908 3457 960; x_wconf 82' lang='lat' dir='ltr'><strong>Talis</strong></span> 
     </span>
    </p>
   </div>
   <div class='ocr_carea' id='block_1_24' title="bbox 1909 997 3452 1069">
    <p class='ocr_par' dir='ltr' id='par_1_24' title="bbox 1909 997 3452 1069">
     <span class='ocr_line' id='line_1_24' title="bbox 1909 997 3452 1069; baseline -0.002 -16"><span class='ocrx_word' id='word_1_180' title='bbox 1909 1007 1990 1053; x_wconf 85' lang='lat' dir='ltr'><strong>est</strong></span> <span class='ocrx_word' id='word_1_181' title='bbox 2016 1014 2117 1053; x_wconf 81' lang='lat' dir='ltr'><strong>vos</strong></span> <span class='ocrx_word' id='word_1_182' title='bbox 2142 998 2237 1053; x_wconf 87' lang='lat' dir='ltr'><strong>Dei</strong></span> <span class='ocrx_word' id='word_1_183' title='bbox 2264 1000 2314 1052; x_wconf 91' lang='lat' dir='ltr'><strong>in</strong></span> <span class='ocrx_word' id='word_1_184' title='bbox 2339 1000 2605 1067; x_wconf 80' lang='lat' dir='ltr'><strong>paradiso,</strong></span> <span class='ocrx_word' id='word_1_185' title='bbox 2632 1008 2973 1069; x_wconf 84' lang='lat' dir='ltr'><strong>posteaquam</strong></span> <span class='ocrx_word' id='word_1_186' title='bbox 2996 998 3236 1067; x_wconf 85' lang='lat' dir='ltr'><strong>peccavit</strong></span> <span class='ocrx_word' id='word_1_187' title='bbox 3260 997 3452 1063; x_wconf 78' lang='lat' dir='ltr'><strong>Adam,</strong></span> 
     </span>
    </p>
   </div>
   <div class='ocr_carea' id='block_1_25' title="bbox 1914 1084 2501 1157">
    <p class='ocr_par' dir='ltr' id='par_1_25' title="bbox 1914 1084 2501 1157">
     <span class='ocr_line' id='line_1_25' title="bbox 1914 1084 2501 1157; baseline 0 -18"><span class='ocrx_word' id='word_1_188' title='bbox 1914 1085 2011 1139; x_wconf 77' lang='lat' dir='ltr'><strong>Ubi</strong></span> <span class='ocrx_word' id='word_1_189' title='bbox 2038 1103 2088 1139; x_wconf 90' lang='lat' dir='ltr'><strong>es</strong></span> <span class='ocrx_word' id='word_1_190' title='bbox 2116 1084 2264 1155; x_wconf 81' lang='lat' dir='ltr'><strong>(Gen.</strong></span> <span class='ocrx_word' id='word_1_191' title='bbox 2294 1103 2375 1148; x_wconf 90' lang='grc' dir='ltr'>ιιι,</span> <span class='ocrx_word' id='word_1_192' title='bbox 2401 1087 2457 1157; x_wconf 81' lang='grc'><strong>9)</strong></span> <span class='ocrx_word' id='word_1_193' title='bbox 2476 1088 2501 1139; x_wconf 80' lang='lat'><strong>?</strong></span> 
     </span>
    </p>
   </div>
   <div class='ocr_carea' id='block_1_26' title="bbox 1980 1175 3461 1241">
    <p class='ocr_par' dir='ltr' id='par_1_26' title="bbox 1980 1175 3461 1241">
     <span class='ocr_line' id='line_1_26' title="bbox 1980 1175 3461 1241; baseline -0.001 -12"><span class='ocrx_word' id='word_1_194' title='bbox 1980 1177 2168 1229; x_wconf 89' lang='lat' dir='ltr'><strong>Dicunt</strong></span> <span class='ocrx_word' id='word_1_195' title='bbox 2205 1179 2291 1229; x_wconf 88' lang='lat' dir='ltr'><strong>ei:</strong></span> <span class='ocrx_word' id='word_1_196' title='bbox 2332 1177 2567 1239; x_wconf 79' lang='lat' dir='ltr'><strong>Domine,</strong></span> <span class='ocrx_word' id='word_1_197' title='bbox 2594 1178 2706 1233; x_wconf 85' lang='lat' dir='ltr'><strong>veni</strong></span> <span class='ocrx_word' id='word_1_198' title='bbox 2748 1187 2793 1229; x_wconf 92' lang='lat' dir='ltr'><strong>et</strong></span> <span class='ocrx_word' id='word_1_199' title='bbox 2834 1178 2965 1229; x_wconf 90' lang='lat' dir='ltr'><strong>vide.</strong></span> <span class='ocrx_word' id='word_1_200' title='bbox 3002 1175 3142 1241; x_wconf 86' lang='lat' dir='ltr'><strong>Quid</strong></span> <span class='ocrx_word' id='word_1_201' title='bbox 3167 1183 3271 1239; x_wconf 87' lang='lat' dir='ltr'><strong>est,</strong></span> <span class='ocrx_word' id='word_1_202' title='bbox 3302 1176 3411 1229; x_wconf 81' lang='lat' dir='ltr'><strong>vide</strong></span> <span class='ocrx_word' id='word_1_203' title='bbox 3436 1176 3461 1227; x_wconf 85' lang='lat'><strong>.’</strong></span> 
     </span>
    </p>
   </div>
   <div class='ocr_carea' id='block_1_27' title="bbox 1913 1264 3453 1334">
    <p class='ocr_par' dir='ltr' id='par_1_27' title="bbox 1913 1264 3453 1334">
     <span class='ocr_line' id='line_1_27' title="bbox 1913 1264 3453 1334; baseline -0.002 -14"><span class='ocrx_word' id='word_1_204' title='bbox 1913 1266 2179 1320; x_wconf 79' lang='lat' dir='ltr'><strong>Miserere.</strong></span> <span class='ocrx_word' id='word_1_205' title='bbox 2223 1264 2374 1318; x_wconf 85' lang='lat' dir='ltr'><strong>Videt</strong></span> <span class='ocrx_word' id='word_1_206' title='bbox 2408 1266 2547 1319; x_wconf 88' lang='lat' dir='ltr'><strong>enim</strong></span> <span class='ocrx_word' id='word_1_207' title='bbox 2586 1265 2860 1328; x_wconf 86' lang='lat' dir='ltr'><strong>Dominus,</strong></span> <span class='ocrx_word' id='word_1_208' title='bbox 2901 1267 3111 1334; x_wconf 86' lang='lat' dir='ltr'><strong>quando</strong></span> <span class='ocrx_word' id='word_1_209' title='bbox 3148 1267 3453 1320; x_wconf 84' lang='lat' dir='ltr'><strong>miseretur.</strong></span> 
     </span>
    </p>
   </div>
   <div class='ocr_carea' id='block_1_28' title="bbox 1916 1352 3458 1417">
    <p class='ocr_par' dir='ltr' id='par_1_28' title="bbox 1916 1352 3458 1417">
     <span class='ocr_line' id='line_1_28' title="bbox 1916 1352 3458 1417; baseline -0.001 -11"><span class='ocrx_word' id='word_1_210' title='bbox 1916 1353 2065 1407; x_wconf 90' lang='lat' dir='ltr'><strong>Unde</strong></span> <span class='ocrx_word' id='word_1_211' title='bbox 2090 1353 2163 1406; x_wconf 90' lang='lat' dir='ltr'><strong>illi</strong></span> <span class='ocrx_word' id='word_1_212' title='bbox 2192 1353 2409 1405; x_wconf 87' lang='lat' dir='ltr'><strong>dicitur:</strong></span> <span class='ocrx_word' id='word_1_213' title='bbox 2444 1352 2570 1405; x_wconf 85' lang='lat' dir='ltr'><strong>Vide</strong></span> <span class='ocrx_word' id='word_1_214' title='bbox 2597 1353 2937 1405; x_wconf 74' lang='lat' dir='ltr'><strong>humilitatem</strong></span> <span class='ocrx_word' id='word_1_215' title='bbox 2959 1370 3143 1417; x_wconf 84' lang='lat' dir='ltr'><strong>meam,</strong></span> <span class='ocrx_word' id='word_1_216' title='bbox 3165 1363 3212 1406; x_wconf 93' lang='lat' dir='ltr'><strong>et</strong></span> <span class='ocrx_word' id='word_1_217' title='bbox 3233 1352 3458 1406; x_wconf 78' lang='lat' dir='ltr'><strong>laborem</strong></span> 
     </span>
    </p>
   </div>
   <div class='ocr_carea' id='block_1_29' title="bbox 1916 1439 3458 1509">
    <p class='ocr_par' dir='ltr' id='par_1_29' title="bbox 1916 1439 3458 1509">
     <span class='ocr_line' id='line_1_29' title="bbox 1916 1439 3458 1509; baseline 0.002 -17"><span class='ocrx_word' id='word_1_218' title='bbox 1916 1456 2099 1501; x_wconf 87' lang='lat' dir='ltr'><strong>meum,</strong></span> <span class='ocrx_word' id='word_1_219' title='bbox 2125 1450 2171 1491; x_wconf 89' lang='lat' dir='ltr'><strong>et</strong></span> <span class='ocrx_word' id='word_1_220' title='bbox 2194 1441 2388 1493; x_wconf 87' lang='lat' dir='ltr'><strong>dimitte</strong></span> <span class='ocrx_word' id='word_1_221' title='bbox 2412 1441 2583 1492; x_wconf 86' lang='lat' dir='ltr'><strong>omnia</strong></span> <span class='ocrx_word' id='word_1_222' title='bbox 2609 1451 2815 1508; x_wconf 86' lang='lat' dir='ltr'><strong>peccata</strong></span> <span class='ocrx_word' id='word_1_223' title='bbox 2846 1458 2957 1493; x_wconf 88' lang='lat' dir='ltr'><strong>mea</strong></span> <span class='ocrx_word' id='word_1_224' title='bbox 2984 1439 3152 1509; x_wconf 87' lang='lat' dir='ltr'><strong>(Psal.</strong></span> <span class='ocrx_word' id='word_1_225' title='bbox 3182 1457 3325 1505; x_wconf 79' lang='lat' dir='ltr'><strong>ntv,</strong></span> <span class='ocrx_word' id='word_1_226' title='bbox 3352 1442 3458 1509; x_wconf 79' lang='lat' dir='ltr'><strong>l8).</strong></span> 
     </span>
    </p>
   </div>
   <div class='ocr_carea' id='block_1_30' title="bbox 1918 1525 3459 1596">
    <p class='ocr_par' dir='ltr' id='par_1_30' title="bbox 1918 1525 3459 1596">
     <span class='ocr_line' id='line_1_30' title="bbox 1918 1525 3459 1596; baseline 0.001 -18"><span class='ocrx_word' id='word_1_227' title='bbox 1918 1526 2098 1595; x_wconf 74' lang='lat' dir='ltr'><strong>(Vens.</strong></span> <span class='ocrx_word' id='word_1_228' title='bbox 2127 1525 2217 1589; x_wconf 77' lang='lat'><strong>&#39;55,</strong></span> <span class='ocrx_word' id='word_1_229' title='bbox 2247 1526 2358 1594; x_wconf 78' lang='lat'><strong>36.)</strong></span> <span class='ocrx_word' id='word_1_230' title='bbox 2391 1525 2723 1593; x_wconf 73' lang='lat' dir='ltr'><strong>Lacryma&#39;us</strong></span> <span class='ocrx_word' id='word_1_231' title='bbox 2752 1536 2823 1578; x_wconf 88' lang='lat' dir='ltr'><strong>est</strong></span> <span class='ocrx_word' id='word_1_232' title='bbox 2848 1527 3020 1580; x_wconf 82' lang='lat' dir='ltr'><strong>Jesus.</strong></span> <span class='ocrx_word' id='word_1_233' title='bbox 3060 1528 3311 1581; x_wconf 78' lang='lat' dir='ltr'><strong>Dixerunt</strong></span> <span class='ocrx_word' id='word_1_234' title='bbox 3338 1544 3459 1596; x_wconf 84' lang='lat' dir='ltr'><strong>ergo</strong></span> 
     </span>
    </p>
   </div>
   <div class='ocr_carea' id='block_1_31' title="bbox 1916 1612 3459 1683">
    <p class='ocr_par' dir='ltr' id='par_1_31' title="bbox 1916 1612 3459 1683">
     <span class='ocr_line' id='line_1_31' title="bbox 1916 1612 3459 1683; baseline 0.002 -18"><span class='ocrx_word' id='word_1_235' title='bbox 1916 1612 2089 1665; x_wconf 69' lang='lat' dir='ltr'><strong>Judwi</strong></span> <span class='ocrx_word' id='word_1_236' title='bbox 2109 1626 2129 1663; x_wconf 88' lang='lat'><em>:</em></span> <span class='ocrx_word' id='word_1_237' title='bbox 2162 1613 2296 1666; x_wconf 80' lang='lat' dir='ltr'><strong>Ecce</strong></span> <span class='ocrx_word' id='word_1_238' title='bbox 2322 1614 2574 1683; x_wconf 89' lang='lat' dir='ltr'><strong>quomodo</strong></span> <span class='ocrx_word' id='word_1_239' title='bbox 2600 1614 2807 1665; x_wconf 88' lang='lat' dir='ltr'><strong>amabat</strong></span> <span class='ocrx_word' id='word_1_240' title='bbox 2837 1631 2972 1667; x_wconf 87' lang='lat' dir='ltr'><strong>eum.</strong></span> <span class='ocrx_word' id='word_1_241' title='bbox 3016 1614 3151 1679; x_wconf 87' lang='lat' dir='ltr'><strong>Quid</strong></span> <span class='ocrx_word' id='word_1_242' title='bbox 3175 1626 3277 1679; x_wconf 86' lang='lat' dir='ltr'><strong>est,</strong></span> <span class='ocrx_word' id='word_1_243' title='bbox 3311 1632 3459 1668; x_wconf 77' lang='lat' dir='ltr'><strong>ausa-</strong></span> 
     </span>
    </p>
   </div>
   <div class='ocr_carea' id='block_1_32' title="bbox 1920 1700 3457 1770">
    <p class='ocr_par' dir='ltr' id='par_1_32' title="bbox 1920 1700 3457 1770">
     <span class='ocr_line' id='line_1_32' title="bbox 1920 1700 3457 1770; baseline -0.001 -15"><span class='ocrx_word' id='word_1_244' title='bbox 1920 1704 2004 1755; x_wconf 88' lang='lat' dir='ltr'><strong>bat</strong></span> <span class='ocrx_word' id='word_1_245' title='bbox 2031 1720 2147 1756; x_wconf 89' lang='lat' dir='ltr'><strong>eum</strong></span> <span class='ocrx_word' id='word_1_246' title='bbox 2172 1704 2196 1754; x_wconf 78' lang='lat'><strong>.’</strong></span> <span class='ocrx_word' id='word_1_247' title='bbox 2237 1700 2350 1756; x_wconf 83' lang='lat' dir='ltr'><strong>Non</strong></span> <span class='ocrx_word' id='word_1_248' title='bbox 2379 1702 2497 1754; x_wconf 88' lang='lat' dir='ltr'><strong>veni</strong></span> <span class='ocrx_word' id='word_1_249' title='bbox 2528 1717 2714 1755; x_wconf 88' lang='lat' dir='ltr'><strong>vocare</strong></span> <span class='ocrx_word' id='word_1_250' title='bbox 2732 1702 2922 1770; x_wconf 86' lang='lat' dir='ltr'><strong>justos,</strong></span> <span class='ocrx_word' id='word_1_251' title='bbox 2952 1704 3042 1755; x_wconf 89' lang='lat' dir='ltr'><strong>sed</strong></span> <span class='ocrx_word' id='word_1_252' title='bbox 3069 1712 3377 1770; x_wconf 70' lang='lat' dir='ltr'><strong>peccatores</strong></span> <span class='ocrx_word' id='word_1_253' title='bbox 3405 1703 3457 1754; x_wconf 92' lang='lat' dir='ltr'><strong>in</strong></span> 
     </span>
    </p>
   </div>
   <div class='ocr_carea' id='block_1_33' title="bbox 282 1785 3465 1862">
    <p class='ocr_par' dir='ltr' id='par_1_33' title="bbox 282 1785 3465 1862">
     <span class='ocr_line' id='line_1_33' title="bbox 282 1785 3465 1862; baseline -0.003 -13"><span class='ocrx_word' id='word_1_254' title='bbox 282 1806 364 1849; x_wconf 90' lang='lat' dir='ltr'><strong>est</strong></span> <span class='ocrx_word' id='word_1_255' title='bbox 382 1836 396 1858; x_wconf 89' lang='lat'><strong>,</strong></span> <span class='ocrx_word' id='word_1_256' title='bbox 443 1795 533 1849; x_wconf 87' lang='lat' dir='ltr'><strong>sed</strong></span> <span class='ocrx_word' id='word_1_257' title='bbox 573 1796 694 1862; x_wconf 89' lang='lat' dir='ltr'><strong>quia</strong></span> <span class='ocrx_word' id='word_1_258' title='bbox 726 1792 909 1846; x_wconf 89' lang='lat' dir='ltr'><strong>voluit.</strong></span> <span class='ocrx_word' id='word_1_259' title='bbox 957 1791 1014 1844; x_wconf 93' lang='lat' dir='ltr'><strong>ln</strong></span> <span class='ocrx_word' id='word_1_260' title='bbox 1046 1791 1186 1845; x_wconf 89' lang='lat' dir='ltr'><strong>illius</strong></span> <span class='ocrx_word' id='word_1_261' title='bbox 1208 1798 1466 1859; x_wconf 87' lang='lat' dir='ltr'><strong>potestate</strong></span> <span class='ocrx_word' id='word_1_262' title='bbox 1494 1796 1610 1841; x_wconf 87' lang='lat' dir='ltr'><strong>erat</strong></span> <span class='ocrx_word' id='word_1_263' title='bbox 1638 1788 1713 1839; x_wconf 90' lang='lat' dir='ltr'><strong>sic</strong></span> <span class='ocrx_word' id='word_1_264' title='bbox 1741 1785 1821 1838; x_wconf 88' lang='lat' dir='ltr'><strong>vel</strong></span> <span class='ocrx_word' id='word_1_265' title='bbox 1855 1791 1899 1849; x_wconf 78' lang='grc' dir='ltr'><strong>Β</strong></span> <span class='ocrx_word' id='word_1_266' title='bbox 1922 1791 2304 1859; x_wconf 76' lang='lat' dir='ltr'><strong>pmuitentiam.</strong></span> <span class='ocrx_word' id='word_1_267' title='bbox 2344 1790 2522 1859; x_wconf 68' lang='lat' dir='ltr'><strong>(Vens.</strong></span> <span class='ocrx_word' id='word_1_268' title='bbox 2546 1791 2658 1859; x_wconf 78' lang='lat'><strong>37.)</strong></span> <span class='ocrx_word' id='word_1_269' title='bbox 2691 1788 2916 1854; x_wconf 80' lang='lat' dir='ltr'><strong>Quidam</strong></span> <span class='ocrx_word' id='word_1_270' title='bbox 2944 1801 3115 1843; x_wconf 86' lang='lat' dir='ltr'><strong>autem</strong></span> <span class='ocrx_word' id='word_1_271' title='bbox 3136 1792 3376 1843; x_wconf 82' lang='lat' dir='ltr'><strong>dixerunt</strong></span> <span class='ocrx_word' id='word_1_272' title='bbox 3403 1807 3465 1842; x_wconf 78' lang='lat' dir='ltr'><strong>ex</strong></span> 
     </span>
    </p>
   </div>
   <div class='ocr_carea' id='block_1_34' title="bbox 284 1869 1819 1952">
    <p class='ocr_par' dir='ltr' id='par_1_34' title="bbox 284 1869 1819 1952">
     <span class='ocr_line' id='line_1_34' title="bbox 284 1869 1819 1952; baseline -0.009 -16"><span class='ocrx_word' id='word_1_273' title='bbox 284 1883 361 1936; x_wconf 86' lang='lat' dir='ltr'><strong>sic</strong></span> <span class='ocrx_word' id='word_1_274' title='bbox 390 1881 523 1934; x_wconf 82' lang='lat' dir='ltr'><strong>aﬂici</strong></span> <span class='ocrx_word' id='word_1_275' title='bbox 556 1880 658 1952; x_wconf 89' lang='lat' dir='ltr'><strong>[vel</strong></span> <span class='ocrx_word' id='word_1_276' title='bbox 690 1894 793 1932; x_wconf 88' lang='lat' dir='ltr'><strong>non</strong></span> <span class='ocrx_word' id='word_1_277' title='bbox 838 1878 916 1932; x_wconf 90' lang='lat' dir='ltr'><strong>sic</strong></span> <span class='ocrx_word' id='word_1_278' title='bbox 957 1875 1136 1947; x_wconf 84' lang='lat' dir='ltr'><strong>aﬁici].</strong></span> <span class='ocrx_word' id='word_1_279' title='bbox 1192 1876 1416 1929; x_wconf 80' lang='lat' dir='ltr'><strong>Verbum</strong></span> <span class='ocrx_word' id='word_1_280' title='bbox 1445 1873 1577 1944; x_wconf 80' lang='grc' dir='ltr'>[Αι.,</span> <span class='ocrx_word' id='word_1_281' title='bbox 1606 1869 1819 1940; x_wconf 81' lang='lat' dir='ltr'><strong>Veram]</strong></span> 
     </span>
    </p>
   </div>
   <div class='ocr_carea' id='block_1_35' title="bbox 285 1964 1820 2040">
    <p class='ocr_par' dir='ltr' id='par_1_35' title="bbox 285 1964 1820 2040">
     <span class='ocr_line' id='line_1_35' title="bbox 285 1964 1820 2040; baseline -0.008 -14"><span class='ocrx_word' id='word_1_282' title='bbox 285 1974 425 2026; x_wconf 88' lang='lat' dir='ltr'><strong>enim</strong></span> <span class='ocrx_word' id='word_1_283' title='bbox 457 1972 615 2040; x_wconf 71' lang='lat'><strong>576</strong></span> <span class='ocrx_word' id='word_1_284' title='bbox 640 1971 868 2022; x_wconf 85' lang='lat' dir='ltr'><strong>animam</strong></span> <span class='ocrx_word' id='word_1_285' title='bbox 896 1968 1156 2035; x_wconf 86' lang='lat' dir='ltr'><strong>suscepit,</strong></span> <span class='ocrx_word' id='word_1_286' title='bbox 1186 1975 1241 2019; x_wconf 91' lang='lat' dir='ltr'><strong>et</strong></span> <span class='ocrx_word' id='word_1_287' title='bbox 1268 1979 1499 2026; x_wconf 90' lang='lat' dir='ltr'><strong>carnem,</strong></span> <span class='ocrx_word' id='word_1_288' title='bbox 1533 1964 1693 2017; x_wconf 89' lang='lat' dir='ltr'><strong>totius</strong></span> <span class='ocrx_word' id='word_1_289' title='bbox 1724 1964 1820 2015; x_wconf 87' lang='lat' dir='ltr'><strong>bo-</strong></span> 
     </span>
    </p>
   </div>
   <div class='ocr_carea' id='block_1_36' title="bbox 286 2054 1819 2125">
    <p class='ocr_par' dir='ltr' id='par_1_36' title="bbox 286 2054 1819 2125">
     <span class='ocr_line' id='line_1_36' title="bbox 286 2054 1819 2125; baseline -0.007 -12"><span class='ocrx_word' id='word_1_290' title='bbox 286 2062 444 2113; x_wconf 88' lang='lat' dir='ltr'><strong>minis</strong></span> <span class='ocrx_word' id='word_1_291' title='bbox 488 2060 587 2113; x_wconf 90' lang='lat' dir='ltr'><strong>sibi</strong></span> <span class='ocrx_word' id='word_1_292' title='bbox 633 2066 887 2125; x_wconf 88' lang='lat' dir='ltr'><strong>eoaptans</strong></span> <span class='ocrx_word' id='word_1_293' title='bbox 933 2058 986 2111; x_wconf 92' lang='lat' dir='ltr'><strong>in</strong></span> <span class='ocrx_word' id='word_1_294' title='bbox 1032 2071 1269 2125; x_wconf 72' lang='lat' dir='ltr'><strong>persona:</strong></span> <span class='ocrx_word' id='word_1_295' title='bbox 1310 2054 1511 2107; x_wconf 88' lang='lat' dir='ltr'><strong>unitate</strong></span> <span class='ocrx_word' id='word_1_296' title='bbox 1556 2061 1819 2105; x_wconf 88' lang='lat' dir='ltr'><strong>naturam.</strong></span> 
     </span>
    </p>
   </div>
   <div class='ocr_carea' id='block_1_37' title="bbox 286 2140 1824 2214">
    <p class='ocr_par' dir='ltr' id='par_1_37' title="bbox 286 2140 1824 2214">
     <span class='ocr_line' id='line_1_37' title="bbox 286 2140 1824 2214; baseline -0.006 -13"><span class='ocrx_word' id='word_1_297' title='bbox 286 2148 416 2201; x_wconf 82' lang='lat' dir='ltr'><strong>Nam</strong></span> <span class='ocrx_word' id='word_1_298' title='bbox 463 2156 516 2201; x_wconf 89' lang='lat' dir='ltr'><strong>et</strong></span> <span class='ocrx_word' id='word_1_299' title='bbox 561 2148 750 2201; x_wconf 74' lang='lat' dir='ltr'><strong>anima:</strong></span> <span class='ocrx_word' id='word_1_300' title='bbox 792 2144 1147 2214; x_wconf 87' lang='lat' dir='ltr'><strong>apostolorum</strong></span> <span class='ocrx_word' id='word_1_301' title='bbox 1182 2143 1327 2197; x_wconf 87' lang='lat' dir='ltr'><strong>Pauli</strong></span> <span class='ocrx_word' id='word_1_302' title='bbox 1374 2150 1429 2195; x_wconf 91' lang='lat' dir='ltr'><strong>et</strong></span> <span class='ocrx_word' id='word_1_303' title='bbox 1475 2140 1613 2193; x_wconf 90' lang='lat' dir='ltr'><strong>Petri</strong></span> <span class='ocrx_word' id='word_1_304' title='bbox 1662 2141 1824 2192; x_wconf 87' lang='lat' dir='ltr'><strong>verbo</strong></span> 
     </span>
    </p>
   </div>
   <div class='ocr_carea' id='block_1_38' title="bbox 286 2231 1821 2301">
    <p class='ocr_par' dir='ltr' id='par_1_38' title="bbox 286 2231 1821 2301">
     <span class='ocr_line' id='line_1_38' title="bbox 286 2231 1821 2301; baseline -0.008 -10"><span class='ocrx_word' id='word_1_305' title='bbox 286 2239 559 2291; x_wconf 70' lang='lat' dir='ltr'><strong>illustrataa</strong></span> <span class='ocrx_word' id='word_1_306' title='bbox 585 2245 707 2291; x_wconf 86' lang='lat' dir='ltr'><strong>sunt</strong></span> <span class='ocrx_word' id='word_1_307' title='bbox 731 2248 789 2298; x_wconf 77' lang='grc' dir='ltr'>ις</span> <span class='ocrx_word' id='word_1_308' title='bbox 837 2234 1059 2287; x_wconf 90' lang='lat' dir='ltr'><strong>aliorum</strong></span> <span class='ocrx_word' id='word_1_309' title='bbox 1090 2231 1467 2301; x_wconf 88' lang='lat' dir='ltr'><strong>apostolorum,</strong></span> <span class='ocrx_word' id='word_1_310' title='bbox 1496 2237 1821 2289; x_wconf 87' lang='lat' dir='ltr'><strong>sanctorum,</strong></span> 
     </span>
    </p>
   </div>
   <div class='ocr_carea' id='block_1_39' title="bbox 288 2320 1825 2396">
    <p class='ocr_par' dir='ltr' id='par_1_39' title="bbox 288 2320 1825 2396">
     <span class='ocr_line' id='line_1_39' title="bbox 288 2320 1825 2396; baseline -0.007 -17"><span class='ocrx_word' id='word_1_311' title='bbox 288 2328 663 2396; x_wconf 84' lang='lat' dir='ltr'><strong>prophetarum</strong></span> <span class='ocrx_word' id='word_1_312' title='bbox 694 2325 869 2378; x_wconf 90' lang='lat' dir='ltr'><strong>Verbo</strong></span> <span class='ocrx_word' id='word_1_313' title='bbox 902 2324 1175 2377; x_wconf 64' lang='lat' dir='ltr'><strong>illustrata:</strong></span> <span class='ocrx_word' id='word_1_314' title='bbox 1206 2330 1329 2376; x_wconf 84' lang='lat' dir='ltr'><strong>sunt</strong></span> <span class='ocrx_word' id='word_1_315' title='bbox 1357 2320 1581 2373; x_wconf 68' lang='lat' dir='ltr'><strong>animm:</strong></span> <span class='ocrx_word' id='word_1_316' title='bbox 1629 2320 1720 2372; x_wconf 87' lang='lat' dir='ltr'><strong>sed</strong></span> <span class='ocrx_word' id='word_1_317' title='bbox 1761 2320 1825 2370; x_wconf 90' lang='lat' dir='ltr'><strong>de</strong></span> 
     </span>
    </p>
   </div>
   <div class='ocr_carea' id='block_1_40' title="bbox 290 2406 1827 2477">
    <p class='ocr_par' dir='ltr' id='par_1_40' title="bbox 290 2406 1827 2477">
     <span class='ocr_line' id='line_1_40' title="bbox 290 2406 1827 2477; baseline -0.007 -11"><span class='ocrx_word' id='word_1_318' title='bbox 290 2415 429 2467; x_wconf 88' lang='lat' dir='ltr'><strong>nulla</strong></span> <span class='ocrx_word' id='word_1_319' title='bbox 456 2415 652 2467; x_wconf 89' lang='lat' dir='ltr'><strong>dictum</strong></span> <span class='ocrx_word' id='word_1_320' title='bbox 681 2420 761 2465; x_wconf 88' lang='lat' dir='ltr'><strong>est</strong></span> <span class='ocrx_word' id='word_1_321' title='bbox 786 2430 798 2463; x_wconf 90' lang='lat'>:</span> <span class='ocrx_word' id='word_1_322' title='bbox 837 2411 1056 2464; x_wconf 83' lang='lat' dir='ltr'><strong>Verbum</strong></span> <span class='ocrx_word' id='word_1_323' title='bbox 1084 2426 1203 2462; x_wconf 88' lang='lat' dir='ltr'><strong>caro</strong></span> <span class='ocrx_word' id='word_1_324' title='bbox 1230 2410 1420 2477; x_wconf 76' lang='lat' dir='ltr'><strong>factum</strong></span> <span class='ocrx_word' id='word_1_325' title='bbox 1452 2418 1559 2469; x_wconf 87' lang='lat' dir='ltr'><strong>est;</strong></span> <span class='ocrx_word' id='word_1_326' title='bbox 1593 2408 1660 2461; x_wconf 91' lang='lat' dir='ltr'><strong>de</strong></span> <span class='ocrx_word' id='word_1_327' title='bbox 1685 2406 1827 2459; x_wconf 92' lang='lat' dir='ltr'><strong>nullo</strong></span> 
     </span>
    </p>
   </div>
   <div class='ocr_carea' id='block_1_41' title="bbox 289 2494 1826 2568">
    <p class='ocr_par' dir='ltr' id='par_1_41' title="bbox 289 2494 1826 2568">
     <span class='ocr_line' id='line_1_41' title="bbox 289 2494 1826 2568; baseline -0.005 -15"><span class='ocrx_word' id='word_1_328' title='bbox 289 2502 484 2561; x_wconf 85' lang='lat' dir='ltr'><strong>dictum</strong></span> <span class='ocrx_word' id='word_1_329' title='bbox 505 2510 585 2554; x_wconf 87' lang='lat' dir='ltr'><strong>est</strong></span> <span class='ocrx_word' id='word_1_330' title='bbox 607 2519 619 2551; x_wconf 90' lang='lat'>:</span> <span class='ocrx_word' id='word_1_331' title='bbox 649 2499 757 2568; x_wconf 86' lang='lat' dir='ltr'><strong>Ego</strong></span> <span class='ocrx_word' id='word_1_332' title='bbox 777 2510 822 2551; x_wconf 88' lang='lat' dir='ltr'><strong>et</strong></span> <span class='ocrx_word' id='word_1_333' title='bbox 846 2497 1003 2551; x_wconf 88' lang='lat' dir='ltr'><strong>Pater</strong></span> <span class='ocrx_word' id='word_1_334' title='bbox 1024 2514 1181 2550; x_wconf 88' lang='lat' dir='ltr'><strong>unum</strong></span> <span class='ocrx_word' id='word_1_335' title='bbox 1202 2511 1395 2549; x_wconf 86' lang='lat' dir='ltr'><strong>sumus.</strong></span> <span class='ocrx_word' id='word_1_336' title='bbox 1422 2495 1610 2548; x_wconf 81' lang='lat' dir='ltr'><strong>Anima</strong></span> <span class='ocrx_word' id='word_1_337' title='bbox 1631 2494 1826 2547; x_wconf 90' lang='lat' dir='ltr'><strong>Christi</strong></span> 
     </span>
    </p>
   </div>
   <div class='ocr_carea' id='block_1_42' title="bbox 288 2583 1825 2649">
    <p class='ocr_par' dir='ltr' id='par_1_42' title="bbox 288 2583 1825 2649">
     <span class='ocr_line' id='line_1_42' title="bbox 288 2583 1825 2649; baseline -0.007 -8"><span class='ocrx_word' id='word_1_338' title='bbox 288 2597 341 2641; x_wconf 91' lang='lat' dir='ltr'><strong>et</strong></span> <span class='ocrx_word' id='word_1_339' title='bbox 379 2603 503 2640; x_wconf 85' lang='lat' dir='ltr'><strong>caro</strong></span> <span class='ocrx_word' id='word_1_340' title='bbox 530 2587 727 2641; x_wconf 88' lang='lat' dir='ltr'><strong>Christi</strong></span> <span class='ocrx_word' id='word_1_341' title='bbox 750 2626 763 2646; x_wconf 88' lang='lat'><em>.</em></span> <span class='ocrx_word' id='word_1_342' title='bbox 815 2601 934 2639; x_wconf 93' lang='lat' dir='ltr'><strong>cum</strong></span> <span class='ocrx_word' id='word_1_343' title='bbox 964 2585 1137 2637; x_wconf 87' lang='lat' dir='ltr'><strong>Verbo</strong></span> <span class='ocrx_word' id='word_1_344' title='bbox 1182 2583 1274 2635; x_wconf 88' lang='lat' dir='ltr'><strong>Dei</strong></span> <span class='ocrx_word' id='word_1_345' title='bbox 1318 2595 1418 2634; x_wconf 90' lang='lat' dir='ltr'><strong>una</strong></span> <span class='ocrx_word' id='word_1_346' title='bbox 1456 2595 1678 2649; x_wconf 89' lang='lat' dir='ltr'><strong>persona</strong></span> <span class='ocrx_word' id='word_1_347' title='bbox 1709 2587 1825 2639; x_wconf 87' lang='lat' dir='ltr'><strong>est,</strong></span> 
     </span>
    </p>
   </div>
   <div class='ocr_carea' id='block_1_43' title="bbox 290 2669 1826 2737">
    <p class='ocr_par' dir='ltr' id='par_1_43' title="bbox 290 2669 1826 2737">
     <span class='ocr_line' id='line_1_43' title="bbox 290 2669 1826 2737; baseline -0.005 -11"><span class='ocrx_word' id='word_1_348' title='bbox 290 2690 424 2726; x_wconf 89' lang='lat' dir='ltr'><strong>unus</strong></span> <span class='ocrx_word' id='word_1_349' title='bbox 450 2673 691 2726; x_wconf 88' lang='lat' dir='ltr'><strong>Christus</strong></span> <span class='ocrx_word' id='word_1_350' title='bbox 718 2681 819 2723; x_wconf 87' lang='lat' dir='ltr'><strong>est.</strong></span> <span class='ocrx_word' id='word_1_351' title='bbox 860 2672 935 2723; x_wconf 80' lang='lat' dir='ltr'><strong>Ac</strong></span> <span class='ocrx_word' id='word_1_352' title='bbox 962 2684 1055 2737; x_wconf 85' lang='lat' dir='ltr'><strong>per</strong></span> <span class='ocrx_word' id='word_1_353' title='bbox 1084 2670 1184 2722; x_wconf 91' lang='lat' dir='ltr'><strong>hoc</strong></span> <span class='ocrx_word' id='word_1_354' title='bbox 1217 2669 1304 2721; x_wconf 91' lang='lat' dir='ltr'><strong>ubi</strong></span> <span class='ocrx_word' id='word_1_355' title='bbox 1335 2682 1539 2721; x_wconf 89' lang='lat' dir='ltr'><strong>summa</strong></span> <span class='ocrx_word' id='word_1_356' title='bbox 1570 2675 1826 2735; x_wconf 77' lang='lat' dir='ltr'><strong>potestas,</strong></span> 
     </span>
    </p>
   </div>
   <div class='ocr_carea' id='block_1_44' title="bbox 290 2756 1825 2817">
    <p class='ocr_par' dir='ltr' id='par_1_44' title="bbox 290 2756 1825 2817">
     <span class='ocr_line' id='line_1_44' title="bbox 290 2756 1825 2817; baseline -0.006 -2"><span class='ocrx_word' id='word_1_357' title='bbox 290 2765 360 2817; x_wconf 89' lang='lat' dir='ltr'><strong>ibi</strong></span> <span class='ocrx_word' id='word_1_358' title='bbox 390 2762 675 2816; x_wconf 88' lang='lat' dir='ltr'><strong>secundum</strong></span> <span class='ocrx_word' id='word_1_359' title='bbox 706 2760 990 2814; x_wconf 81' lang='lat' dir='ltr'><strong>voluntatis</strong></span> <span class='ocrx_word' id='word_1_360' title='bbox 1026 2768 1210 2811; x_wconf 90' lang='lat' dir='ltr'><strong>nutum</strong></span> <span class='ocrx_word' id='word_1_361' title='bbox 1250 2759 1491 2810; x_wconf 90' lang='lat' dir='ltr'><strong>turbatur</strong></span> <span class='ocrx_word' id='word_1_362' title='bbox 1527 2756 1825 2809; x_wconf 85' lang='lat' dir='ltr'><strong>inﬁrmitas.</strong></span> 
     </span>
    </p>
   </div>
   <div class='ocr_carea' id='block_1_45' title="bbox 292 2844 1830 2913">
    <p class='ocr_par' dir='ltr' id='par_1_45' title="bbox 292 2844 1830 2913">
     <span class='ocr_line' id='line_1_45' title="bbox 292 2844 1830 2913; baseline -0.007 -10"><span class='ocrx_word' id='word_1_363' title='bbox 292 2851 401 2903; x_wconf 84' lang='lat' dir='ltr'><strong>Hoc</strong></span> <span class='ocrx_word' id='word_1_364' title='bbox 427 2859 536 2912; x_wconf 88' lang='lat' dir='ltr'><strong>est,</strong></span> <span class='ocrx_word' id='word_1_365' title='bbox 580 2848 797 2900; x_wconf 84' lang='lat' dir='ltr'><strong>turbavit</strong></span> <span class='ocrx_word' id='word_1_366' title='bbox 826 2848 1166 2913; x_wconf 85' lang='lat' dir='ltr'><strong>semetipsum.</strong></span> <span class='ocrx_word' id='word_1_367' title='bbox 1215 2844 1331 2897; x_wconf 75' lang='lat' dir='ltr'><strong>Dixi</strong></span> <span class='ocrx_word' id='word_1_368' title='bbox 1360 2850 1673 2911; x_wconf 85' lang='lat' dir='ltr'><strong>potestatem</strong></span> <span class='ocrx_word' id='word_1_369' title='bbox 1692 2881 1707 2905; x_wconf 91' lang='lat'><strong><em>,</em></strong></span> <span class='ocrx_word' id='word_1_370' title='bbox 1750 2850 1830 2894; x_wconf 80' lang='lat' dir='ltr'><strong>at-</strong></span> 
     </span>
    </p>
   </div>
   <div class='ocr_carea' id='block_1_46' title="bbox 292 2934 1831 3005">
    <p class='ocr_par' dir='ltr' id='par_1_46' title="bbox 292 2934 1831 3005">
     <span class='ocr_line' id='line_1_46' title="bbox 292 2934 1831 3005; baseline -0.005 -16"><span class='ocrx_word' id='word_1_371' title='bbox 292 2938 447 2991; x_wconf 83' lang='lat' dir='ltr'><strong>tende</strong></span> <span class='ocrx_word' id='word_1_372' title='bbox 472 2936 926 3005; x_wconf 77' lang='lat' dir='ltr'><strong>signiﬁcationem.</strong></span> <span class='ocrx_word' id='word_1_373' title='bbox 957 2934 1172 3003; x_wconf 80' lang='lat' dir='ltr'><strong>Magnus</strong></span> <span class='ocrx_word' id='word_1_374' title='bbox 1200 2942 1377 2985; x_wconf 88' lang='lat' dir='ltr'><strong>reatus</strong></span> <span class='ocrx_word' id='word_1_375' title='bbox 1394 2939 1494 2993; x_wconf 85' lang='lat' dir='ltr'><strong>est,</strong></span> <span class='ocrx_word' id='word_1_376' title='bbox 1513 2945 1669 2999; x_wconf 87' lang='lat' dir='ltr'><strong>quem</strong></span> <span class='ocrx_word' id='word_1_377' title='bbox 1693 2944 1831 2983; x_wconf 84' lang='lat' dir='ltr'><strong>mor-</strong></span> 
     </span>
    </p>
   </div>
   <div class='ocr_carea' id='block_1_47' title="bbox 1918 1877 3466 1947">
    <p class='ocr_par' dir='ltr' id='par_1_47' title="bbox 1918 1877 3466 1947">
     <span class='ocr_line' id='line_1_47' title="bbox 1918 1877 3466 1947; baseline 0.001 -16"><span class='ocrx_word' id='word_1_378' title='bbox 1918 1879 2074 1947; x_wconf 83' lang='lat' dir='ltr'><strong>ipsis:</strong></span> <span class='ocrx_word' id='word_1_379' title='bbox 2108 1877 2229 1929; x_wconf 85' lang='lat' dir='ltr'><strong>Non</strong></span> <span class='ocrx_word' id='word_1_380' title='bbox 2255 1888 2449 1946; x_wconf 87' lang='lat' dir='ltr'><strong>poterat</strong></span> <span class='ocrx_word' id='word_1_381' title='bbox 2474 1878 2555 1930; x_wconf 88' lang='lat' dir='ltr'><strong>hic</strong></span> <span class='ocrx_word' id='word_1_382' title='bbox 2583 1880 2669 1946; x_wconf 88' lang='lat' dir='ltr'><strong>qui</strong></span> <span class='ocrx_word' id='word_1_383' title='bbox 2699 1880 2897 1947; x_wconf 83' lang='lat' dir='ltr'><strong>aperuit</strong></span> <span class='ocrx_word' id='word_1_384' title='bbox 2926 1879 3100 1933; x_wconf 82' lang='lat' dir='ltr'><strong>oculos</strong></span> <span class='ocrx_word' id='word_1_385' title='bbox 3123 1881 3268 1943; x_wconf 68' lang='lat' dir='ltr'><strong>caci,</strong></span> <span class='ocrx_word' id='word_1_386' title='bbox 3296 1881 3466 1946; x_wconf 77' lang='lat' dir='ltr'><strong>facere</strong></span> 
     </span>
    </p>
   </div>
   <div class='ocr_carea' id='block_1_48' title="bbox 1921 1964 3467 2031">
    <p class='ocr_par' dir='ltr' id='par_1_48' title="bbox 1921 1964 3467 2031">
     <span class='ocr_line' id='line_1_48' title="bbox 1921 1964 3467 2031; baseline 0.002 -14"><span class='ocrx_word' id='word_1_387' title='bbox 1921 1976 1975 2018; x_wconf 83' lang='lat' dir='ltr'><strong>ut</strong></span> <span class='ocrx_word' id='word_1_388' title='bbox 1995 1966 2076 2018; x_wconf 92' lang='lat' dir='ltr'><strong>hic</strong></span> <span class='ocrx_word' id='word_1_389' title='bbox 2096 1982 2195 2019; x_wconf 83' lang='lat' dir='ltr'><strong>non</strong></span> <span class='ocrx_word' id='word_1_390' title='bbox 2217 1964 2542 2018; x_wconf 80' lang='lat' dir='ltr'><strong>moreretur?</strong></span> <span class='ocrx_word' id='word_1_391' title='bbox 2573 1966 2672 2031; x_wconf 90' lang='lat' dir='ltr'><strong>Qui</strong></span> <span class='ocrx_word' id='word_1_392' title='bbox 2695 1968 2860 2020; x_wconf 89' lang='lat' dir='ltr'><strong>noluit</strong></span> <span class='ocrx_word' id='word_1_393' title='bbox 2880 1967 3055 2021; x_wconf 81' lang='lat' dir='ltr'><strong>facere</strong></span> <span class='ocrx_word' id='word_1_394' title='bbox 3084 1979 3141 2021; x_wconf 92' lang='lat' dir='ltr'><strong>ut</strong></span> <span class='ocrx_word' id='word_1_395' title='bbox 3168 1985 3270 2022; x_wconf 86' lang='lat' dir='ltr'><strong>non</strong></span> <span class='ocrx_word' id='word_1_396' title='bbox 3296 1985 3467 2022; x_wconf 81' lang='lat' dir='ltr'><strong>morr-</strong></span> 
     </span>
    </p>
   </div>
   <div class='ocr_carea' id='block_1_49' title="bbox 1923 2053 3463 2121">
    <p class='ocr_par' dir='ltr' id='par_1_49' title="bbox 1923 2053 3463 2121">
     <span class='ocr_line' id='line_1_49' title="bbox 1923 2053 3463 2121; baseline 0.001 -14"><span class='ocrx_word' id='word_1_397' title='bbox 1923 2063 2083 2116; x_wconf 90' lang='lat' dir='ltr'><strong>retur,</strong></span> <span class='ocrx_word' id='word_1_398' title='bbox 2113 2054 2231 2121; x_wconf 83' lang='lat' dir='ltr'><strong>plus</strong></span> <span class='ocrx_word' id='word_1_399' title='bbox 2256 2062 2336 2105; x_wconf 89' lang='lat' dir='ltr'><strong>est</strong></span> <span class='ocrx_word' id='word_1_400' title='bbox 2362 2056 2501 2120; x_wconf 88' lang='lat' dir='ltr'><strong>quod</strong></span> <span class='ocrx_word' id='word_1_401' title='bbox 2533 2053 2770 2107; x_wconf 81' lang='lat' dir='ltr'><strong>facturus</strong></span> <span class='ocrx_word' id='word_1_402' title='bbox 2797 2066 2907 2118; x_wconf 88' lang='lat' dir='ltr'><strong>est,</strong></span> <span class='ocrx_word' id='word_1_403' title='bbox 2939 2064 2997 2108; x_wconf 92' lang='lat' dir='ltr'><strong>ut</strong></span> <span class='ocrx_word' id='word_1_404' title='bbox 3028 2065 3265 2110; x_wconf 88' lang='lat' dir='ltr'><strong>mortuus</strong></span> <span class='ocrx_word' id='word_1_405' title='bbox 3294 2058 3463 2110; x_wconf 65' lang='lat' dir='ltr'><strong>uisci-</strong></span> 
     </span>
    </p>
   </div>
   <div class='ocr_carea' id='block_1_50' title="bbox 1922 2141 3468 2211">
    <p class='ocr_par' dir='ltr' id='par_1_50' title="bbox 1922 2141 3468 2211">
     <span class='ocr_line' id='line_1_50' title="bbox 1922 2141 3468 2211; baseline 0.001 -17"><span class='ocrx_word' id='word_1_406' title='bbox 1922 2151 2081 2194; x_wconf 89' lang='lat' dir='ltr'><strong>tetur.</strong></span> <span class='ocrx_word' id='word_1_407' title='bbox 2115 2141 2277 2209; x_wconf 69' lang='lat' dir='ltr'><strong>(Vsus</strong></span> <span class='ocrx_word' id='word_1_408' title='bbox 2322 2142 2434 2209; x_wconf 79' lang='lat'><strong>38.)</strong></span> <span class='ocrx_word' id='word_1_409' title='bbox 2464 2141 2614 2194; x_wconf 73' lang='lat' dir='ltr'><strong>Iesus</strong></span> <span class='ocrx_word' id='word_1_410' title='bbox 2646 2158 2823 2194; x_wconf 80' lang='lat' dir='ltr'><strong>rursus</strong></span> <span class='ocrx_word' id='word_1_411' title='bbox 2848 2142 3067 2210; x_wconf 76' lang='lat' dir='ltr'><strong>fremens</strong></span> <span class='ocrx_word' id='word_1_412' title='bbox 3095 2145 3149 2196; x_wconf 84' lang='lat' dir='ltr'><strong>in</strong></span> <span class='ocrx_word' id='word_1_413' title='bbox 3176 2146 3468 2211; x_wconf 79' lang='lat' dir='ltr'><strong>semetipso,</strong></span> 
     </span>
    </p>
   </div>
   <div class='ocr_carea' id='block_1_51' title="bbox 1923 2222 3470 2299">
    <p class='ocr_par' dir='ltr' id='par_1_51' title="bbox 1923 2222 3470 2299">
     <span class='ocr_line' id='line_1_51' title="bbox 1923 2222 3470 2299; baseline 0.001 -16"><span class='ocrx_word' id='word_1_414' title='bbox 1923 2233 2051 2283; x_wconf 81' lang='lat' dir='ltr'><strong>venit</strong></span> <span class='ocrx_word' id='word_1_415' title='bbox 2082 2231 2148 2282; x_wconf 90' lang='lat' dir='ltr'><strong>ad</strong></span> <span class='ocrx_word' id='word_1_416' title='bbox 2176 2242 2577 2283; x_wconf 71' lang='lat' dir='ltr'><strong>monumenmm.</strong></span> <span class='ocrx_word' id='word_1_417' title='bbox 2628 2230 2826 2285; x_wconf 83' lang='lat' dir='ltr'><strong>Fremit</strong></span> <span class='ocrx_word' id='word_1_418' title='bbox 2862 2240 2915 2283; x_wconf 85' lang='lat' dir='ltr'><strong>ct</strong></span> <span class='ocrx_word' id='word_1_419' title='bbox 2953 2233 3005 2283; x_wconf 91' lang='lat' dir='ltr'><strong>in</strong></span> <span class='ocrx_word' id='word_1_420' title='bbox 3044 2222 3124 2295; x_wconf 82' lang='lat' dir='ltr'><strong>te,</strong></span> <span class='ocrx_word' id='word_1_421' title='bbox 3166 2233 3209 2285; x_wconf 88' lang='lat' dir='ltr'><strong>si</strong></span> <span class='ocrx_word' id='word_1_422' title='bbox 3235 2232 3470 2299; x_wconf 80' lang='lat' dir='ltr'><strong>disponis</strong></span> 
     </span>
    </p>
   </div>
   <div class='ocr_carea' id='block_1_52' title="bbox 1924 2318 3466 2388">
    <p class='ocr_par' dir='ltr' id='par_1_52' title="bbox 1924 2318 3466 2388">
     <span class='ocr_line' id='line_1_52' title="bbox 1924 2318 3466 2388; baseline 0 -16"><span class='ocrx_word' id='word_1_423' title='bbox 1924 2320 2255 2372; x_wconf 74' lang='lat' dir='ltr'><strong>reviviscere.</strong></span> <span class='ocrx_word' id='word_1_424' title='bbox 2287 2318 2440 2371; x_wconf 88' lang='lat' dir='ltr'><strong>Omni</strong></span> <span class='ocrx_word' id='word_1_425' title='bbox 2474 2319 2671 2371; x_wconf 87' lang='lat' dir='ltr'><strong>homini</strong></span> <span class='ocrx_word' id='word_1_426' title='bbox 2699 2320 2911 2381; x_wconf 79' lang='lat' dir='ltr'><strong>dicitur,</strong></span> <span class='ocrx_word' id='word_1_427' title='bbox 2943 2321 3032 2387; x_wconf 89' lang='lat' dir='ltr'><strong>qui</strong></span> <span class='ocrx_word' id='word_1_428' title='bbox 3062 2321 3322 2386; x_wconf 88' lang='lat' dir='ltr'><strong>premitur</strong></span> <span class='ocrx_word' id='word_1_429' title='bbox 3347 2335 3466 2388; x_wconf 50' lang='lat' dir='ltr'><strong>per</strong></span> 
     </span>
    </p>
   </div>
   <div class='ocr_carea' id='block_1_53' title="bbox 1924 2406 3469 2461">
    <p class='ocr_par' dir='ltr' id='par_1_53' title="bbox 1924 2406 3469 2461">
     <span class='ocr_line' id='line_1_53' title="bbox 1924 2406 3469 2461; baseline 0.001 -2"><span class='ocrx_word' id='word_1_430' title='bbox 1924 2407 2054 2459; x_wconf 90' lang='lat' dir='ltr'><strong>sima</strong></span> <span class='ocrx_word' id='word_1_431' title='bbox 2094 2408 2471 2461; x_wconf 87' lang='lat' dir='ltr'><strong>consuetudine</strong></span> <span class='ocrx_word' id='word_1_432' title='bbox 2509 2425 2521 2459; x_wconf 92' lang='lat'>:</span> <span class='ocrx_word' id='word_1_433' title='bbox 2578 2406 2721 2459; x_wconf 78' lang='lat' dir='ltr'><strong>l&#39;enit</strong></span> <span class='ocrx_word' id='word_1_434' title='bbox 2771 2406 2838 2460; x_wconf 71' lang='lat' dir='ltr'><strong>ad</strong></span> <span class='ocrx_word' id='word_1_435' title='bbox 2883 2416 3286 2460; x_wconf 82' lang='lat' dir='ltr'><strong>monumentum.</strong></span> <span class='ocrx_word' id='word_1_436' title='bbox 3338 2408 3469 2461; x_wconf 74' lang='lat' dir='ltr'><strong>Erat</strong></span> 
     </span>
    </p>
   </div>
   <div class='ocr_carea' id='block_1_54' title="bbox 1924 2496 3471 2566">
    <p class='ocr_par' dir='ltr' id='par_1_54' title="bbox 1924 2496 3471 2566">
     <span class='ocr_line' id='line_1_54' title="bbox 1924 2496 3471 2566; baseline 0.002 -19"><span class='ocrx_word' id='word_1_437' title='bbox 1924 2506 2093 2548; x_wconf 77' lang='lat' dir='ltr'><strong>autent</strong></span> <span class='ocrx_word' id='word_1_438' title='bbox 2114 2496 2375 2564; x_wconf 84' lang='lat' dir='ltr'><strong>spelunca,</strong></span> <span class='ocrx_word' id='word_1_439' title='bbox 2395 2507 2442 2548; x_wconf 90' lang='lat' dir='ltr'><strong>et</strong></span> <span class='ocrx_word' id='word_1_440' title='bbox 2469 2497 2599 2566; x_wconf 82' lang='lat' dir='ltr'><strong>lapis</strong></span> <span class='ocrx_word' id='word_1_441' title='bbox 2626 2497 2969 2565; x_wconf 83' lang='lat' dir='ltr'><strong>superpositus</strong></span> <span class='ocrx_word' id='word_1_442' title='bbox 2996 2506 3104 2549; x_wconf 88' lang='lat' dir='ltr'><strong>erat</strong></span> <span class='ocrx_word' id='word_1_443' title='bbox 3130 2498 3196 2549; x_wconf 92' lang='lat' dir='ltr'><strong>ei.</strong></span> <span class='ocrx_word' id='word_1_444' title='bbox 3236 2496 3471 2550; x_wconf 73' lang='lat' dir='ltr'><strong>Mortuus</strong></span> 
     </span>
    </p>
   </div>
   <div class='ocr_carea' id='block_1_55' title="bbox 1926 2584 3472 2655">
    <p class='ocr_par' dir='ltr' id='par_1_55' title="bbox 1926 2584 3472 2655">
     <span class='ocr_line' id='line_1_55' title="bbox 1926 2584 3472 2655; baseline 0.001 -18"><span class='ocrx_word' id='word_1_445' title='bbox 1926 2586 2023 2638; x_wconf 87' lang='lat' dir='ltr'><strong>sub</strong></span> <span class='ocrx_word' id='word_1_446' title='bbox 2052 2584 2243 2653; x_wconf 89' lang='lat' dir='ltr'><strong>lapide,</strong></span> <span class='ocrx_word' id='word_1_447' title='bbox 2270 2600 2393 2639; x_wconf 87' lang='lat' dir='ltr'><strong>reus</strong></span> <span class='ocrx_word' id='word_1_448' title='bbox 2419 2587 2515 2639; x_wconf 88' lang='lat' dir='ltr'><strong>sub</strong></span> <span class='ocrx_word' id='word_1_449' title='bbox 2541 2586 2675 2653; x_wconf 88' lang='lat' dir='ltr'><strong>lege.</strong></span> <span class='ocrx_word' id='word_1_450' title='bbox 2711 2584 2871 2639; x_wconf 77' lang='lat' dir='ltr'><strong>Scitis</strong></span> <span class='ocrx_word' id='word_1_451' title='bbox 2893 2586 3032 2638; x_wconf 91' lang='lat' dir='ltr'><strong>enim</strong></span> <span class='ocrx_word' id='word_1_452' title='bbox 3076 2587 3198 2653; x_wconf 88' lang='lat' dir='ltr'><strong>quia</strong></span> <span class='ocrx_word' id='word_1_453' title='bbox 3227 2586 3331 2647; x_wconf 82' lang='lat' dir='ltr'><strong>les,</strong></span> <span class='ocrx_word' id='word_1_454' title='bbox 3354 2601 3472 2655; x_wconf 68' lang='lat' dir='ltr'><strong>quae</strong></span> 
     </span>
    </p>
   </div>
   <div class='ocr_carea' id='block_1_56' title="bbox 1925 2672 3469 2745">
    <p class='ocr_par' dir='ltr' id='par_1_56' title="bbox 1925 2672 3469 2745">
     <span class='ocr_line' id='line_1_56' title="bbox 1925 2672 3469 2745; baseline 0.001 -20"><span class='ocrx_word' id='word_1_455' title='bbox 1925 2673 2046 2725; x_wconf 88' lang='lat' dir='ltr'><strong>data</strong></span> <span class='ocrx_word' id='word_1_456' title='bbox 2067 2682 2147 2725; x_wconf 83' lang='lat' dir='ltr'><strong>est</strong></span> <span class='ocrx_word' id='word_1_457' title='bbox 2164 2672 2377 2735; x_wconf 71' lang='lat' dir='ltr'><strong>indicis,</strong></span> <span class='ocrx_word' id='word_1_458' title='bbox 2400 2675 2452 2725; x_wconf 90' lang='lat' dir='ltr'><strong>in</strong></span> <span class='ocrx_word' id='word_1_459' title='bbox 2476 2675 2645 2742; x_wconf 88' lang='lat' dir='ltr'><strong>lapide</strong></span> <span class='ocrx_word' id='word_1_460' title='bbox 2666 2676 2860 2742; x_wconf 85' lang='lat' dir='ltr'><strong>scripta</strong></span> <span class='ocrx_word' id='word_1_461' title='bbox 2881 2684 2961 2728; x_wconf 83' lang='lat' dir='ltr'><strong>est</strong></span> <span class='ocrx_word' id='word_1_462' title='bbox 2981 2674 3173 2745; x_wconf 80' lang='lat' dir='ltr'><strong>(Exod.</strong></span> <span class='ocrx_word' id='word_1_463' title='bbox 3194 2690 3340 2737; x_wconf 77' lang='lat' dir='ltr'><strong>snt,</strong></span> <span class='ocrx_word' id='word_1_464' title='bbox 3362 2675 3469 2733; x_wconf 76' lang='lat'><strong>18}.</strong></span> 
     </span>
    </p>
   </div>
   <div class='ocr_carea' id='block_1_57' title="bbox 1927 2760 3474 2832">
    <p class='ocr_par' dir='ltr' id='par_1_57' title="bbox 1927 2760 3474 2832">
     <span class='ocr_line' id='line_1_57' title="bbox 1927 2760 3474 2832; baseline 0.001 -18"><span class='ocrx_word' id='word_1_465' title='bbox 1927 2760 2122 2815; x_wconf 89' lang='lat' dir='ltr'><strong>Omnes</strong></span> <span class='ocrx_word' id='word_1_466' title='bbox 2148 2771 2324 2815; x_wconf 90' lang='lat' dir='ltr'><strong>autem</strong></span> <span class='ocrx_word' id='word_1_467' title='bbox 2353 2763 2428 2815; x_wconf 90' lang='lat' dir='ltr'><strong>rei</strong></span> <span class='ocrx_word' id='word_1_468' title='bbox 2460 2764 2557 2815; x_wconf 86' lang='lat' dir='ltr'><strong>sub</strong></span> <span class='ocrx_word' id='word_1_469' title='bbox 2584 2763 2693 2832; x_wconf 84' lang='lat' dir='ltr'><strong>lege</strong></span> <span class='ocrx_word' id='word_1_470' title='bbox 2721 2772 2843 2816; x_wconf 84' lang='lat' dir='ltr'><strong>sunt</strong></span> <span class='ocrx_word' id='word_1_471' title='bbox 2867 2782 2879 2815; x_wconf 92' lang='lat'><strong>:</strong></span> <span class='ocrx_word' id='word_1_472' title='bbox 2913 2766 3045 2817; x_wconf 86' lang='lat' dir='ltr'><strong>bene</strong></span> <span class='ocrx_word' id='word_1_473' title='bbox 3075 2764 3309 2817; x_wconf 81' lang='lat' dir='ltr'><strong>\iventes</strong></span> <span class='ocrx_word' id='word_1_474' title='bbox 3332 2765 3474 2817; x_wconf 80' lang='lat' dir='ltr'><strong>enim</strong></span> 
     </span>
    </p>
   </div>
   <div class='ocr_carea' id='block_1_58' title="bbox 1928 2846 3475 2921">
    <p class='ocr_par' dir='ltr' id='par_1_58' title="bbox 1928 2846 3475 2921">
     <span class='ocr_line' id='line_1_58' title="bbox 1928 2846 3475 2921; baseline 0.003 -22"><span class='ocrx_word' id='word_1_475' title='bbox 1928 2848 1983 2900; x_wconf 92' lang='lat' dir='ltr'><strong>in</strong></span> <span class='ocrx_word' id='word_1_476' title='bbox 2027 2846 2140 2915; x_wconf 86' lang='lat' dir='ltr'><strong>lege</strong></span> <span class='ocrx_word' id='word_1_477' title='bbox 2184 2863 2287 2900; x_wconf 91' lang='lat' dir='ltr'><strong>non</strong></span> <span class='ocrx_word' id='word_1_478' title='bbox 2334 2858 2457 2901; x_wconf 88' lang='lat' dir='ltr'><strong>sunt</strong></span> <span class='ocrx_word' id='word_1_479' title='bbox 2486 2848 2663 2918; x_wconf 78' lang='lat' dir='ltr'><strong>[Aug.,</strong></span> <span class='ocrx_word' id='word_1_480' title='bbox 2690 2865 2809 2903; x_wconf 86' lang='lat' dir='ltr'><strong>cum</strong></span> <span class='ocrx_word' id='word_1_481' title='bbox 2843 2850 2955 2919; x_wconf 86' lang='lat' dir='ltr'><strong>lege</strong></span> <span class='ocrx_word' id='word_1_482' title='bbox 2988 2850 3155 2921; x_wconf 87' lang='lat' dir='ltr'><strong>sunt].</strong></span> <span class='ocrx_word' id='word_1_483' title='bbox 3202 2848 3354 2904; x_wconf 85' lang='lat' dir='ltr'><strong>Justo</strong></span> <span class='ocrx_word' id='word_1_484' title='bbox 3390 2851 3475 2904; x_wconf 77' lang='lat' dir='ltr'><strong>lex</strong></span> 
     </span>
    </p>
   </div>
   <div class='ocr_carea' id='block_1_59' title="bbox 1928 2937 3471 3012">
    <p class='ocr_par' dir='ltr' id='par_1_59' title="bbox 1928 2937 3471 3012">
     <span class='ocr_line' id='line_1_59' title="bbox 1928 2937 3471 3012; baseline 0.005 -23"><span class='ocrx_word' id='word_1_485' title='bbox 1928 2937 2096 3006; x_wconf 88' lang='lat' dir='ltr'><strong>posita</strong></span> <span class='ocrx_word' id='word_1_486' title='bbox 2128 2952 2230 2990; x_wconf 90' lang='lat' dir='ltr'><strong>non</strong></span> <span class='ocrx_word' id='word_1_487' title='bbox 2252 2945 2333 2991; x_wconf 87' lang='lat' dir='ltr'><strong>est</strong></span> <span class='ocrx_word' id='word_1_488' title='bbox 2360 2937 2407 3007; x_wconf 88' lang='grc'><strong>(1</strong></span> <span class='ocrx_word' id='word_1_489' title='bbox 2437 2937 2571 2991; x_wconf 84' lang='lat' dir='ltr'><strong>Tim.</strong></span> <span class='ocrx_word' id='word_1_490' title='bbox 2605 2955 2638 3003; x_wconf 86' lang='grc' dir='ltr'><strong>ι,</strong></span> <span class='ocrx_word' id='word_1_491' title='bbox 2673 2939 2746 3008; x_wconf 87' lang='lat'><strong>9).</strong></span> <span class='ocrx_word' id='word_1_492' title='bbox 2806 2942 2939 3005; x_wconf 73' lang='lat' dir='ltr'><strong>Quid</strong></span> <span class='ocrx_word' id='word_1_493' title='bbox 2966 2950 3047 2995; x_wconf 82' lang='lat' dir='ltr'><strong>est</strong></span> <span class='ocrx_word' id='word_1_494' title='bbox 3071 2957 3200 3011; x_wconf 89' lang='lat' dir='ltr'><strong>ergo</strong></span> <span class='ocrx_word' id='word_1_495' title='bbox 3247 2943 3471 3012; x_wconf 85' lang='lat' dir='ltr'><strong>lapidem</strong></span> 
     </span>
    </p>
   </div>
   <div class='ocr_carea' id='block_1_60' title="bbox 293 3022 3473 3099">
    <p class='ocr_par' dir='ltr' id='par_1_60' title="bbox 293 3022 3473 3099">
     <span class='ocr_line' id='line_1_60' title="bbox 293 3022 3473 3099; baseline 0.001 -17"><span class='ocrx_word' id='word_1_496' title='bbox 293 3031 362 3082; x_wconf 87' lang='lat' dir='ltr'><strong>tis</strong></span> <span class='ocrx_word' id='word_1_497' title='bbox 389 3027 753 3095; x_wconf 70' lang='lat' dir='ltr'><strong>quatriduanie</strong></span> <span class='ocrx_word' id='word_1_498' title='bbox 797 3025 883 3077; x_wconf 89' lang='lat' dir='ltr'><strong>illa</strong></span> <span class='ocrx_word' id='word_1_499' title='bbox 927 3024 1189 3093; x_wconf 87' lang='lat' dir='ltr'><strong>signiﬁcat</strong></span> <span class='ocrx_word' id='word_1_500' title='bbox 1218 3023 1485 3092; x_wconf 88' lang='lat' dir='ltr'><strong>sepultura</strong></span> <span class='ocrx_word' id='word_1_501' title='bbox 1514 3022 1691 3093; x_wconf 77' lang='lat' dir='ltr'><strong>[Aug.,</strong></span> <span class='ocrx_word' id='word_1_502' title='bbox 1722 3024 1835 3078; x_wconf 70' lang='grc' dir='ltr'><strong>Μει-</strong></span> <span class='ocrx_word' id='word_1_503' title='bbox 1872 3096 1897 3099; x_wconf 76' lang='lat'>_</span> <span class='ocrx_word' id='word_1_504' title='bbox 1931 3027 2241 3079; x_wconf 84' lang='lat' dir='ltr'><strong>removere?</strong></span> <span class='ocrx_word' id='word_1_505' title='bbox 2265 3026 2501 3080; x_wconf 86' lang='lat' dir='ltr'><strong>Gratiam</strong></span> <span class='ocrx_word' id='word_1_506' title='bbox 2526 3029 2832 3096; x_wconf 63' lang='lat' dir='ltr'><strong>praedicare.</strong></span> <span class='ocrx_word' id='word_1_507' title='bbox 2866 3031 3147 3099; x_wconf 81' lang='lat' dir='ltr'><strong>Apostolus</strong></span> <span class='ocrx_word' id='word_1_508' title='bbox 3170 3034 3310 3085; x_wconf 90' lang='lat' dir='ltr'><strong>enim</strong></span> <span class='ocrx_word' id='word_1_509' title='bbox 3340 3032 3473 3084; x_wconf 84' lang='lat' dir='ltr'><strong>Pau-</strong></span> 
     </span>
    </p>
   </div>
   <div class='ocr_carea' id='block_1_61' title="bbox 291 3096 3467 3183">
    <p class='ocr_par' dir='ltr' id='par_1_61' title="bbox 291 3096 3467 3183">
     <span class='ocr_line' id='line_1_61' title="bbox 291 3096 3467 3183; baseline 0.001 -16"><span class='ocrx_word' id='word_1_510' title='bbox 291 3130 425 3183; x_wconf 87' lang='lat' dir='ltr'><strong>gnus</strong></span> <span class='ocrx_word' id='word_1_511' title='bbox 465 3129 586 3167; x_wconf 87' lang='lat' dir='ltr'><strong>reus</strong></span> <span class='ocrx_word' id='word_1_512' title='bbox 626 3121 741 3173; x_wconf 89' lang='lat' dir='ltr'><strong>est,</strong></span> <span class='ocrx_word' id='word_1_513' title='bbox 765 3127 943 3181; x_wconf 78' lang='lat' dir='ltr'><strong>.quem</strong></span> <span class='ocrx_word' id='word_1_514' title='bbox 988 3113 1172 3165; x_wconf 91' lang='lat' dir='ltr'><strong>mortis</strong></span> <span class='ocrx_word' id='word_1_515' title='bbox 1228 3113 1562 3181; x_wconf 84' lang='lat' dir='ltr'><strong>quatriduum</strong></span> <span class='ocrx_word' id='word_1_516' title='bbox 1585 3152 1600 3175; x_wconf 96' lang='lat'><strong>,</strong></span> <span class='ocrx_word' id='word_1_517' title='bbox 1645 3120 1701 3165; x_wconf 91' lang='lat' dir='ltr'><strong>et</strong></span> <span class='ocrx_word' id='word_1_518' title='bbox 1741 3112 1828 3165; x_wconf 86' lang='lat' dir='ltr'><strong>illa</strong></span> <span class='ocrx_word' id='word_1_519' title='bbox 1933 3114 2014 3167; x_wconf 85' lang='lat' dir='ltr'><strong>lus</strong></span> <span class='ocrx_word' id='word_1_520' title='bbox 2045 3115 2343 3167; x_wconf 87' lang='lat' dir='ltr'><strong>ministrum</strong></span> <span class='ocrx_word' id='word_1_521' title='bbox 2371 3128 2428 3167; x_wconf 87' lang='lat' dir='ltr'><strong>se</strong></span> <span class='ocrx_word' id='word_1_522' title='bbox 2454 3115 2583 3167; x_wconf 89' lang='lat' dir='ltr'><strong>dicit</strong></span> <span class='ocrx_word' id='word_1_523' title='bbox 2610 3117 2731 3169; x_wconf 89' lang='lat' dir='ltr'><strong>novi</strong></span> <span class='ocrx_word' id='word_1_524' title='bbox 2764 3096 3084 3179; x_wconf 77' lang='lat' dir='ltr'><strong>testamenti,</strong></span> <span class='ocrx_word' id='word_1_525' title='bbox 3126 3133 3229 3171; x_wconf 90' lang='lat' dir='ltr'><strong>non</strong></span> <span class='ocrx_word' id='word_1_526' title='bbox 3258 3118 3467 3178; x_wconf 74' lang='lat' dir='ltr'><strong>litterze.</strong></span> 
     </span>
    </p>
   </div>
   <div class='ocr_carea' id='block_1_62' title="bbox 292 3198 1832 3271">
    <p class='ocr_par' dir='ltr' id='par_1_62' title="bbox 292 3198 1832 3271">
     <span class='ocr_line' id='line_1_62' title="bbox 292 3198 1832 3271; baseline -0.003 -15"><span class='ocrx_word' id='word_1_527' title='bbox 292 3203 554 3271; x_wconf 84' lang='lat' dir='ltr'><strong>signiﬁcat</strong></span> <span class='ocrx_word' id='word_1_528' title='bbox 587 3198 899 3271; x_wconf 69' lang='lat' dir='ltr'><strong>Sepultum].</strong></span> <span class='ocrx_word' id='word_1_529' title='bbox 943 3199 1079 3265; x_wconf 86' lang='lat' dir='ltr'><strong>Quid</strong></span> <span class='ocrx_word' id='word_1_530' title='bbox 1120 3208 1201 3253; x_wconf 90' lang='lat' dir='ltr'><strong>est</strong></span> <span class='ocrx_word' id='word_1_531' title='bbox 1231 3214 1357 3268; x_wconf 90' lang='lat' dir='ltr'><strong>ergo</strong></span> <span class='ocrx_word' id='word_1_532' title='bbox 1383 3198 1520 3267; x_wconf 91' lang='lat' dir='ltr'><strong>quod</strong></span> <span class='ocrx_word' id='word_1_533' title='bbox 1547 3199 1723 3252; x_wconf 88' lang='lat' dir='ltr'><strong>turbat</strong></span> <span class='ocrx_word' id='word_1_534' title='bbox 1751 3212 1832 3251; x_wconf 85' lang='lat' dir='ltr'><strong>se-</strong></span> 
     </span>
    </p>
   </div>
   <div class='ocr_carea' id='block_1_63' title="bbox 219 3288 1833 3361">
    <p class='ocr_par' dir='ltr' id='par_1_63' title="bbox 219 3288 1833 3361">
     <span class='ocr_line' id='line_1_63' title="bbox 219 3288 1833 3361; baseline -0.005 -14"><span class='ocrx_word' id='word_1_535' title='bbox 219 3293 222 3296; x_wconf 79' lang='grc'><strong>’</strong></span> <span class='ocrx_word' id='word_1_536' title='bbox 294 3295 573 3361; x_wconf 87' lang='lat' dir='ltr'><strong>mctipsum</strong></span> <span class='ocrx_word' id='word_1_537' title='bbox 601 3293 873 3353; x_wconf 88' lang='lat' dir='ltr'><strong>Christus,</strong></span> <span class='ocrx_word' id='word_1_538' title='bbox 909 3290 1011 3343; x_wconf 86' lang='lat' dir='ltr'><strong>nisi</strong></span> <span class='ocrx_word' id='word_1_539' title='bbox 1048 3300 1108 3342; x_wconf 93' lang='lat' dir='ltr'><strong>ut</strong></span> <span class='ocrx_word' id='word_1_540' title='bbox 1142 3289 1403 3358; x_wconf 87' lang='lat' dir='ltr'><strong>signiﬁcet</strong></span> <span class='ocrx_word' id='word_1_541' title='bbox 1439 3288 1531 3341; x_wconf 90' lang='lat' dir='ltr'><strong>tibi</strong></span> <span class='ocrx_word' id='word_1_542' title='bbox 1571 3288 1833 3354; x_wconf 91' lang='lat' dir='ltr'><strong>quomodo</strong></span> 
     </span>
    </p>
   </div>
   <div class='ocr_carea' id='block_1_64' title="bbox 293 3378 1836 3447">
    <p class='ocr_par' dir='ltr' id='par_1_64' title="bbox 293 3378 1836 3447">
     <span class='ocr_line' id='line_1_64' title="bbox 293 3378 1836 3447; baseline -0.003 -10"><span class='ocrx_word' id='word_1_543' title='bbox 293 3384 493 3437; x_wconf 90' lang='lat' dir='ltr'><strong>turbari</strong></span> <span class='ocrx_word' id='word_1_544' title='bbox 538 3392 591 3435; x_wconf 92' lang='lat' dir='ltr'><strong>tu</strong></span> <span class='ocrx_word' id='word_1_545' title='bbox 634 3383 843 3441; x_wconf 85' lang='lat' dir='ltr'><strong>debeas,</strong></span> <span class='ocrx_word' id='word_1_546' title='bbox 876 3395 997 3433; x_wconf 89' lang='lat' dir='ltr'><strong>cum</strong></span> <span class='ocrx_word' id='word_1_547' title='bbox 1030 3386 1173 3432; x_wconf 88' lang='lat' dir='ltr'><strong>tanta</strong></span> <span class='ocrx_word' id='word_1_548' title='bbox 1201 3378 1339 3431; x_wconf 89' lang='lat' dir='ltr'><strong>mole</strong></span> <span class='ocrx_word' id='word_1_549' title='bbox 1366 3378 1567 3445; x_wconf 89' lang='lat' dir='ltr'><strong>peccati</strong></span> <span class='ocrx_word' id='word_1_550' title='bbox 1598 3379 1836 3447; x_wconf 82' lang='lat' dir='ltr'><strong>gravaris</strong></span> 
     </span>
    </p>
   </div>
   <div class='ocr_carea' id='block_1_65' title="bbox 292 3464 1831 3539">
    <p class='ocr_par' dir='ltr' id='par_1_65' title="bbox 292 3464 1831 3539">
     <span class='ocr_line' id='line_1_65' title="bbox 292 3464 1831 3539; baseline -0.005 -14"><span class='ocrx_word' id='word_1_551' title='bbox 292 3481 347 3525; x_wconf 91' lang='lat' dir='ltr'><strong>et</strong></span> <span class='ocrx_word' id='word_1_552' title='bbox 382 3470 676 3539; x_wconf 84' lang='lat' dir='ltr'><strong>premeris?</strong></span> <span class='ocrx_word' id='word_1_553' title='bbox 724 3468 1007 3520; x_wconf 83' lang='lat' dir='ltr'><strong>Attendisti</strong></span> <span class='ocrx_word' id='word_1_554' title='bbox 1043 3464 1183 3522; x_wconf 88' lang='lat' dir='ltr'><strong>enim</strong></span> <span class='ocrx_word' id='word_1_555' title='bbox 1224 3474 1302 3530; x_wconf 91' lang='lat' dir='ltr'><strong>te,</strong></span> <span class='ocrx_word' id='word_1_556' title='bbox 1342 3466 1516 3519; x_wconf 85' lang='lat' dir='ltr'><strong>vidisti</strong></span> <span class='ocrx_word' id='word_1_557' title='bbox 1556 3476 1608 3519; x_wconf 92' lang='lat' dir='ltr'><strong>te</strong></span> <span class='ocrx_word' id='word_1_558' title='bbox 1646 3481 1831 3529; x_wconf 83' lang='lat' dir='ltr'><strong>reum;</strong></span> 
     </span>
    </p>
   </div>
   <div class='ocr_carea' id='block_1_66' title="bbox 293 3552 1832 3626">
    <p class='ocr_par' dir='ltr' id='par_1_66' title="bbox 293 3552 1832 3626">
     <span class='ocr_line' id='line_1_66' title="bbox 293 3552 1832 3626; baseline -0.003 -17"><span class='ocrx_word' id='word_1_559' title='bbox 293 3558 606 3626; x_wconf 77' lang='lat' dir='ltr'><strong>computasti</strong></span> <span class='ocrx_word' id='word_1_560' title='bbox 636 3557 727 3609; x_wconf 84' lang='lat' dir='ltr'><strong>tibi</strong></span> <span class='ocrx_word' id='word_1_561' title='bbox 755 3576 766 3607; x_wconf 90' lang='lat'><strong>:</strong></span> <span class='ocrx_word' id='word_1_562' title='bbox 805 3554 934 3609; x_wconf 90' lang='lat' dir='ltr'><strong>lllud</strong></span> <span class='ocrx_word' id='word_1_563' title='bbox 965 3552 1061 3609; x_wconf 78' lang='lat' dir='ltr'><strong>feci</strong></span> <span class='ocrx_word' id='word_1_564' title='bbox 1081 3594 1094 3617; x_wconf 93' lang='lat'><strong><em>,</em></strong></span> <span class='ocrx_word' id='word_1_565' title='bbox 1130 3564 1183 3607; x_wconf 86' lang='lat' dir='ltr'><strong>et</strong></span> <span class='ocrx_word' id='word_1_566' title='bbox 1216 3555 1454 3623; x_wconf 87' lang='lat' dir='ltr'><strong>pepercit</strong></span> <span class='ocrx_word' id='word_1_567' title='bbox 1479 3554 1657 3616; x_wconf 88' lang='lat' dir='ltr'><strong>Deus;</strong></span> <span class='ocrx_word' id='word_1_568' title='bbox 1706 3554 1832 3605; x_wconf 84' lang='lat' dir='ltr'><strong>illud</strong></span> 
     </span>
    </p>
   </div>
   <div class='ocr_carea' id='block_1_67' title="bbox 294 3642 1834 3711">
    <p class='ocr_par' dir='ltr' id='par_1_67' title="bbox 294 3642 1834 3711">
     <span class='ocr_line' id='line_1_67' title="bbox 294 3642 1834 3711; baseline -0.003 -11"><span class='ocrx_word' id='word_1_569' title='bbox 294 3649 553 3709; x_wconf 88' lang='lat' dir='ltr'><strong>commisi,</strong></span> <span class='ocrx_word' id='word_1_570' title='bbox 580 3656 633 3699; x_wconf 91' lang='lat' dir='ltr'><strong>et</strong></span> <span class='ocrx_word' id='word_1_571' title='bbox 660 3646 862 3699; x_wconf 85' lang='lat' dir='ltr'><strong>distulit</strong></span> <span class='ocrx_word' id='word_1_572' title='bbox 888 3660 1001 3707; x_wconf 85' lang='lat' dir='ltr'><strong>me;</strong></span> <span class='ocrx_word' id='word_1_573' title='bbox 1039 3642 1375 3711; x_wconf 84' lang='lat' dir='ltr'><strong>Evangelium</strong></span> <span class='ocrx_word' id='word_1_574' title='bbox 1404 3644 1601 3705; x_wconf 88' lang='lat' dir='ltr'><strong>audivi,</strong></span> <span class='ocrx_word' id='word_1_575' title='bbox 1632 3652 1686 3696; x_wconf 88' lang='lat' dir='ltr'><strong>et</strong></span> <span class='ocrx_word' id='word_1_576' title='bbox 1709 3658 1834 3695; x_wconf 85' lang='lat' dir='ltr'><strong>con—</strong></span> 
     </span>
    </p>
   </div>
   <div class='ocr_carea' id='block_1_68' title="bbox 296 3729 1835 3801">
    <p class='ocr_par' dir='ltr' id='par_1_68' title="bbox 296 3729 1835 3801">
     <span class='ocr_line' id='line_1_68' title="bbox 296 3729 1835 3801; baseline -0.003 -17"><span class='ocrx_word' id='word_1_577' title='bbox 296 3734 501 3801; x_wconf 76' lang='lat' dir='ltr'><strong>tempsi.</strong></span> <span class='ocrx_word' id='word_1_578' title='bbox 541 3733 652 3794; x_wconf 88' lang='lat' dir='ltr'><strong>Dic,</strong></span> <span class='ocrx_word' id='word_1_579' title='bbox 680 3730 765 3783; x_wconf 92' lang='lat' dir='ltr'><strong>dic</strong></span> <span class='ocrx_word' id='word_1_580' title='bbox 793 3730 1151 3798; x_wconf 82' lang='lat' dir='ltr'><strong>lacrymando,</strong></span> <span class='ocrx_word' id='word_1_581' title='bbox 1178 3730 1473 3796; x_wconf 84' lang='lat' dir='ltr'><strong>baptizatus</strong></span> <span class='ocrx_word' id='word_1_582' title='bbox 1497 3745 1633 3791; x_wconf 83' lang='lat' dir='ltr'><strong>sum,</strong></span> <span class='ocrx_word' id='word_1_583' title='bbox 1660 3739 1712 3782; x_wconf 90' lang='lat' dir='ltr'><strong>et</strong></span> <span class='ocrx_word' id='word_1_584' title='bbox 1740 3729 1835 3781; x_wconf 87' lang='lat' dir='ltr'><strong>ite-</strong></span> 
     </span>
    </p>
   </div>
   <div class='ocr_carea' id='block_1_69' title="bbox 298 3816 1835 3885">
    <p class='ocr_par' dir='ltr' id='par_1_69' title="bbox 298 3816 1835 3885">
     <span class='ocr_line' id='line_1_69' title="bbox 298 3816 1835 3885; baseline -0.003 -12"><span class='ocrx_word' id='word_1_585' title='bbox 298 3836 411 3873; x_wconf 86' lang='lat' dir='ltr'><strong>rum</strong></span> <span class='ocrx_word' id='word_1_586' title='bbox 442 3822 507 3873; x_wconf 92' lang='lat' dir='ltr'><strong>ad</strong></span> <span class='ocrx_word' id='word_1_587' title='bbox 535 3821 717 3872; x_wconf 88' lang='lat' dir='ltr'><strong>eadem</strong></span> <span class='ocrx_word' id='word_1_588' title='bbox 746 3820 1011 3873; x_wconf 89' lang='lat' dir='ltr'><strong>revolutus</strong></span> <span class='ocrx_word' id='word_1_589' title='bbox 1041 3833 1157 3871; x_wconf 92' lang='lat' dir='ltr'><strong>sum</strong></span> <span class='ocrx_word' id='word_1_590' title='bbox 1184 3835 1197 3870; x_wconf 89' lang='lat'>:</span> <span class='ocrx_word' id='word_1_591' title='bbox 1236 3818 1360 3885; x_wconf 91' lang='lat' dir='ltr'><strong>quid</strong></span> <span class='ocrx_word' id='word_1_592' title='bbox 1388 3817 1562 3870; x_wconf 82' lang='lat' dir='ltr'><strong>facio?</strong></span> <span class='ocrx_word' id='word_1_593' title='bbox 1602 3831 1706 3884; x_wconf 84' lang='lat' dir='ltr'><strong>quo</strong></span> <span class='ocrx_word' id='word_1_594' title='bbox 1730 3816 1835 3870; x_wconf 87' lang='lat' dir='ltr'><strong>eo?</strong></span> 
     </span>
    </p>
   </div>
   <div class='ocr_carea' id='block_1_70' title="bbox 299 3904 1833 3971">
    <p class='ocr_par' dir='ltr' id='par_1_70' title="bbox 299 3904 1833 3971">
     <span class='ocr_line' id='line_1_70' title="bbox 299 3904 1833 3971; baseline -0.003 -10"><span class='ocrx_word' id='word_1_595' title='bbox 299 3910 435 3961; x_wconf 91' lang='lat' dir='ltr'><strong>unde</strong></span> <span class='ocrx_word' id='word_1_596' title='bbox 461 3908 627 3960; x_wconf 89' lang='lat' dir='ltr'><strong>evado</strong></span> <span class='ocrx_word' id='word_1_597' title='bbox 645 3909 669 3958; x_wconf 84' lang='lat'><strong>?</strong></span> <span class='ocrx_word' id='word_1_598' title='bbox 700 3906 920 3971; x_wconf 87' lang='lat' dir='ltr'><strong>Quando</strong></span> <span class='ocrx_word' id='word_1_599' title='bbox 944 3906 1044 3957; x_wconf 89' lang='lat' dir='ltr'><strong>ista</strong></span> <span class='ocrx_word' id='word_1_600' title='bbox 1070 3906 1218 3968; x_wconf 88' lang='lat' dir='ltr'><strong>dicis,</strong></span> <span class='ocrx_word' id='word_1_601' title='bbox 1238 3904 1345 3971; x_wconf 86' lang='lat' dir='ltr'><strong>jam</strong></span> <span class='ocrx_word' id='word_1_602' title='bbox 1375 3904 1551 3957; x_wconf 80' lang='lat' dir='ltr'><strong>fremit</strong></span> <span class='ocrx_word' id='word_1_603' title='bbox 1572 3904 1833 3969; x_wconf 84' lang='lat' dir='ltr'><strong>Christus,</strong></span> 
     </span>
    </p>
   </div>
   <div class='ocr_carea' id='block_1_71' title="bbox 296 3990 1835 4063">
    <p class='ocr_par' dir='ltr' id='par_1_71' title="bbox 296 3990 1835 4063">
     <span class='ocr_line' id='line_1_71' title="bbox 296 3990 1835 4063; baseline 0 -18"><span class='ocrx_word' id='word_1_604' title='bbox 296 3996 417 4063; x_wconf 86' lang='lat' dir='ltr'><strong>quia</strong></span> <span class='ocrx_word' id='word_1_605' title='bbox 461 3994 589 4047; x_wconf 90' lang='lat' dir='ltr'><strong>ﬁdes</strong></span> <span class='ocrx_word' id='word_1_606' title='bbox 630 3992 824 4046; x_wconf 80' lang='lat' dir='ltr'><strong>fremit.</strong></span> <span class='ocrx_word' id='word_1_607' title='bbox 879 3991 935 4044; x_wconf 87' lang='lat' dir='ltr'><strong>In</strong></span> <span class='ocrx_word' id='word_1_608' title='bbox 975 4005 1100 4043; x_wconf 87' lang='lat' dir='ltr'><strong>voce</strong></span> <span class='ocrx_word' id='word_1_609' title='bbox 1139 3990 1415 4043; x_wconf 81' lang='lat' dir='ltr'><strong>frementis</strong></span> <span class='ocrx_word' id='word_1_610' title='bbox 1458 4002 1675 4060; x_wconf 91' lang='lat' dir='ltr'><strong>apparet</strong></span> <span class='ocrx_word' id='word_1_611' title='bbox 1716 4006 1835 4059; x_wconf 89' lang='lat' dir='ltr'><strong>spes</strong></span> 
     </span>
    </p>
   </div>
   <div class='ocr_carea' id='block_1_72' title="bbox 299 4077 1837 4150">
    <p class='ocr_par' dir='ltr' id='par_1_72' title="bbox 299 4077 1837 4150">
     <span class='ocr_line' id='line_1_72' title="bbox 299 4077 1837 4150; baseline -0.004 -14"><span class='ocrx_word' id='word_1_612' title='bbox 299 4081 639 4150; x_wconf 83' lang='lat' dir='ltr'><strong>resurgentis.</strong></span> <span class='ocrx_word' id='word_1_613' title='bbox 694 4078 791 4133; x_wconf 88' lang='lat' dir='ltr'><strong>Ubi</strong></span> <span class='ocrx_word' id='word_1_614' title='bbox 839 4078 949 4147; x_wconf 87' lang='lat' dir='ltr'><strong>ipsa</strong></span> <span class='ocrx_word' id='word_1_615' title='bbox 999 4077 1127 4131; x_wconf 87' lang='lat' dir='ltr'><strong>ﬁdes</strong></span> <span class='ocrx_word' id='word_1_616' title='bbox 1174 4077 1331 4139; x_wconf 88' lang='lat' dir='ltr'><strong>intus,</strong></span> <span class='ocrx_word' id='word_1_617' title='bbox 1373 4077 1444 4129; x_wconf 89' lang='lat' dir='ltr'><strong>ibi</strong></span> <span class='ocrx_word' id='word_1_618' title='bbox 1480 4084 1561 4129; x_wconf 90' lang='lat' dir='ltr'><strong>est</strong></span> <span class='ocrx_word' id='word_1_619' title='bbox 1594 4077 1837 4131; x_wconf 87' lang='lat' dir='ltr'><strong>Christus</strong></span> 
     </span>
    </p>
   </div>
   <div class='ocr_carea' id='block_1_73' title="bbox 298 4162 1835 4231">
    <p class='ocr_par' dir='ltr' id='par_1_73' title="bbox 298 4162 1835 4231">
     <span class='ocr_line' id='line_1_73' title="bbox 298 4162 1835 4231; baseline -0.002 -11"><span class='ocrx_word' id='word_1_620' title='bbox 298 4170 561 4231; x_wconf 80' lang='lat' dir='ltr'><strong>fremens;</strong></span> <span class='ocrx_word' id='word_1_621' title='bbox 599 4168 643 4220; x_wconf 90' lang='lat' dir='ltr'><strong>si</strong></span> <span class='ocrx_word' id='word_1_622' title='bbox 676 4165 807 4219; x_wconf 85' lang='lat' dir='ltr'><strong>ﬁdes</strong></span> <span class='ocrx_word' id='word_1_623' title='bbox 836 4167 886 4218; x_wconf 92' lang='lat' dir='ltr'><strong>in</strong></span> <span class='ocrx_word' id='word_1_624' title='bbox 917 4165 1087 4227; x_wconf 90' lang='lat' dir='ltr'><strong>nobis,</strong></span> <span class='ocrx_word' id='word_1_625' title='bbox 1116 4162 1359 4217; x_wconf 89' lang='lat' dir='ltr'><strong>Christus</strong></span> <span class='ocrx_word' id='word_1_626' title='bbox 1391 4163 1444 4215; x_wconf 89' lang='lat' dir='ltr'><strong>in</strong></span> <span class='ocrx_word' id='word_1_627' title='bbox 1482 4163 1651 4216; x_wconf 88' lang='lat' dir='ltr'><strong>nobis.</strong></span> <span class='ocrx_word' id='word_1_628' title='bbox 1700 4164 1835 4228; x_wconf 84' lang='lat' dir='ltr'><strong>Quid</strong></span> 
     </span>
    </p>
   </div>
   <div class='ocr_carea' id='block_1_74' title="bbox 300 4252 1837 4324">
    <p class='ocr_par' dir='ltr' id='par_1_74' title="bbox 300 4252 1837 4324">
     <span class='ocr_line' id='line_1_74' title="bbox 300 4252 1837 4324; baseline -0.002 -16"><span class='ocrx_word' id='word_1_629' title='bbox 300 4258 438 4310; x_wconf 81' lang='lat' dir='ltr'><strong>enim</strong></span> <span class='ocrx_word' id='word_1_630' title='bbox 481 4258 619 4310; x_wconf 88' lang='lat' dir='ltr'><strong>aliud</strong></span> <span class='ocrx_word' id='word_1_631' title='bbox 666 4256 740 4309; x_wconf 90' lang='lat' dir='ltr'><strong>ait</strong></span> <span class='ocrx_word' id='word_1_632' title='bbox 782 4254 1099 4324; x_wconf 82' lang='lat' dir='ltr'><strong>Apostolus:</strong></span> <span class='ocrx_word' id='word_1_633' title='bbox 1149 4253 1396 4308; x_wconf 83' lang='lat' dir='ltr'><strong>Habitare</strong></span> <span class='ocrx_word' id='word_1_634' title='bbox 1441 4252 1700 4306; x_wconf 81' lang='lat' dir='ltr'><strong>Christum</strong></span> <span class='ocrx_word' id='word_1_635' title='bbox 1746 4270 1837 4322; x_wconf 89' lang='lat' dir='ltr'><strong>per</strong></span> 
     </span>
    </p>
   </div>
   <div class='ocr_carea' id='block_1_75' title="bbox 300 4339 1830 4410">
    <p class='ocr_par' dir='ltr' id='par_1_75' title="bbox 300 4339 1830 4410">
     <span class='ocr_line' id='line_1_75' title="bbox 300 4339 1830 4410; baseline 0.001 -18"><span class='ocrx_word' id='word_1_636' title='bbox 300 4342 453 4407; x_wconf 83' lang='lat' dir='ltr'><strong>ﬁdem</strong></span> <span class='ocrx_word' id='word_1_637' title='bbox 496 4342 549 4392; x_wconf 88' lang='lat' dir='ltr'><strong>in</strong></span> <span class='ocrx_word' id='word_1_638' title='bbox 593 4341 828 4392; x_wconf 81' lang='lat' dir='ltr'><strong>cordibus</strong></span> <span class='ocrx_word' id='word_1_639' title='bbox 870 4340 1049 4393; x_wconf 85' lang='lat' dir='ltr'><strong>vestris</strong></span> <span class='ocrx_word' id='word_1_640' title='bbox 1074 4339 1284 4410; x_wconf 84' lang='lat' dir='ltr'><strong>(Ephes.</strong></span> <span class='ocrx_word' id='word_1_641' title='bbox 1314 4355 1394 4401; x_wconf 89' lang='grc' dir='ltr'>ιιι,</span> <span class='ocrx_word' id='word_1_642' title='bbox 1431 4340 1557 4409; x_wconf 85' lang='lat' dir='ltr'><strong>l7)?</strong></span> <span class='ocrx_word' id='word_1_643' title='bbox 1604 4340 1741 4409; x_wconf 83' lang='lat' dir='ltr'><strong>Ergo</strong></span> <span class='ocrx_word' id='word_1_644' title='bbox 1786 4341 1830 4393; x_wconf 90' lang='lat' dir='ltr'><strong>si</strong></span> 
     </span>
    </p>
   </div>
   <div class='ocr_carea' id='block_1_76' title="bbox 304 4424 1836 4497">
    <p class='ocr_par' dir='ltr' id='par_1_76' title="bbox 304 4424 1836 4497">
     <span class='ocr_line' id='line_1_76' title="bbox 304 4424 1836 4497; baseline 0.001 -19"><span class='ocrx_word' id='word_1_645' title='bbox 304 4428 433 4479; x_wconf 87' lang='lat' dir='ltr'><strong>ﬁdes</strong></span> <span class='ocrx_word' id='word_1_646' title='bbox 462 4436 549 4479; x_wconf 90' lang='lat' dir='ltr'><strong>tua</strong></span> <span class='ocrx_word' id='word_1_647' title='bbox 580 4428 630 4479; x_wconf 93' lang='lat' dir='ltr'><strong>in</strong></span> <span class='ocrx_word' id='word_1_648' title='bbox 656 4426 867 4481; x_wconf 81' lang='lat' dir='ltr'><strong>Christo</strong></span> <span class='ocrx_word' id='word_1_649' title='bbox 895 4424 1043 4495; x_wconf 75' lang='lat' dir='ltr'><strong>[Ms.,</strong></span> <span class='ocrx_word' id='word_1_650' title='bbox 1075 4426 1139 4479; x_wconf 91' lang='lat' dir='ltr'><strong>de</strong></span> <span class='ocrx_word' id='word_1_651' title='bbox 1164 4425 1435 4497; x_wconf 88' lang='lat' dir='ltr'><strong>Christo],</strong></span> <span class='ocrx_word' id='word_1_652' title='bbox 1478 4427 1719 4481; x_wconf 85' lang='lat' dir='ltr'><strong>Christus</strong></span> <span class='ocrx_word' id='word_1_653' title='bbox 1754 4436 1836 4480; x_wconf 88' lang='lat' dir='ltr'><strong>est</strong></span> 
     </span>
    </p>
   </div>
   <div class='ocr_carea' id='block_1_77' title="bbox 306 4514 1832 4583">
    <p class='ocr_par' dir='ltr' id='par_1_77' title="bbox 306 4514 1832 4583">
     <span class='ocr_line' id='line_1_77' title="bbox 306 4514 1832 4583; baseline -0.001 -16"><span class='ocrx_word' id='word_1_654' title='bbox 306 4517 357 4567; x_wconf 91' lang='lat' dir='ltr'><strong>in</strong></span> <span class='ocrx_word' id='word_1_655' title='bbox 389 4516 544 4568; x_wconf 87' lang='lat' dir='ltr'><strong>corde</strong></span> <span class='ocrx_word' id='word_1_656' title='bbox 572 4525 679 4568; x_wconf 91' lang='lat' dir='ltr'><strong>tuo.</strong></span> <span class='ocrx_word' id='word_1_657' title='bbox 712 4534 730 4565; x_wconf 75' lang='grc' dir='ltr'><strong>ι</strong></span> <span class='ocrx_word' id='word_1_658' title='bbox 781 4515 919 4583; x_wconf 86' lang='lat' dir='ltr'><strong>Ergo</strong></span> <span class='ocrx_word' id='word_1_659' title='bbox 952 4514 1144 4567; x_wconf 80' lang='lat' dir='ltr'><strong>fremat</strong></span> <span class='ocrx_word' id='word_1_660' title='bbox 1166 4514 1408 4569; x_wconf 86' lang='lat' dir='ltr'><strong>Christus</strong></span> <span class='ocrx_word' id='word_1_661' title='bbox 1442 4516 1495 4567; x_wconf 91' lang='lat' dir='ltr'><strong>in</strong></span> <span class='ocrx_word' id='word_1_662' title='bbox 1530 4517 1688 4569; x_wconf 88' lang='lat' dir='ltr'><strong>corde</strong></span> <span class='ocrx_word' id='word_1_663' title='bbox 1722 4526 1832 4570; x_wconf 90' lang='lat' dir='ltr'><strong>tuo.</strong></span> 
     </span>
    </p>
   </div>
   <div class='ocr_carea' id='block_1_78' title="bbox 304 4601 1837 4669">
    <p class='ocr_par' dir='ltr' id='par_1_78' title="bbox 304 4601 1837 4669">
     <span class='ocr_line' id='line_1_78' title="bbox 304 4601 1837 4669; baseline 0 -16"><span class='ocrx_word' id='word_1_664' title='bbox 304 4602 471 4654; x_wconf 84' lang='lat' dir='ltr'><strong>Flevit</strong></span> <span class='ocrx_word' id='word_1_665' title='bbox 498 4616 622 4669; x_wconf 89' lang='lat' dir='ltr'><strong>ergo</strong></span> <span class='ocrx_word' id='word_1_666' title='bbox 644 4601 885 4655; x_wconf 88' lang='lat' dir='ltr'><strong>Christus</strong></span> <span class='ocrx_word' id='word_1_667' title='bbox 919 4603 1145 4655; x_wconf 88' lang='lat' dir='ltr'><strong>amicum</strong></span> <span class='ocrx_word' id='word_1_668' title='bbox 1180 4610 1473 4666; x_wconf 84' lang='lat' dir='ltr'><strong>mortuum,</strong></span> <span class='ocrx_word' id='word_1_669' title='bbox 1506 4615 1664 4668; x_wconf 88' lang='lat' dir='ltr'><strong>quem</strong></span> <span class='ocrx_word' id='word_1_670' title='bbox 1696 4603 1837 4653; x_wconf 90' lang='lat' dir='ltr'><strong>venit</strong></span> 
     </span>
    </p>
   </div>
   <div class='ocr_carea' id='block_1_79' title="bbox 304 4690 1835 4759">
    <p class='ocr_par' dir='ltr' id='par_1_79' title="bbox 304 4690 1835 4759">
     <span class='ocr_line' id='line_1_79' title="bbox 304 4690 1835 4759; baseline 0 -16"><span class='ocrx_word' id='word_1_671' title='bbox 304 4692 727 4745; x_wconf 85' lang='lat' dir='ltr'><strong>resuscitaturus.</strong></span> <span class='ocrx_word' id='word_1_672' title='bbox 761 4690 934 4756; x_wconf 87' lang='lat' dir='ltr'><strong>Quare</strong></span> <span class='ocrx_word' id='word_1_673' title='bbox 952 4692 1092 4745; x_wconf 90' lang='lat' dir='ltr'><strong>enim</strong></span> <span class='ocrx_word' id='word_1_674' title='bbox 1114 4690 1271 4753; x_wconf 83' lang='lat' dir='ltr'><strong>ﬂevit,</strong></span> <span class='ocrx_word' id='word_1_675' title='bbox 1298 4692 1397 4744; x_wconf 81' lang='lat' dir='ltr'><strong>nisi</strong></span> <span class='ocrx_word' id='word_1_676' title='bbox 1424 4693 1546 4759; x_wconf 87' lang='lat' dir='ltr'><strong>quia</strong></span> <span class='ocrx_word' id='word_1_677' title='bbox 1571 4692 1835 4744; x_wconf 85' lang='lat' dir='ltr'><strong>hominem</strong></span> 
     </span>
    </p>
   </div>
   <div class='ocr_carea' id='block_1_80' title="bbox 304 4778 1839 4847">
    <p class='ocr_par' dir='ltr' id='par_1_80' title="bbox 304 4778 1839 4847">
     <span class='ocr_line' id='line_1_80' title="bbox 304 4778 1839 4847; baseline 0.002 -17"><span class='ocrx_word' id='word_1_678' title='bbox 304 4779 429 4831; x_wconf 88' lang='lat' dir='ltr'><strong>ﬁere</strong></span> <span class='ocrx_word' id='word_1_679' title='bbox 451 4778 626 4831; x_wconf 89' lang='lat' dir='ltr'><strong>docuit</strong></span> <span class='ocrx_word' id='word_1_680' title='bbox 647 4792 952 4845; x_wconf 89' lang='lat' dir='ltr'><strong>oppressum</strong></span> <span class='ocrx_word' id='word_1_681' title='bbox 977 4780 1207 4847; x_wconf 90' lang='lat' dir='ltr'><strong>pondere</strong></span> <span class='ocrx_word' id='word_1_682' title='bbox 1230 4781 1599 4847; x_wconf 87' lang='lat' dir='ltr'><strong>peccatorum?</strong></span> <span class='ocrx_word' id='word_1_683' title='bbox 1626 4799 1642 4829; x_wconf 76' lang='grc' dir='ltr'><strong>ι</strong></span> <span class='ocrx_word' id='word_1_684' title='bbox 1666 4780 1839 4845; x_wconf 89' lang='lat' dir='ltr'><strong>Quare</strong></span> 
     </span>
    </p>
   </div>
   <div class='ocr_carea' id='block_1_81' title="bbox 306 4863 1841 4937">
    <p class='ocr_par' dir='ltr' id='par_1_81' title="bbox 306 4863 1841 4937">
     <span class='ocr_line' id='line_1_81' title="bbox 306 4863 1841 4937; baseline 0.003 -21"><span class='ocrx_word' id='word_1_685' title='bbox 306 4863 517 4918; x_wconf 85' lang='lat' dir='ltr'><strong>fremuit</strong></span> <span class='ocrx_word' id='word_1_686' title='bbox 552 4870 606 4916; x_wconf 89' lang='lat' dir='ltr'><strong>et</strong></span> <span class='ocrx_word' id='word_1_687' title='bbox 642 4864 871 4916; x_wconf 87' lang='lat' dir='ltr'><strong>turbavit</strong></span> <span class='ocrx_word' id='word_1_688' title='bbox 896 4867 1264 4934; x_wconf 85' lang='lat' dir='ltr'><strong>semetipsum,</strong></span> <span class='ocrx_word' id='word_1_689' title='bbox 1306 4869 1405 4923; x_wconf 88' lang='lat' dir='ltr'><strong>nisi</strong></span> <span class='ocrx_word' id='word_1_690' title='bbox 1436 4870 1559 4937; x_wconf 89' lang='lat' dir='ltr'><strong>quia</strong></span> <span class='ocrx_word' id='word_1_691' title='bbox 1588 4870 1719 4923; x_wconf 86' lang='lat' dir='ltr'><strong>ﬁdes</strong></span> <span class='ocrx_word' id='word_1_692' title='bbox 1749 4870 1841 4921; x_wconf 88' lang='lat' dir='ltr'><strong>ho-</strong></span> 
     </span>
    </p>
   </div>
   <div class='ocr_carea' id='block_1_82' title="bbox 308 4956 1842 5025">
    <p class='ocr_par' dir='ltr' id='par_1_82' title="bbox 308 4956 1842 5025">
     <span class='ocr_line' id='line_1_82' title="bbox 308 4956 1842 5025; baseline 0.002 -14"><span class='ocrx_word' id='word_1_693' title='bbox 308 4959 465 5011; x_wconf 87' lang='lat' dir='ltr'><strong>minis</strong></span> <span class='ocrx_word' id='word_1_694' title='bbox 490 4957 588 5010; x_wconf 90' lang='lat' dir='ltr'><strong>sibi</strong></span> <span class='ocrx_word' id='word_1_695' title='bbox 621 4956 811 5010; x_wconf 89' lang='lat' dir='ltr'><strong>merito</strong></span> <span class='ocrx_word' id='word_1_696' title='bbox 839 4956 1166 5025; x_wconf 86' lang='lat' dir='ltr'><strong>displicentis</strong></span> <span class='ocrx_word' id='word_1_697' title='bbox 1194 4960 1419 5015; x_wconf 78' lang='lat' dir='ltr'><strong>fremere</strong></span> <span class='ocrx_word' id='word_1_698' title='bbox 1446 4962 1722 5014; x_wconf 89' lang='lat' dir='ltr'><strong>admodum</strong></span> <span class='ocrx_word' id='word_1_699' title='bbox 1752 4962 1842 5014; x_wconf 87' lang='lat' dir='ltr'><strong>de-</strong></span> 
     </span>
    </p>
   </div>
   <div class='ocr_carea' id='block_1_83' title="bbox 308 5045 1840 5112">
    <p class='ocr_par' dir='ltr' id='par_1_83' title="bbox 308 5045 1840 5112">
     <span class='ocr_line' id='line_1_83' title="bbox 308 5045 1840 5112; baseline 0.003 -16"><span class='ocrx_word' id='word_1_700' title='bbox 308 5047 395 5097; x_wconf 86' lang='lat' dir='ltr'><strong>bet</strong></span> <span class='ocrx_word' id='word_1_701' title='bbox 424 5046 476 5096; x_wconf 92' lang='lat' dir='ltr'><strong>in</strong></span> <span class='ocrx_word' id='word_1_702' title='bbox 500 5045 885 5097; x_wconf 88' lang='lat' dir='ltr'><strong>accusationem</strong></span> <span class='ocrx_word' id='word_1_703' title='bbox 923 5045 1181 5095; x_wconf 88' lang='lat' dir='ltr'><strong>malorum</strong></span> <span class='ocrx_word' id='word_1_704' title='bbox 1209 5060 1425 5112; x_wconf 87' lang='lat' dir='ltr'><strong>operum</strong></span> <span class='ocrx_word' id='word_1_705' title='bbox 1444 5086 1458 5109; x_wconf 94' lang='lat'><strong>,</strong></span> <span class='ocrx_word' id='word_1_706' title='bbox 1495 5053 1551 5099; x_wconf 91' lang='lat' dir='ltr'><strong>ut</strong></span> <span class='ocrx_word' id='word_1_707' title='bbox 1578 5047 1840 5101; x_wconf 63' lang='lat' dir='ltr'><strong>violentiae</strong></span> 
     </span>
    </p>
   </div>
   <div class='ocr_carea' id='block_1_84' title="bbox 308 5128 1841 5201">
    <p class='ocr_par' dir='ltr' id='par_1_84' title="bbox 308 5128 1841 5201">
     <span class='ocr_line' id='line_1_84' title="bbox 308 5128 1841 5201; baseline 0.003 -20"><span class='ocrx_word' id='word_1_708' title='bbox 308 5130 612 5195; x_wconf 69' lang='lat' dir='ltr'><strong>paenitentis</strong></span> <span class='ocrx_word' id='word_1_709' title='bbox 640 5128 817 5199; x_wconf 77' lang='lat' dir='ltr'><strong>[Aug.,</strong></span> <span class='ocrx_word' id='word_1_710' title='bbox 847 5129 1160 5199; x_wconf 68' lang='lat' dir='ltr'><strong>penitendi]</strong></span> <span class='ocrx_word' id='word_1_711' title='bbox 1188 5132 1339 5184; x_wconf 87' lang='lat' dir='ltr'><strong>cedat</strong></span> <span class='ocrx_word' id='word_1_712' title='bbox 1368 5134 1688 5187; x_wconf 81' lang='lat' dir='ltr'><strong>consuetudo</strong></span> <span class='ocrx_word' id='word_1_713' title='bbox 1720 5148 1841 5201; x_wconf 87' lang='lat' dir='ltr'><strong>pec-</strong></span> 
     </span>
    </p>
   </div>
   <div class='ocr_carea' id='block_1_85' title="bbox 308 5206 1839 5290">
    <p class='ocr_par' dir='ltr' id='par_1_85' title="bbox 308 5206 1839 5290">
     <span class='ocr_line' id='line_1_85' title="bbox 308 5206 1839 5290; baseline 0.004 -22"><span class='ocrx_word' id='word_1_714' title='bbox 308 5216 502 5268; x_wconf 84' lang='lat' dir='ltr'><strong>candi?</strong></span> <span class='ocrx_word' id='word_1_715' title='bbox 552 5206 831 5273; x_wconf 22' lang='lat' dir='ltr'><strong>Et‘dixit:</strong></span> <span class='ocrx_word' id='word_1_716' title='bbox 882 5215 978 5270; x_wconf 87' lang='lat' dir='ltr'><strong>Ubi</strong></span> <span class='ocrx_word' id='word_1_717' title='bbox 1018 5219 1257 5286; x_wconf 83' lang='lat' dir='ltr'><strong>posuistis</strong></span> <span class='ocrx_word' id='word_1_718' title='bbox 1302 5221 1465 5271; x_wconf 75' lang='lat' dir='ltr'><strong>eum?</strong></span> <span class='ocrx_word' id='word_1_719' title='bbox 1504 5239 1521 5269; x_wconf 80' lang='grc' dir='ltr'><strong>ι</strong></span> <span class='ocrx_word' id='word_1_720' title='bbox 1561 5222 1676 5273; x_wconf 88' lang='lat' dir='ltr'><strong>Scis</strong></span> <span class='ocrx_word' id='word_1_721' title='bbox 1715 5223 1839 5290; x_wconf 81' lang='lat' dir='ltr'><strong>quia</strong></span> 
     </span>
    </p>
   </div>
   <div class='ocr_carea' id='block_1_86' title="bbox 313 5301 1840 5379">
    <p class='ocr_par' dir='ltr' id='par_1_86' title="bbox 313 5301 1840 5379">
     <span class='ocr_line' id='line_1_86' title="bbox 313 5301 1840 5379; baseline 0.007 -26"><span class='ocrx_word' id='word_1_722' title='bbox 313 5310 549 5355; x_wconf 87' lang='lat' dir='ltr'><strong>mortuus</strong></span> <span class='ocrx_word' id='word_1_723' title='bbox 573 5301 661 5363; x_wconf 88' lang='lat' dir='ltr'><strong>sit,</strong></span> <span class='ocrx_word' id='word_1_724' title='bbox 691 5309 742 5354; x_wconf 88' lang='lat' dir='ltr'><strong>et</strong></span> <span class='ocrx_word' id='word_1_725' title='bbox 770 5304 859 5355; x_wconf 89' lang='lat' dir='ltr'><strong>ubi</strong></span> <span class='ocrx_word' id='word_1_726' title='bbox 888 5304 1121 5373; x_wconf 82' lang='lat' dir='ltr'><strong>sepultus</strong></span> <span class='ocrx_word' id='word_1_727' title='bbox 1149 5306 1398 5374; x_wconf 81' lang='lat' dir='ltr'><strong>ignoras?</strong></span> <span class='ocrx_word' id='word_1_728' title='bbox 1427 5307 1490 5360; x_wconf 85' lang='lat' dir='ltr'><strong>Et</strong></span> <span class='ocrx_word' id='word_1_729' title='bbox 1516 5309 1619 5362; x_wconf 85' lang='lat' dir='ltr'><strong>ista</strong></span> <span class='ocrx_word' id='word_1_730' title='bbox 1645 5310 1840 5379; x_wconf 83' lang='lat' dir='ltr'><strong>signiﬁ-</strong></span> 
     </span>
    </p>
   </div>
   <div class='ocr_carea' id='block_1_87' title="bbox 313 5386 1842 5463">
    <p class='ocr_par' dir='ltr' id='par_1_87' title="bbox 313 5386 1842 5463">
     <span class='ocr_line' id='line_1_87' title="bbox 313 5386 1842 5463; baseline 0.007 -24"><span class='ocrx_word' id='word_1_731' title='bbox 313 5387 450 5439; x_wconf 87' lang='lat' dir='ltr'><strong>catio</strong></span> <span class='ocrx_word' id='word_1_732' title='bbox 476 5397 575 5441; x_wconf 85' lang='lat' dir='ltr'><strong>est.</strong></span> <span class='ocrx_word' id='word_1_733' title='bbox 606 5386 718 5440; x_wconf 83' lang='lat' dir='ltr'><strong>Non</strong></span> <span class='ocrx_word' id='word_1_734' title='bbox 742 5402 899 5441; x_wconf 88' lang='lat' dir='ltr'><strong>ausus</strong></span> <span class='ocrx_word' id='word_1_735' title='bbox 930 5404 1045 5441; x_wconf 77' lang='lat' dir='ltr'><strong>sum</strong></span> <span class='ocrx_word' id='word_1_736' title='bbox 1083 5391 1280 5455; x_wconf 85' lang='lat' dir='ltr'><strong>dicere.</strong></span> <span class='ocrx_word' id='word_1_737' title='bbox 1302 5393 1503 5445; x_wconf 86' lang='lat' dir='ltr'><strong>nescit:</strong></span> <span class='ocrx_word' id='word_1_738' title='bbox 1544 5395 1666 5463; x_wconf 87' lang='lat' dir='ltr'><strong>quid</strong></span> <span class='ocrx_word' id='word_1_739' title='bbox 1702 5396 1842 5449; x_wconf 83' lang='lat' dir='ltr'><strong>enim</strong></span> 
     </span>
    </p>
   </div>
   <div class='ocr_carea' id='block_1_88' title="bbox 385 5514 588 5565">
    <p class='ocr_par' dir='ltr' id='par_1_88' title="bbox 385 5514 588 5565">
     <span class='ocr_line' id='line_1_88' title="bbox 385 5514 588 5565; baseline 0 0"><span class='ocrx_word' id='word_1_740' title='bbox 385 5514 588 5565; x_wconf 59' lang='lat' dir='ltr'><strong>Obla-</strong></span> 
     </span>
     <span class='ocr_line' id='line_1_89' title="bbox 519 5552 587 5564; baseline 0 0"><span class='ocrx_word' id='word_1_741' title='bbox 519 5552 587 5564; x_wconf 77' lang='grc' dir='ltr'><strong>ο.</strong></span> 
     </span>
    </p>
   </div>
   <div class='ocr_carea' id='block_1_89' title="bbox 317 5592 466 5633">
    <p class='ocr_par' dir='ltr' id='par_1_89' title="bbox 317 5592 466 5633">
     <span class='ocr_line' id='line_1_90' title="bbox 317 5592 466 5633; baseline -0.013 0"><span class='ocrx_word' id='word_1_742' title='bbox 317 5592 416 5633; x_wconf 84' lang='lat' dir='ltr'><strong>est.</strong></span> <span class='ocrx_word' id='word_1_743' title='bbox 449 5602 466 5631; x_wconf 70' lang='grc' dir='ltr'><strong>ι</strong></span> 
     </span>
    </p>
   </div>
   <div class='ocr_carea' id='block_1_90' title="bbox 1934 3201 3477 3274">
    <p class='ocr_par' dir='ltr' id='par_1_90' title="bbox 1934 3201 3477 3274">
     <span class='ocr_line' id='line_1_91' title="bbox 1934 3201 3477 3274; baseline 0.003 -19"><span class='ocrx_word' id='word_1_744' title='bbox 1934 3204 2026 3256; x_wconf 89' lang='lat' dir='ltr'><strong>sed</strong></span> <span class='ocrx_word' id='word_1_745' title='bbox 2051 3203 2287 3270; x_wconf 87' lang='lat' dir='ltr'><strong>spiritus.</strong></span> <span class='ocrx_word' id='word_1_746' title='bbox 2320 3201 2451 3254; x_wconf 76' lang='lat' dir='ltr'><strong>Nam</strong></span> <span class='ocrx_word' id='word_1_747' title='bbox 2480 3202 2667 3263; x_wconf 86' lang='lat' dir='ltr'><strong>littera,</strong></span> <span class='ocrx_word' id='word_1_748' title='bbox 2698 3205 2887 3272; x_wconf 90' lang='lat' dir='ltr'><strong>inquit,</strong></span> <span class='ocrx_word' id='word_1_749' title='bbox 2916 3206 3121 3269; x_wconf 83' lang='lat' dir='ltr'><strong>occidit,</strong></span> <span class='ocrx_word' id='word_1_750' title='bbox 3147 3207 3358 3274; x_wconf 82' lang='lat' dir='ltr'><strong>spiritus</strong></span> <span class='ocrx_word' id='word_1_751' title='bbox 3382 3223 3477 3259; x_wconf 82' lang='lat' dir='ltr'><strong>eu-</strong></span> 
     </span>
    </p>
   </div>
   <div class='ocr_carea' id='block_1_91' title="bbox 1933 3288 3474 3363">
    <p class='ocr_par' dir='ltr' id='par_1_91' title="bbox 1933 3288 3474 3363">
     <span class='ocr_line' id='line_1_92' title="bbox 1933 3288 3474 3363; baseline 0.003 -21"><span class='ocrx_word' id='word_1_752' title='bbox 1933 3300 2031 3342; x_wconf 82' lang='lat' dir='ltr'><strong>tem</strong></span> <span class='ocrx_word' id='word_1_753' title='bbox 2060 3289 2279 3355; x_wconf 81' lang='lat' dir='ltr'><strong>viviﬁcat</strong></span> <span class='ocrx_word' id='word_1_754' title='bbox 2314 3288 2395 3359; x_wconf 84' lang='grc'><strong>(11</strong></span> <span class='ocrx_word' id='word_1_755' title='bbox 2422 3288 2543 3341; x_wconf 85' lang='lat' dir='ltr'><strong>Cor.</strong></span> <span class='ocrx_word' id='word_1_756' title='bbox 2574 3303 2654 3351; x_wconf 89' lang='grc' dir='ltr'>ιιι,</span> <span class='ocrx_word' id='word_1_757' title='bbox 2682 3292 2754 3361; x_wconf 83' lang='grc'>6).</span> <span class='ocrx_word' id='word_1_758' title='bbox 2796 3290 2993 3346; x_wconf 83' lang='lat' dir='ltr'><strong>Littera</strong></span> <span class='ocrx_word' id='word_1_759' title='bbox 3024 3294 3291 3356; x_wconf 87' lang='lat' dir='ltr'><strong>occidens,</strong></span> <span class='ocrx_word' id='word_1_760' title='bbox 3320 3294 3474 3363; x_wconf 70' lang='lat' dir='ltr'><strong>quasi</strong></span> 
     </span>
    </p>
   </div>
   <div class='ocr_carea' id='block_1_92' title="bbox 1933 3375 3473 3450">
    <p class='ocr_par' dir='ltr' id='par_1_92' title="bbox 1933 3375 3473 3450">
     <span class='ocr_line' id='line_1_93' title="bbox 1933 3375 3473 3450; baseline 0.006 -23"><span class='ocrx_word' id='word_1_761' title='bbox 1933 3375 2065 3445; x_wconf 87' lang='lat' dir='ltr'><strong>lapis</strong></span> <span class='ocrx_word' id='word_1_762' title='bbox 2092 3384 2173 3428; x_wconf 88' lang='lat' dir='ltr'><strong>est</strong></span> <span class='ocrx_word' id='word_1_763' title='bbox 2199 3389 2464 3443; x_wconf 89' lang='lat' dir='ltr'><strong>premens.</strong></span> <span class='ocrx_word' id='word_1_764' title='bbox 2497 3378 2677 3447; x_wconf 77' lang='lat' dir='ltr'><strong>(Vens.</strong></span> <span class='ocrx_word' id='word_1_765' title='bbox 2708 3380 2795 3441; x_wconf 76' lang='lat'><strong>39,</strong></span> <span class='ocrx_word' id='word_1_766' title='bbox 2824 3378 2937 3449; x_wconf 65' lang='lat'><strong>40.)</strong></span> <span class='ocrx_word' id='word_1_767' title='bbox 2965 3379 3253 3446; x_wconf 80' lang='lat' dir='ltr'><strong>Removete,</strong></span> <span class='ocrx_word' id='word_1_768' title='bbox 3279 3383 3473 3450; x_wconf 83' lang='lat' dir='ltr'><strong>inquit,</strong></span> 
     </span>
    </p>
   </div>
   <div class='ocr_carea' id='block_1_93' title="bbox 1932 3464 3473 3537">
    <p class='ocr_par' dir='ltr' id='par_1_93' title="bbox 1932 3464 3473 3537">
     <span class='ocr_line' id='line_1_94' title="bbox 1932 3464 3473 3537; baseline 0.005 -21"><span class='ocrx_word' id='word_1_769' title='bbox 1932 3464 2171 3532; x_wconf 87' lang='lat' dir='ltr'><strong>lapidem.</strong></span> <span class='ocrx_word' id='word_1_770' title='bbox 2210 3465 2496 3519; x_wconf 80' lang='lat' dir='ltr'><strong>Removete</strong></span> <span class='ocrx_word' id='word_1_771' title='bbox 2520 3466 2650 3535; x_wconf 85' lang='lat' dir='ltr'><strong>legis</strong></span> <span class='ocrx_word' id='word_1_772' title='bbox 2676 3468 2897 3534; x_wconf 85' lang='lat' dir='ltr'><strong>pondus,</strong></span> <span class='ocrx_word' id='word_1_773' title='bbox 2923 3470 3143 3537; x_wconf 80' lang='lat' dir='ltr'><strong>gratiam</strong></span> <span class='ocrx_word' id='word_1_774' title='bbox 3170 3471 3473 3537; x_wconf 64' lang='lat' dir='ltr'><strong>pradicate.</strong></span> 
     </span>
    </p>
   </div>
   <div class='ocr_carea' id='block_1_94' title="bbox 1932 3554 3477 3625">
    <p class='ocr_par' dir='ltr' id='par_1_94' title="bbox 1932 3554 3477 3625">
     <span class='ocr_line' id='line_1_95' title="bbox 1932 3554 3477 3625; baseline 0.005 -20"><span class='ocrx_word' id='word_1_775' title='bbox 1932 3554 2066 3606; x_wconf 85' lang='lat' dir='ltr'><strong>Dicit</strong></span> <span class='ocrx_word' id='word_1_776' title='bbox 2096 3556 2140 3605; x_wconf 91' lang='lat' dir='ltr'><strong>ei</strong></span> <span class='ocrx_word' id='word_1_777' title='bbox 2173 3554 2402 3618; x_wconf 78' lang='lat' dir='ltr'><strong>Martha,</strong></span> <span class='ocrx_word' id='word_1_778' title='bbox 2432 3572 2578 3608; x_wconf 81' lang='lat' dir='ltr'><strong>soror</strong></span> <span class='ocrx_word' id='word_1_779' title='bbox 2601 3557 2712 3623; x_wconf 85' lang='lat' dir='ltr'><strong>ejus</strong></span> <span class='ocrx_word' id='word_1_780' title='bbox 2748 3558 2834 3625; x_wconf 86' lang='lat' dir='ltr'><strong>qui</strong></span> <span class='ocrx_word' id='word_1_781' title='bbox 2873 3566 3103 3609; x_wconf 84' lang='lat' dir='ltr'><strong>mortuus</strong></span> <span class='ocrx_word' id='word_1_782' title='bbox 3134 3558 3299 3624; x_wconf 74' lang='lat' dir='ltr'><strong>fuerat</strong></span> <span class='ocrx_word' id='word_1_783' title='bbox 3324 3572 3342 3609; x_wconf 90' lang='lat'><strong><em>:</em></strong></span> <span class='ocrx_word' id='word_1_784' title='bbox 3374 3558 3477 3612; x_wconf 89' lang='lat' dir='ltr'><strong>Do-</strong></span> 
     </span>
    </p>
   </div>
   <div class='ocr_carea' id='block_1_95' title="bbox 1931 3632 3480 3714">
    <p class='ocr_par' dir='ltr' id='par_1_95' title="bbox 1931 3632 3480 3714">
     <span class='ocr_line' id='line_1_96' title="bbox 1931 3632 3480 3714; baseline 0.003 -19"><span class='ocrx_word' id='word_1_785' title='bbox 1931 3646 2085 3705; x_wconf 85' lang='lat' dir='ltr'><strong>mine,</strong></span> <span class='ocrx_word' id='word_1_786' title='bbox 2100 3645 2214 3713; x_wconf 86' lang='lat' dir='ltr'><strong>jam</strong></span> <span class='ocrx_word' id='word_1_787' title='bbox 2240 3645 2377 3713; x_wconf 77' lang='lat' dir='ltr'><strong>fetet,</strong></span> <span class='ocrx_word' id='word_1_788' title='bbox 2397 3648 2774 3714; x_wconf 87' lang='lat' dir='ltr'><strong>quatriduanus</strong></span> <span class='ocrx_word' id='word_1_789' title='bbox 2794 3648 2926 3699; x_wconf 82' lang='lat' dir='ltr'><strong>enim</strong></span> <span class='ocrx_word' id='word_1_790' title='bbox 2946 3659 3039 3699; x_wconf 88' lang='lat' dir='ltr'><strong>est.</strong></span> <span class='ocrx_word' id='word_1_791' title='bbox 3070 3648 3203 3699; x_wconf 88' lang='lat' dir='ltr'><strong>Dicit</strong></span> <span class='ocrx_word' id='word_1_792' title='bbox 3226 3651 3271 3700; x_wconf 87' lang='lat' dir='ltr'><strong>ei</strong></span> <span class='ocrx_word' id='word_1_793' title='bbox 3288 3632 3442 3701; x_wconf 72' lang='lat' dir='ltr'><strong>Iesus</strong></span> <span class='ocrx_word' id='word_1_794' title='bbox 3462 3665 3480 3699; x_wconf 74' lang='lat'><strong>.&#39;</strong></span> 
     </span>
    </p>
   </div>
   <div class='ocr_carea' id='block_1_96' title="bbox 1936 3732 3477 3803">
    <p class='ocr_par' dir='ltr' id='par_1_96' title="bbox 1936 3732 3477 3803">
     <span class='ocr_line' id='line_1_97' title="bbox 1936 3732 3477 3803; baseline 0.003 -21"><span class='ocrx_word' id='word_1_795' title='bbox 1936 3732 2121 3783; x_wconf 84' lang='lat' dir='ltr'><strong>Nonne</strong></span> <span class='ocrx_word' id='word_1_796' title='bbox 2158 3732 2266 3783; x_wconf 88' lang='lat' dir='ltr'><strong>dixi</strong></span> <span class='ocrx_word' id='word_1_797' title='bbox 2306 3733 2417 3794; x_wconf 90' lang='lat' dir='ltr'><strong>tibi,</strong></span> <span class='ocrx_word' id='word_1_798' title='bbox 2456 3734 2700 3799; x_wconf 88' lang='lat' dir='ltr'><strong>quoniam</strong></span> <span class='ocrx_word' id='word_1_799' title='bbox 2738 3734 2782 3785; x_wconf 88' lang='lat' dir='ltr'><strong>si</strong></span> <span class='ocrx_word' id='word_1_800' title='bbox 2819 3734 3117 3796; x_wconf 86' lang='lat' dir='ltr'><strong>credideris,</strong></span> <span class='ocrx_word' id='word_1_801' title='bbox 3147 3736 3338 3787; x_wconf 78' lang='lat' dir='ltr'><strong>videbis</strong></span> <span class='ocrx_word' id='word_1_802' title='bbox 3365 3737 3477 3803; x_wconf 77' lang='lat' dir='ltr'><strong>glo-</strong></span> 
     </span>
    </p>
   </div>
   <div class='ocr_carea' id='block_1_97' title="bbox 1934 3819 3481 3889">
    <p class='ocr_par' dir='ltr' id='par_1_97' title="bbox 1934 3819 3481 3889">
     <span class='ocr_line' id='line_1_98' title="bbox 1934 3819 3481 3889; baseline 0.002 -18"><span class='ocrx_word' id='word_1_803' title='bbox 1934 3822 2063 3872; x_wconf 84' lang='lat' dir='ltr'><strong>riam</strong></span> <span class='ocrx_word' id='word_1_804' title='bbox 2092 3820 2232 3872; x_wconf 80' lang='lat' dir='ltr'><strong>Dei?</strong></span> <span class='ocrx_word' id='word_1_805' title='bbox 2276 3839 2293 3870; x_wconf 78' lang='grc'><strong>(</strong></span> <span class='ocrx_word' id='word_1_806' title='bbox 2324 3819 2457 3885; x_wconf 89' lang='lat' dir='ltr'><strong>Quid</strong></span> <span class='ocrx_word' id='word_1_807' title='bbox 2487 3829 2594 3885; x_wconf 85' lang='lat' dir='ltr'><strong>est,</strong></span> <span class='ocrx_word' id='word_1_808' title='bbox 2625 3822 2815 3872; x_wconf 82' lang='lat' dir='ltr'><strong>videbis</strong></span> <span class='ocrx_word' id='word_1_809' title='bbox 2843 3820 3059 3889; x_wconf 80' lang='lat' dir='ltr'><strong>gloriam</strong></span> <span class='ocrx_word' id='word_1_810' title='bbox 3090 3821 3231 3874; x_wconf 75' lang='lat' dir='ltr'><strong>Dei?</strong></span> <span class='ocrx_word' id='word_1_811' title='bbox 3263 3822 3393 3887; x_wconf 83' lang='lat' dir='ltr'><strong>Quia</strong></span> <span class='ocrx_word' id='word_1_812' title='bbox 3428 3832 3481 3874; x_wconf 76' lang='lat' dir='ltr'><strong>et</strong></span> 
     </span>
    </p>
   </div>
   <div class='ocr_carea' id='block_1_98' title="bbox 1933 3896 3479 3978">
    <p class='ocr_par' dir='ltr' id='par_1_98' title="bbox 1933 3896 3479 3978">
     <span class='ocr_line' id='line_1_99' title="bbox 1933 3896 3479 3978; baseline 0.003 -16"><span class='ocrx_word' id='word_1_813' title='bbox 1933 3918 2201 3977; x_wconf 86' lang='lat' dir='ltr'><strong>putentem</strong></span> <span class='ocrx_word' id='word_1_814' title='bbox 2246 3920 2301 3963; x_wconf 89' lang='lat' dir='ltr'><strong>et</strong></span> <span class='ocrx_word' id='word_1_815' title='bbox 2344 3896 2753 3978; x_wconf 68' lang='lat' dir='ltr'><strong>quatriluanum</strong></span> <span class='ocrx_word' id='word_1_816' title='bbox 2800 3914 3042 3965; x_wconf 83' lang='lat' dir='ltr'><strong>suscitat.</strong></span> <span class='ocrx_word' id='word_1_817' title='bbox 3095 3912 3293 3967; x_wconf 86' lang='lat' dir='ltr'><strong>Omnes</strong></span> <span class='ocrx_word' id='word_1_818' title='bbox 3336 3916 3479 3967; x_wconf 82' lang='lat' dir='ltr'><strong>enim</strong></span> 
     </span>
    </p>
   </div>
   <div class='ocr_carea' id='block_1_99' title="bbox 1932 3997 3478 4066">
    <p class='ocr_par' dir='ltr' id='par_1_99' title="bbox 1932 3997 3478 4066">
     <span class='ocr_line' id='line_1_100' title="bbox 1932 3997 3478 4066; baseline 0.003 -18"><span class='ocrx_word' id='word_1_819' title='bbox 1932 4005 2311 4064; x_wconf 89' lang='lat' dir='ltr'><strong>peccaverunt,</strong></span> <span class='ocrx_word' id='word_1_820' title='bbox 2352 4005 2405 4049; x_wconf 90' lang='lat' dir='ltr'><strong>et</strong></span> <span class='ocrx_word' id='word_1_821' title='bbox 2439 4006 2593 4062; x_wconf 86' lang='lat' dir='ltr'><strong>egent</strong></span> <span class='ocrx_word' id='word_1_822' title='bbox 2624 3997 2787 4064; x_wconf 86' lang='lat' dir='ltr'><strong>gloria</strong></span> <span class='ocrx_word' id='word_1_823' title='bbox 2816 3998 2907 4049; x_wconf 88' lang='lat' dir='ltr'><strong>Dei</strong></span> <span class='ocrx_word' id='word_1_824' title='bbox 2936 3997 3110 4065; x_wconf 73' lang='lat' dir='ltr'><strong>(Rom.</strong></span> <span class='ocrx_word' id='word_1_825' title='bbox 3140 4012 3222 4060; x_wconf 86' lang='grc' dir='ltr'>ιιι,</span> <span class='ocrx_word' id='word_1_826' title='bbox 3250 4000 3361 4066; x_wconf 66' lang='lat'><strong>23).</strong></span> <span class='ocrx_word' id='word_1_827' title='bbox 3413 4000 3478 4052; x_wconf 76' lang='lat' dir='ltr'><strong>Et</strong></span> 
     </span>
    </p>
   </div>
   <div class='ocr_carea' id='block_1_100' title="bbox 1935 4082 3476 4152">
    <p class='ocr_par' dir='ltr' id='par_1_100' title="bbox 1935 4082 3476 4152">
     <span class='ocr_line' id='line_1_101' title="bbox 1935 4082 3476 4152; baseline 0.001 -19"><span class='ocrx_word' id='word_1_828' title='bbox 1935 4082 2022 4134; x_wconf 85' lang='lat' dir='ltr'><strong>ubi</strong></span> <span class='ocrx_word' id='word_1_829' title='bbox 2046 4082 2328 4135; x_wconf 87' lang='lat' dir='ltr'><strong>abundavit</strong></span> <span class='ocrx_word' id='word_1_830' title='bbox 2345 4090 2640 4149; x_wconf 84' lang='lat' dir='ltr'><strong>peccatum,</strong></span> <span class='ocrx_word' id='word_1_831' title='bbox 2655 4082 3099 4150; x_wconf 87' lang='lat' dir='ltr'><strong>superabundavit</strong></span> <span class='ocrx_word' id='word_1_832' title='bbox 3117 4083 3283 4149; x_wconf 86' lang='lat' dir='ltr'><strong>gratia</strong></span> <span class='ocrx_word' id='word_1_833' title='bbox 3301 4082 3476 4152; x_wconf 82' lang='lat' dir='ltr'><strong>(Rom.</strong></span> 
     </span>
    </p>
   </div>
   <div class='ocr_carea' id='block_1_101' title="bbox 1934 4170 2122 4239">
    <p class='ocr_par' dir='ltr' id='par_1_101' title="bbox 1934 4170 2122 4239">
     <span class='ocr_line' id='line_1_102' title="bbox 1934 4170 2122 4239; baseline 0.016 -20"><span class='ocrx_word' id='word_1_834' title='bbox 1934 4185 1982 4230; x_wconf 78' lang='grc' dir='ltr'>ν,</span> <span class='ocrx_word' id='word_1_835' title='bbox 2010 4170 2122 4239; x_wconf 76' lang='lat'><strong>20).</strong></span> 
     </span>
    </p>
   </div>
   <div class='ocr_carea' id='block_1_102' title="bbox 2002 4256 3479 4329">
    <p class='ocr_par' dir='ltr' id='par_1_102' title="bbox 2002 4256 3479 4329">
     <span class='ocr_line' id='line_1_103' title="bbox 2002 4256 3479 4329; baseline 0.001 -20"><span class='ocrx_word' id='word_1_836' title='bbox 2002 4257 2184 4325; x_wconf 75' lang='lat' dir='ltr'><strong>(Vens.</strong></span> <span class='ocrx_word' id='word_1_837' title='bbox 2214 4258 2426 4329; x_wconf 62' lang='lat'><strong>“43).</strong></span> <span class='ocrx_word' id='word_1_838' title='bbox 2464 4288 2534 4298; x_wconf 92' lang='lat'><strong>-—</strong></span> <span class='ocrx_word' id='word_1_839' title='bbox 2584 4258 2827 4311; x_wconf 79' lang='lat' dir='ltr'><strong>Tulerunt</strong></span> <span class='ocrx_word' id='word_1_840' title='bbox 2872 4274 2992 4326; x_wconf 75' lang='lat' dir='ltr'><strong>ergo</strong></span> <span class='ocrx_word' id='word_1_841' title='bbox 3037 4256 3278 4325; x_wconf 71' lang='lat' dir='ltr'><strong>lapidem.</strong></span> <span class='ocrx_word' id='word_1_842' title='bbox 3327 4258 3479 4311; x_wconf 79' lang='lat' dir='ltr'><strong>Jesus</strong></span> 
     </span>
    </p>
   </div>
   <div class='ocr_carea' id='block_1_103' title="bbox 1934 4344 3481 4415">
    <p class='ocr_par' dir='ltr' id='par_1_103' title="bbox 1934 4344 3481 4415">
     <span class='ocr_line' id='line_1_104' title="bbox 1934 4344 3481 4415; baseline 0 -18"><span class='ocrx_word' id='word_1_843' title='bbox 1934 4355 2101 4397; x_wconf 87' lang='lat' dir='ltr'><strong>autem</strong></span> <span class='ocrx_word' id='word_1_844' title='bbox 2124 4346 2332 4398; x_wconf 85' lang='lat' dir='ltr'><strong>elevatis</strong></span> <span class='ocrx_word' id='word_1_845' title='bbox 2357 4362 2559 4398; x_wconf 87' lang='lat' dir='ltr'><strong>sursum</strong></span> <span class='ocrx_word' id='word_1_846' title='bbox 2584 4347 2902 4404; x_wconf 84' lang='lat' dir='ltr'><strong>oculis,dixit</strong></span> <span class='ocrx_word' id='word_1_847' title='bbox 2920 4360 2938 4395; x_wconf 90' lang='lat'><strong><em>:</em></strong></span> <span class='ocrx_word' id='word_1_848' title='bbox 2963 4344 3141 4407; x_wconf 83' lang='lat' dir='ltr'><strong>Pater,</strong></span> <span class='ocrx_word' id='word_1_849' title='bbox 3164 4346 3359 4412; x_wconf 75' lang='lat' dir='ltr'><strong>gratias</strong></span> <span class='ocrx_word' id='word_1_850' title='bbox 3382 4362 3481 4415; x_wconf 67' lang='lat' dir='ltr'><strong>ago</strong></span> 
     </span>
    </p>
   </div>
   <div class='ocr_carea' id='block_1_104' title="bbox 1935 4433 3480 4503">
    <p class='ocr_par' dir='ltr' id='par_1_104' title="bbox 1935 4433 3480 4503">
     <span class='ocr_line' id='line_1_105' title="bbox 1935 4433 3480 4503; baseline -0.001 -16"><span class='ocrx_word' id='word_1_851' title='bbox 1935 4436 2053 4498; x_wconf 86' lang='lat' dir='ltr'><strong>tibi,</strong></span> <span class='ocrx_word' id='word_1_852' title='bbox 2092 4437 2333 4503; x_wconf 86' lang='lat' dir='ltr'><strong>quoniam</strong></span> <span class='ocrx_word' id='word_1_853' title='bbox 2372 4434 2561 4485; x_wconf 81' lang='lat' dir='ltr'><strong>audisti</strong></span> <span class='ocrx_word' id='word_1_854' title='bbox 2599 4451 2695 4485; x_wconf 89' lang='lat' dir='ltr'><strong>me.</strong></span> <span class='ocrx_word' id='word_1_855' title='bbox 2745 4434 2856 4501; x_wconf 79' lang='lat' dir='ltr'><strong>Ego</strong></span> <span class='ocrx_word' id='word_1_856' title='bbox 2885 4443 3053 4485; x_wconf 86' lang='lat' dir='ltr'><strong>autem</strong></span> <span class='ocrx_word' id='word_1_857' title='bbox 3080 4433 3329 4496; x_wconf 79' lang='lat' dir='ltr'><strong>sciebam,</strong></span> <span class='ocrx_word' id='word_1_858' title='bbox 3359 4435 3480 4502; x_wconf 86' lang='lat' dir='ltr'><strong>quia</strong></span> 
     </span>
    </p>
   </div>
   <div class='ocr_carea' id='block_1_105' title="bbox 1934 4520 3479 4589">
    <p class='ocr_par' dir='ltr' id='par_1_105' title="bbox 1934 4520 3479 4589">
     <span class='ocr_line' id='line_1_106' title="bbox 1934 4520 3479 4589; baseline 0 -17"><span class='ocrx_word' id='word_1_859' title='bbox 1934 4538 2130 4588; x_wconf 85' lang='lat' dir='ltr'><strong>semper</strong></span> <span class='ocrx_word' id='word_1_860' title='bbox 2151 4538 2227 4571; x_wconf 90' lang='lat' dir='ltr'><strong>me</strong></span> <span class='ocrx_word' id='word_1_861' title='bbox 2249 4521 2421 4582; x_wconf 84' lang='lat' dir='ltr'><strong>audis,</strong></span> <span class='ocrx_word' id='word_1_862' title='bbox 2444 4522 2531 4572; x_wconf 88' lang='lat' dir='ltr'><strong>sed</strong></span> <span class='ocrx_word' id='word_1_863' title='bbox 2558 4530 2765 4589; x_wconf 88' lang='lat' dir='ltr'><strong>propter</strong></span> <span class='ocrx_word' id='word_1_864' title='bbox 2786 4520 3029 4587; x_wconf 85' lang='lat' dir='ltr'><strong>populum</strong></span> <span class='ocrx_word' id='word_1_865' title='bbox 3054 4522 3140 4588; x_wconf 90' lang='lat' dir='ltr'><strong>qui</strong></span> <span class='ocrx_word' id='word_1_866' title='bbox 3167 4521 3479 4582; x_wconf 82' lang='lat' dir='ltr'><strong>circumstat,</strong></span> 
     </span>
    </p>
   </div>
   <div class='ocr_carea' id='block_1_106' title="bbox 1936 4606 3478 4675">
    <p class='ocr_par' dir='ltr' id='par_1_106' title="bbox 1936 4606 3478 4675">
     <span class='ocr_line' id='line_1_107' title="bbox 1936 4606 3478 4675; baseline 0.001 -17"><span class='ocrx_word' id='word_1_867' title='bbox 1936 4609 2065 4668; x_wconf 85' lang='lat' dir='ltr'><strong>dixi,</strong></span> <span class='ocrx_word' id='word_1_868' title='bbox 2088 4618 2141 4658; x_wconf 85' lang='lat' dir='ltr'><strong>ut</strong></span> <span class='ocrx_word' id='word_1_869' title='bbox 2163 4609 2369 4659; x_wconf 83' lang='lat' dir='ltr'><strong>credant</strong></span> <span class='ocrx_word' id='word_1_870' title='bbox 2392 4609 2515 4675; x_wconf 86' lang='lat' dir='ltr'><strong>quia</strong></span> <span class='ocrx_word' id='word_1_871' title='bbox 2540 4618 2595 4658; x_wconf 91' lang='lat' dir='ltr'><strong>tu</strong></span> <span class='ocrx_word' id='word_1_872' title='bbox 2619 4624 2697 4658; x_wconf 88' lang='lat' dir='ltr'><strong>me</strong></span> <span class='ocrx_word' id='word_1_873' title='bbox 2723 4609 2927 4659; x_wconf 81' lang='lat' dir='ltr'><strong>misisti.</strong></span> <span class='ocrx_word' id='word_1_874' title='bbox 2963 4606 3088 4658; x_wconf 72' lang='lat' dir='ltr'><strong>Utve</strong></span> <span class='ocrx_word' id='word_1_875' title='bbox 3110 4623 3226 4659; x_wconf 63' lang='lat' dir='ltr'><strong>cum</strong></span> <span class='ocrx_word' id='word_1_876' title='bbox 3248 4608 3478 4668; x_wconf 79' lang='lat' dir='ltr'><strong>dixisset,</strong></span> 
     </span>
    </p>
   </div>
   <div class='ocr_carea' id='block_1_107' title="bbox 1938 4691 3479 4763">
    <p class='ocr_par' dir='ltr' id='par_1_107' title="bbox 1938 4691 3479 4763">
     <span class='ocr_line' id='line_1_108' title="bbox 1938 4691 3479 4763; baseline 0.002 -20"><span class='ocrx_word' id='word_1_877' title='bbox 1938 4692 2092 4761; x_wconf 79' lang='grc'><strong>577</strong></span> <span class='ocrx_word' id='word_1_878' title='bbox 2120 4708 2235 4744; x_wconf 89' lang='lat' dir='ltr'><strong>voce</strong></span> <span class='ocrx_word' id='word_1_879' title='bbox 2264 4708 2447 4759; x_wconf 86' lang='lat' dir='ltr'><strong>magna</strong></span> <span class='ocrx_word' id='word_1_880' title='bbox 2477 4691 2734 4743; x_wconf 84' lang='lat' dir='ltr'><strong>clamavit.</strong></span> <span class='ocrx_word' id='word_1_881' title='bbox 2767 4710 2782 4739; x_wconf 81' lang='grc' dir='ltr'><strong>ι</strong></span> <span class='ocrx_word' id='word_1_882' title='bbox 2816 4692 3051 4745; x_wconf 79' lang='lat' dir='ltr'><strong>Fremuit</strong></span> <span class='ocrx_word' id='word_1_883' title='bbox 3073 4731 3088 4754; x_wconf 90' lang='lat'><strong>,</strong></span> <span class='ocrx_word' id='word_1_884' title='bbox 3131 4694 3441 4763; x_wconf 84' lang='lat' dir='ltr'><strong>lacryinavit</strong></span> <span class='ocrx_word' id='word_1_885' title='bbox 3463 4734 3479 4756; x_wconf 86' lang='lat'><strong>,</strong></span> 
     </span>
    </p>
   </div>
   <div class='ocr_carea' id='block_1_108' title="bbox 1941 4781 3482 4851">
    <p class='ocr_par' dir='ltr' id='par_1_108' title="bbox 1941 4781 3482 4851">
     <span class='ocr_line' id='line_1_109' title="bbox 1941 4781 3482 4851; baseline 0.001 -15"><span class='ocrx_word' id='word_1_886' title='bbox 1941 4800 2065 4837; x_wconf 75' lang='lat' dir='ltr'><strong>voce</strong></span> <span class='ocrx_word' id='word_1_887' title='bbox 2100 4798 2286 4851; x_wconf 87' lang='lat' dir='ltr'><strong>magna</strong></span> <span class='ocrx_word' id='word_1_888' title='bbox 2318 4782 2582 4835; x_wconf 74' lang='lat' dir='ltr'><strong>clamavit.</strong></span> <span class='ocrx_word' id='word_1_889' title='bbox 2634 4781 2800 4845; x_wconf 87' lang='lat' dir='ltr'><strong>Quam</strong></span> <span class='ocrx_word' id='word_1_890' title='bbox 2830 4781 3038 4836; x_wconf 86' lang='lat' dir='ltr'><strong>diﬁicile</strong></span> <span class='ocrx_word' id='word_1_891' title='bbox 3074 4784 3278 4851; x_wconf 86' lang='lat' dir='ltr'><strong>surgit,</strong></span> <span class='ocrx_word' id='word_1_892' title='bbox 3324 4800 3482 4851; x_wconf 64' lang='lat' dir='ltr'><strong>quem</strong></span> 
     </span>
    </p>
   </div>
   <div class='ocr_carea' id='block_1_109' title="bbox 1940 4868 3480 4939">
    <p class='ocr_par' dir='ltr' id='par_1_109' title="bbox 1940 4868 3480 4939">
     <span class='ocr_line' id='line_1_110' title="bbox 1940 4868 3480 4939; baseline -0.001 -13"><span class='ocrx_word' id='word_1_893' title='bbox 1940 4874 2105 4926; x_wconf 88' lang='lat' dir='ltr'><strong>moles</strong></span> <span class='ocrx_word' id='word_1_894' title='bbox 2129 4872 2277 4924; x_wconf 73' lang='lat' dir='ltr'><strong>mala:</strong></span> <span class='ocrx_word' id='word_1_895' title='bbox 2296 4870 2689 4924; x_wconf 89' lang='lat' dir='ltr'><strong>consuetudinis</strong></span> <span class='ocrx_word' id='word_1_896' title='bbox 2710 4869 2921 4936; x_wconf 85' lang='lat' dir='ltr'><strong>premit.</strong></span> <span class='ocrx_word' id='word_1_897' title='bbox 2961 4868 3065 4923; x_wconf 86' lang='lat' dir='ltr'><strong>Sed</strong></span> <span class='ocrx_word' id='word_1_898' title='bbox 3088 4879 3265 4923; x_wconf 84' lang='lat' dir='ltr'><strong>tamen</strong></span> <span class='ocrx_word' id='word_1_899' title='bbox 3289 4872 3480 4939; x_wconf 82' lang='lat' dir='ltr'><strong>surgit,</strong></span> 
     </span>
    </p>
   </div>
   <div class='ocr_carea' id='block_1_110' title="bbox 1939 4959 3481 5029">
    <p class='ocr_par' dir='ltr' id='par_1_110' title="bbox 1939 4959 3481 5029">
     <span class='ocr_line' id='line_1_111' title="bbox 1939 4959 3481 5029; baseline -0.003 -14"><span class='ocrx_word' id='word_1_900' title='bbox 1939 4963 2145 5015; x_wconf 86' lang='lat' dir='ltr'><strong>occulta</strong></span> <span class='ocrx_word' id='word_1_901' title='bbox 2184 4962 2349 5029; x_wconf 83' lang='lat' dir='ltr'><strong>gratia</strong></span> <span class='ocrx_word' id='word_1_902' title='bbox 2388 4961 2528 5013; x_wconf 86' lang='lat' dir='ltr'><strong>intus</strong></span> <span class='ocrx_word' id='word_1_903' title='bbox 2564 4959 2899 5012; x_wconf 85' lang='lat' dir='ltr'><strong>viviﬁcatus:</strong></span> <span class='ocrx_word' id='word_1_904' title='bbox 2945 4961 3115 5027; x_wconf 86' lang='lat' dir='ltr'><strong>surgit</strong></span> <span class='ocrx_word' id='word_1_905' title='bbox 3154 4970 3273 5027; x_wconf 85' lang='lat' dir='ltr'><strong>post</strong></span> <span class='ocrx_word' id='word_1_906' title='bbox 3297 4974 3481 5011; x_wconf 76' lang='lat' dir='ltr'><strong>vocem</strong></span> 
     </span>
    </p>
   </div>
   <div class='ocr_carea' id='block_1_111' title="bbox 1940 5045 3479 5115">
    <p class='ocr_par' dir='ltr' id='par_1_111' title="bbox 1940 5045 3479 5115">
     <span class='ocr_line' id='line_1_112' title="bbox 1940 5045 3479 5115; baseline -0.004 -12"><span class='ocrx_word' id='word_1_907' title='bbox 1940 5062 2201 5115; x_wconf 77' lang='lat' dir='ltr'><strong>magnam.</strong></span> <span class='ocrx_word' id='word_1_908' title='bbox 2231 5045 2369 5111; x_wconf 87' lang='lat' dir='ltr'><strong>Quid</strong></span> <span class='ocrx_word' id='word_1_909' title='bbox 2397 5057 2479 5100; x_wconf 89' lang='lat' dir='ltr'><strong>est</strong></span> <span class='ocrx_word' id='word_1_910' title='bbox 2506 5046 2741 5101; x_wconf 73' lang='lat' dir='ltr'><strong>factum?</strong></span> <span class='ocrx_word' id='word_1_911' title='bbox 2784 5048 2966 5115; x_wconf 73' lang='lat' dir='ltr'><strong>(Vens.</strong></span> <span class='ocrx_word' id='word_1_912' title='bbox 2994 5048 3104 5113; x_wconf 63' lang='grc' dir='ltr'>Μ.)</span> <span class='ocrx_word' id='word_1_913' title='bbox 3138 5046 3268 5098; x_wconf 83' lang='lat' dir='ltr'><strong>Voce</strong></span> <span class='ocrx_word' id='word_1_914' title='bbox 3294 5063 3479 5113; x_wconf 65' lang='lat' dir='ltr'><strong>magna</strong></span> 
     </span>
    </p>
   </div>
   <div class='ocr_carea' id='block_1_112' title="bbox 1938 5134 3481 5203">
    <p class='ocr_par' dir='ltr' id='par_1_112' title="bbox 1938 5134 3481 5203">
     <span class='ocr_line' id='line_1_113' title="bbox 1938 5134 3481 5203; baseline -0.001 -16"><span class='ocrx_word' id='word_1_915' title='bbox 1938 5137 2211 5190; x_wconf 84' lang='lat' dir='ltr'><strong>clamavit:</strong></span> <span class='ocrx_word' id='word_1_916' title='bbox 2244 5136 2461 5200; x_wconf 74' lang='lat' dir='ltr'><strong>Lazare,</strong></span> <span class='ocrx_word' id='word_1_917' title='bbox 2499 5138 2612 5189; x_wconf 75' lang='lat' dir='ltr'><strong>seni</strong></span> <span class='ocrx_word' id='word_1_918' title='bbox 2647 5136 2808 5203; x_wconf 78' lang='lat' dir='ltr'><strong>foras.</strong></span> <span class='ocrx_word' id='word_1_919' title='bbox 2844 5136 2909 5188; x_wconf 83' lang='lat' dir='ltr'><strong>Et</strong></span> <span class='ocrx_word' id='word_1_920' title='bbox 2946 5136 3122 5186; x_wconf 69' lang='lat' dir='ltr'><strong>statim</strong></span> <span class='ocrx_word' id='word_1_921' title='bbox 3163 5134 3350 5201; x_wconf 84' lang='lat' dir='ltr'><strong>prodiit</strong></span> <span class='ocrx_word' id='word_1_922' title='bbox 3389 5138 3481 5202; x_wconf 79' lang='lat' dir='ltr'><strong>qui</strong></span> 
     </span>
    </p>
   </div>
   <div class='ocr_carea' id='block_1_113' title="bbox 1943 5222 3479 5290">
    <p class='ocr_par' dir='ltr' id='par_1_113' title="bbox 1943 5222 3479 5290">
     <span class='ocr_line' id='line_1_114' title="bbox 1943 5222 3479 5290; baseline -0.003 -15"><span class='ocrx_word' id='word_1_923' title='bbox 1943 5223 2110 5290; x_wconf 74' lang='lat' dir='ltr'><strong>fuerat</strong></span> <span class='ocrx_word' id='word_1_924' title='bbox 2141 5235 2400 5283; x_wconf 87' lang='lat' dir='ltr'><strong>mortuus,</strong></span> <span class='ocrx_word' id='word_1_925' title='bbox 2442 5222 2629 5289; x_wconf 77' lang='lat' dir='ltr'><strong>ligatus</strong></span> <span class='ocrx_word' id='word_1_926' title='bbox 2674 5223 2823 5287; x_wconf 67' lang='lat' dir='ltr'><strong>pales</strong></span> <span class='ocrx_word' id='word_1_927' title='bbox 2864 5231 2912 5273; x_wconf 84' lang='lat' dir='ltr'><strong>et</strong></span> <span class='ocrx_word' id='word_1_928' title='bbox 2955 5238 3135 5273; x_wconf 70' lang='lat' dir='ltr'><strong>manu</strong></span> <span class='ocrx_word' id='word_1_929' title='bbox 3163 5222 3383 5280; x_wconf 80' lang='lat' dir='ltr'><strong>institis.</strong></span> <span class='ocrx_word' id='word_1_930' title='bbox 3434 5232 3479 5270; x_wconf 76' lang='lat' dir='ltr'><strong>rt</strong></span> 
     </span>
    </p>
   </div>
   <div class='ocr_carea' id='block_1_114' title="bbox 1944 5308 3486 5378">
    <p class='ocr_par' dir='ltr' id='par_1_114' title="bbox 1944 5308 3486 5378">
     <span class='ocr_line' id='line_1_115' title="bbox 1944 5308 3486 5378; baseline -0.001 -17"><span class='ocrx_word' id='word_1_931' title='bbox 1944 5311 2103 5378; x_wconf 74' lang='lat' dir='ltr'><strong>facies</strong></span> <span class='ocrx_word' id='word_1_932' title='bbox 2137 5311 2277 5364; x_wconf 84' lang='lat' dir='ltr'><strong>illius</strong></span> <span class='ocrx_word' id='word_1_933' title='bbox 2313 5311 2521 5364; x_wconf 80' lang='lat' dir='ltr'><strong>sudario</strong></span> <span class='ocrx_word' id='word_1_934' title='bbox 2550 5317 2658 5360; x_wconf 87' lang='lat' dir='ltr'><strong>erat</strong></span> <span class='ocrx_word' id='word_1_935' title='bbox 2688 5308 2865 5375; x_wconf 63' lang='lat' dir='ltr'><strong>ligata.</strong></span> <span class='ocrx_word' id='word_1_936' title='bbox 2913 5308 3187 5374; x_wconf 83' lang='lat' dir='ltr'><strong>Quomodo</strong></span> <span class='ocrx_word' id='word_1_937' title='bbox 3225 5311 3486 5376; x_wconf 73' lang='lat' dir='ltr'><strong>processit</strong></span> 
     </span>
    </p>
   </div>
   <div class='ocr_carea' id='block_1_115' title="bbox 1944 5396 3488 5465">
    <p class='ocr_par' dir='ltr' id='par_1_115' title="bbox 1944 5396 3488 5465">
     <span class='ocr_line' id='line_1_116' title="bbox 1944 5396 3488 5465; baseline 0.003 -18"><span class='ocrx_word' id='word_1_938' title='bbox 1944 5397 2117 5464; x_wconf 84' lang='lat' dir='ltr'><strong>ligatis</strong></span> <span class='ocrx_word' id='word_1_939' title='bbox 2142 5400 2360 5465; x_wconf 84' lang='lat' dir='ltr'><strong>pedibus</strong></span> <span class='ocrx_word' id='word_1_940' title='bbox 2395 5396 2635 5457; x_wconf 81' lang='lat' dir='ltr'><strong>miraris,</strong></span> <span class='ocrx_word' id='word_1_941' title='bbox 2677 5406 2731 5448; x_wconf 87' lang='lat' dir='ltr'><strong>et</strong></span> <span class='ocrx_word' id='word_1_942' title='bbox 2770 5410 2873 5449; x_wconf 91' lang='lat' dir='ltr'><strong>non</strong></span> <span class='ocrx_word' id='word_1_943' title='bbox 2913 5398 3123 5451; x_wconf 80' lang='lat' dir='ltr'><strong>miraris</strong></span> <span class='ocrx_word' id='word_1_944' title='bbox 3146 5398 3267 5461; x_wconf 75' lang='lat' dir='ltr'><strong>quia</strong></span> <span class='ocrx_word' id='word_1_945' title='bbox 3300 5411 3488 5451; x_wconf 64' lang='lat' dir='ltr'><strong>restir-</strong></span> 
     </span>
    </p>
   </div>
   <div class='ocr_carea' id='block_1_116' title="bbox 645 5515 3489 5586">
    <p class='ocr_par' dir='ltr' id='par_1_116' title="bbox 645 5515 3489 5586">
     <span class='ocr_line' id='line_1_117' title="bbox 645 5515 3489 5586; baseline 0.005 -21"><span class='ocrx_word' id='word_1_946' title='bbox 645 5535 661 5565; x_wconf 84' lang='grc' dir='ltr'><strong>ι</strong></span> <span class='ocrx_word' id='word_1_947' title='bbox 693 5515 821 5567; x_wconf 82' lang='lat' dir='ltr'><strong>Nam</strong></span> <span class='ocrx_word' id='word_1_948' title='bbox 862 5523 914 5566; x_wconf 85' lang='lat' dir='ltr'><strong>et</strong></span> <span class='ocrx_word' id='word_1_949' title='bbox 952 5516 1125 5568; x_wconf 89' lang='lat' dir='ltr'><strong>anima</strong></span> <span class='ocrx_word' id='word_1_950' title='bbox 1167 5520 1396 5586; x_wconf 65' lang='lat' dir='ltr'><strong>Apzistoli</strong></span> <span class='ocrx_word' id='word_1_951' title='bbox 1452 5522 1612 5573; x_wconf 82' lang='lat' dir='ltr'><strong>verbo</strong></span> <span class='ocrx_word' id='word_1_952' title='bbox 1654 5520 1904 5572; x_wconf 79' lang='lat' dir='ltr'><strong>illustrata</strong></span> <span class='ocrx_word' id='word_1_953' title='bbox 1944 5530 2056 5585; x_wconf 60' lang='lat' dir='ltr'><strong>Pal,</strong></span> <span class='ocrx_word' id='word_1_954' title='bbox 2111 5521 2281 5573; x_wconf 86' lang='lat' dir='ltr'><strong>anima</strong></span> <span class='ocrx_word' id='word_1_955' title='bbox 2326 5522 2469 5574; x_wconf 87' lang='lat' dir='ltr'><strong>Pauli</strong></span> <span class='ocrx_word' id='word_1_956' title='bbox 2520 5530 2573 5573; x_wconf 87' lang='lat' dir='ltr'><strong>et</strong></span> <span class='ocrx_word' id='word_1_957' title='bbox 2621 5520 2794 5573; x_wconf 81' lang='lat' dir='ltr'><strong>anima</strong></span> <span class='ocrx_word' id='word_1_958' title='bbox 2832 5518 2973 5573; x_wconf 78' lang='lat' dir='ltr'><strong>Petri</strong></span> <span class='ocrx_word' id='word_1_959' title='bbox 3016 5520 3175 5573; x_wconf 77' lang='lat' dir='ltr'><strong>verbo</strong></span> <span class='ocrx_word' id='word_1_960' title='bbox 3222 5521 3489 5581; x_wconf 78' lang='lat' dir='ltr'><strong>illustrata</strong></span> 
     </span>
    </p>
   </div>
  </div>
