4266 6212
682 327 784 382 905

1500 318 1565 373 Β.
1603 318 1665 371 F.
1704 316 1919 372 ALBINI
1958 315 2085 369 SEU
2125 302 2389 367 ALCUINI
2426 311 2697 367 OPERUM
2732 309 2904 366 PARS
2941 312 3000 365 Il.

3730 311 3838 365 905

680 436 819 488 rein
835 431 1243 501 quatriduanus?
1270 418 1328 483 in
1351 439 1573 498 utroque
1594 430 1822 497 potentia
1843 427 2048 481 Domini
2064 432 2204 487 erat,
2236 428 2281 483 Α
2305 423 2435 476 dixit
2470 425 2580 477 eis:
2614 422 2713 477 Vos
2751 425 2951 477 nescitis
2984 422 3289 491 quidquam,
3329 434 3418 473 nec
3452 420 3681 489 cogitatis
3714 424 3841 491 quia

679 538 782 578 non
809 522 947 575 vires
972 520 1186 574 monui.
1236 518 1529 580 Processit,
1567 525 1625 569 et
1658 517 1828 570 adhuc
1864 516 2054 584 ligatus
2087 522 2204 566 est:

678 612 853 665 adhuc
878 608 1146 663 involutus
1167 647 1181 667 ,
1227 616 1402 659 tamen
1436 599 1581 658 foras
1607 603 1721 671 jam
1754 602 2029 673 processit.
2074 599 2208 665 Quid

674 695 977 766 signiﬁcat?
1006 694 1224 760 Quando
1252 692 1559 749 contemnis.
1590 699 1829 744 mortuus
1850 691 2030 757 iaces;
2074 698 2129 741 et
2166 688 2207 741 si

676 793 826 839 tanta
848 791 1039 851 quanta
1066 782 1172 835 dixi
1199 781 1509 843 contemnis,
1534 778 1766 846 sepultus
1789 776 1935 843 jaces
1959 793 1971 827 :
2003 774 2213 843 quando

679 868 946 922 confiteris
975 865 1233 937 [surgis],
1278 875 1403 919 tunc
1449 864 1709 933 procedis.
1767 861 1901 927 Quid
1948 869 2028 915 est
2070 863 2211 915 enim

680 957 982 1024 procedere,
1002 956 1101 1007 nisi
1117 956 1187 1007 ab
1206 955 1431 1009 occultis
1450 953 1591 1007 velut
1607 953 1842 1006 exeundo
1861 950 2214 1004 manifestari?

682 1040 785 1094 Sed
813 1050 865 1093 ut
894 1042 1212 1105 confitearis,
1244 1041 1380 1093 Deus
1406 1039 1531 1092 facit
1554 1054 1681 1092 voce
1707 1053 1894 1106 magna
1919 1037 2211 1098 clamando,

678 1128 734 1181 id
754 1137 861 1191 est,
887 1134 1077 1197 magna
1108 1128 1272 1196 gratia
1298 1128 1552 1181 vocando.
1583 1126 1705 1179 ideo
1728 1140 1849 1178 cum
1873 1123 2218 1193 processisset

681 1223 920 1269 mortuus
947 1216 1118 1268 adhuc
1147 1215 1357 1283 ligatus,
1391 1213 1649 1267 confitens
1685 1220 1738 1265 et
1771 1213 1943 1265 adhuc
1972 1225 2116 1274 reus,
2160 1217 2219 1263 ut

679 1306 1011 1371 solverentur
1036 1313 1251 1374 peccata
1282 1303 1425 1371 eius,
1464 1304 1722 1356 ministris
1748 1303 1849 1354 hoc
1875 1300 2008 1353 dixit
2036 1299 2215 1352 Domi-

684 1404 819 1443 nos:
853 1376 1045 1443 Solvite
1068 1390 1235 1451 illum,
1267 1400 1315 1442 et
1340 1392 1489 1442 sinite
1512 1390 1673 1441 abire.
1717 1388 1853 1452 Quid
1878 1394 1979 1449 est,
2006 1385 2215 1448 Solvite,

680 1484 729 1526 et
755 1476 904 1526 sinite
930 1475 1069 1525 abire
1091 1477 1116 1525 .9
1151 1476 1277 1539 Qua:
1305 1476 1567 1528 solveritis
1597 1476 1648 1527 in
1674 1483 1839 1535 terra,
1865 1481 2023 1526 erunt
2048 1472 2217 1527 soluta

681 1575 735 1616 et
762 1566 813 1616 in
843 1565 1008 1618 cmiis.
1043 1585 1060 1614 ι
1118 1565 1294 1617 Potuit
1334 1566 1475 1619 enim
1513 1563 1799 1632 ligamenta
1843 1563 2084 1626 solvere,
2128 1563 2217 1631 qui

683 1659 949 1703 mortuum
980 1640 1344 1704 resuscitavit:
1385 1652 1476 1704 sed
1505 1656 1719 1718 propter
1742 1650 1994 1701 unitatem
2025 1656 2217 1701 sancta

2310 511 2508 580 expedit
2534 512 2672 563 robis
2706 521 2760 563 ut
2796 526 2929 563 unus
2958 510 3107 562 homo
3134 510 3384 561 moriatur
3415 524 3507 577 pro
3545 509 3754 577 populo,
3791 520 3842 563 et

2309 614 2409 650 non
2449 606 2553 648 tota
2589 612 2708 664 gens
2745 606 2935 664 pereat.
2992 594 3105 647 Hoc
3149 604 3319 646 autem
3362 612 3393 646 a
3434 597 3698 662 semetipso
3739 611 3845 649 non

2307 683 2461 746 dixit,
2496 684 2583 735 sed
2617 700 2732 753 cum
2756 692 2882 736 esset
2908 682 3137 752 pontifex
3160 682 3284 733 anni
3309 681 3470 744 illius,
3507 684 3842 751 prophetavit.

2309 773 2405 827 iiic
2428 773 2603 827 docuit
2627 775 2787 828 etiam
2810 788 2905 841 per
2928 773 3166 826 homines
3205 774 3372 826 malos
3413 774 3699 843 prophetia
3732 775 3811 851 δρᾷ
3827 803 3844 814 -

2306 862 2466 914 ritum
2508 860 2683 914 futura
2728 861 3011 929 praedicere
3045 877 3058 912 :
3110 861 3252 928 quod
3298 869 3475 914 tamen
3519 862 3846 931 evangelista

2308 950 2485 1004 divino
2514 950 2699 1002 tribuit
2723 956 3075 1011 sacramento,
3102 948 3223 1015 quia
3248 946 3483 1015 pontifex
3512 948 3633 1011 fuit,
3660 940 3713 1002 id
3735 957 3846 1013 est,

2309 1052 2545 1091 summus
2584 1035 2847 1090 sacerdos.
2895 1034 3075 1089 Potest
3118 1043 3291 1090 autem
3331 1050 3541 1089 movere
3582 1038 3848 1105 quomodo

2311 1124 2517 1177 dicatur
2544 1116 2778 1192 pontifex
2813 1123 2934 1175 anni
2958 1119 3131 1186 illius,
3167 1138 3286 1176 cum
3322 1123 3573 1177 Dominus
3601 1124 3852 1177 statuerit

2312 1227 2472 1264 unum
2502 1226 2762 1264 summum
2792 1211 3139 1273 sacerdotem,
3163 1210 3246 1264 cui
3275 1220 3483 1264 mortuo
3508 1226 3643 1264 unus
3668 1226 3851 1265 succc—

2312 1298 2497 1352 deret?
2538 1297 2641 1352 Sed
2680 1285 3067 1367 intell'gendum
3094 1311 3191 1375 per
3213 1298 3525 1351 ambitiones
3549 1306 3603 1351 et
3624 1307 3849 1353 conten-

2312 1387 2483 1439 tiones
2524 1388 2662 1439 inter
2696 1384 2902 1440 Judzeos
2942 1396 3121 1455 postea
3159 1388 3533 1450 constitutum,
3576 1396 3633 1439 ut
3670 1388 3853 1455 plures

2312 1482 2509 1535 essent,
2533 1482 2585 1526 et
2614 1488 2706 1540 per
2726 1490 2891 1527 annos
2918 1474 3147 1542 singulos
3170 1475 3373 1529 vicibus
3397 1475 3557 1544 578
3581 1477 3853 1531 ministra-

2314 1570 2450 1614 rent.
2504 1560 2633 1614 Nam
2684 1563 2748 1615 de
2788 1562 3039 1615 Zacharia
3088 1562 3188 1615 hoc
3232 1563 3463 1616 dicitur:
3513 1562 3731 1616 Factum
3773 1574 3849 1616 est

2314 1658 2509 1710 autem,
2540 1664 2653 1700 cum
2680 1650 2962 1701 sacerdotio
2991 1650 3363 1717 fungeretur'in
3388 1650 3565 1702 ordine
3593 1652 3714 1703 uicis
3739 1667 3853 1703 suae

684 1739 778 1791 Dei
798 1738 1076 1801 Ecclesiae,
1103 1747 1156 1791 et
1183 1738 1502 1791 individuam
1531 1738 1872 1799 charitatem,
1904 1735 2098 1789 dicitur
2123 1736 2219 1788 mi—
2248 1724 2293 1781 Β
2316 1746 2433 1787 ante
2457 1733 2619 1788 Deum
2637 1774 2651 1796 ,
2680 1737 2955 1787 secundum
2980 1736 3386 1789 constitutionem
3416 1735 3545 1806 [AL,
3573 1748 3847 1807 consuetu-

679 1827 883 1889 nistris,
913 1827 1101 1889 idest,
1145 1826 1421 1895 discipulis
1445 1825 1677 1879 Christi:
1709 1825 1903 1878 Soluite
1930 1840 2062 1886 eum,
2095 1825 2217 1892 quia

680 1912 798 1967 sine
820 1915 1315 1967 anitate‘catlioiieae
1343 1913 1464 1967 ildei
1489 1921 1544 1967 et
1571 1914 1826 1967 charitate
1850 1913 2222 1966 ecclesiastica:

684 1999 979 2052 sanctitatis
1003 2039 1017 2062 ,
1066 2012 1280 2069 peccata
1317 2017 1419 2055 non
1457 2002 1748 2055 solvuntur.
1796 2000 1977 2071 (Vsus.
2001 2000 2085 2065 45,
2110 2000 2220 2070 ιθ.)

689 2083 841 2135 Nulti
877 2095 1046 2137 autem
1080 2102 1143 2137 ea:
1169 2085 1389 2148 Induis,
1420 2088 1508 2155 qui
1531 2096 1771 2139 uenerant
1806 2085 1873 2137 ad
1904 2084 2143 2145 Har-iam,
2177 2097 2222 2139 et

686 2170 920 2222 uiderunt
943 2187 1057 2237 quae
1081 2172 1199 2238 fecit
1220 2172 1392 2234 Iesus,
1417 2173 1738 2225 crediderunt
1762 2174 1816 2224 in
1840 2170 1972 2225 eum.
2002 2171 2223 2235 Quidam

686 2267 855 2310 autem
891 2273 955 2309 ex
989 2259 1113 2325 ipsis
1152 2259 1385 2311 abierunt
1423 2260 1491 2312 ad
1527 2258 1850 2319 Pharisaos,
1901 2262 1951 2311 et
1984 2260 2222 2311 dixerunt

686 2359 805 2411 qua
835 2344 1151 2410 [σεῦ-«ιαμ.
1194 2363 1212 2393 ι
1250 2346 1363 2399 Non
1391 2361 1575 2399 omnes
1600 2361 1663 2399 ex
1689 2344 1885 2400 Judmis
1914 2347 2001 2413 qui
2031 2360 2222 2399 conve-

684 2437 884 2480 nerant
917 2429 983 2481 ad
1019 2428 1270 2491 Mariam,
1308 2431 1675 2484 crediderunt:
1715 2432 1807 2485 sed
1844 2441 2020 2485 tamen
2052 2432 2221 2484 multi.

690 2512 916 2576 Quidam
944 2530 1059 2568 vero
1087 2531 1150 2568 ea:
1174 2518 1270 2579 eis,
1296 2518 1407 2571 sive
1431 2533 1495 2570 ex
1521 2517 1715 2572 Judznis
1738 2519 1827 2586 qui
1850 2528 2223 2581 convenerant,

690 2600 802 2653 sive
829 2616 895 2655 ex
923 2603 1119 2669 eisqui
1147 2605 1511 2667 crediderant,
1551 2606 1785 2658 abierunt
1814 2607 1881 2657 ad
1912 2604 2223 2669 Pharisaos,

686 2694 737 2739 et
762 2686 1002 2741 “terunt
1029 2690 1101 2741 eis
1125 2704 1239 2757 qua
1264 2689 1383 2757 fecit
1408 2688 1593 2751 Iesus;
1625 2691 1736 2744 sive
1767 2690 2142 2755 annuntiando,
2170 2697 2229 2744 ut

690 2780 748 2831 .el
773 2775 871 2841 ipsi
898 2777 1199 2839 crederent;
1236 2778 1352 2832 sive
1372 2780 1547 2845 potius
1573 2779 1857 2845 prodendo,
1880 2787 1945 2832 ut
1960 2779 2223 2832 saevirent.

696 2860 801 2914 Sed
827 2865 1243 2931 quomodolibet,
1282 2874 1338 2919 et
1374 2882 1404 2918 a
1443 2867 1795 2932 quibuslibet,
1840 2866 2229 2921 ad'Pharisaaos

696 2948 797 3002 ista
824 2952 1025 3021 prolata
1049 2961 1192 3006 sunt.
1618 2970 1621 2973 ‘
1678 2982 1681 2983 ν
1928 2952 1929 2955 “
2026 2965 2035 2972 '
2186 2974 2189 2975 '

1222 3082 1443 3145 CAPUT
1480 3083 1704 3140 XXVIII.
1815 3126 1820 3134 .

698 3179 972 3262 Pontifices
998 3174 1396 3262 adversuseitm
1429 3192 2000 3262 conciliumcouigunt,
2040 3193 2096 3246 in
2127 3210 2227 3262 quo

696 3277 698 3279 ν
769 3252 1015 3333 Caiphns,
1054 3274 1210 3333 unum
1240 3257 1533 3333 deberepro
1566 3258 1749 3333 popqu
1773 3252 2032 3333 rno'ri,_ne
2064 3252 2228 3333 cuncti

766 3324 1017 3389 perirent,
1054 3326 1388 3392 prophetizat.
1431 3324 1496 3378 Et
1531 3324 1646 3378 ante
1677 3324 1765 3379 δέει
1794 3326 1900 3378 dies
1932 3324 2142 3392 Pascha?
2168 3328 2231 3379 de

766 3394 1009 3463 unguenti
1207 3394 1356 3461 pedes
1375 3393 1581 3447 Domini
1600 3396 1799 3462 profusi
1818 3391 1978 3463 pretio
2002 3411 2233 3446 murmur

766 3458 1003 3529 arguitur
1025 3458 1199 3519 έναι.

770 3564 931 3619 Vsus.
958 3566 1048 3619 Π.
1064 3596 1135 3607 --
1152 3566 1471 3635 Couegeruut
1494 3580 1611 3637 ergo
1631 3570 1892 3638 pontiﬁces
1913 3580 1963 3622 et
1984 3570 2235 3622 Pharisai

700 3654 993 3717 concilium,
1027 3665 1073 3709 et
1102 3657 1372 3710 dicebant:
1400 3657 1537 3720 Quid
1562 3659 1808 3726 facimus
1828 3660 1855 3711 .’
1880 3677 1899 3709 ι
1926 3660 2033 3713 Nec
2060 3669 2234 3713 tamen

703 3742 965 3805 dicebant,
990 3747 1283 3799 credamus.
1316 3745 1439 3799 Pius
1462 3747 1603 3799 enim
1626 3748 1817 3814 perditi
1839 3749 2077 3802 homines
2096 3749 2237 3817 cogi—

708 3834 893 3885 tabant
913 3834 1176 3900 quomodo
1203 3843 1454 3887 nocerent
1486 3842 1545 3888 ut
1577 3834 1884 3903 perderent,
1919 3848 2074 3902 quam
2108 3849 2238 3903 quo-

706 3920 865 3973 modo
891 3921 992 3975 sibi
1018 3920 1350 3975 consulerent
1385 3938 1451 3975 ne
1488 3924 1759 3990 perirent:
1796 3932 1851 3975 et
1884 3931 2058 3975 tamen
2084 3923 2236 3976 timeo

706 4004 872 4067 bant;
921 4016 978 4060 et
1022 4010 1172 4075 quasi
1210 4008 1575 4064 consulebant.
1626 4010 1809 4075 (Vens.
1850 4009 1963 4077 48.)
1997 4009 2239 4063 Dicebant

707 4092 885 4145 enim:
922 4091 1059 4155 Quid
1096 4093 1388 4160 facimus?
1433 4093 1565 4156 Quia
1601 4096 1683 4147 hic
1717 4096 1867 4147 homo
1902 4096 2060 4148 multa
2096 4095 2240 4164 signa

708 4179 875 4248 facit:
906 4176 1275 4233 ddi-iit'tiinus
1299 4196 1415 4234 cuiu
1447 4182 1539 4241 sic,
1575 4196 1746 4234 omnes
1782 4182 1979 4235 credent
2016 4182 2070 4234 in
2104 4198 2238 4244 eum,

712 4276 760 4319 et
787 4267 978 4319 venunt
1002 4267 1235 4331 (Marsi,
1251 4277 1300 4320 et
1323 4267 1495 4320 totient
1521 4277 1746 4320 nostrum
1769 4268 1933 4320 locum
1956 4278 2001 4319 et
2026 4277 2237 4335 gentem.

708 4351 1043 4420 Temporalia
1067 4355 1290 4422 perdere
1316 4354 1593 4410 noluerunt
1619 4352 1797 4421 [Aug.,
1825 4352 2154 4422 timuerunt],
2178 4346 2244 4404 et

709 4441 873 4493 vitam
913 4448 1163 4492 aeternam
1196 4454 1300 4491 non
1324 4440 1717 4505 cogitaverant:
1763 4454 1826 4490 ac
1858 4439 1935 4491 sic
1964 4446 2244 4506 utrumque

710 4528 1025 4581 amiserunt.
1064 4525 1195 4577 Nam
1225 4533 1276 4578 et
1304 4524 1521 4576 Romani
1558 4533 1679 4591 post
1713 4525 1914 4578 Domini
1948 4528 2243 4593 passionem

712 4622 781 4669 et
802 4614 1235 4683 εισι-ἰῆωίοΜ
1266 4612 1495 4666 tulerunt
1518 4614 1596 4665 eis
1619 4613 1790 4665 locum
1825 4622 1878 4665 et
1909 4622 2163 4682 gentem,
2190 4624 2246 4668 et

719 4703 997 4769 manando
1032 4700 1218 4770 {Aug.,
1252 4698 1629 4769 expugnando}
1662 4707 1719 4752 et
1759 4700 2146 4761 transferendo;
2194 4710 2248 4755 et

715 4790 849 4846 illud
872 4802 965 4841 eos
982 4787 1222 4856 sequitur
1246 4789 1382 4854 quod
1412 4787 1757 4847 alihidiotunl
1781 4794 1861 4841 est
1885 4801 1900 4839 :
1931 4786 2055 4840 Filii
2080 4798 2245 4842 autem

723 4876 861 4944 regni
873 4875 1032 4944 hujus
1046 4875 1261 4927 iunia
1277 4873 2122 4941 tenebraseaiterioredlauhmn,
2135 4876 2243 4945 19).

724 4964 837 5025 ita:
859 4970 1041 5015 sistam
1062 4961 1366 5021 timuerunt;
1380 4974 1468 5022 ne,
1492 4960 1750 5013 damnes
1770 4960 1828 5012 in
1847 4956 2114 5014 Christum
2133 4976 2248 5016 cre-

725 5050 921 5104 derent.
956 5064 1114 5105 neruo
1138 5056 1432 5102 remamret
1450 5048 1541 5115 qui
1565 5046 2101 5103 sean
2119 5048 2251 5103 civi-

2246 3007 2294 3070 ο

2318 1823 2507 1892 dinem]
2553 1824 2844 1885 sacerdotii,
2886 1833 3020 1875 sorte
3060 1824 3182 1875 exiit
3221 1833 3275 1874 ut
3313 1824 3575 1891 incensum
3611 1834 3847 1893 poneret,

2318 1912 2570 1979 ingressus
2606 1912 2659 1962 in
2696 1911 2933 1979 templum
2962 1911 3163 1964 Domini
3187 1911 3334 1981 (Luc.
3362 1929 3399 1975 I,
3429 1913 3535 1981 18).
3584 1913 3717 1969 Hinc
3746 1930 3845 1985 ap-

2316 2004 2469 2064 paret
2496 1997 2671 2063 plures
2694 2011 2786 2049 eos
2813 1995 2992 2059 fuisse,
3021 2006 3078 2049 et
3100 1997 3241 2053 vices
3271 2014 3391 2052 suas
3417 2000 3697 2053 habuisse:
3724 2016 3848 2056 nam

2319 2084 2589 2137 incensum
2618 2099 2719 2136 non
2744 2082 2935 2137 licebat
2960 2098 3172 2151 ponere,
3209 2085 3309 2139 nisi
3335 2102 3539 2141 summo
3564 2090 3847 2143 sacerdoti.

2319 2171 2384 2223 Et
2414 2170 2548 2223 forte
2575 2172 2732 2223 etiam
2760 2186 2919 2223 unum
2954 2186 3148 2224 annum
3177 2171 3325 2242 μὴ,
3356 2189 3460 2227 uno
3485 2173 3645 2246 anno]
3672 2176 3851 2245 plures

2320 2256 2786 2318 administrabant,
2823 2257 3012 2324 quibus
3047 2258 3148 2312 alio
3188 2274 3325 2314 anno
3351 2260 3439 2314 alii
3465 2276 3525 2314 su
3558 2264 3849 2334 cedebant,

2320 2352 2373 2397 et
2400 2334 2591 2413 quibus
2615 2352 2757 2397 sorte
2802 2345 2978 2397 exibat
3015 2346 3408 2413 quiincensum
3432 2337 3670 2414 poneret.
3717 2350 3853 2413 (uid

2321 2440 2402 2486 est
2425 2446 2552 2501 ergo
2577 2434 2715 2499 quod
2744 2422 3073 2501 prophetarit
3099 2434 3365 2502 Caiphas?
3404 2434 3538 2498 Quia
3563 2435 3715 2489 Iesus
3742 2455 3855 2491 mo-

2321 2523 2515 2574 riturus
2542 2522 2777 2589 crat‘pro.
2797 2529 2941 2589 gente
2964 2534 2983 2572 :
3020 2536 3120 2574 non
3153 2531 3350 2591 tantum
3383 2540 3475 2591 pro
3500 2534 3663 2595 gente,
3683 2527 3771 2578 sed
3797 2536 3853 2578 ut

2320 2606 2456 2674 ﬁlios
2483 2606 2606 2669 Dei,
2644 2608 2732 2675 qui
2766 2619 2908 2661 erant
2944 2608 3177 2677 dispersi,
3217 2620 3539 2679 congregaret
3576 2612 3631 2665 in
3664 2629 3848 2665 unum.

2322 2696 2432 2750 Hoc
2470 2696 2791 2767 evangelista
2832 2697 3059 2759 addidit;
3104 2711 3226 2749 nam
3254 2696 3481 2773 Caiphas
3512 2699 3578 2753 de
3612 2699 3722 2753 sola
3759 2698 3857 2753 Ju-

2323 2782 2553 2838 dteorum
2582 2792 2744 2851 gente
2780 2783 3145 2850 prophetavit,
3189 2784 3240 2835 in
3274 2798 3377 2851 qua
3409 2793 3561 2836 erant
3586 2800 3743 2847 oves,
3786 2787 3854 2839 de

2323 2871 2516 2940 quibus
2550 2872 2624 2923 ait
2659 2854 2770 2939 ipse
2806 2868 3093 2923 Dominus:
3129 2867 3249 2941 Non
3283 2885 3395 2921 sum
3428 2872 3616 2923 missus
3650 2872 3749 2924 nisi
3783 2874 3854 2925 ad

2324 2974 2465 3022 om,
2509 2970 2623 3027 quis
2664 2959 2920 3026 perierunt
2961 2958 3139 3009 domus
3179 2956 3342 3011 Israel
3377 2957 3588 3027 (Matth.
3618 2976 3705 3022 xv,
3732 2961 3850 3030 ει).

2325 3045 2430 3100 Sed
2455 3052 2676 3099 noverat
2697 3043 3013 3112 evangelista
3039 3044 3171 3097 alias
3195 3033 3462 3111 oves‘q'ute
3486 3060 3589 3098 non
3615 3055 3768 3100 erant
3788 3048 3857 3102 de

2324 3133 2426 3185 hoc
2448 3120 2604 3187 oviii,
2629 3144 2761 3197 quas
2786 3129 3061 3197 oportebat
3088 3130 3306 3193 adduci,
3340 3137 3400 3183 ut
3425 3139 3567 3185 esset
3593 3130 3742 3201 [Πεη
3769 3147 3859 3186 es-

2325 3216 2464 3288 sent]
2499 3222 2667 3270 unum
2686 3215 2821 3270 ovile
2849 3223 2903 3268 et
2925 3228 3060 3267 unus
3082 3224 3281 3282 pastor.
3316 3209 3439 3269 iizec
3466 3224 3642 3270 autem

2324 3305 2451 3358 dum
2484 3300 2996 3373 praedestinationem
3028 3303 3165 3357 dicta
3198 3312 3361 3368 sunt;
3386 3307 3510 3373 quia
3536 3294 3861 3374 neque‘oves

2326 3396 2459 3464 ejus,
2490 3408 2588 3447 nec
2614 3392 2706 3445 filii
2728 3392 2824 3445 Dei
2850 3389 3021 3445 adhuc
3047 3399 3221 3455 erant,
3246 3393 3337 3459 qui
3364 3394 3596 3447 nondum
3622 3395 3863 3449 credide-

2240 3485 2244 3487 ‘
2328 3488 2466 3534 rant.
2498 3481 2679 3549 (Vsus.
2706 3479 2791 3542 53,
2817 3477 2927 3547 ει.)
2955 3478 3029 3531 Ab
3052 3478 3141 3533 illo
3158 3486 3285 3549 ergo
3310 3481 3397 3562 die.
3414 3465 3858 3551 cogitaverunt,“

2328 3566 2665 3633 interﬁcerent
2692 3581 2827 3617 eum.
2875 3563 3025 3618 Iesus
3046 3576 3170 3634 ergo
3199 3566 3312 3634 jam
3348 3567 3647 3637 non‘palasn
3675 3568 3858 3621 ambu-

2329 3656 2466 3709 labat
2492 3655 2631 3723 apud
2650 3655 2880 3717 Judteos,
2904 3655 2990 3707 sed
3013 3654 3135 3706 abiit
3162 3656 3217 3707 in
3242 3655 3493 3733 regionem
3511 3658 3667 3724 juxta
3691 3647 3863 3712 deser-

2330 3754 2437 3796 tum
2464 3745 2519 3796 in
2542 3745 2822 3803 ciuitatem,
2857 3756 2970 3810 quis
3007 3743 3196 3795 dicitur
3224 3743 3474 3812 Ephrem,
3503 3756 3551 3797 et
3581 3745 3651 3797 ibi
3685 3762 3861 3799 inora-

2332 3837 2483 3888 batur
2520 3848 2634 3886 cum
2676 3833 2938 3904 discipulis
2982 3834 3108 3887 suis.
3132 3846 3135 3847 '
3163 3834 3277 3887 Non
3319 3835 3442 3902 quia
3473 3836 3705 3904 potentia
3746 3837 3862 3903 eius

2335 3922 2627 3985 defecerat,
2670 3922 2721 3975 in
2761 3937 2865 3991 qua
2905 3912 3105 3991 utique,
3149 3923 3194 3975 si
3221 3922 3405 3986 vellet,
3446 3933 3501 3979 et
3535 3924 3706 3993 palam
3739 3939 3861 3979 cum

2333 4013 2527 4067 Judreis
2552 4021 2974 4076 conversaretur,
3015 4021 3069 4067 et
3106 4012 3235 4069 nihil
3276 4016 3325 4068 ei
3363 3999 3630 4078 facerent;
3676 4017 3767 4069 sed
3805 4015 3864 4071 in

2292 4160 2293 4163 η
2336 4100 2892 4157 hominis'iniirmitate
2916 4099 3121 4153 vivendi
3149 4100 3444 4169 exemplum
3468 4088 3742 4168 discipulis
3765 4102 3861 4173 de-

2338 4188 2698 4250 monstrabat,
2744 4187 2796 4239 in
2829 4190 2933 4254 quo
2962 4193 3180 4263 apparet
3207 4193 3262 4239 et
3288 4186 3390 4240 non
3423 4200 3540 4241 esse
3567 4197 3862 4255 peccatum,

2266 4304 2318 4363 ο
2340 4276 2382 4327 si
2420 4274 2597 4363 ﬁdeles
2631 4274 2745 4363 ejus
2780 4274 2869 4363 qui
2903 4283 3025 4328 sunt
3059 4272 3292 4363 membra
3333 4274 3446 4343 ejus
3480 4277 3650 4331 oculis
3686 4270 3870 4346 perse-

2340 4361 2610 4429 quentium
2634 4362 2749 4415 sese
2766 4362 3154 4427 subtraherent,
3170 4370 3224 4416 et
3241 4361 3473 4419 furorem
3490 4363 3866 4418 sceleratorum

2342 4447 2549 4501 latendo
2571 4448 2744 4515 potius
2767 4448 3075 4502 devitarent.
3104 4468 3123 4500 ι
3538 4438 3555 4449 ”

2409 4533 2815 4608 ὃοὶςδειλσιθειιδ
2861 4540 3067 4602 tempus
3112 4532 3557 4607 appropinquasse
3588 4538 3867 4605 passionis

2341 4636 2450 4674 sua:
2480 4629 2534 4674 et
2566 4621 2941 4689 redemptionis
2986 4618 3199 4675 nostrae.
3242 4616 3705 4694 Appropinquante
3733 4634 3866 4678 tem-

2340 4721 2468 4776 pore
2490 4706 2543 4760 iri
2567 4723 2669 4775 quo
2689 4708 2797 4776 pati
2822 4708 3096 4777 disposuit,
3121 4700 3557 4778 appropinquavit
3577 4710 3663 4765 ille
3681 4710 3869 4765 ειισω

2344 4796 2396 4849 in
2435 4810 2541 4863 quo
2580 4794 2813 4861 ejusdem
2854 4797 3121 4865 passionis
3143 4798 3580 4863 dispensationem
3614 4797 3869 4868 perﬁcere

2341 4882 2526 4936 voluit.
2558 4882 2693 4935 Dicit
2710 4882 2849 4935 enim
2868 4882 3187 4952 evangelista
3210 4884 3434 4953 :~(Vsns.
3456 4882 3567 4950 55.)
3586 4884 3613 4931 ἰ
3641 4873 3869 4942 ιηΡνοέὶ-

2341 4980 2485 5019 nmn
2514 4977 2682 5043 metu
2719 4976 2829 5019 erat
2864 4964 3063 5037 Pascha
3083 4966 3413 5043 Indicarem."
3440 4965 3594 5029 illum
3630 4967 3766 5020 diem
3794 4966 3873 5021 fe-

2342 5050 2483 5106 stum
2510 5042 2674 5107 Judaei
2700 5060 2989 5108 omentum
3030 5054 3235 5113 habere.
3505 5054 3757 5133 sanguine
3778 5058 3871 5110 vo-

724 5143 892 5191 tatem
923 5133 1027 5188 Dei.
1050 5135 1413 5205 temptantque
1426 5133 1767 5191 defenderet:
1797 5135 2045 5204 quoniam
2070 5146 2251 5187 eontra
2349 5136 2575 5215 inerunt.
2622 5140 2711 5194 illo
2747 5140 2831 5195 die
2862 5141 2998 5196 festo
3031 5141 3237 5195 occisus
3268 5138 3349 5194 est
3373 5140 3571 5215 Agnus,
3598 5143 3688 5213 qui
3717 5142 3874 5196 nobis

727 5225 899 5293 ipsum
950 5223 1201 5291 tentplum
1233 5233 1291 5281 et
1320 5233 1505 5283 eum
1530 5239 1656 5280 sm
1685 5232 1935 5295 pauens:
1974 5222 2132 5292 θείας.
2161 5224 2254 5277 ἆορ
2348 5223 2588 5278 uiridem
2638 5226 2776 5281 diem
2824 5222 3014 5281 festum
3070 5238 3165 5280 suo
3216 5228 3471 5299 sanguine
3518 5227 3871 5291 consecravit.

728 5312 955 5365 cannam
972 5309 1310 5369 Chiistiusse
1330 5313 1651 5365 satiabant.
1681 5311 1867 5382 (vus.
1885 5307 2253 5377 Μινυεία
2346 5310 2635 5368 Gansilium
2658 5302 3250 5370 eratinter‘iudmosde
3277 5307 3564 5370 occidendo
3587 5312 3749 5369 Iesu:
3786 5306 3876 5369 ille

732 5406 897 5451 autem
923 5412 989 5455 es
1013 5398 1137 5469 ipsis
1156 5396 1396 5468 (Σάμῳ,
1414 5412 1534 5460 cuin
1552 5408 1681 5459 esset
1700 5398 1928 5468 pntifex
1948 5398 2071 5459 anni
2095 5398 2250 5459 illius,
2351 5400 2441 5467 qui
2469 5400 2534 5456 de
2563 5399 2695 5455 calo
2717 5408 2933 5455 venerat
2955 5398 3147 5471 {pati}.
3181 5402 3533 5471 propinquare
3559 5400 3735 5454 voluit?
3757 5401 3878 5455 loco

803 5516 829 5542 ι
852 5504 927 5557 Ex
954 5506 1012 5558 S.
1040 5508 1195 5578 Aug,
1218 5513 1371 5560 tract.
1398 5523 1447 5570 l.,
1471 5521 1592 5559 ιδ’-’⁸⁸
1637 5505 1671 5537 ’³
1700 5504 1701 5507 “
