4266 6216
626 298 724 350 9οἹ

1442 299 1501 352 Β.
1543 297 1602 352 F.
1643 295 1864 351 ALBINI
1894 296 2018 350 εει
2060 294 2328 348 ALCUM
2358 296 2637 355 UPEHL‘M
2676 296 2850 352 PARS
2887 298 2945 352 ll.

3692 290 3791 345 903

625 420 775 459 coena
827 402 1027 458 Slartha
1050 404 1335 469 ministrat,
1375 422 1495 460 eum
1531 408 1702 461 anima
1734 420 1954 476 quaeque
1985 404 2155 459 ﬁdelis
2184 407 2231 477 Α
2257 416 2542 471 merentur,
2597 408 2854 477 proximis
2890 408 2978 475 qui
3008 405 3216 466 habent,
3248 404 3481 457 invidere
3532 418 3632 456 non
3671 419 3791 457 ces-

626 507 836 564 operam
882 492 1103 549 Domino
1153 508 1263 548 suae
1289 494 1579 551 devotionis
1613 496 1885 565 impendit.
1927 492 2157 549 Lazarus

625 596 751 637 vero
774 596 909 637 unus
947 581 1006 636 ﬁt
1045 597 1109 636 es
1136 582 1581 638 discumbentibus
1603 582 1722 637 dim
1749 582 1990 645 Domino,
2036 594 2157 635 cum

627 671 783 725 etiam
833 670 888 724 hi
925 671 1013 738 qui
1058 677 1176 739 post
1220 668 1487 742 [primam]
1542 678 1877 741 peccatorum
1930 676 2155 721 mortem

628 757 922 813 resuscitati
969 758 1036 811 ad
1075 758 1332 827 justitiam
1354 765 1519 827 sunt,,
1549 773 1653 811 una
1693 773 1815 811 cum
1849 757 1928 811 eis
1971 756 2060 825 qui
2102 755 2156 809 in

625 863 720 901 sua
772 861 1121 917 "permansere
1173 847 1403 917 iustitia,
1460 847 1527 901 de
1594 846 1873 917 praesentia
1914 844 2157 898 veritatis

624 936 915 999 exsultant;
961 936 1279 1005 pmnitentes
1322 933 1477 989 simul
1518 949 1639 989 cum
1663 932 2029 987 innocentibus
2050 945 2157 984 cm.

626 1025 770 1080 testis
828 1026 1009 1094 gratiae
1061 1024 1365 1077 muneribus
1408 1022 1638 1076 aluntur.
1691 1021 1758 1075 Et
1796 1021 1930 1075 bene
1972 1020 2157 1073 eadem

624 1125 772 1165 etena
792 1112 844 1164 in
863 1111 1117 1165 Bethania
1159 1110 1470 1171 celebratur,
1522 1122 1641 1177 quae
1678 1107 1962 1163 estcivitss
2001 1106 2053 1159 in
2083 1105 2157 1158 la-

627 1210 736 1254 tere
775 1199 1229 1275 montis\0|iveti,
1279 1206 1334 1252 et
1383 1199 1761 1266 interpretatur
1803 1195 1991 1251 domus
2024 1194 2155 1248 obe-

622 1290 852 1345 dientia.
902 1289 1098 1343 Domus
1139 1301 1366 1358 namque
1409 1286 1720 1341 obedientia:
1764 1284 1998 1340 Ecclesia
2049 1294 2152 1348 est,

618 1395 739 1450 qua:
785 1379 1009 1435 ﬁdeliter
1048 1378 1252 1433 Domini
1284 1377 1447 1446 jussis
1499 1379 1834 1447 obtemperat
1873 1392 1885 1427 :
1936 1382 1992 1427 et
2043 1372 2156 1443 ipsa

618 1477 705 1521 est
716 1468 902 1523 civitas
924 1482 1039 1535 qua:
1061 1480 1221 1536 super
1238 1474 1467 1520 montem
1483 1462 1855 1519 misericordia
1873 1460 2156 1515 constituta

620 1571 889 1625 nunquam
940 1563 1114 1625 potest
1145 1554 1415 1619 abscondi,
1445 1553 1661 1623 ipsaque
1686 1550 1839 1624 [Hs.,
1870 1551 1982 1619 ipsa
2016 1548 2154 1620 quae]

618 1649 683 1702 de
720 1646 800 1701 sui
848 1645 1010 1713 latere
1059 1652 1357 1698 constructa
1409 1640 1789 1709 Redemptoris,
1812 1639 1864 1693 id
1896 1646 1979 1692 est
1999 1636 2160 1706 580

2256 503 2367 546 san!
2388 495 2401 521 ‘
2428 495 2492 547 Et
2517 496 2729 564 quidem
2757 504 2944 563 putare
2972 507 3262 563 possemus,
3293 490 3482 546 ludam
3503 506 3628 546 cura
3660 507 3788 560 pan-

2254 597 2441 651 perum
2467 586 2579 640 bzec
2605 585 2768 641 fuisse
2793 586 3047 647 locutum,
3093 583 3183 638 sed
3212 584 3388 652 prodit
3410 592 3635 637 mentem
3655 583 3793 638 illius

2256 674 2403 727 testis
2448 690 2626 739 verax,
2673 676 2761 743 qui
2818 675 2934 728 ait:
2978 673 3160 744 (Vens.
3211 672 3264 743 6)
3309 672 3453 725 Dixit
3482 682 3651 725 autem
3677 674 3801 737 hoc,

2256 778 2356 815 non
2381 766 2501 832 quia
2527 764 2590 816 de
2626 766 2793 833 egenis
2822 765 3099 834 pertinebat
3137 763 3205 815 ad
3228 779 3362 823 eunt,
3417 762 3507 815 sed
3558 764 3679 819 auia
3710 764 3798 831 [ur

2254 864 2386 914 erat,
2403 862 2451 904 et
2472 852 2665 907 (oculos
2692 854 2902 917 habens,
2942 869 3002 905 ea
3028 870 3143 922 qua’
3162 851 3508 913 mittebantur,
3538 850 3793 916 portabat.

2256 938 2368 993 Non
2411 953 2541 1011 ergo
2567 950 2691 996 tunc
2719 939 2879 995 ludas
2912 940 3093 1010 periit,
3121 939 3331 1007 quando
3353 937 3575 1004 pecunia
3609 951 3796 990 corm-

2254 1036 2376 1096 ptus
2427 1026 2703 1082 Dominum
2751 1028 2982 1096 perdidit
3033 1025 3163 1098 [ΑΛ.
3214 1021 3506 1094 prodidit];
3556 1024 3647 1077 sed
3685 1021 3796 1089 jam

2255 1115 2491 1184 perditus
2538 1115 2817 1169 Dominum
2847 1113 3188 1183 sequebatur,
3245 1113 3334 1181 qui
3367 1111 3564 1165 loculos
3594 1111 3801 1165 habens

2255 1204 2564 1268 dominicus,
2597 1220 2659 1259 ea
2706 1219 2822 1273 qum
2865 1203 3228 1263 mittebantur,
3286 1197 3526 1269 portabat
3554 1198 3607 1250 in
3641 1197 3801 1250 mini-

2256 1291 2473 1344 sterium
2514 1304 2822 1359 pauperum,
2851 1304 2969 1357 qua:
3006 1288 3164 1346 etiam
3199 1286 3393 1341 inﬁdeli
3436 1293 3611 1338 mente
3631 1283 3797 1337 furari

2257 1377 2476 1433 solebat.
2530 1378 2727 1434 Videris
2758 1393 2884 1448 ergo
2924 1378 3175 1431 Dominus
3225 1390 3317 1429 cor
3359 1374 3498 1428 illius
3543 1373 3800 1442 cupidita-

2258 1464 2326 1517 tis
2358 1462 2467 1531 jam
2497 1463 2651 1519 sorde
2676 1463 2955 1533 pollutum,
2999 1462 3292 1533 prmvidens
3336 1458 3504 1529 pejori
3545 1458 3799 1528 proditio—

2259 1552 2341 1605 nis
2366 1552 2522 1606 sorde
2547 1551 2899 1622 polluendum,
2941 1550 3202 1605 commisit
3230 1548 3344 1616 ejus
3368 1547 3509 1610 ﬁdei,
3542 1546 3799 1615 quidquid

2258 1641 2522 1695 habebant
2570 1642 2754 1712 [Beda,
2793 1638 3038 1712 habebat]
3089 1641 3139 1693 in
3163 1638 3407 1702 saeculis,
3458 1652 3685 1705 cumque
3732 1636 3799 1689 de

620 1748 754 1802 aqua
784 1712 1082 1794 ablutidnis,
1135 1740 1190 1785 et
1240 1730 1492 1801 sanguine
1535 1728 1986 1791 sanctiﬁcationis,
2041 1740 2158 1794 quae
2188 1725 2231 1782 Β
2262 1730 2343 1784 his
2393 1745 2509 1798 qua:
2555 1730 2711 1784 vellet
2738 1729 2912 1784 facere
2970 1730 3229 1798 permisit,
3281 1737 3340 1781 ut
3380 1725 3461 1779 vel
3490 1724 3668 1779 collati
3702 1712 3799 1778 ho-

620 1824 683 1876 de
706 1823 871 1892 ipsius
889 1821 1053 1876 latere
1072 1836 1172 1890 pro
1198 1835 1256 1876 se
1292 1819 1569 1873 morientis
1587 1818 1766 1873 exiere
1789 1815 1972 1887 [Beda,
2013 1816 2155 1869 exie-

620 1912 734 1983 rit],
783 1913 983 1968 imbuta
1035 1920 1147 1976 est;
1198 1911 1289 1965 ubi
1339 1911 1499 1964 etiam
1548 1908 1713 1962 altera
1767 1921 1919 1962 soror
1969 1904 2156 1959 Lazari

621 2003 784 2057 Maria
813 2003 866 2056 in
891 2015 1093 2072 magna:
1120 2000 1368 2055 indicium
1394 1998 1713 2062 dilectionis,
1756 1996 1895 2051 sicut
1925 2010 2153 2064 sequen-

627 2094 700 2146 tia
738 2098 1034 2146 monstrant
1073 2088 1387 2158 evangeliete
1436 2087 1695 2150 lectionis,
1748 2085 1952 2155 accepit
1967 2072 2155 2137 libram

628 2180 875 2250 unguenti
911 2178 1059 2233 nardi
1085 2178 1257 2247 pistici
1278 2177 1517 2247 pretiosi,
1566 2185 1622 2230 et
1646 2174 1795 2229 unxit
1824 2173 1985 2247 pedes
2007 2170 2152 2236 Iesu,

624 2277 676 2322 et
719 2266 937 2322 extersit
979 2266 1181 2335 capillis
1205 2266 1313 2319 suis
1355 2264 1512 2333 pedes
1536 2262 1669 2330 ejus.
1722 2260 1837 2326 Quo
1860 2259 1999 2315 facto
2052 2274 2154 2313 non

622 2359 792 2414 solum
812 2372 921 2412 suae
965 2357 1055 2409 dat
1102 2354 1351 2409 indicium
1395 2352 1703 2413 devotionis,
1747 2351 1837 2404 sed
1859 2357 1915 2403 et
1934 2348 2156 2402 aliarum

620 2448 852 2503 ﬁdelium
883 2446 991 2501 Deo
1019 2445 1313 2499 animarum
1340 2443 1510 2512 signat
1533 2439 1743 2510 pietatis
1767 2439 2091 2507 obsequium.
2132 2456 2150 2489 ι

691 2537 847 2591 Vsus.
871 2536 924 2590 '5.
960 2563 1029 2574 -—
1059 2532 1228 2586 Maria
1269 2540 1436 2583 autem
1462 2529 1654 2598 accepit
1694 2526 1878 2580 libram
1911 2526 2156 2595 unguenti

620 2624 769 2678 nardi
795 2622 963 2693 pistici
1004 2619 1231 2689 pretiosi.
1276 2617 1413 2682 Quid
1458 2631 1683 2686 namque
1708 2630 1804 2685 per
1832 2615 2022 2667 libram
2052 2629 2153 2667 un-

620 2715 797 2783 guenti
823 2711 923 2766 nisi
948 2708 1201 2780 perfectio
1218 2707 1436 2777 justitize
1472 2704 1832 2776 exprimitur?
1879 2702 2033 2769 Quod
2060 2718 2155 2756 un-

620 2800 867 2872 guentum
911 2814 976 2853 ex
1010 2798 1174 2852 nardo
1218 2796 1408 2867 pistico
1432 2795 1629 2849 dicitur
1672 2808 1790 2848 esse
1810 2792 2107 2847 confectum
2139 2810 2150 2844 :

623 2889 749 2958 quid
802 2888 944 2942 cnim
986 2899 1083 2954 per
1129 2892 1473 2952 unguentum,
1516 2883 1621 2936 nisi
1667 2881 1838 2935 bonus
1871 2880 2003 2934 odor
2038 2879 2155 2949 opi-

621 2977 792 3032 nionis
817 2973 1151 3030 insinuatur?
1195 2972 1263 3025 Et
1301 2972 1403 3025 hoc
1427 2977 1746 3041 unguentum
1798 2982 1862 3023 ex
1891 2968 2056 3021 nardo
2074 2966 2153 3035 pi-

2254 1822 2418 1884 noris,
2464 1821 2548 1874 vel
2598 1821 2793 1875 habita!
2841 1820 3093 1873 memoria
3135 1818 3400 1887 pecuniae,
3464 1824 3691 1871 mentem
3728 1816 3797 1869 ab

2255 1912 2416 1981 ipsius
2471 1911 2771 1966 venditione
2825 1917 3114 1964 revocaret.
3172 1909 3365 1961 Verum
3410 1907 3533 1975 quia
3591 1921 3796 1973 semper

2252 2014 2443 2054 avarus
2487 2007 2621 2069 eget,
2664 2014 2832 2067 neque
2867 2012 3097 2065 unquam
3141 1995 3514 2050 beneﬁciorum
3562 1994 3797 2062 perﬁdus

2252 2090 2513 2155 meminit,
2566 2090 2755 2158 impius
2802 2104 2831 2141 a
2863 2088 3004 2141 furto
3055 2086 3290 2155 pecunia:
3336 2099 3497 2154 quam
3531 2084 3795 2150 portabat,

2250 2180 2490 2247 pervenit
2511 2178 2575 2231 ad
2612 2178 2948 2231 traditionem
2990 2174 3218 2237 Domini,
3268 2173 3356 2242 qui
3388 2173 3665 2241 pecuniam
3696 2170 3798 2224 sibi

2253 2267 2564 2321 servandam
2599 2266 3019 2321 commendabat.

2322 2355 2479 2409 Vsus.
2517 2355 2569 2407 7.
2621 2383 2688 2394 ——
2742 2354 2885 2406 Dixit
2921 2369 3040 2421 ergo
3082 2337 3277 2405 Iesus:
3316 2349 3441 2405 Sine
3473 2350 3619 2402 illaut
3660 2360 3714 2401 ut
3740 2350 3798 2401 in

2251 2444 2385 2498 diem
2408 2445 2679 2514 sepultura
2722 2460 2847 2498 mete
2888 2452 3048 2495 servet
3072 2441 3225 2494 illud.
3279 2440 3441 2506 Quasi
3483 2441 3799 2493 innocenter

2254 2535 2597 2604 interroganti
2620 2533 2789 2598 Judae,
2818 2533 3068 2586 Dominus
3090 2532 3402 2600 simpliciter
3421 2541 3473 2584 et
3497 2537 3791 2591 mansuete,

2251 2639 2358 2692 quo
2410 2623 2762 2677 ministerium
2815 2620 2991 2676 Maria:
3023 2622 3331 2691 pertineret,
3361 2620 3603 2688 exposuit
3633 2638 3643 2671 :
3669 2619 3797 2687 quia

2253 2714 2365 2782 ipse
2396 2713 2639 2768 videlicet
2692 2713 3001 2775 moriturus,
3044 2720 3097 2765 et
3119 2710 3184 2764 ad
3211 2710 3566 2780 sepeliendum
3593 2723 3801 2762 aroma-

2256 2802 2394 2856 tibus
2419 2810 2561 2855 esset
2586 2800 2876 2867 ungendus.
2914 2799 3139 2867 ideoque
3167 2797 3363 2860 Marte,
3398 2797 3482 2850 cui
3503 2797 3568 2850 ad
3594 2797 3799 2850 unctio-

2254 2901 2374 2941 nem
2415 2888 2605 2940 mortui
2632 2888 2869 2956 corporis
2897 2887 3012 2956 ejus
3054 2887 3295 2956 quamvis
3316 2885 3537 2939 multum
3583 2884 3793 2938 deside-

2258 2977 2397 3030 tanti
2445 2976 2720 3046 pervenire
2756 2991 2859 3029 non
2889 2968 3091 3038 lieeret,
3143 2976 3394 3029 donatum
3420 2984 3504 3028 est
3522 2982 3579 3027 ut
3600 2973 3796 3027 viventi

619 3069 752 3123 stico
797 3064 926 3139 [Al.,
967 3061 1177 3134 pistiea]
1219 3034 1527 3123 conﬁcitur:
1569 3059 1622 3112 id
1645 3066 1747 3123 εει,
1792 3056 1958 3110 nardo
1988 3034 2149 3109 Πάέιίο
2180 3034 2226 3094 C
2256 3034 2802 3129 adhue-impenderet
2852 3034 3184 3132 obsequium,
3227 3065 3365 3132 quod
3404 3074 3521 3133 post
3547 3072 3793 3123 mortem,

622 3154 755 3208 Nam
778 3153 924 3222 pistis
975 3148 1177 3211 Graece,
1226 3147 1352 3215 ﬁdes
1388 3146 1573 3200 Latine
1615 3146 1853 3211 dicitur;
1896 3144 2011 3198 sine
2053 3141 2154 3196 ﬁde
2253 3149 2411 3203 celeri
2455 3151 2840 3203 resurrectione
2894 3159 3182 3219 przeventa,
3232 3152 3524 3220 requireret
3549 3150 3700 3221 μη,
3750 3159 3797 3202 et

621 3246 762 3300 enim
808 3243 918 3297 Deo
953 3241 1161 3311 placere
1205 3236 1525 3306 impossibile
1567 3244 1678 3300 est.
1727 3249 1825 3290 nec
1852 3232 2155 3290 bonafama
2255 3238 2418 3301 Beda,
2465 3238 2748 3309 nequiret].
2796 3238 2944 3293 Unde
2970 3240 3103 3294 bene
3160 3239 3365 3295 Marcus
3404 3240 3680 3294 Dominum
3728 3238 3796 3290 de

621 3338 735 3391 sine
773 3333 874 3387 ﬁde
923 3330 1179 3386 catholica
1219 3328 1331 3383 ﬁeri
1367 3328 1580 3397 poterit.
1622 3344 1641 3376 ‹
1672 3337 1696 3365 ι
1732 3324 1776 3381 0
1803 3326 1982 3388 homo,
2016 3338 2153 3393 uage
2255 3327 2341 3379 illa
2368 3326 2564 3380 dixisse
2611 3335 2869 3381 testatur:
2905 3328 3055 3393 Quod
3098 3330 3296 3394 habuit,
3338 3331 3446 3381 Ιιωε
3481 3330 3617 3397 fecit,
3651 3343 3790 3396 prrr-

623 3423 783 3493 pedes
824 3420 947 3475 Jesu
974 3420 1108 3473 bene
1127 3416 1367 3480 vivendo,
1388 3414 1657 3469 Dominica
1686 3420 1887 3467 sectare
1910 3410 2153 3480 vestigia,
2255 3415 2384 3469 tenit
2404 3431 2591 3484 ungere
2615 3432 2795 3485 corpus
2820 3433 2986 3470 meum
3032 3420 3086 3471 in
3113 3420 3424 3487 sepulturam
3460 3419 3648 3489 (Marc.
3680 3433 3790 3481 xiv,

623 3522 675 3567 et
695 3511 898 3580 capillis
914 3516 1143 3576 exterge,
1165 3520 1226 3559 ac
1247 3505 1291 3558 si
1315 3505 1512 3558 habeas
1536 3502 1817 3572 superflua,
1840 3500 2157 3571 pauperibus
2255 3505 2330 3576 8).
2356 3503 2504 3570 Quod
2526 3514 2607 3560 est
2633 3517 2812 3575 aperte
2851 3509 3024 3563 dicere
3059 3524 3073 3562 :
3108 3512 3229 3579 quia
3260 3526 3451 3579 corpus
3480 3528 3650 3566 meum
3680 3510 3793 3578 jam

624 3615 802 3672 eroga.
842 3597 955 3653 Hoc
978 3604 1060 3651 est
1101 3594 1303 3662 capillis
1328 3592 1488 3663 pedes
1507 3590 1630 3645 Iesu
1655 3600 1877 3662 tergere-
1908 3589 2033 3657 ρυω
2062 3588 2157 3643 tibi
2255 3596 2485 3651 defuncti
2511 3604 2727 3667 tangere
2746 3613 2846 3652 non
2874 3601 3085 3667 pcterit,
3112 3601 3279 3654 solum
3296 3605 3439 3668 quod
3461 3603 3629 3669 potuit
3649 3601 3789 3655 fecit.

623 3689 884 3763 superﬂua
938 3695 1078 3753 Βυιην
1123 3684 1341 3757 Pedums
1372 3684 1575 3738 Domini
1618 3680 1916 3737 ηθοθδεειτίε
1954 3686 2096 3743 sum,
2130 3695 2150 3730 ³
2255 3684 2515 3739 Praevenit
2563 3688 2737 3739 vivum
2781 3688 2973 3751 adhuc,
3023 3687 3298 3743 funerandi
3355 3688 3525 3743 oﬁicio
3570 3689 3789 3744 donare.

626 3782 801 3844 idest,
836 3776 1066 3833 minimis
1102 3774 1395 3843 quibusque
1419 3773 1471 3824 in
1520 3770 1792 3833 Εεοιθείεις
1850 3770 1914 3822 de
1965 3766 2163 3836 quibus
2257 3773 2435 3841 (Vens.
2467 3772 2543 3842 8.)
2568 3773 2823 3843 Pauperes
2858 3777 2989 3828 enim
3012 3792 3205 3845 semper
3231 3778 3475 3831 habebitis
3512 3779 3792 3842 vobiscum,

635 3872 688 3922 in
713 3867 819 3920 ﬁne
835 3863 1084 3919 dicturus
1110 3860 1215 3913 erit
1235 3857 1500 3911 Dominus
1529 3872 1545 3910 :
1579 3856 1826 3919 Quandiu
1858 3855 2057 3922 fecistis
2078 3853 2172 3909 uni
2257 3875 2337 3911 me
2382 3870 2551 3913 autem
2586 3878 2687 3915 non
2710 3879 2905 3933 semper
2930 3865 3193 3919 habebitis.
3224 3867 3288 3920 Et
3324 3868 3409 3921 hic
3451 3883 3652 3935 magum
3686 3884 3797 3922 mo-

634 3970 697 4009 es
721 3954 949 4009 minimis
971 3952 1076 4017 his,
1102 3948 1230 4003 mihi
1256 3946 1455 4016 fecistis
1470 3943 1673 4015 (Matth.
1700 3958 1824 4007 xxv,
1848 3944 1958 4010 40).
1977 3943 2171 3997 Domus
2257 3947 2527 4002 deramine
2560 3950 2827 4017 patientia:
2852 3952 3103 4007 Dominus
3138 3971 3242 4009 non
3276 3955 3462 4011 Judam
3485 3958 3659 4026 arguit
3677 3971 3797 4010 ava-

637 4053 806 4098 autem
856 4041 1049 4107 repleta
1086 4050 1161 4095 est
1188 4037 1341 4092 odore
1370 4035 1423 4090 id
1456 4043 1558 4099 est,
1589 4034 1830 4089 Ecclesia
1880 4034 1999 4087 vita
2044 4033 2172 4087 reli-
2256 4035 2411 4100 ritim,
2452 4046 2506 4092 et
2541 4054 2647 4093 non
2688 4056 2979 4111 pauperum
3041 4045 3211 4112 gratia
3251 4046 3315 4098 de
3357 4047 3576 4114 pecunia
3628 4045 3791 4114 loqui,

635 4128 794 4196 8‘05?-
849 4123 990 4176 fama
1024 4118 1227 4192 [δοηει1ο
1252 4118 1385 4173 Nam
1421 4119 1554 4172 οάοτ
1571 4116 1742 4171 bonus
1764 4124 1849 4169 εει
1863 4115 2155 4204 νίῑῖδοηέ·
2257 4125 2436 4181 sedes
2473 4119 2675 4181 ratione
2722 4130 3048 4185 demonstrat
3093 4148 3197 4187 non
3223 4149 3339 4188 esse
3387 4136 3673 4204 culpandos
3696 4152 3787 4190 eos

628 4213 760 4268 Audi
788 4207 1092 4283 Apostolum
1121 4226 1133 4260 ε
1166 4204 1541 4261 (ῙΙινὶειὶὔοηω
1570 4204 1699 4257 Odor
1722 4218 1922 4267 mm”:
1969 4201 2160 4271 ίιιψιὶί,
2258 4213 2351 4284 qui
2401 4215 2449 4269 ei
2494 4216 2631 4269 inter
2663 4217 2902 4272 homines
2958 4221 3289 4275 eonvcrsanli
3342 4223 3406 4276 de
3455 4201 3793 4278 facultatibus

628 4305 681 4358 in
706 4301 857 4395 omni
886 4297 995 4351 loco
1017 4294 1100 4367 (11
1129 4292 1342 4395 ϐοείη,
1372 4294 1456 4364 15)
1480 4310 1495 4359 ;
1523 4302 1577 4348 οἱ
1604 4294 1657 4346 in
1685 4292 1904 4395 οδηιξξο
1930 4292 2162 4395 cantici?-
2192 4336 2240 4395 υ
2262 4303 2372 4356 suis
2398 4303 2777 4369 ministrarent,
2800 4321 2918 4360 cum
2945 4315 3050 4361 tam
3088 4323 3252 4377 parvo
3274 4317 3505 4379 tempore
3531 4313 3641 4379 ipse
3654 4312 3790 4380 apud

630 4403 786 4443 rum:
812 4382 1133 4453 Unguentum
1177 4382 1397 4447 eﬂ'usum
1423 4396 1603 4434 nomen
1650 4390 1793 4432 tuum
1816 4377 1989 4441 (Catu-
2013 4396 2052 4443 ι,
2080 4380 2158 4449 Ξ).
2192 4377 2237 4395 ν
2261 4386 2547 4441 Ecclesiam
2600 4391 2943 4459 corporaliter
2967 4392 3123 4463 531
3170 4377 3473 4458 mansurus;
3534 4377 3792 4465 pauperes

632 4474 760 4529 item
790 4491 805 4526 :
834 4472 969 4527 Dum
984 4476 1109 4523 esset
1132 4482 1220 4521 rex
1245 4468 1300 4519 in
1327 4465 1561 4519 accubitu
1588 4481 1700 4527 suo,
1729 4464 1921 4518 nardus
1942 4482 2053 4519 mea
2077 4467 2164 4520 de-
2262 4484 2461 4540 autem,
2502 4479 2693 4546 quibus
2719 4480 3048 4551 eleemosyna
3092 4483 3207 4535 ﬁeri
3246 4493 3442 4551 posset,
3490 4463 3545 4537 in
3568 4500 3629 4538 ea
3642 4463 3809 4539 sem-I

634 4563 706 4615 dit
732 4560 936 4613 odorem
973 4571 1141 4611 suum.
1190 4554 1287 4610 Ubi
1316 4560 1497 4621 aperte
1538 4553 1663 4620 quid
1691 4551 1851 4606 Maria
1876 4554 2038 4607 semel
2085 4553 2160 4608 Ϊθ-
2261 4578 2356 4631 per
2379 4574 2556 4619 essent
2590 4567 2833 4621 habendi.
2890 4568 3069 4638 (Vens.
3116 4568 3192 4639 9.)
3234 4568 3476 4639 Cognovit
3497 4589 3614 4642 ergo
3643 4576 3792 4626 turba

636 4657 781 4705 cerat
820 4645 967 4719 [Ms.,
1011 4641 1237 4713 fecerit],
1286 4642 1459 4710 typice
1503 4649 1678 4694 autem
1705 4642 1833 4710 quid
1856 4644 2029 4697 omnis
2055 4643 2157 4699 Ee-

634 4737 791 4793 elesia
818 4752 831 4801 ;
882 4733 1009 4802 quid
1040 4732 1212 4784 anima
1243 4744 1460 4797 quaeque
1482 4727 1711 4797 perfecta
1739 4744 1947 4799 semper
1974 4730 2153 4795 faciat,

638 4824 951 4881 ostenditur.

662 4954 663 4957 η
706 4916 863 4969 Vtilis.
884 4912 937 4975 4,
954 4910 1007 4965 5.
1023 4936 1091 4948 —-
1110 4906 1246 4959 Dicit
1272 4921 1388 4973 ergo
1408 4921 1540 4957 unus
1569 4920 1631 4956 ea:
1651 4906 1914 4974 discipulis
1931 4925 2043 4976 ejus
2071 4908 2169 4961 Ju-

638 5004 731 5055 dos
752 4999 1039 5063 lscariotes,
1058 4996 1145 5066 qui
1168 5003 1277 5047 erat
1301 5009 1412 5045 eum
1430 4994 1710 5046 traditurus
1731 5009 1749 5047 :
1775 4993 1944 5058 Quare
1962 5000 2061 5051 leae
2077 5016 2171 5052 un—

639 5094 879 5160 guentum
911 5097 1012 5136 non
1048 5082 1200 5135 ueniit
1229 5080 1463 5132 trecentis
1509 5079 1755 5143 denariis,
1793 5088 1841 5131 et
1888 5080 2066 5136 datum
2094 5096 2169 5139 est

639 5182 803 5252 egenis
824 5180 850 5233 2
880 5196 898 5229 ι
934 5175 964 5217 b
990 5174 1081 5230 Vm
1100 5174 1259 5242 impio
1286 5174 1551 5227 tradituri!
1584 5173 1673 5227 Vm
1694 5171 2034 5239 complicibus
2060 5174 2171 5240 ejus

642 5267 907 5340 nequitiae,
937 5264 1097 5318 etiam
1131 5276 1269 5314 nunc
1294 5263 1525 5314 membra
1571 5259 1765 5315 Christi
1810 5263 2168 5328 persequenti-

645 5360 754 5418 bus,
799 5356 886 5424 qui
941 5351 1134 5405 famam
1184 5347 1425 5411 virtutis,
1481 5363 1636 5415 quam
1682 5349 1780 5417 ipsi
1820 5348 2013 5403 habere
2064 5364 2168 5403 non

716 5541 736 5566 δ
769 5528 838 5578 Ex
868 5524 923 5577 S.
951 5525 1100 5591 Aug.,
1131 5529 1287 5574 tract.
1315 5536 1366 5583 ι,
1393 5533 1535 5571 num.
1560 5516 1610 5569 6.

2263 4652 2425 4705 multa
2443 4669 2506 4707 ea:
2530 4653 2748 4719 Judcis,
2801 4658 2920 4725 quia
2948 4658 3054 4711 illic
3088 4667 3181 4721 est,
3212 4670 3258 4711 et
3285 4671 3522 4714 venerunt
3552 4679 3651 4714 non
3674 4676 3793 4729 pro-

2262 4751 2374 4810 pter
2406 4741 2584 4797 Iesum
2624 4752 2843 4809 tantum,
2886 4747 2973 4799 sed
3003 4757 3056 4799 ut
3084 4746 3341 4801 Lazarum
3360 4750 3604 4812 viderent,
3643 4765 3792 4818 quem

2266 4833 2529 4885 suscitavit
2567 4850 2598 4886 a
2645 4836 2877 4888 mortuis.
2928 4836 3216 4891 Curiositas
3262 4840 3377 4901 hos,
3428 4854 3528 4891 non
3562 4839 3793 4894 charitas

2268 4923 2486 4977 adduxit
2510 4924 2575 4976 ad
2606 4923 2785 4979 Jesum
2810 4943 2822 4977 :
2847 4928 2937 4979 sed
2966 4942 3061 4981 nos
3082 4944 3232 4981 versa
3271 4928 3404 4990 vice,
3458 4928 3646 4981 fratres
3672 4929 3793 4983 eba-

2267 5011 2483 5073 rissimi,
2528 5013 2571 5064 si
2588 5014 2948 5080 cognoscimus
2995 5017 3082 5068 ubi
3132 5014 3284 5068 Jcsus
3307 5022 3406 5075 est,
3450 5016 3537 5068 ubi
3568 5019 3794 5071 mansio-

2267 5116 2386 5153 nem
2440 5100 2584 5163 facit,
2638 5102 2725 5156 ubi
2779 5103 3103 5166 Bethaniam,
3134 5104 3185 5155 id
3212 5114 3310 5167 est,
3357 5105 3567 5157 domum
3606 5105 3791 5158 anima:

2271 5187 2581 5251 obedientis,
2639 5190 2691 5242 in
2730 5205 2833 5257 qua
2862 5192 3084 5253 habitet,
3108 5191 3339 5254 invenit;
3379 5193 3647 5245 veniamus
3672 5192 3791 5246 illuc

2270 5276 2723 5345 contemplatione,
2747 5294 2847 5330 non
2869 5286 3080 5346 propter
3104 5280 3366 5332 hominem
3392 5286 3612 5345 tantum,
3635 5295 3789 5348 quem

2271 5378 2303 5415 a
2331 5372 2496 5417 morte
2537 5365 2723 5418 animae
2747 5366 3052 5419 suseitatum
3090 5366 3398 5433 spiritaliter
3437 5367 3609 5422 vivere
3631 5368 3793 5422 dona-

2344 5529 2371 5569 δ
2399 5530 2477 5584 Ex
2501 5532 2632 5587 Ven.
2670 5533 2820 5590 Beda:
2844 5538 2984 5591 hom.
3020 5534 3147 5589 feria
3176 5552 3209 5589 ιι
3230 5544 3349 5605 post
3375 5536 3685 5593 Palmarum.
