4266 6198
338 376 437 429 909

1135 376 1533 431 EXEGETICA.
1571 406 1640 416 —
1675 373 2022 430 COMMENT.
2060 373 2124 426 IN
2161 372 2347 427 IOAN.
2377 400 2445 413 --
2483 372 2603 425 LIII.
2650 372 2704 422 ν.
3403 371 3503 420 {illi

337 487 429 544 τί..
475 485 566 536 sed
601 493 654 535 ,η
683 485 870 537 1mm",
908 486 1137 540 ιιοηιεηῖε
1161 487 1323 539 vim“
1349 486 1622 550 imitando,
1643 499 1738 553 per
1762 483 1860 536 hoc
1889 487 1936 544 Α
1963 480 2080 552 tim]
2108 482 2392 546 scribatur,
2446 483 2540 536 sed
2566 495 2724 535 sensu
2751 481 3070 548 loquentium
3097 481 3240 532 salvo
3272 483 3504 533 lutulitu;

335 573 398 622 uel
429 572 681 625 visionem
731 569 854 625 Iesu
901 573 1201 643 pertingere
1244 588 1578 628 mercamur:
1606 574 1728 643 quia
1769 587 1865 642 pro

331 672 480 716 certo
527 664 865 734 cognovimus
912 665 1002 718 ubi
1037 663 1191 720 Iesus
1240 672 1349 728 est;
1399 664 1686 720 resurrexit
1723 662 1864 717 enim

331 761 451 818 post
469 762 710 817 mortem,
733 764 786 807 et
815 755 1052 809 ascendit
1079 756 1130 808 in
1159 755 1370 816 caelum,
1418 756 1506 809 ubi
1529 755 1686 808 habet
1711 768 1863 807 man-

331 839 533 893 sionem
554 851 858 911 perpetuam
884 861 897 894 :
926 843 1040 912 ipsa
1067 853 1150 896 est
1197 858 1320 898 vera
1368 843 1642 904 Bethania,
1676 841 1866 896 civitas

329 928 532 984 scilicet
550 932 800 996 cmlestis,
827 948 986 1003 quam
1014 934 1189 987 nullus
1221 934 1361 986 valet
1380 933 1481 987 nisi
1500 933 1751 986 obediens
1781 933 1864 984 in-

331 1025 492 1070 trare.
542 1019 722 1087 (Vens.
760 1019 846 1085 ιο,
871 1022 955 1075 Η.
984 1020 1384 1092 )Cogitauerunt
1415 1031 1583 1074 autem
1613 1023 1862 1090 principes

328 1110 744 1172 sacerdotum,ut
774 1118 820 1162 et
865 1110 1124 1163 Lazarum
1143 1111 1512 1177 interﬁcerent,
1555 1111 1680 1179 quia
1712 1110 1860 1162 multi

325 1204 532 1263 propter
549 1197 695 1250 illum
730 1201 938 1253 abibant
974 1217 1038 1254 ea:
1052 1199 1277 1264 Iudcis,
1310 1211 1358 1254 et
1401 1201 1670 1255 credebant
1695 1203 1748 1254 in
1773 1200 1862 1255 Ie-

324 1297 460 1333 sum.
479 1282 522 1336 0
541 1299 678 1338 caeca
707 1300 964 1340 caecorum
990 1289 1242 1350 versutia,
1266 1289 1510 1344 occidere
1535 1290 1672 1344 velle
1692 1290 1860 1344 susci-

327 1371 521 1421 tatum!
571 1373 719 1438 quasi
767 1389 872 1428 non
920 1383 1098 1444 posset
1149 1379 1409 1432 suscitare
1454 1379 1719 1443 occisum,
1769 1380 1859 1448 qui

324 1464 531 1522 poterat
565 1460 888 1518 defunctum.
949 1464 1015 1518 Et
1061 1466 1273 1534 quidem
1306 1481 1363 1521 se
1392 1475 1673 1537 utrumque
1705 1483 1862 1539 posse

321 1542 522 1610 docuit,
546 1549 637 1616 qui
659 1557 714 1602 et
752 1550 1008 1605 Lazarum
1035 1552 1362 1620 defunctum,
1401 1563 1457 1611 et
1483 1556 1717 1626 seipsum
1746 1571 1862 1611 sus-

322 1633 508 1686 citavit
527 1636 779 1690 occisum.
810 1657 829 1691 s
866 1651 890 1678 ι

392 1721 675 1791 Postquam
706 1724 958 1781 Dominus
994 1730 1400 1796 quatriduanum
1433 1740 1700 1786 mortuum
1746 1748 1862 1788 sus-

1965 569 2367 623 intermittatur.

2032 661 2336 716 Benedictus
2378 665 2466 731 qui
2487 662 2618 716 venit
2645 664 2700 715 in
2717 661 2917 715 nomine
2945 661 3152 715 Domini
3192 678 3281 713 rex
3317 661 3500 716 Israel.

1969 769 1987 802 ι
2040 751 2132 807 Sic
2178 754 2541 824 accipiendum
2581 763 2740 808 estut
2768 756 2822 806 in
2852 755 3052 807 nomine
3078 753 3283 805 Domini
3319 755 3369 806 in
3412 769 3502 805 no-

1964 843 2104 896 mine
2151 842 2243 896 Dei
2284 842 2459 896 Patris
2485 845 2827 913 intelligatur.
2871 844 3112 912 quamvis
3145 843 3308 911 possit
3353 842 3505 895 intel-

1963 930 2051 1001 ligi
2077 932 2236 985 etiam
2275 933 2330 985 in
2365 934 2577 987 nomine
2614 949 2730 997 suo,
2761 935 2883 1001 quia
2910 941 2965 986 et
2985 934 3097 1002 ipse
3124 941 3207 985 cst
3231 933 3499 986 Dominus.

1963 1019 2112 1075 Unde
2154 1021 2278 1075 alibi
2329 1023 2583 1091 scriptum
2616 1032 2700 1077 est
2726 1040 2736 1074 :
2764 1021 2904 1074 Pluit
2955 1021 3205 1076 Dominus
3228 1038 3258 1073 ιι
3284 1021 3505 1075 Domino

1963 1103 2112 1173 (Gen.
2146 1123 2254 1171 xxx,
2294 1107 2405 1179 24).
2454 1109 2625 1162 Verba
2653 1109 2768 1178 ejus
2795 1109 2983 1164 melius
3012 1118 3247 1162 nostrum
3271 1108 3505 1176 dirigunt

1961 1194 2302 1260 intellectum,
2327 1197 2414 1264 qui
2455 1198 2530 1250 ait
2555 1215 2568 1228 ο
2596 1197 2704 1265 Ego
2741 1199 2850 1250 veni
2877 1199 2931 1250 in
2957 1199 3160 1249 nomine
3190 1196 3360 1249 Patris
3385 1197 3505 1260 mei,

1959 1293 2008 1335 et
2036 1300 2137 1337 non
2159 1287 2450 1354 suscepistis
2466 1302 2561 1338 me.
2582 1287 2727 1339 Alius
2747 1289 2904 1339 veniet
2926 1288 2979 1337 in
3005 1286 3207 1337 nomine
3232 1301 3346 1347 suo,
3369 1285 3504 1336 hunc

1958 1375 2245 1443 suscipietis
2279 1374 2458 1444 (Ioan.
2508 1391 2559 1439 v,
2593 1375 2701 1446 45).
2730 1375 3056 1429 Humilitatis
3082 1376 3220 1428 enim
3254 1376 3504 1443 magister

1959 1473 2043 1516 est
2068 1461 2328 1525 Christus,
2380 1464 2469 1531 qui
2493 1464 2778 1518 nurniliacit
2831 1466 3155 1533 semetipsum
3196 1465 3362 1532 factus
3389 1465 3503 1517 obc-

1958 1551 2101 1604 diens
2123 1568 2280 1622 usque
2322 1554 2388 1604 ad
2415 1564 2646 1616 mortem,
2667 1567 2879 1607 mortem
2901 1565 3070 1607 autem
3094 1557 3260 1607 crucis
3285 1552 3499 1623 (Philip.

1957 1656 2018 1705 ιι,
2037 1639 2114 1712 8).
2161 1641 2276 1697 Non
2298 1644 2477 1713 itaque
2503 1644 2660 1714 532
2686 1647 2880 1699 amittit
2903 1646 3250 1707 divinitatem,
3293 1646 3504 1713 quando

1957 1743 2056 1783 nos
2103 1730 2258 1785 docet
2299 1734 2669 1789 humilitatem.
2720 1734 2775 1789 In
2803 1735 2891 1789 illa
2941 1735 3084 1789 Patri
3139 1745 3221 1790 est
3259 1736 3499 1804 mqualis,

320 1808 526 1872 citavit,
553 1813 882 1880 stupentibus
907 1813 1122 1879 Iudaeis,
1161 1826 1213 1871 et
1240 1818 1356 1872 aliis
1401 1834 1583 1875 eorum
1633 1820 1857 1875 videndo
1885 1805 1934 1866 Β
1962 1816 2016 1872 in
2045 1818 2146 1872 hac
2183 1819 2336 1876 nobis
2386 1823 2602 1888 similis;
2655 1839 2752 1894 per
2796 1826 2936 1894 quod
2970 1826 3110 1879 Patri
3140 1836 3220 1879 est
3263 1825 3495 1894 :equalis.

319 1898 674 1963 credentibus,
718 1902 837 1958 aliis
893 1905 1170 1961 invidendo
1202 1911 1564 1976 pereuntibus,
1589 1911 1856 1966 discubuit

318 1983 374 2036 in
419 1985 574 2040 domo
626 1988 779 2044 Iesus
833 1995 1170 2049 recumbente
1220 2012 1430 2066 quoque
1492 1999 1715 2067 Lazaro,
1766 2005 1857 2072 qui

319 2071 492 2128 fuerat
517 2092 545 2130 a
579 2087 747 2133 morte
797 2083 1081 2138 suscitatus
1115 2103 1127 2137 :
1165 2095 1285 2156 post
1329 2100 1650 2160 unguentum
1704 2071 1857 2148 diII'u-

316 2175 432 2214 sum
464 2179 620 2232 super
659 2167 819 2234 pedes
840 2170 973 2237 ejus,
1015 2174 1151 2228 unde
1173 2176 1359 2230 domus
1397 2179 1560 2234 odore
1597 2182 1856 2250 completa

314 2259 418 2314 est,
461 2253 524 2306 de
548 2256 736 2321 quibus
779 2259 830 2311 in
853 2262 1230 2329 superioribus,
1269 2276 1522 2334 quantum
1563 2271 1851 2338 potuimus,

315 2342 687 2407 tractavimus;
724 2360 863 2401 nunc
896 2348 1177 2404 videndum
1199 2360 1303 2415 est,
1333 2356 1460 2422 quid
1491 2365 1616 2411 ante
1642 2357 1851 2414 Domini

312 2429 607 2494 paSsionem
655 2442 860 2502 gestum
904 2445 1004 2490 est.
1052 2437 1189 2493 Dicit
1211 2441 1351 2496 enim
1379 2443 1748 2513 Evangelista:

859 2543 1083 2601 CAPUT
1116 2547 1300 2603 XXIX.

312 2621 484 2680 Turba
503 2645 618 2707 cum
641 2632 796 2684 ramis
817 2632 1422 2707 palmarumoccurrens,
1449 2641 1658 2707 clamat,
1689 2644 1853 2700 Osan-

378 2709 466 2747 na.
499 2765 509 2772 _
520 2695 640 2772 Ipse
667 2715 786 2772 gero
817 2695 984 2768 super
1004 2704 1227 2772 pullum
1250 2695 1421 2772 sedit;
1450 2695 1852 2767 Πιστίιᾶἱῖἷῇ

376 2765 603 2818 centibus
625 2781 643 2818 :
667 2767 831 2822 'I‘otus
860 2765 1084 2825 mundus
1111 2783 1228 2841 post
1248 2789 1367 2829 eum
1385 2765 1522 2830 'abit.

378 2871 535 2926 Vsus.
567 2875 651 2938 l2,
691 2877 772 2930 l5.
818 2908 886 2918 —
907 2877 972 2932 In
1002 2883 1280 2937 crastinum
1305 2895 1474 2938 autem
1496 2888 1643 2940 turba
1662 2889 1844 2956 multa,

306 2979 421 3030 qua!
458 2977 754 3020 convenerat
777 2969 844 3021 ad
869 2970 1002 3023 diem
1032 2972 1236 3041 festum,
1264 2991 1380 3028 cum
1418 2979 1696 3044 audissent,
1724 2982 1846 3049 quia

307 3053 440 3117 venit
461 3051 612 3105 Iesus
653 3052 1083 3126 Hierosolymam,
1123 3074 1422 3131 acceperunt
1454 3081 1622 3118 ramos
1640 3067 1843 3134 palma-

307 3158 439 3204 rum,
464 3153 510 3194 et
528 3158 878 3212 processerunt
896 3123 1095 3202 obviam
1120 3151 1185 3215 ei,
1207 3161 1252 3204 et
1274 3152 1561 3208 clamabant
1579 3154 1843 3223 :Osanna,
1871 3123 1918 3184 C

305 3229 591 3282 benedictus
633 3234 719 3301 qui
772 3237 902 3288 venit
945 3238 998 3289 in
1026 3241 1227 3292 nomine
1292 3240 1495 3297 Domini
1542 3261 1630 3298 rex
1659 3232 1844 3300 Israel.

308 3333 328 3365 σ
368 3318 394 3356 b
427 3318 573 3370 Βηπιί
613 3320 904 3388 palmarum
956 3325 1137 3382 Iaudes
1184 3337 1334 3392 sunt,
1379 3332 1737 3402 signiﬁcantes
1770 3337 1846 3391 vi-

303 3407 544 3471 ctoriam,
593 3427 697 3479 qua
719 3423 836 3466 erat
865 3411 1115 3471 Dominus
1147 3427 1369 3472 mortem
1403 3421 1673 3476 moriendo
1693 3436 1847 3491 supe-

304 3504 534 3557 raturus,
570 3507 624 3550 et
674 3503 908 3569 trophaeo
948 3507 1123 3558 crucis
1178 3507 1444 3561 diabolum
1483 3511 1670 3564 mortis
1700 3512 1844 3579 prin-

301 3581 473 3649 cipem
495 3582 644 3653 μίση
675 3588 738 3640 de
765 3589 1038 3643 diabolo...
1065 3593 1325 3665 principe]
1351 3597 1788 3663 triumphaturus.
1820 3619 1837 3649 ο

302 3670 537 3736 Osanna,
601 3675 888 3730 benedictus
931 3681 1018 3749 qui
1069 3684 1203 3734 venit
1253 3685 1306 3736 in
1373 3687 1575 3738 nomine
1611 3686 1839 3739 Domini.

299 3761 598 3819 Notandum
627 3782 754 3822 sane
794 3771 932 3838 quod
981 3770 1191 3826 Osanna
1230 3775 1448 3828 verbum
1501 3775 1839 3841 Ilebraicum,

298 3853 648 3921 compositum
661 3865 746 3910 est
765 3872 829 3910 ex
860 3859 1081 3925 duobus,
1106 3871 1357 3931 corrupto
1370 3864 1659 3932 etintegro.
1687 3864 1842 3919 Salva

298 3954 528 4009 namque
575 3943 687 3997 sive
740 3945 968 4014 saluiﬁca
1022 3950 1161 4017 apud
1209 3964 1303 4004 eos
1349 3953 1545 4008 dicitur
1586 3954 1722 4025 [οεὶ.
1773 3956 1844 4010 At

299 4043 426 4082 vero
487 4030 645 4102 anna]
696 4033 990 4100 interiectio
1036 4046 1120 4091 est
1168 4038 1532 4107 deprecantis,
1578 4045 1842 4110 quomodo

297 4121 434 4188 apud
470 4120 683 4178 Latinos
712 4124 1004 4193 interiectio
1027 4137 1108 4182 est
1127 4127 1377 4196 dolentis,
1404 4133 1502 4185 heu
1526 4134 1544 4184 !
1593 4142 1646 4188 et
1675 4135 1840 4188 inter-

293 4209 454 4276 ]ectio
483 4211 812 4277 admirantis,
861 4217 1043 4285 papa!
1088 4217 1324 4288 Denique
1373 4222 1425 4275 in
1475 4221 1707 4288 Psalmo,
1749 4224 1837 4278 ubi

297 4295 433 4349 LXX
459 4299 770 4367 interpretes
790 4305 1195 4370 transtulerunt,
1220 4323 1249 4360 o
1271 4307 1507 4373 Domine,
1534 4313 1735 4365 salsum
1760 4329 1840 4368 me

297 4384 398 4451 fac,
434 4387 486 4438 in
509 4386 727 4442 Hebrao
752 4392 1004 4459 scriptum
1027 4403 1131 4459 est,
1156 4394 1324 4460 Anna,
1356 4398 1579 4463 Adonai,
1621 4398 1836 4454 Osanna

300 4470 440 4558 [bis.,
494 4473 743 4548 Osianna]
765 4519 777 4541 ,
820 4457 959 4548 quod
988 4457 1249 4551 interpres
1277 4457 1458 4538 noster
1485 4457 1836 4558 Hieronymus
1865 4457 1914 4516 θ

298 4557 598 4626 diligentius
647 4564 914 4621 elucidans
961 4570 1227 4624 transtulit
1266 4588 1280 4623 :
1319 4569 1562 4638 Obsecro,
1595 4557 1831 4638 Domine,

297 4645 461 4710 salva,
489 4649 709 4703 obsecro.
750 4654 887 4709 Idem
923 4673 1152 4728 namque
1193 4661 1478 4731 significat,
1533 4680 1562 4718 ο
1593 4663 1828 4726 Domine,

296 4748 394 4802 per
418 4735 831 4802 interiectionem
870 4744 1215 4810 obsecrantis,
1257 4750 1412 4818 quod,
1468 4753 1694 4817 obsecro,
1729 4753 1834 4805 Do-

298 4822 452 4883 mine,
476 4836 569 4888 per
602 4825 769 4890 ipsum
797 4829 1011 4884 verbum
1032 4836 1430 4890 obsecrationis.
1468 4837 1678 4892 Osanna
1735 4841 1834 4893 ita-

295 4920 420 4972 que,
446 4909 605 4975 salva,
636 4912 860 4976 obsecro,
889 4917 1680 4992 signiﬁcat,consumptalittera
1700 4928 1718 4978 i
1742 4941 1834 4981 vo-

296 4994 419 5059 cali,
476 5013 592 5066 qua‘.
630 5003 846 5056 verbum
873 5007 1020 5071 prius
1050 5011 1316 5075 terminat,
1341 5029 1459 5067 cum
1485 5015 1717 5082 perfecte
1752 5016 1832 5069 di-

297 5082 436 5136 citur
464 5088 557 5148 osi,
604 5104 698 5155 per
724 5093 970 5147 virtutem
1009 5095 1195 5151 litterae
1225 5105 1425 5158 vocalis
1460 5106 1644 5175 Alcph,
1673 5121 1701 5158 a
1727 5122 1828 5174 qua

297 5173 513 5225 verbum
542 5187 764 5244 sequens
801 5182 979 5250 incipit
1008 5202 1166 5249 anna,
1196 5189 1332 5255 quod
1363 5173 1570 5247 metrici
1587 5197 1638 5247 in
1668 5173 1831 5249 versi-

298 5261 397 5316 bus
437 5265 749 5318 scandendis
798 5272 1139 5340 synalepham
1186 5287 1373 5330 vocant
1405 5297 1416 5329 :
1445 5286 1686 5347 quamvis
1710 5284 1827 5355 [illi]

298 5351 544 5418 scriptam
581 5356 806 5410 litteram
831 5362 1143 5418 scandentes
1169 5367 1481 5420 transiliant.
1533 5369 1586 5422 In
1611 5351 1830 5426 hoc—au;

296 5443 404 5489 tem
429 5444 591 5496 verbo
619 5444 849 5513 Osanna,
879 5449 982 5502 iota
1004 5450 1196 5519 littera,
1227 5471 1323 5511 nec
1344 5457 1525 5511 saltem
1558 5458 1704 5528 μη,
1734 5464 1834 5516 sal-

374 5621 397 5648 ι
436 5611 709 5682 llucusque
731 5633 792 5673 ex
817 5622 973 5678 Beda:
999 5627 1210 5681 bomilia
1236 5632 1411 5685 citata.

1958 1923 2056 1964 nos
2075 1918 2134 1963 ut
2160 1925 2414 1977 essemus,
2444 1916 2673 1979 creavit;
2724 1930 2820 1985 per
2841 1918 2979 1985 quod
3005 1917 3157 1970 nobis
3185 1926 3265 1971 est
3291 1917 3498 1980 similis,

1957 2013 2025 2053 ne
2052 2002 2367 2070 periremus,
2416 2005 2658 2058 redemit.
2713 2007 2820 2060 Has
2862 2008 2909 2060 ei
2936 2007 3118 2061 laudes
3167 2010 3318 2061 turba
3359 2010 3501 2064 dicc—

1955 2087 2081 2143 bat:
2110 2089 2340 2157 Osanna,
2385 2096 2675 2149 benedictus
2712 2099 2799 2165 qui
2848 2101 2976 2151 uenit
3003 2101 3055 2151 in
3091 2101 3292 2153 nomine
3320 2102 3501 2156 Domi—

1956 2177 2009 2229 ni
2036 2195 2125 2231 rex
2151 2178 2336 2234 Israel.
2391 2182 2559 2248 Quam
2587 2200 2770 2240 vocem
2794 2189 2989 2242 mentis
3033 2191 3316 2243 invidentia
3353 2193 3498 2259 prin—

1954 2264 2099 2333 cipes
2151 2266 2448 2324 Iudamrum
2477 2276 2678 2343 perpeti
2708 2291 2810 2328 non
2850 2286 3095 2346 poterant
3138 2278 3314 2349 [Aug.,
3338 2295 3497 2348 quam

1953 2368 2166 2410 crucem
2219 2360 2414 2412 mentis
2486 2360 2774 2416 invidentia
2837 2361 3136 2434 principum
3196 2366 3495 2422 Iudaeorum

1951 2445 2154 2512 perpeti
2175 2446 2426 2518 poterat],
2451 2451 2660 2517 quando
2687 2466 2861 2521 regem
2879 2468 3031 2508 suum
3056 2456 3325 2512 Christum
3352 2467 3494 2513 tanta

1949 2531 2231 2587 multitudo
2289 2534 2571 2590 clamabat.
2623 2537 2728 2593 Sed
2782 2540 2910 2610 quid
2969 2543 3067 2598 fuit
3129 2544 3352 2601 Domino
3407 2566 3490 2603 re-

1950 2631 2068 2685 gem
2089 2634 2206 2675 esse
2228 2620 2421 2677 Israel?
2445 2624 2579 2691 Quid
2617 2641 2864 2697 magnum
2894 2628 2993 2684 fuit
3020 2635 3131 2703 regi
3156 2637 3491 2702 seculorum,

1951 2719 2128 2776 regem
2155 2710 2271 2765 lleri
2293 2713 2604 2769 hominum?
2643 2716 2755 2771 Non
2780 2721 2923 2774 enim
2944 2737 3036 2776 rex
3064 2723 3224 2778 Israel
3252 2725 3496 2783 Christus

1947 2795 2016 2850 ad
2040 2799 2357 2869 exigendum
2382 2805 2669 2870 tributum;
2693 2809 2776 2862 vel
2799 2808 2942 2864 ferro
2966 2815 3255 2868 exercitum
3284 2832 3494 2870 arman-

1946 2887 2070 2940 dum
2117 2887 2400 2960 hostesque
2435 2892 2773 2952 debellandos
2823 2915 2836 2952 :
2876 2900 2970 2953 sed
3006 2916 3097 2955 rex
3128 2901 3306 2968 Israel,
3350 2909 3493 2974 quod

1947 2983 2177 3029 mentem
2211 2986 2377 3047 regat,
2430 2983 2570 3048 quod
2597 2983 2650 3036 in
2691 2993 2946 3041 aeternum
2990 2992 3248 3054 consulat,
3276 2997 3415 3062 quod
3442 2998 3495 3050 in

1947 3075 2168 3130 unum
2206 3065 2461 3122 oculorum
2491 3072 2792 3137 credentes,
2820 3085 3116 3144 sperantes,
3149 3093 3496 3153 amantesque

1948 3153 2221 3221 perducat.
2279 3154 2372 3210 Dei
2418 3172 2543 3228 ergo
2589 3159 2754 3216 Filius
2799 3165 3017 3233 aequalis
3059 3167 3222 3232 Patri,
3266 3173 3493 3228 Verbum

1947 3256 2042 3312 per
2092 3245 2233 3314 quod
2282 3245 2420 3302 facta
2467 3258 2589 3302 sunt
2613 3253 2810 3318 omnia,
2862 3257 3002 3323 quod
3048 3273 3138 3312 rex
3167 3273 3285 3314 esse
3332 3263 3497 3318 voluit

1945 3331 2122 3396 Israel,
2154 3335 2386 3403 dignatio
2410 3344 2509 3401 est,
2539 3353 2645 3392 non
2682 3344 2976 3408 promotio;
3030 3347 3386 3405 miserationis
3414 3353 3495 3407 in-

1945 3422 2138 3475 dicium
2185 3433 2290 3486 est,
2344 3441 2448 3478 non
2482 3431 2758 3493 potestatis
2804 3442 3176 3500 augmentum;
3229 3441 3318 3505 qui
3346 3441 3488 3494 enim

1944 3509 2235 3577 appellatus
2262 3520 2345 3564 est
2366 3528 2458 3567 rex
2501 3513 2822 3581 Iudaeorum,
2875 3521 2926 3574 in
2951 3523 3102 3576 caelis
3129 3534 3209 3578 est
3237 3526 3490 3583 Dominus

1943 3599 2268 3668 angelorum.
2303 3602 2483 3672 (Vsus.
2517 3602 2625 3674 ll.)
2657 3604 2724 3657 Et
2763 3608 2952 3661 invenit
2998 3611 3151 3664 Iesus
3180 3615 3414 3680 asellum,
3443 3631 3489 3670 et

1941 3691 2070 3742 sedit
2092 3707 2246 3760 super
2268 3709 2404 3746 sum.
2429 3693 2527 3748 Hic
2549 3695 2780 3750 breviter
2798 3698 2996 3752 dictum
3018 3712 3126 3764 est;
3156 3719 3275 3756 nam
3302 3721 3490 3773 quem-

1942 3777 2224 3831 admodum
2272 3782 2343 3833 sit
2380 3781 2599 3846 factum,
2624 3784 2760 3852 apud
2779 3787 2913 3839 alios
2931 3791 3282 3858 evangelistas
3293 3794 3487 3862 plenis-

1942 3866 2072 3919 sime
2126 3867 2333 3936 lcgitur.
2386 3870 2682 3925 Adhibetur
2717 3882 2892 3950 autem
2920 3877 3043 3931 huic
3086 3878 3229 3934 facto
3259 3887 3486 3952 prophe-

1941 3955 2102 4010 ticum
2133 3960 2510 4026 testimonium,
2540 3969 2598 4016 ut
2620 3974 2897 4033 appareret
2917 3970 3058 4035 quod
3084 3971 3298 4040 maligni
3342 3977 3486 4041 prin-

1939 4043 2083 4108 cipes
2127 4041 2429 4099 Iudaei-tim
2453 4061 2577 4101 eum
2598 4064 2701 4104 non
2731 4052 3111 4121 intelligebant,
3166 4059 3217 4110 in
3245 4074 3349 4127 quo
3390 4063 3486 4122 im-

1939 4132 2220 4200 plebantur
2245 4149 2361 4202 qua
2385 4135 2628 4207 legebant
2658 4158 2669 4190 :
2699 4139 2899 4194 Invenit
2927 4160 3043 4214 ergo
3068 4145 3222 4202 Iesus
3245 4152 3481 4216 asellum,

1939 4229 1988 4272 et
2017 4221 2146 4274 sedit
2189 4239 2343 4292 super
2371 4241 2506 4280 eum.

2007 4307 2165 4364 νω.
2198 4310 2282 4365 IS.
2308 4342 2377 4351 ——
2406 4313 2555 4367 Sicut
2581 4320 2826 4385 scriptum
2847 4330 2920 4372 est
2947 4339 2966 4374 .-
2993 4323 3119 4377 Noli
3142 4327 3337 4395 timere,
3367 4332 3478 4399 filia

1941 4396 2090 4463 Sion,
2135 4415 2249 4454 ecce
2276 4418 2365 4455 rea:
2394 4413 2511 4458 tuus
2534 4407 2666 4458 venit
2700 4409 2879 4464 sedens
2923 4428 3076 4481 super
3103 4418 3301 4488 pullum
3322 4396 3482 4476 asina:

1937 4485 2119 4557 (lacn.
2166 4504 2241 4554 ιχ,
2271 4490 2346 4559 9).
2390 4491 2512 4547 Haec
2554 4493 2660 4548 ﬁlia
2685 4496 2834 4564 Sion,
2891 4503 2974 4556 cui
2998 4485 3247 4564 divinitus
3276 4511 3374 4564 ista
3398 4513 3483 4566 di-

1936 4582 2155 4640 cuntur,
2196 4579 2246 4631 in
2300 4580 2401 4633 illis
2447 4591 2564 4636 erat
2613 4587 2799 4642 ovibus
2853 4604 2971 4657 quae
3013 4608 3194 4649 vocem
3251 4603 3480 4666 pastoris

1937 4665 2249 4732 audiebant;
2305 4671 2356 4722 in
2408 4672 2493 4725 illa
2523 4683 2640 4726 erat
2666 4676 2998 4733 multitudine
3049 4698 3167 4752 qua:
3202 4665 3480 4747 Dominum

1937 4756 2236 4810 venientem
2267 4768 2410 4812 tanta
2436 4763 2709 4816 devotione
2745 4765 3012 4833 laudabat,
3073 4780 3219 4828 tanto
3270 4783 3479 4848 agmine

1936 4843 2246 4899 deducebat.
2267 4848 2326 4900 Ei
2343 4850 2539 4903 dictum
2553 4861 2634 4906 est
2657 4871 2668 4905 :
2698 4854 2822 4908 Noli
2839 4861 3045 4919 timere;
3071 4862 3214 4917 illum
3232 4843 3472 4936 agnosce,

1937 4931 2025 4996 qui
2055 4946 2179 4985 ecce
2209 4931 2356 5002 μίση
2400 4939 2489 5006 qui
2519 4954 2547 4992 a
2579 4940 2651 5012 te]
2690 4942 2963 5008 laudatur;
3006 4957 3059 5002 et
3084 4951 3187 5004 noli
3216 4931 3478 5022 trepidare

1932 5032 2054 5070 cum
2106 5022 2318 5088 patitur,
2373 5028 2494 5094 quia
2538 5030 2624 5083 ille
2661 5035 2873 5104 sanguis
2911 5034 3158 5092 tondetur
3187 5053 3284 5108 per
3318 5057 3474 5112 quem

1935 5115 2079 5162 tuum
2106 5112 2352 5169 delictum
2380 5118 2615 5175 deleatur
2635 5132 2688 5176 et
2715 5126 2820 5178 vita
2843 5129 3132 5185 redimatur
3158 5131 3334 5206 [Aug.,
3359 5140 3474 5194 red-

1932 5200 2132 5273 datur].
2162 5203 2264 5259 Sed
2290 5208 2489 5276 pullum
2510 5212 2701 5274 asinae,
2735 5216 2786 5268 in
2814 5233 2918 5285 quo
2942 5235 3097 5277 nemo
3125 5200 3330 5281 sederat
3355 5230 3475 5294 (hoc

1932 5291 2070 5344 enim
2098 5295 2233 5361 apud
2271 5297 2402 5350 alios
2437 5302 2784 5370 evangelistas
2820 5309 3104 5383 invenitur)
3143 5291 3476 5386 intelligimus

1933 5383 2176 5449 populum
2206 5387 2459 5452 gentium,
2489 5394 2576 5458 qui
2608 5393 2775 5464 legem
2805 5400 3010 5456 Domini
3040 5422 3138 5459 non
3166 5383 3472 5475 acceperat;

1933 5469 2133 5524 asinam
2163 5487 2288 5528 vero
2323 5476 2466 5544 (quia
2500 5490 2780 5553 utrumque
2805 5491 3096 5556 jumentum
3130 5497 3350 5552 Domino
3378 5504 3472 5558 ad-

2005 5638 2030 5677 δ
2064 5639 2136 5694 Ex
2171 5641 2226 5696 S.
2261 5647 2413 5717 Aug,
2448 5659 2596 5705 tract.
2629 5671 2695 5719 LI,
2727 5672 2866 5709 num.
2896 5659 3041 5713 243.
