4152 6250
733 306 834 363 9H

1601 308 1671 363 Β.
1700 308 1759 362 F.
1787 307 2008 363 ALBlNl
2042 309 2170 363 SEU
2192 308 2477 364 ALCUINI
2507 308 2782 364 ΟΡεῆοΜ
2814 308 2989 364 PARS
3016 308 3075 363 ll.

3826 315 3932 371 91!

733 416 949 473 ductum
977 422 1104 486 est),
1145 416 1351 484 plebem
1385 413 1516 482 ejus,
1561 431 1680 484 quae
1720 417 1963 471 veniebat
1989 432 2052 470 ex
2088 415 2280 485 populo
2308 423 2356 479 Α
2381 414 2536 469 cobet
2564 415 2739 485 ipsum
2766 430 2883 470 esse
2903 428 3126 485 granum
3155 417 3577 474 mortiﬁeandum
3601 431 3655 474 ct
3681 423 3932 493 multipli-

734 505 917 570 Israel,
944 520 1048 559 non
1086 504 1341 559 indomita
1378 512 1573 569 tamen,
1620 505 1711 559 sed
1750 520 1868 575 qua:
1900 518 2135 575 praesepe
2174 505 2276 559 Do-

739 596 869 651 mini
895 586 1125 666 agnovit.
1168 595 1350 667 (Vens.
1394 593 1499 665 16.)
1535 594 1661 648 Ηιτο
1696 612 1799 649 non
1828 603 2168 664 cognoverunt
2200 594 2283 647 di-

733 682 919 753 scipuli
942 681 1056 752 ejus
1081 683 1325 751 primum,
1354 682 1442 735 sed
1474 682 1681 752 quando
1722 680 2039 750 gloriﬁcatus
2088 690 2161 735 est
2192 679 2283 734 Je—

735 789 846 827 sus.
860 771 924 826 Id
943 778 1045 836 est,
1066 770 1275 840 quando
1294 770 1540 825 virtutem
1560 784 1670 825 sua:
1688 770 2092 824 resurrectionis
2111 777 2285 823 osten-

735 863 832 915 dit.
868 859 1011 914 Tunc
1045 860 1299 913 recordati
1343 868 1489 923 sunt,
1525 861 1653 928 quia
1684 860 1792 913 lucc
1823 869 1969 913 erant
2001 860 2193 929 scripta
2218 858 2283 912 de

735 965 815 1003 eo.
854 947 1165 1003 Recolentes
1200 946 1394 1016 quippe
1438 946 1725 1001 secundum
1774 946 2137 1013 Scriptorum,
2164 959 2283 1013 quae

736 1047 860 1095 ante
876 1041 1177 1109 passionem
1196 1038 1278 1093 vel
1299 1039 1352 1092 in
1375 1039 1579 1093 Domini
1602 1036 1844 1108 passione
1860 1038 2119 1107 completa
2137 1046 2279 1105 sunt,

737 1130 811 1186 ibi
838 1130 1018 1184 ethoc
1040 1130 1357 1183 invenerunt
1374 1167 1389 1193 ,
1414 1138 1471 1182 ut
1498 1129 1785 1183 secundum
1803 1129 2025 1197 eloquia
2056 1129 2283 1198 prophe-

739 1229 914 1273 tarum
940 1220 993 1274 in
1021 1220 1162 1287 pullo
1187 1219 1348 1273 asina:
1375 1220 1603 1273 sederet.
2086 1212 2101 1231 ‘

805 1310 964 1364 Vens.
993 1308 1173 1363 1749.
1198 1338 1266 1347 -—
1288 1307 1652 1362 Testimonium
1670 1324 1789 1377 ergo
1810 1308 2099 1377 perhibebat
2129 1309 2280 1362 turba

736 1414 852 1469 qua
877 1405 987 1452 erat
1016 1412 1131 1449 cum
1157 1412 1239 1460 eo,
1265 1396 1468 1464 quando
1500 1394 1756 1449 Lazarum
1784 1396 1975 1448 vocarit
2006 1395 2071 1448 de
2105 1411 2283 1450 monu-

736 1496 927 1551 mento,
953 1497 1003 1540 et
1028 1486 1288 1539 suscitavit
1314 1500 1429 1538 eum
1466 1502 1499 1538 a
1535 1486 1771 1540 mortuis.
1807 1484 2087 1553 Propterea
2119 1496 2165 1539 et
2192 1486 2280 1540 ob-

737 1576 869 1628 viam
911 1575 1043 1628 venit
1086 1574 1133 1628 ei
1172 1573 1352 1638 turba,
1391 1574 1478 1644 qui
1505 1574 1799 1637 audierunt,
1824 1589 1940 1626 εαιιι
1976 1574 2152 1642 fecisse
2183 1575 2278 1629 hoc

734 1662 957 1731 signum.
988 1660 1241 1716 Phariswi
1264 1677 1383 1731 ergo
1405 1660 1645 1714 dixerunt
1669 1660 1739 1713 ad
1758 1664 2050 1731 semetipsos
2072 1679 2091 1715 :
2128 1662 2279 1717 Vide-

735 1723 823 1813 tii,
848 1751 973 1819 quia
1000 1750 1128 1803 nihil
1151 1723 1467 1819 proﬁcimus,
1494 1766 1607 1804 ecce
1630 1751 1853 1804 mundus
1876 1723 2144 1822 tolus’post
2164 1768 2281 1807 eum
2310 1723 2356 1784 ⁸

734 1839 882 1893 abiit.
918 1840 1095 1894 Turba
1129 1840 1361 1895 turbavit
1399 1838 1797 1907 turbam.Quid
1843 1850 2020 1896 autem
2059 1843 2282 1909 invides,

736 1939 877 1981 caeca
902 1929 1080 1991 turba,
1107 1928 1231 1995 quia
1260 1935 1378 1996 post
1403 1942 1525 1982 eum
1550 1930 1695 1984 vadit
1725 1930 1951 1984 mundus
1970 1971 1986 1995 ,
2012 1945 2105 2000 per
2128 1947 2285 2000 quem

738 2015 909 2070 factus
938 2026 1015 2070 est
1047 2017 1307 2071 mundus?

1300 2124 1520 2183 CAPUT
1558 2127 1725 2181 XXX.

739 2231 791 2284 Ν
795 2233 1023 2301 nntiatus
1049 2233 1279 2300 gentibus
1302 2251 1417 2287 eum
1443 2235 1611 2289 videre
1640 2235 1941 2301 uolentibus,
1968 2237 2145 2290 horam
2174 2256 2282 2294 sua

804 2300 1189 2372 clariﬁcationis
1215 2318 1321 2372 esse
1354 2303 1511 2367 dicit,
1543 2314 1591 2356 et
1620 2320 1848 2372 granum
1875 2300 2117 2372 frumenti
2152 2323 2284 2360 mor-

804 2368 950 2421 tuum
972 2368 1186 2422 multum
1210 2370 1435 2441 fructum
1468 2368 1763 2441 pronuntiat
1798 2368 2095 2426 allaturum.
2128 2374 2283 2429 Mini-

807 2446 1048 2490 strantem
1069 2454 1267 2508 quoque
1288 2439 1385 2493 sibi
1408 2439 1851 2509 honoriﬁcandum
1874 2442 2139 2510 promittit.

810 2545 968 2599 Vens.
1003 2545 1183 2600 20-22.
1219 2577 1289 2588 —
1325 2548 1492 2602 Erant
1524 2559 1695 2602 autem
1727 2549 1936 2620 gentiles
1978 2552 2185 2621 quidam
2219 2569 2283 2607 ex

664 2674 682 2699 ,
736 2641 819 2692 his
850 2638 937 2707 qui
959 2637 1292 2691 ascenderant
1317 2647 1373 2691 ut
1394 2638 1671 2693 adorarent
1699 2641 1755 2693 in
1782 2640 1865 2693 die
1887 2639 2034 2709 festo.
2067 2641 2138 2695 Hi
2163 2658 2282 2712 ergo

738 2732 1055 2777 accesserunt
1078 2723 1147 2775 ad
1172 2721 1487 2793 Philippum,
1510 2726 1595 2795 qui
1615 2734 1759 2779 erant
1778 2742 1813 2778 a
1838 2725 2115 2780 Bethsaida
2140 2725 2283 2781 Gali-

739 2810 872 2877 ιω,
898 2821 944 2866 et
972 2812 1213 2883 rogabant
1241 2830 1358 2867 eum
1377 2814 1598 2868 dicentes
1622 2828 1640 2865 :
1666 2815 1907 2879 Domine,
1938 2815 2170 2871 uolumus
2195 2817 2285 2871 ,ιε-

738 2916 852 2953 sum
873 2900 1053 2955 ridere.
1099 2899 1246 2954 Venit
1270 2912 1441 2955 autem
1472 2901 1772 2973 Philippus,
1798 2914 1848 2957 et
1873 2905 1995 2958 dicit
2026 2906 2280 2961 Andream

740 2987 970 3041 Andreas
1014 3005 1191 3042 rursus
1242 3000 1291 3043 et
1331 2987 1598 3061 Philippus
1637 2993 1875 3047 dixerunt
1920 2992 2066 3048 Iesu.
2100 2996 2283 3051 Videa-

740 3091 860 3129 mus
887 3077 1012 3144 quid
1039 3077 1291 3133 Dominus
1326 3081 1391 3133 ad
1422 3080 1525 3135 ista
1561 3082 1910 3151 responderit.
1936 3084 2078 3138 "Ecce
2103 3084 2285 3139 volue-

742 3171 867 3214 runt
890 3177 1011 3215 eum
1036 3162 1200 3218 Judaai
1228 3166 1487 3233 occidere,
1514 3168 1736 3237 gentiles
1759 3169 1939 3225 videre
1966 3188 1981 3225 :
2006 3172 2099 3227 sed
2128 3174 2287 3228 etiam

741 3249 818 3305 illi
845 3266 911 3305 ex
936 3250 1132 3307 Judzeis
1159 3263 1335 3319 erant,
1368 3256 1457 3324 qui
1495 3256 1797 3311 clamabant
1826 3276 1839 3311 :
1864 3258 2169 3314 Benedictus
2201 3262 2288 3331 qui

742 3342 877 3394 venit
902 3342 954 3397 in
994 3344 1193 3397 nomine
1227 3343 1432 3398 Domini
1468 3362 1557 3399 rex
1590 3344 1773 3400 Israel.
1792 3347 1935 3402 Ecce
1976 3349 2050 3402 illi
2081 3364 2148 3404 ex
2180 3350 2286 3403 cir-

745 3431 1088 3496 cumcisione,
1111 3433 1182 3485 illi
1204 3449 1269 3487 ex
1288 3436 1563 3502 praeputio,
1586 3437 1727 3490 velut
1751 3439 1977 3507 parietes
1999 3439 2065 3493 de
2084 3440 2289 3495 diverso

746 3518 1051 3581 venientes,
1098 3528 1153 3572 et
1196 3521 1251 3573 in
1294 3537 1452 3574 unam
1491 3522 1646 3577 [idem
1688 3523 1884 3579 Christi
1924 3528 2073 3596 pacis
2109 3529 2289 3585 osculo

750 3615 1143 3661 concurrentes.
1172 3607 1457 3663 Audimus
1482 3624 1608 3680 ergo
1634 3626 1813 3666 vocem
1850 3612 2037 3682 lapidis
2075 3617 2289 3686 angula-

749 3698 843 3752 ris.
872 3698 1051 3769 (Vens.
1080 3697 1194 3770 25.)
1218 3698 1371 3755 Iesus
1398 3710 1587 3768 autem,
1614 3704 1803 3773 inquit,
1829 3708 2084 3776 respondit
2106 3710 2179 3763 eis
2201 3710 2285 3761 di-

745 3802 863 3839 cens
894 3800 912 3838 :
949 3783 1094 3840 Venit
1122 3786 1279 3857 583
1308 3789 1456 3856 liora,
1485 3800 1541 3843 ut
1586 3790 1897 3861 clariﬁcetur
1921 3791 2090 3847 Filius
2125 3796 2287 3848 homi-

748 3876 845 3950 nis.
896 3873 994 3928 llic
1037 3877 1315 3945 quisquam
1357 3876 1580 3934 forsitan
1624 3889 1773 3948 putat
1819 3881 1938 3936 ideo
1985 3896 2041 3936 se
2093 3882 2287 3937 dixisse

749 3962 1119 4031 gloriﬁcatum,
1148 3964 1269 4032 quia
1296 3965 1516 4035 gentiles
1535 3981 1655 4021 eum
1680 3969 1923 4023 volebant
1949 3971 2147 4025 videre.
2173 3970 2287 4025 Non

750 4052 822 4104 ita
846 4059 927 4106 est
963 4069 976 4104 :
1015 4051 1107 4105 sed
1149 4053 1359 4107 videbat
1393 4056 1534 4123 ipsos
1572 4054 1719 4125 μίση
1748 4056 1878 4128 ipse]
1913 4058 2133 4126 gentiles
2169 4068 2286 4126 post

748 4141 1046 4209 passionem
1069 4149 1123 4194 et
1151 4142 1586 4197 resurrectionem
1611 4158 1759 4196 suam
1786 4145 1839 4196 in
1864 4144 2106 4198 omnibus
2126 4146 2289 4213 genti-

750 4232 848 4284 bus
870 4231 1190 4297 credituros;
1226 4232 1368 4299 quia,
1398 4231 1533 4285 sicut
1567 4233 1692 4285 dicit
1722 4233 2001 4302 Apostolus
2030 4249 2043 4285 :
2075 4233 2285 4288 chitas

749 4336 812 4373 ex
834 4329 979 4389 parte
1004 4318 1167 4372 Israel
1193 4318 1330 4386 facta
1349 4328 1449 4382 est,
1480 4320 1639 4371 donec
1666 4320 1925 4389 plenitudo
1952 4322 2173 4390 gentium
2200 4324 2282 4375 in—
2316 4338 2373 4407 υ

748 4417 907 4462 traret
943 4406 1114 4476 (Rom.
1156 4422 1241 4469 ιι,
1279 4405 1389 4473 25).
1434 4406 1511 4459 Ex
1555 4408 1829 4461 occasione
1868 4408 2025 4476 igitur
2064 4411 2284 4464 istorum

749 4497 1018 4567 gentilium
1043 4499 1129 4565 qui
1154 4512 1273 4550 eum
1310 4497 1484 4549 videre
1506 4496 1818 4563 cupiebant,
1845 4499 2118 4551 annuntiat
2151 4499 2287 4553 futu-

754 4599 869 4638 ram
894 4586 1269 4651 plenitudinem
1295 4586 1549 4655 gentium,
1579 4594 1633 4639 et
1659 4586 1915 4654 promittit
1943 4588 2050 4656 jam
2075 4589 2288 4656 jamque

754 4670 939 4725 adesse
964 4672 1146 4727 horam
1171 4674 1565 4743 gloriﬁcationis
1592 4690 1718 4738 sum,
1748 4690 1850 4743 qua
1880 4674 2017 4728 facta
2043 4675 2094 4728 in
2118 4676 2286 4739 oculis,

753 4769 934 4829 gentes
960 4760 1169 4815 fuerant
1194 4763 1490 4817 creditura).
1531 4764 1676 4818 Unde
1704 4764 2011 4831 praedictum
2035 4775 2115 4818 est
2141 4784 2152 4819 :
2184 4765 2288 4818 Ea:-

752 4849 916 4901 altare
936 4865 1085 4917 super
1108 4848 1257 4900 catlos
1288 4848 1452 4913 Deus,
1477 4860 1521 4903 et
1550 4868 1700 4920 super
1728 4868 1926 4905 omnem
1955 4862 2142 4905 terram
2176 4853 2285 4920 glo-

756 4938 885 4987 riam
904 4947 1044 4989 tuam
1065 4935 1236 5007 (Psal.
1260 4950 1386 4999 cvn,
1410 4937 1480 5005 7).
1508 4938 1629 4991 Haec
1653 4948 1733 4992 est
1751 4941 1983 5006 gentium
2001 4942 2285 5009 plenitudo,

757 5024 821 5075 de
856 5038 959 5088 qua
988 5024 1114 5076 dicit
1138 5024 1416 5091 Apostolus
1447 5039 1459 5077 :
1492 5024 1787 5081 Ca’cita‘soa:
1807 5037 1951 5095 parte
1970 5028 2132 5081 Israel
2151 5031 2285 5097 facta

754 5116 847 5169 cst,
872 5107 1029 5158 donec
1048 5108 1305 5174 plenitudo
1331 5113 1551 5179 gentium
1576 5112 1805 5164 intraret.
1831 5112 1936 5168 Sed
1966 5113 2283 5169 altitudinem

756 5196 1154 5264 gloriﬁcationis
1177 5202 1405 5264 oportuit
1450 5211 1505 5254 ut
1534 5202 1848 5269 praecederet
1872 5202 2143 5259 humilitas
2171 5219 2280 5270 pas-

757 5286 939 5338 siOnis.
968 5285 1086 5337 ideo
1116 5294 1325 5338 secutus
1350 5288 1580 5355 adjuuxit
1612 5292 1833 5359 λαως.
1864 5291 1953 5355 24,
1980 5291 2067 5359 25)
2108 5292 2283 5355 Amen,

759 5388 903 5424 amen
933 5374 1046 5425 dico
1071 5374 1207 5446 vobis
1228 5414 1240 5435 ,
1266 5375 1362 5425 nisi
1394 5392 1603 5443 granum
1629 5380 1867 5445 frumenti
1892 5382 2077 5433 cadens
2111 5383 2162 5433 in
2196 5393 2283 5434 ter-

761 5476 870 5512 ram
900 5473 1151 5514 mortuum
1188 5464 1368 5530 fuerit,
1401 5464 1563 5532 ipsum
1601 5466 1761 5517 solum
1798 5478 1984 5521 manet.
2023 5468 2084 5521 Si
2120 5480 2283 5519 autem

759 5562 1009 5605 mortuum
1041 5556 1213 5623 fuerit,
1238 5555 1447 5607 multum
1478 5554 1693 5621 fructum
1724 5558 1890 5622 aﬂ‘crt.
1921 5558 1991 5613 Se
2010 5568 2186 5613 autem
2209 5558 2286 5612 di-

2378 500 2602 558 candum
2632 521 2644 557 :
2672 502 3095 557 mortiﬁcandum
3120 502 3425 561 inﬁdelitate
3449 505 3777 574 indecorum,
3799 512 3932 566 uiui-

2378 590 2723 660 tiplicandum
2739 590 2839 646 tlde
2853 592 3438 662 omniumpopulorum.
3454 594 3572 653 iam
3593 612 3720 654 vero
3734 601 3930 655 exhor-

2379 687 2497 734 tans
2527 681 2595 735 ad
2628 680 2888 748 passionis
2922 682 3032 735 suae
3056 684 3304 737 sectanda
3345 685 3593 756 vestigia,
3630 686 3735 752 Qui
3766 700 3930 748 amat.

2380 768 2583 837 inquit,
2629 771 2857 821 animam
2898 784 3081 834 suam,
3128 771 3303 840 perdet
3346 788 3478 827 eam.
3532 773 3681 840 Quod
3728 775 3935 831 duobus

2379 855 2550 909 modis
2593 844 2810 923 intelligi
2852 864 3029 923 potest
3073 873 3092 908 :.
3128 854 3230 922 Qui
3270 868 3438 924 amat,
3477 860 3687 931 perdet,
3731 861 3783 914 id
3827 872 3931 925 est,

2378 943 2427 997 si
2453 956 2632 1015 amas,
2659 943 2850 1012 perdes
2877 942 3005 1015 [Με.
3036 954 3083 997 et
3108 945 3267 1015 Aug.,
3305 948 3487 1019 perde]
3526 967 3538 999 :
3579 950 3625 1004 si
3662 951 3815 1018 cupis
3844 952 3931 1021 yi-

2380 1040 2489 1086 tam
2511 1041 2690 1086 tenere
2711 1033 2764 1086 in
2788 1032 3019 1097 Christo,
3048 1034 3155 1087 noli
3184 1036 3371 1093 timere
3404 1038 3536 1091 mori
3572 1054 3668 1108 pro
3697 1039 3930 1097 Christo.

2378 1118 2506 1175 Item
2528 1120 2635 1174 alio
2656 1121 2813 1174 modo
2837 1138 2851 1173 :
2877 1119 2979 1186 Qui
3000 1132 3141 1175 amat
3164 1125 3389 1179 animam
3412 1144 3578 1192 suam,
3600 1116 3776 1197 perdet
3793 1147 3928 1184 eam.

2379 1206 2496 1264 Noli
2520 1223 2699 1264 amare
2727 1208 2780 1263 in
2817 1208 2919 1265 hac
2944 1211 3086 1275 vita,
3120 1228 3187 1267 ne
3224 1213 3418 1281 perdas
3456 1216 3514 1269 in
3558 1228 3757 1273 arterna
3800 1220 3928 1274 vita.

2380 1294 2490 1349 Hoc
2514 1304 2691 1349 autem
2708 1295 2847 1363 quod
2868 1298 3131 1365 posterius
3149 1282 3289 1363 dixi:
3305 1300 3475 1371 magis
3505 1303 3701 1357 habere
3726 1304 3935 1360 videtur

2377 1383 2710 1453 evangelicus
2735 1400 2949 1451 sensus;
2993 1387 3231 1455 Sequitur
3256 1379 3399 1443 enim
3432 1390 3544 1444 :Et
3566 1393 3656 1462 qui
3684 1392 3792 1448 odit
3817 1396 3933 1460 ani-

2378 1489 2512 1526 mam
2535 1491 2680 1527 suam
2709 1476 2763 1528 in
2788 1477 2882 1529 hoc
2909 1477 3129 1540 mundo,
3166 1478 3218 1531 in
3245 1479 3397 1532 vitam
3430 1490 3676 1535 Mensam
3706 1484 3933 1539 custodit

2328 1616 2331 1617 ν
2376 1579 2508 1617 eam.
2538 1564 2675 1633 Ergo
2699 1566 2838 1633 quod
2863 1582 3021 1635 supra
3047 1568 3243 1622 dictum
3269 1578 3349 1624 est
3378 1588 3389 1623 :
3422 1571 3524 1635 Qui
3556 1582 3723 1639 amat,
3749 1575 3933 1629 subin-

2379 1653 2648 1722 telligitur,
2672 1655 2726 1707 in
2755 1656 2855 1709 hoc
2884 1656 3107 1721 mundo;
3141 1658 3251 1725 ipse
3283 1659 3465 1729 itaque
3504 1659 3679 1731 [Attg.,
3721 1662 3929 1735 utique]

2381 1741 2567 1811 perdet
2597 1758 2609 1793 :
2645 1740 2746 1806 Qui
2773 1752 2941 1796 autem
2962 1744 3092 1806 odit,
3114 1745 3294 1813 utique
3320 1746 3370 1799 in
3396 1747 3497 1801 hoc
3518 1748 3734 1813 mundo,
3761 1749 3816 1803 in
3846 1750 3931 1806 vi-

2385 1837 2489 1883 tam
2516 1838 2769 1886 aeternam
2798 1832 2911 1902 ipse
2936 1832 3165 1886 custodit
3187 1847 3323 1885 eam.
3353 1833 3535 1905 Magna
3559 1846 3614 1909 et
3640 1838 3778 1890 mira
3804 1854 3929 1895 sen-

2382 1920 2566 1984 tentia,
2589 1919 3029 1989 quemadmodum
3068 1921 3137 1983 sit
3175 1922 3403 1977 hominis
3433 1924 3485 1976 in
3510 1924 3743 1979 animam
3778 1944 3933 1982 suam

2380 2022 2532 2061 amor
2552 2017 2610 2061 ut
2627 2016 2832 2076 pereat,
2857 2008 3034 2063 odium
3061 2024 3128 2063 ne
3150 2011 3362 2078 pereat!
3395 2010 3452 2065 Si
3481 2012 3619 2066 male
3638 2017 3933 2081 amaverie,

2382 2105 2505 2151 tunc
2534 2097 2693 2151 odisti
2722 2114 2736 2147 :
2764 2097 2811 2150 si
2836 2097 2971 2153 bene
2994 2097 3188 2161 oderis,
3216 2108 3341 2153 tunc
3365 2101 3572 2155 amasti.
3596 2101 3805 2157 Felices
3842 2109 3931 2173 qui

2379 2185 2605 2240 oderunt
2630 2185 2997 2250 custodiendo,
3023 2200 3090 2239 ne
3117 2187 3339 2254 perdant
3360 2189 3603 2243 amando.
3639 2209 3658 2240 ι
3691 2189 3792 2244 Hic
3814 2194 3927 2245 ani-

2378 2288 2478 2326 ma:
2506 2272 2717 2326 nomine
2738 2274 2843 2326 vita
2864 2258 3097 2340 praesens
3121 2274 3449 2344 designatur;
3481 2277 3563 2329 vel
3584 2278 3758 2332 etiam.
3777 2281 3928 2348 hujus

2379 2362 2501 2417 vita:
2524 2360 2834 2427 delectatio,
2867 2378 2982 2431 qua:
3018 2364 3286 2431 perdenda
3322 2375 3406 2419 est
3440 2375 3496 2419 ut
3535 2365 3763 2422 feliciter
3792 2371 3930 2424 inve-

2379 2451 2493 2504 nias
2528 2449 2851 2507 voluntatem
2890 2458 3031 2504 tuam
3068 2453 3121 2505 in
3165 2469 3326 2523 regno
3370 2455 3491 2519 Dei,
3529 2472 3690 2524 quam
3728 2458 3927 2515 fortiter

2379 2540 2553 2593 vicisti
2577 2533 2630 2593 in
2660 2541 2760 2594 hoc
2793 2541 3001 2595 saeculo.
3035 2541 3165 2595 Nam
3192 2544 3359 2597 sancti
3392 2555 3650 2616 martyres
3675 2550 3805 2603 odio
3837 2552 3920 2604 ha-

2382 2631 2611 2685 buerunt
2635 2630 2771 2684 hanc
2798 2641 3110 2700 praisentem
3137 2633 3299 2687 vitam
3335 2650 3431 2703 pro
3464 2634 3664 2690 Christi
3698 2640 3911 2701 nomine,

2381 2721 2504 2775 dum
2525 2722 2693 2790 magis
2712 2721 2989 2775 voluerunt
3014 2724 3151 2778 hanc
3170 2734 3483 2792 [irruentem
3500 2726 3668 2780 vitam
3688 2730 3913 2797 perdere.

2382 2821 2539 2874 quam
2575 2806 2843 2861 Christum
2885 2823 3105 2879 negare,
3152 2811 3428 2879 implentes
3467 2814 3609 2882 quod
3646 2818 3917 2883 sequitur:

2454 2894 2612 2949 Vens.
2639 2895 2725 2949 26.
2753 2926 2817 2934 —
2850 2896 2907 2951 Si
2932 2901 3045 2967 quis
3090 2900 3216 2951 mihi
3240 2901 3517 2965 ministrat,
3542 2918 3625 2957 me
3661 2913 3920 2972 sequatur.

2392 2999 2409 3031 ι
2443 2980 2578 3047 Quid
2602 2982 2703 3049 est,
2728 3001 2806 3037 me
2849 2997 3110 3055 sequatur,
3140 2987 3243 3041 nisi
3270 3003 3354 3043 me
3378 2990 3647 3045 imitetur?
3686 2991 3929 3046 Christus

2384 3072 2525 3124 enim
2556 3087 2653 3140 pro
2687 3073 2837 3128 nobis
2863 3090 3048 3143 passus
3069 3085 3170 3141 est,
3201 3079 3275 3132 ait
3293 3078 3576 3147 Apostolus
3601 3080 3810 3145 Petrus,
3831 3098 3923 3138 re.

2384 3158 2625 3228 linquens
2652 3162 2803 3214 nobis
2829 3163 3149 3231 exemplum,
3180 3173 3237 3218 ut
3269 3179 3553 3235 sequamur
3572 3170 3784 3240 vestigia
3802 3169 3926 3238 qfus

2386 3246 2437 3316 (1
2464 3246 2607 3301 Petr.
2632 3265 2695 3314 ll,
2722 3249 2830 3319 2|).
2862 3251 2996 3306 Ecce
3021 3254 3159 3321 quod
3182 3252 3381 3309 dictum
3416 3265 3498 3311 est
3528 3275 3543 3311 :
3571 3258 3634 3314 Si
3656 3262 3771 3329 quis
3792 3262 3922 3315 mihi

2385 3338 2663 3403 ministrat,
2698 3357 2778 3393 me
2821 3353 3081 3412 sequatur.
3118 3344 3233 3411 Quo
3256 3345 3451 3413 fructu,
3494 3365 3599 3418 qua
3637 3351 3880 3406 mercede
3904 3391 3920 3416 .

2386 3439 2491 3493 quo
2515 3426 2763 3494 praimio?
2788 3428 2853 3480 Et
2892 3430 2978 3481 ubi
3009 3447 3142 3495 sum,
3174 3434 3363 3502 inquit,
3391 3450 3505 3504 ego,
3546 3436 3655 3490 illic
3693 3448 3743 3490 et
3771 3440 3918 3493 mini—

2384 3525 2485 3568 ster
2524 3531 2663 3568 meus
2689 3518 2801 3569 erit.
2840 3536 2858 3568 )
2888 3518 3088 3575 Merccs
3123 3530 3201 3575 est
3230 3526 3445 3588 amoris,
3494 3535 3547 3580 et
3583 3529 3761 3596 operis
3796 3544 3913 3597 pre-

2386 3603 2535 3668 tium,
2559 3620 2662 3672 quo
2684 3605 3015 3663 ministratur
3032 3608 3266 3674 libri-to,
3291 3626 3407 3666 esse
3427 3628 3550 3667 cum
3575 3615 3666 3667 illo
3704 3616 3789 3669 cui
3818 3618 3916 3669 mi-

2384 3695 2592 3747 nistrat.
2626 3713 2644 3744 ι
2681 3694 2779 3749 Ubi
2801 3696 2942 3749 enim
2966 3697 3099 3751 bene
3122 3700 3225 3752 erit
3244 3700 3358 3754 sine
3383 3694 3473 3754 illo
3492 3702 3515 3753 ἲ
3534 3702 3638 3757 Aut
3653 3705 3915 3771 quomodo

2385 3781 2561 3852 [Aug.,
2611 3792 2701 3835 aut
2737 3784 2967 3854 quando]
3013 3784 3194 3857 [male]
3243 3803 3360 3842 esse
3388 3791 3581 3859 poterit
3620 3808 3744 3847 cum
3791 3793 3915 3848 illo?

2383 3871 2517 3924 Audi
2536 3872 2830 3927 evidentius
2858 3889 2871 3926 :
2903 3874 2968 3927 Et
2992 3877 3037 3928 si
3059 3878 3170 3946 quis
3195 3880 3319 3935 mihi
3342 3882 3730 3952 ministraverit,
3760 3885 3916 3939 hono-

2384 3960 2601 4026 riﬁcabit
2621 3977 2736 4014 eum
2764 3960 2922 4016 Pater
2938 3981 3097 4019 meus.
3125 3966 3238 4032 Quo
3267 3968 3487 4033 honore,
3507 3970 3687 4025 nisiut
3709 3973 3915 4028 sitcum

2383 4048 2517 4102 Filio
2543 4048 2690 4116 ejus?
2716 4052 2864 4117 Quod
2908 4054 3064 4131 enim.
3094 4058 3334 4125 superius
3368 4059 3443 4113 ait
3470 4078 3485 4112 :
3533 4058 3632 4114 Ubi
3668 4077 3765 4131 ego
3784 4080 3914 4126 sunt,

2383 4138 2489 4192 illic
2533 4150 2581 4193 et
2624 4144 2855 4215 minister
2898 4128 3177 4200 meus'erit
3209 4166 3226 4201 :
3258 4150 3357 4204 hoc
3402 4128 3717 4222 intelligitur
3760 4169 3917 4224 expo-

2385 4230 2583 4295 suisse,
2633 4240 2751 4285 c‘um
2798 4234 2965 4307 dicit:
2998 4235 3369 4305 Ilonoriﬁcabit
3400 4257 3514 4293 eum
3554 4240 3714 4295 Pater
3757 4261 3914 4299 meus.

2385 4316 2513 4375 Nam
2539 4334 2694 4386 quem
2734 4320 2982 4387 majorem
3027 4323 3277 4379 honorem
3320 4328 3563 4397 accipere
3607 4332 3803 4399 poterit
3830 4332 3916 4385 ad-

2384 4413 2613 4475 optatus,
2642 4423 2799 4474 quam
2824 4419 2881 4462 ut
2900 4411 2967 4463 sit
2993 4412 3078 4464 ubi
3103 4422 3183 4466 est
3202 4415 3419 4480 unicus;
3450 4434 3554 4473 non
3581 4421 3800 4487 aqualis
3846 4422 3919 4475 t‘a-

2381 4502 2496 4548 ctus
2542 4496 2845 4561 divinitati,
2896 4500 2989 4553 sed
3034 4505 3367 4558 consociatus
3429 4504 3578 4575 [Hs.,
3616 4510 3917 4581 consocius]

2382 4586 2698 4639 mtemitati?
2748 4585 2881 4650 Quid
2918 4589 2986 4640 sit
3012 4598 3185 4643 autem
3220 4594 3523 4649 ministrare
3568 4596 3797 4660 Christo,
3834 4600 3917 4654 cui

2383 4674 2529 4739 operi
2552 4688 2751 4728 merces
2780 4684 2925 4728 tanta
2958 4681 3302 4746 promittitur,
3331 4686 3773 4742 considerandum
3793 4698 3878 4743 est
3903 4709 3916 4740 :

2386 4760 2445 4813 Si
2490 4761 2602 4828 quis
2655 4763 2777 4814 mihi
2804 4765 3097 4828 ministrat,
3149 4786 3229 4822 me
3264 4782 3523 4839 sequatur,
3554 4776 3656 4828 hoc
3697 4777 3917 4846 intelligi

2386 4850 2567 4914 voluit,
2596 4868 2658 4904 ac
2690 4854 2733 4905 si
2773 4854 2970 4907 diceret
3001 4873 3013 4906 :
3046 4856 3101 4909 Si
3130 4859 3247 4924 quis
3272 4875 3354 4913 me
3393 4864 3497 4914 non
3525 4864 3786 4931 sequitur,
3812 4881 3917 4921 non

2386 4940 2511 4991 mihi
2556 4941 2845 4994 ministrat.
2897 4942 3194 4999 Ministrant
3242 4963 3365 5016 ergo
3402 4948 3538 5003 Jesu
3583 4952 3793 5007 Christo
3828 4956 3918 5023 qui

2384 5042 2487 5079 non
2522 5044 2615 5080 sua
2664 5040 2931 5095 quaerunt,
2982 5034 3071 5085 sed
3097 5051 3211 5102 qua:
3236 5035 3358 5089 Jesu
3386 5036 3584 5092 Christi
3606 5038 3823 5113 (Philip.
3855 5059 3912 5103 ιι,

2384 5116 2492 5184 21).
2520 5117 2627 5170 Hoc
2653 5120 2789 5171 enim
2827 5132 2925 5185 est,
2953 5140 3031 5175 me
3058 5135 3314 5193 sequatur,
3364 5129 3475 5181 vias
3496 5132 3729 5186 ambulet
3751 5147 3912 5189 mea.

2386 5217 2486 5255 non
2517 5219 2637 5255 snas
2668 5224 2679 5255 :
2712 5208 2846 5261 sicut
2886 5210 3009 5262 aliti
3045 5212 3297 5277 scriptum
3347 5224 3464 5268 est:
3495 5216 3670 5282 Quise
3710 5220 3832 5271 dicit
3861 5220 3912 5272 in

2386 5292 2585 5352 Christo
2632 5314 2853 5357 manere,
2908 5300 3071 5363 debet,
3104 5303 3229 5354 sicut
3271 5304 3357 5358 ille
3398 5306 3696 5372 ambulauit,
3722 5320 3770 5361 et
3807 5309 3915 5377 ipse

2384 5384 2645 5436 ambulare
2667 5385 2715 5451 (1
2752 5386 2908 5438 Joan.
2941 5404 2997 5449 ll,
3031 5389 3102 5457 6).
3137 5390 3306 5444 Etiam
3331 5394 3378 5446 si
3414 5378 3635 5463 porrigit
3659 5394 3912 5450 esurienti

2386 5487 2593 5539 panem,
2622 5473 2683 5525 de
2710 5475 3064 5529 misericordia
3092 5474 3263 5531 facere
3287 5479 3458 5542 debet,
3487 5495 3590 5533 non
3622 5485 3686 5538 de
3704 5483 3912 5550 jactan-

2384 5565 2482 5629 tia;
2511 5578 2609 5618 non
2630 5562 2765 5616 aliud
2782 5563 2852 5623 ibi
2871 5576 3069 5633 quaeret
3092 5584 3245 5635 quam
3273 5570 3905 5647 cpttsbonttm,neseietite
