4152 6190
312 346 412 418 sis

1094 325 1490 402 exact-inci.
1534 375 1599 384 -
1636 302 1983 399 causam.
2020 334 2084 399 is
2123 347 2306 402 JOAN.
2349 376 2416 384 —
2449 342 2572 397 us.
2617 345 2678 397 v.

3377 341 3472 396 9N

312 446 524 513 sinistra
548 457 673 528 quid
699 457 858 512 faciat
880 459 1093 512 dextera
1123 455 1333 524 (Matth.
1365 470 1438 518 vi,
1466 455 1540 526 ὅ),
1572 455 1623 507 id
1650 461 1840 515 est,.ut
1865 457 1912 513 Α
1939 455 2263 510 infirmitatis
2321 457 2632 510 necessitate
2680 455 2988 516 turbantur,
3039 469 3102 506 ne
3151 453 3476 522 desperando

311 548 569 603 alienetur
601 546 822 602 intentio
845 545 1146 614 cupiditatis
1173 544 1239 597 ab
1264 557 1427 610 opere
1449 543 1742 597 cbaritatis.
1768 542 1848 595 illi

311 636 505 691 dicitur
525 652 537 686 :
561 630 692 688 Cum
716 634 806 687 uni
825 649 889 686 ea:
917 633 1138 686 minimis
1158 633 1282 685 meis
1303 632 1495 699 fecisti,
1538 633 1661 684 mihi
1687 631 1850 700 fecisti

311 721 520 794 (Matth.
537 737 660 787 xxv,
673 721 781 792 40).
797 720 904 775 Nec
922 736 985 775 ea
1009 729 1210 774 tantum
1231 735 1346 790 qua:
1359 720 1424 773 ad
1439 719 1848 773 misericordiam
1870 759 1872 789 1

312 809 577 877 pertinent
599 807 946 877 corporalem,
969 807 1060 861 sed
1085 807 1262 860 omnia
1282 821 1442 875 opera
1463 813 1678 874 propter
1701 805 1850 860 Chri-

312 908 451 955 stum
480 900 700 966 faciens,
730 900 878 972 (tunc
896 909 1051 956 erunt
1073 903 1231 966 bona,
1282 902 1531 971 quoniam
1557 901 1677 955 finis
1722 899 1852 970 legis

311 987 554 1045 Christus
565 992 631 1046 ad
644 991 901 1061 justitiam
914 992 1064 1046 omni
1083 990 1316 1046 credenti
1333 989 1507 1062 [Rom.
1525 1006 1578 1054 x,
1591 988 1669 1060 η)
1694 987 1853 1060 584

315 1082 537 1135 credens
557 1079 715 1152 (Aug.
731 1098 832 1134 om.
845 1120 859 1146 ,
870 1079 1114 1150 credens]
1127 1080 1368 1134 minister
1381 1087 1463 1133 est
1475 1079 1666 1134 Christi
1687 1092 1854 1145 usque

313 1168 382 1224 ad
391 1170 520 1225 illud
535 1184 668 1238 opus
680 1186 881 1240 magnae
895 1171 1186 1232 charitati's,
1211 1169 1442 1238 quodest
1457 1169 1686 1221 animam
1703 1182 1852 1220 suam

313 1269 412 1327 pro
424 1255 676 1311 fratribus
701 1272 896 1328 ponere
916 1273 930 1321 ;
956 1258 1056 1311 hoc
1069 1257 1320 1322 estenim,
1348 1265 1400 1311 et
1423 1272 1520 1325 pro
1533 1255 1744 1309 Christo
1761 1268 1854 1323 po—
1867 1294 1900 1311 ρ

315 1359 442 1400 nere
465 1363 478 1398 :
503 1346 627 1414 quia
654 1352 708 1399 et
728 1345 828 1399 hoc
846 1353 1066 1414 propter
1091 1359 1184 1399 sua
1208 1345 1444 1398 membra
1469 1343 1705 1397 dicturus
1732 1349 1813 1396 est
1837 1359 1847 1392 :

314 1430 445 1484 Cum
469 1446 565 1499 pro
588 1432 703 1486 istis
730 1430 947 1496 fecistis,
977 1448 1073 1501 pro
1093 1447 1178 1487 me
1202 1431 1421 1486 fecistis.
1447 1431 1522 1485 De
1550 1431 1853 1499 tali‘quippe

313 1532 475 1587 opere
500 1519 658 1572 etiam
679 1535 737 1573 se
765 1521 1066 1574 ministrum
1088 1519 1280 1583 facere,
1303 1528 1355 1574 et
1383 1521 1644 1589 appellare
1664 1521 1850 1591 digna-

318 1618 400 1666 tus
423 1617 522 1674 est,
543 1609 633 1664 ubi
651 1608 727 1662 ait
755 1626 769 1661 :
794 1607 942 1663 Sicut
968 1607 1015 1660 F
1018 1610 1136 1662 ilius
1159 1610 1376 1662 hominis
1405 1626 1520 1662 non
1537 1611 1671 1662 venit
1701 1611 1856 1662 mini-

312 1697 488 1761 strari,
513 1698 601 1751 sed
641 1697 952 1762 ministrare,
995 1705 1043 1750 et
1091 1698 1318 1750 animam
1362 1714 1512 1751 suam
1554 1713 1738 1765 ponere
1761 1713 1858 1767 pro

1946 555 2179 615 pereant,
2212 544 2516 600 consolaris.
2547 543 2681 596 Audi
2708 558 2855 612 ergo,
2887 557 2918 596 ο
2953 541 3100 594 miles
3120 536 3478 610 Christi,un

1948 635 2133 688 deinde
2159 633 2459 702 subiungat,
2497 647 2617 685 cum
2659 632 2916 684 dixisset:
2951 628 3104 682 Nunc
3146 631 3317 682 anima
3348 644 3479 684 mea

1949 722 2148 776 turbata
2167 732 2258 775 est.
2293 721 2359 774 Et
2375 721 2496 790 quid
2516 712 2702 782 dicam,
2724 717 2928 786 inquit?
2960 714 3118 769 Pater
3139 714 3366 782 salvi/ica
3399 731 3477 768 me

1948 828 2011 864 es:
2051 812 2147 864 huc
2186 811 2333 862 liora.
2381 809 2496 864 Sed
2529 817 2792 878 propterea
2839 805 2948 859 seni
2986 807 3040 858 in
3079 805 3258 858 horam
3302 804 3474 857 hanc:

1951 895 2122 960 Pater,
2153 898 2384 967 clari/ica
2403 908 2548 952 tuum
2569 915 2771 952 nomen.
2807 896 2996 951 Docuit
3022 905 3071 951 te
3097 896 3224 965 quid
3249 895 3476 964 cogites,

1950 987 2127 1040 docuit
2160 987 2285 1055 quid
2333 987 2498 1050 dicas,
2529 1002 2684 1055 quem
2734 988 2967 1051 invoees,
3017 985 3070 1039 in
3114 992 3218 1053 quo
3256 998 3437 1053 speres
3461 1023 3486 1047 ...

1951 1077 2099 1144 cujus
2120 1075 2439 1129 voluntatem
2459 1084 2655 1129 certam
2672 1084 2831 1143 atque
2852 1075 3080 1129 divinam
3103 1081 3205 1127 tum
3226 1072 3478 1127 voluntati

1951 1165 2212 1228 humanm,
2263 1163 2589 1233 infirmmque
2641 1177 2904 1232 proponas
2941 1161 3122 1234 [Aug.,
3161 1158 3476 1230 praeponas].

1951 1238 2064 1306 Non
2097 1253 2214 1306 ideo
2242 1251 2335 1305 tibi
2365 1251 2607 1306 videatur
2636 1266 2702 1305 ex
2725 1252 2831 1306 alto
2851 1251 3094 1312 deficere,
3129 1252 3253 1320 quia
3278 1258 3331 1304 te
3369 1249 3494 1302 vult.

1950 1344 2017 1396 ab
2041 1343 2146 1395 imo
2177 1343 2476 1411 prospicere
2496 1342 2674 1412 [Aug.,
2697 1341 3012 1422 profluere]?
3037 1341 3168 1395 Nam
3193 1349 3246 1394 et
3288 1340 3478 1395 tentari

1951 1430 2194 1499 dignatus
2219 1439 2302 1484 (st
2336 1446 2365 1483 a
2395 1430 2622 1493 diabolo,
2653 1445 2681 1482 a
2711 1445 2814 1497 quo
2834 1430 3036 1497 utique,
3075 1430 3117 1483 si
3161 1429 3340 1493 nollet,
3374 1443 3476 1481 non

1955 1526 2282 1573 tentaretur:
2312 1527 2366 1573 et
2389 1533 2451 1573 ea
2476 1519 2743 1588 respondit
2764 1518 2992 1580 diabolo,
3022 1532 3138 1586 qtia:
3176 1525 3231 1570 tu
3281 1517 3332 1569 in
3367 1527 3478 1570 ten-

1952 1608 2240 1661 tationibus
2259 1607 2452 1661 debeas
2479 1607 2813 1675 respondere.
2855 1607 2920 1661 Et
2949 1606 3034 1660 ille
3058 1606 3266 1675 quidem
3305 1612 3477 1658 tenta-

1955 1704 2037 1749 tus
2064 1702 2166 1757 est,
2194 1695 2290 1748 sed
2315 1710 2419 1747 non
2449 1695 2774 1763 periclitatus
2805 1713 2817 1747 :
2841 1704 2900 1748 ut
2923 1695 3136 1769 doceret
3161 1703 3213 1749 te
3237 1695 3290 1748 in
3317 1701 3485 1748 tenta-

317 1786 492 1840 multis
522 1785 730 1855 (Matth.
779 1802 871 1852 xx,
906 1786 1018 1854 28).
1065 1786 1200 1841 Hinc
1233 1801 1357 1855 ergo
1386 1797 1470 1842 est
1495 1787 1854 1855 unusquisque
1885 1777 1927 1835 Β
1959 1784 2097 1836 tione
2128 1783 2533 1852 periclitantem,
2565 1784 2812 1838 tentatori
2843 1785 3266 1852 respondentem,
3291 1791 3342 1835 et
3369 1790 3486 1851 post

318 1876 559 1929 minister
582 1873 802 1940 Christi,
829 1875 968 1928 unde
993 1885 1075 1930 est
1108 1885 1160 1928 et
1195 1876 1436 1930 minister
1462 1874 1723 1931 Christus.
1766 1873 1855 1930 Sic

317 1964 700 2018 ministrantem
721 1962 929 2018 Christo
955 1963 1272 2018 honor'ﬁcat
1300 1963 1460 2016 Pater
1491 1963 1626 2031 ejus,
1653 1964 1854 2017 honore

319 2053 408 2106 illo
433 2067 639 2121 magno,
669 2060 728 2104 ut
765 2053 833 2105 sit
862 2067 982 2107 cum
1011 2052 1144 2106 Filio
1191 2050 1321 2119 ejus,
1351 2067 1448 2106 nec
1473 2065 1704 2119 unquam
1727 2050 1854 2103 defi-

317 2142 425 2194 ciat
455 2138 584 2194 fides
622 2141 736 2209 ejus
762 2139 940 2210 [Aug.,
991 2139 1214 2194 felicitas
1235 2139 1390 2211 ejus].
1429 2158 1446 2190 ι
1495 2138 1855 2194 Communiter

317 2242 444 2282 vero
472 2229 536 2281 de
559 2229 802 2281 omnibus
839 2229 915 2280 ait
946 2247 959 2280 :
985 2227 1043 2282 Si
1078 2231 1192 2298 quis
1219 2230 1343 2281 mihi
1371 2230 1660 2291 ministrat;
1684 2227 1854 2281 omnis

319 2319 462 2372 enim
492 2319 788 2386 quicunque
813 2319 945 2372 bene
966 2317 1318 2387 agit,Christo
1340 2318 1624 2370 ministrat.
1656 2335 1674 2367 ι
1703 2318 1854 2372 Unde

319 2410 680 2478 unusquisque
705 2423 800 2476 pro
828 2407 1037 2462 modulo
1058 2423 1155 2462 suo
1181 2408 1449 2461 ministret
1463 2407 1694 2468 Christo,
1723 2408 1855 2459 bene

319 2499 562 2563 vivendo,
586 2499 946 2568 eleemosynas
959 2497 1219 2561 faciendo,
1247 2513 1436 2552 nomen
1456 2498 1856 2565 doctrinamque

319 2589 645 2658 ejus,quibus
659 2591 886 2658 potuerit
910 2590 1265 2658 praedicando.
1298 2611 1315 2641 ι
1337 2590 1436 2654 Qui
1463 2604 1589 2642 vero
1610 2593 1744 2643 bene
1775 2591 1853 2642 vi-

319 2687 502 2731 ventes
540 2677 850 2730 exhortatur
876 2685 935 2730 ut
971 2685 1316 2745 permaneant
1345 2679 1396 2729 in
1435 2678 1567 2731 bene
1609 2677 1854 2742 vivendo,

323 2750 584 2818 ministrat
603 2763 840 2829 Christo;
872 2766 960 2833 qui
1005 2781 1130 2819 vero
1155 2765 1424 2818 humiliter
1453 2765 1755 2820 admouenti
1798 2781 1856 2821 se

321 2852 521 2916 obedit,
545 2853 807 2906 ministrat
832 2852 1069 2917 Christo;
1101 2864 1152 2907 et
1172 2855 1260 2922 qui
1291 2854 1514 2909 fideliter
1539 2854 1590 2909 in
1621 2856 1723 2909 hoc
1751 2869 1849 2911 5:13-

323 2941 440 2995 culo
469 2943 731 2996 ministrat
755 2943 985 3008 Christo,
1017 2942 1239 2998 feliciter
1263 2945 1314 2997 in
1347 2942 1524 2998 futuro
1544 2944 1735 2999 szeculo
1769 2960 1855 2999 re—

324 3029 504 3097 gnabit
525 3045 644 3083 cum
667 3029 895 3084 Christo.

1952 1875 2293 1928 tentationem
2316 1889 2419 1927 non
2443 1874 2518 1927 ire
2541 1872 2668 1944 [Με.
2691 1882 2737 1927 et
2767 1873 2920 1943 Aug.,
2948 1874 3265 1942 respondere
3289 1880 3342 1928 et
3367 1881 3486 1941 post

1953 1971 2267 2035 tentatorem
2292 1978 2396 2016 non
2431 1961 2550 2033 ire],
2599 1962 2688 2016 sed
2717 1977 2748 2015 a
2774 1963 3005 2030 periculo
3042 1962 3347 2016 tentationis
3375 1961 3486 2016 exi‘

1951 2067 2028 2106 re.
2055 2052 2205 2106 Sicut
2230 2061 2409 2106 autem
2435 2053 2523 2105 hic
2552 2051 2688 2124 dixit
2724 2070 2736 2104 :
2761 2050 2913 2106 Nunc
2943 2053 3117 2106 anima
3142 2069 3253 2106 mea
3282 2052 3495 2104 turbata

1950 2146 2041 2200 est,
2067 2138 2144 2192 ita
2169 2139 2329 2192 etiam
2352 2138 2422 2190 ibi
2450 2137 2579 2191 dicit
2604 2155 2618 2190 :
2649 2137 2830 2192 Tristis
2857 2149 2930 2192 est
2953 2139 3126 2191 anima
3170 2155 3284 2193 mea
3325 2155 3486 2208 usque

1951 2225 2018 2279 ad
2046 2235 2281 2286 mortem:
2304 2226 2370 2279 Et
2397 2243 2411 2279 :
2453 2223 2627 2288 Pater,
2667 2226 2714 2280 si
2743 2226 2856 2295 ﬁeri
2883 2235 3063 2295 potest,
3094 2235 3332 2280 tremeat
3350 2244 3382 2279 α
3407 2243 3492 2279 me

1951 2316 2088 2369 eatis
2112 2317 2226 2369 iste.
2271 2315 2510 2370 Hominis
2539 2315 2771 2385 suscepit
2796 2315 3174 2379 inﬁrmitatem,
3204 2322 3265 2368 ut
3303 2315 3486 2370 doceat

1945 2403 2028 2459 sic
2048 2406 2419 2458 contristatum
2446 2413 2499 2458 et
2536 2406 2924 2468 conturbatum,
2950 2406 3088 2473 quod
3118 2404 3357 2474 sequitur
3401 2403 3482 2458 di-

1950 2507 2092 2547 cere.
2133 2491 2513 2557 Verumtamen,
2538 2508 2638 2545 non
2676 2493 2812 2561 quod
2857 2509 2948 2561 ego
2984 2492 3116 2556 solo,
3149 2494 3237 2546 sed
3255 2492 3390 2562 quod
3430 2503 3500 2544 tu-

1950 2581 2046 2644 sis,
2078 2578 2237 2632 Pater
2262 2579 2468 2649 (Matth.
2500 2594 2646 2644 xxvi,
2675 2581 2763 2644 58,
2794 2579 2904 2649 59).
2937 2580 3026 2634 Sic
3050 2580 3189 2634 enim
3227 2582 3384 2634 homo
3417 2582 3484 2635 ab

1952 2669 2196 2731 humanis
2225 2669 2277 2721 in
2308 2669 2483 2723 divina
2511 2669 2785 2740 dirigitur,
2817 2685 2935 2724 cum
2963 2670 3214 2724 voluntati
3243 2672 3486 2725 humanae

1951 2761 2197 2815 voluntas
2224 2760 2400 2814 divina
2430 2762 2771 2831 praeponitur.
2820 2761 2954 2828 Quid
2984 2769 3065 2816 est
3090 2771 3290 2827 autem,
3334 2760 3490 2815 clari-

1951 2849 2051 2917 ﬁca
2086 2858 2231 2903 tuum
2254 2865 2456 2913 nomen,
2481 2851 2582 2904 nisi
2602 2851 2655 2904 in
2686 2867 2779 2906 sua
2805 2851 3049 2918 passione
3076 2859 3128 2906 et
3150 2853 3488 2906 resurrectio-

1953 2940 2055 2993 ne?
2086 2937 2224 3003 Quid
2242 2946 2325 2992 est
2347 2953 2473 3006 ergo
2516 2938 2677 3001 aliud,
2710 2941 2812 2993 nisi
2840 2948 2898 2994 ut
2923 2940 3080 2994 Pater
3113 2940 3368 2995 clarificet
3394 2941 3482 2993 Fi-

1953 3026 2103 3089 lium,
2133 3027 2220 3094 qui
2247 3025 2505 3080 clariticat
2531 3039 2722 3080 nomen
2746 3041 2916 3091 suum,
2940 3027 3098 3080 etiam
3124 3028 3178 3080 in
3222 3027 3480 3080 similibus

390 3135 520 3190 Cum
550 3135 806 3190 Dominus
821 3135 972 3191 Iesus
997 3137 1326 3207 prmdixisset
1346 3139 1398 3192 in
1425 3152 1589 3206 grano
1605 3138 1855 3191 frumenti
1887 3103 1931 3166 Ε
2161 3114 2493 3207 Ρθδείοηίῧξιὸ
2536 3131 2808 3207 servorum
2851 3119 3102 3171 suorum?
3146 3117 3327 3189 (Vens.
3372 3118 3487 3185 28.)

324 3223 472 3295 [.lls.,
510 3225 729 3296 sinapis]
774 3227 1071 3294 passionem
1100 3242 1249 3280 suam
1280 3267 1294 3290 ,
1331 3235 1383 3281 et
1402 3243 1527 3282 suos
1559 3228 1862 3282 hortaretur

324 3312 592 3366 ministros
623 3321 682 3366 ut
723 3323 1070 3382 sequerentur
1095 3331 1235 3380 eum,
1264 3315 1327 3368 ad
1371 3324 1605 3370 nostram
1649 3331 1858 3371 rursum

325 3400 680 3454 infirmitatem
701 3417 852 3455 suum
874 3404 1186 3471 temperavit
1207 3403 1474 3466 aﬂ‘ectum,
1501 3412 1554 3458 et
1586 3405 1701 3457 ait:
1793 3475 1795 3477 ι

895 3547 1119 3603 CAPUT
1155 3549 1342 3602 XXXI.

324 3680 562 3734 Animam
595 3695 742 3734 suam
763 3683 1016 3734 turbatam
1043 3699 1149 3735 esse
1176 3681 1384 3743 dicenti,
1410 3691 1456 3734 et
1484 3681 1771 3804 clariﬁcart’
1805 3701 1858 3738 se

392 3767 424 3801 a
448 3748 602 3802 Patre
631 3750 854 3804 poscenti
881 3766 976 3803 eoa:
997 3751 1058 3803 de
1086 3750 1207 3804 emlo
1233 3752 1304 3802 ait
1328 3767 1345 3803 :
1375 3751 1438 3804 Et
1468 3750 1594 3804 clari
1619 3752 1774 3804 leavi.
1805 3760 1858 3804 et

392 3767 424 3801 a
448 3748 602 3802 Patre
631 3750 854 3816 poscenti
881 3766 976 3803 eoa:
997 3751 1058 3803 de
1086 3750 1207 3804 emlo
1233 3752 1304 3802 ait
1328 3767 1345 3803 :
1375 3751 1438 3804 Et
1468 3748 1774 3815 clarificavi,
1805 3760 1859 3806 et

393 3817 583 3871 iterum
611 3817 929 3889 nlarificabo.
952 3817 1086 3889 APost
1106 3821 1214 3889 Iure
1235 3819 1397 3872 multa
1416 3820 1756 3889 prosequitur,
1779 3821 1860 3874 in-

395 3894 474 3938 ter
497 3899 612 3952 qua
635 3899 689 3936 se
718 3900 818 3952 non
849 3885 916 3936 ad
932 3885 1300 3952 judicandum,
1332 3885 1431 3945 sed.
1450 3889 1518 3940 ad
1554 3885 1856 3943 salivandum

390 3951 638 4005 mundum
664 3951 853 4004 venisse
881 3951 1116 4006 testatur.

393 4089 551 4142 Vens.
579 4087 665 4139 27.
691 4115 760 4126 —
791 4085 944 4140 Nunc
980 4089 1153 4141 anima
1180 4105 1291 4142 mea
1325 4091 1533 4142 turbata
1575 4098 1667 4142 est.
1709 4089 1859 4144 Unde

326 4178 531 4232 turbata
558 4183 658 4238 est,
692 4174 912 4229 Domine
938 4172 1086 4240 Jesu,
1116 4175 1291 4230 anima
1319 4177 1442 4231 tua?
1470 4175 1716 4245 Nunquid
1753 4191 1855 4229 non

322 4265 442 4317 ideo
469 4264 696 4316 animam
734 4263 1005 4331 accepisti,
1045 4270 1097 4316 et
1141 4263 1410 4318 hominem
1444 4263 1759 4332 perfectum,
1796 4272 1859 4317 ut

320 4351 579 4419 patereris
600 4351 652 4402 in
689 4350 786 4402 eo?
814 4350 976 4416 Video
1005 4350 1342 4422 te,.Domine,
1371 4361 1606 4407 nostram
1635 4353 1856 4407 infirmi-

325 4448 485 4492 tatem
534 4439 588 4491 in
619 4446 671 4491 te
723 4435 1012 4492 transferre
1055 4445 1109 4491 et
1142 4439 1198 4491 in
1237 4447 1287 4491 te
1329 4453 1557 4492 causam.
1586 4443 1852 4507 suscipere

321 4537 575 4581 nostram.
597 4527 716 4582 Ideo
738 4529 982 4583 turbatus
1001 4543 1076 4588 es.
1118 4529 1239 4596 quia
1263 4528 1501 4592 voluisti;
1534 4529 1671 4582 sicut
1697 4538 1851 4584 natus

321 4616 486 4680 fuisti,
526 4618 649 4686 quia
677 4618 906 4676 voluisti.
955 4618 1085 4673 Nam
1110 4619 1266 4689 paulo
1311 4627 1434 4675 ante
1468 4620 1530 4674 de
1574 4628 1626 4674 te
1650 4620 1847 4675 dictum

318 4717 402 4763 est
429 4747 444 4771 ,
489 4708 576 4760 ubi
622 4707 882 4762 Lazarum
903 4711 1168 4772 suscitasti
1196 4730 1217 4763 :-
1244 4709 1483 4764 Turbavit
1505 4712 1844 4782 semetipsum.

319 4797 450 4852 Nam
475 4796 558 4850 bis
583 4796 763 4850 verbis
791 4798 856 4850 ab
877 4798 1183 4853 inﬂnmitate
1212 4813 1388 4855 nostra
1419 4803 1594 4871 rapuit
1626 4818 1723 4857 nos
1775 4804 1842 4856 ad

319 4887 677 4942 infirmitatem
725 4901 894 4961 suam,
937 4888 1047 4959 Vox
1073 4898 1152 4942 est
1187 4893 1334 4944 enim
1375 4892 1699 4948 fortitudinis
1744 4895 1846 4948 Do.-

317 4978 466 5039 lnini,
497 4977 586 5030 ubi
612 4978 724 5030 ait:
767 4974 912 5030 Venit
933 4977 1081 5040 hora,
1118 4987 1171 5030 ut
1207 4979 1518 5046 clariﬁcetur
1560 4979 1729 5035 Filius
1759 4983 1851 5035 Ito-

316 5066 468 5118 minis
489 5082 509 5118 :
542 5082 644 5120 vox
668 5076 749 5121 est
777 5069 917 5121 enim
968 5067 1287 5122 infirmitatis
1313 5077 1528 5132 nestrm,
1559 5070 1695 5123 dum-
1726 5072 1802 5124 ait
1833 5090 1844 5122 :

318 5151 369 5204 Ν
374 5168 470 5205 uno
499 5154 672 5205 anima
694 5171 808 5207 mea
829 5157 1034 5210 turbata
1053 5167 1144 5210 est.
1175 5175 1194 5208 s
1223 5171 1247 5197 α
1271 5156 1314 5210 Ο
1331 5158 1548 5212 Domine
1570 5161 1846 5223 mediator,

315 5244 452 5296 Dens
476 5258 634 5313 supra
661 5258 778 5308 nos,
808 5245 967 5298 homo
988 5256 1204 5316 prepter
1225 5263 1342 5310 nos,
1367 5233 1599 5315 agnosco
1642 5249 1850 5303 miseri-

312 5331 546 5384 cordiam
570 5340 731 5385 tuam.
771 5329 902 5384 Nam
930 5335 1143 5398 quodtu
1182 5344 1378 5405 tantus,
1424 5343 1526 5390 tua:
1571 5338 1846 5393 charitatis

318 5417 586 5474 voluntate
613 5422 868 5484 turbaris,
899 5419 1094 5475 multos
1129 5422 1186 5477 in
1228 5439 1446 5496 corpore
1487 5433 1594 5487 tuo,
1625 5426 1714 5494 qui
1741 5441 1848 5482 suae

387 5601 410 5628 ι
439 5591 515 5645 Ex.
542 5592 594 5644 S.
622 5591 777 5660 Aug,
805 5599 960 5680 tract.
995 5606 1091 5654 ιιι,
1128 5608 1272 5647 num.
1302 5596 1386 5648 2—l
1408 5595 1448 5647 ι.

1965 3203 2114 3257 Venit
2134 3221 2253 3273 ergo
2288 3221 2387 3258 vos:
2409 3205 2474 3259 de
2498 3205 2622 3259 caelo
2646 3207 2818 3260 dicens
2845 3224 2862 3260 :
2896 3207 2958 3261 Et
2988 3207 3283 3275 clariﬁcavi,
3311 3216 3358 3260 et
3389 3208 3485 3261 ite-

1959 3311 2070 3348 rum
2106 3294 2419 3364 clariﬁcabo.
2476 3295 2543 3348 Et
2589 3297 2886 3366 clari/icavi,
2938 3307 3218 3366 antequam
3260 3296 3487 3352 facerem

1957 3385 2205 3438 mundum
2232 3401 2245 3447 ;
2273 3395 2320 3436 et
2339 3385 2524 3437 iterum
2545 3384 2860 3451 clariﬁcabo,
2897 3395 3195 3454 surgentem
3217 3403 3246 3440 a
3268 3388 3490 3441 mortuis

1956 3478 2010 3524 et
2035 3469 2401 3523 ascendentem
2423 3470 2475 3522 in
2503 3470 2715 3526 omium.
2745 3471 2812 3522 Et
2832 3471 2985 3524 aliter
3012 3473 3228 3542 intelligi
3271 3485 3446 3544 potest
3473 3495 3485 3527 :

1959 3559 2026 3611 Et
2064 3558 2363 3627 clari/icui;
2410 3574 2530 3612 eum
2560 3558 2626 3612 de
2663 3556 2880 3629 virgine
2905 3568 3061 3614 natus
3099 3570 3221 3625 est,
3250 3578 3368 3616 cum
3424 3564 3490 3617 de

1957 3653 2090 3710 coelo
2119 3654 2298 3707 indice
2333 3653 2480 3706 stella
2503 3668 2535 3706 a
2560 3653 2727 3724 magis
2751 3654 3000 3708 adoratus
3027 3662 3128 3718 est,
3152 3669 3271 3708 cum
3297 3670 3326 3708 a
3361 3670 3484 3708 san-

1958 3745 2058 3799 ctis
2097 3746 2286 3798 sancto
2310 3741 2704 3812 Spiritu-plenis
2746 3747 2956 3813 agnitus
2980 3748 3080 3810 est,
3109 3761 3227 3798 cum
3271 3745 3489 3800 descen-

1958 3835 2115 3890 dente
2139 3832 2339 3903 Spiritu
2385 3832 2440 3886 in
2485 3833 2660 3901 specie
2701 3830 2954 3887 columbae
2997 3833 3311 3897 declaratus,
3366 3847 3485 3886 cum

1960 3938 2088 3978 voce
2132 3924 2197 3978 de
2224 3922 2358 3977 cmlo
2395 3929 2620 3976 sonante
2661 3928 3004 3987 monstratus,
3051 3936 3172 3975 cum
3216 3921 3268 3975 in
3311 3931 3488 3976 monte

1958 4011 2386 4080 transfiguratus,
2408 4026 2527 4066 cum
2569 4009 2819 4065 miracula
2849 4010 3016 4064 multa
3030 4009 3187 4076 fecit,
3212 4026 3332 4066 cum
3357 4012 3492 4064 mul-

1959 4108 2041 4154 tos
2067 4100 2275 4153 sanavit
2301 4100 2781 4168 atquetmundavit,
2806 4115 2925 4153 cum
2951 4100 3016 4153 de
3044 4101 3373 4169 paucissimis
3392 4115 3488 4169 po-

1958 4188 2112 4241 nibus
2145 4196 2344 4241 tantam
2370 4187 2760 4241 multitudinem
2783 4188 2949 4254 pavit,
2976 4202 3097 4240 cum
3124 4189 3296 4242 ventis
3318 4196 3372 4241 et
3395 4188 3490 4240 llu-

1957 4278 2126 4331 ctibus
2149 4277 2444 4347 imperavit,
2484 4291 2602 4330 cum
2623 4284 2860 4330 mortuos
2886 4277 3176 4330 suscitavit.
3212 4277 3281 4328 Et
3307 4279 3489 4332 iterum

1957 4363 2272 4432 clari/icabo,
2295 4379 2414 4418 cum
2443 4371 2684 4433 resurget
2698 4379 2729 4416 a
2749 4365 2985 4427 mortuis,
3019 4378 3138 4416 cum
3175 4378 3318 4417 mors
3336 4365 3383 4417 ei
3400 4363 3486 4417 nl-

1955 4464 2038 4508 tra
2067 4471 2170 4509 non
2219 4455 2601 4518 dominabitur,
2635 4470 2753 4509 cum
2781 4455 3100 4508 exaltabitur
3133 4468 3291 4522 super
3325 4453 3490 4508 cmlos

1952 4544 2110 4606 Deus,
2141 4551 2196 4596 et
2216 4557 2376 4611 super
2394 4556 2605 4597 omnem
2637 4551 2830 4597 terram
2850 4543 3012 4610 gloria
3036 4540 3164 4609 ejus.
3179 4540 3371 4609 (Vsus.
3395 4541 3483 4605 29,

1949 4630 2062 4700 30.)
2087 4630 2258 4683 Turba
2284 4647 2401 4700 ergo
2421 4646 2536 4700 qua
2556 4631 2724 4684 stabat
2749 4641 2798 4682 et
2831 4629 3100 4691 audiebat,
3127 4627 3327 4681 dicebat
3353 4631 3488 4684 toni-
3583 4685 3591 4692 ,

1949 4730 2122 4773 traum
2147 4736 2256 4774 esse
2280 4721 2474 4789 factum
2500 4738 2518 4773 :
2548 4718 2639 4772 alii
2676 4717 2932 4781 dicebant,
2959 4717 3172 4788 angelus
3199 4721 3244 4774 ei
3288 4719 3487 4773 locutus

1948 4819 2041 4864 est.
2084 4809 2363 4878 Respondit
2388 4808 2540 4862 Iesus
2581 4815 2629 4860 et
2668 4807 2796 4859 dixit
2829 4823 2845 4860 :
2881 4805 3001 4861 Non
3044 4821 3248 4879 propter
3276 4828 3355 4864 me
3388 4826 3485 4862 vox

1953 4901 2060 4954 haec
2091 4901 2249 4964 venit,
2271 4899 2360 4954 sed
2380 4906 2584 4968 propter
2609 4914 2716 4951 vos.
2742 4898 2838 4951 Hic
2858 4901 3088 4954 ostendit
3112 4901 3199 4955 illa
3237 4914 3485 4955 voceaon

1951 4989 2052 5042 sibi
2084 4988 2373 5042 indicatum
2403 4987 2543 5056 quod
2561 4987 2672 5054 jam
2709 4987 2928 5047 sciebat,
2962 4990 3054 5044 sed
3085 4990 3167 5043 eis
3187 4989 3376 5056 quibus
3406 4989 3486 5042 in-

1950 5075 2113 5129 dicari
2153 5077 2447 5145 oportebat.
2480 5073 2628 5127 Sicut
2657 5083 2833 5128 autem
2866 5075 2954 5129 illa
2982 5092 3083 5130 vox
3125 5093 3228 5132 non
3267 5085 3484 5144 propter

1947 5181 2087 5228 eum,
2114 5165 2464 5234 sed.propter
2507 5162 2622 5216 illos
2671 5179 2701 5216 a
2749 5165 3024 5220 divinitate
3072 5165 3206 5220 facta
3251 5173 3369 5220 est:
3405 5167 3483 5220 sic

1949 5256 2127 5310 anima
2149 5253 2264 5322 ejus
2308 5267 2414 5306 non
2436 5260 2654 5320 propter
2680 5267 2800 5308 eum
2821 5295 2834 5319 ,
2867 5256 2958 5310 sed
2980 5263 3192 5324 propter
3235 5253 3366 5310 alios
3391 5270 3484 5312 νο-

1947 5345 2150 5398 luntate
2170 5343 2377 5396 turbata
2399 5348 2502 5394 est.
2533 5360 2550 5392 s

2016 5434 2174 5495 Vens.
2202 5433 2286 5488 5f.
2326 5459 2391 5471 ο·-
2424 5429 2574 5486 Nunc
2591 5434 2845 5503 judicium
2872 5432 3164 5488 estmundi.
3199 5430 3314 5488 Non
3339 5430 3487 5492 enim
