4152 6264
683 277 790 336 915

1532 276 1590 326 Β.
1632 276 1690 328 F.
1731 273 1949 328 ALBINI
1990 274 2114 327 Slil‘
2157 270 2423 324 ALCUNI
2459 271 2948 328 OI’ERL'DI'PARS
2983 273 3046 328 ll:

3777 271 3902 330 916

687 395 748 448 dc
775 392 952 445 futuro
973 390 1172 459 judicio
1191 392 1290 443 hoc
1324 389 1519 441 dictum
1560 404 1677 443 esse
1704 397 1950 456 putemus
1983 385 2124 456 quod
2173 384 2226 436 iu
2256 384 2301 441 Α
2328 394 2428 438 est.
2464 385 2589 439 Iltrc
2619 389 2782 440 :rriba
2809 389 2968 451 vobis,
2995 399 3049 440 ut
3081 405 3180 442 non
3206 390 3451 463 peccetis;
3483 390 3553 442 ita
3579 391 3671 459 qui
3696 389 3903 445 vulne-

689 481 790 532 liue
817 478 997 531 mundi
1027 477 1262 530 futurum
1282 483 1382 537 est,
1409 475 1496 529 ubi
1527 474 1648 527 boni
1678 484 1732 526 et
1762 474 1886 527 mali
1909 472 2231 542 separabun-

679 573 778 620 "tur
827 577 1021 621 aeterna
1047 565 1323 627 divisione,
1352 565 1443 618 sed
1488 565 1551 618 de
1572 563 1774 630 judicio
1815 563 1954 632 quod
1999 560 2235 631 quotidie

691 659 740 710 iu
773 666 952 711 sancta
985 655 1073 708 Dei
1109 655 1341 710 Ecclesia
1373 654 1504 708 solet
1539 668 1676 708 esse.
1710 671 1729 704 ι
1766 652 2078 707 Possidebat
2108 663 2235 718 ergo

690 746 929 797 diabolus
970 761 1135 812 genus
1174 747 1484 807 humanum,
1519 751 1572 796 ct
1615 756 1733 798 reos
1761 741 2134 810 suppliciorum
2160 747 2235 792 te-

693 835 850 887 nebat
905 834 1256 904 chirographo
1313 840 1686 900 peccatorum;
1747 830 2121 884 dominabatur
2181 828 2234 882 in

693 922 940 978 cordibus
964 922 1275 984 inﬁdelium,
1306 923 1372 975 ad
1399 930 1698 975 creaturam
1727 919 2004 975 colendam
2024 919 2237 972 deserto

693 1021 954 1076 creatore,
978 1009 1226 1079 deceptos
1245 1010 1586 1079 captivosque
1608 1008 1852 1064 trahebat
1882 1025 1894 1059 :
1918 1019 2015 1076 per
2035 1004 2236 1060 Christi

692 1112 867 1157 autem
897 1102 1051 1156 {idem
1074 1117 1190 1171 qua:
1214 1113 1384 1156 morte
1412 1103 1527 1171 ejus
1540 1111 1594 1154 et
1622 1100 2011 1160 resurrectione
2029 1098 2236 1157 ﬁrmata

693 1203 792 1258 cst,
825 1207 921 1261 per
947 1195 1060 1263 ejus
1100 1194 1412 1262 sanguinem
1456 1193 1543 1260 qui
1593 1193 1646 1245 in
1693 1191 2058 1246 remissionem
2088 1188 2238 1243 fusus

692 1291 771 1334 cst
789 1291 1145 1348 peccatorum,
1185 1281 1344 1334 millia
1374 1281 1700 1336 credentium
1747 1296 1778 1338 a
1812 1280 2082 1337 dominatu
2126 1278 2238 1333 dia-

694 1369 796 1422 boli
842 1369 1155 1433 liberantur,
1197 1368 1391 1424 Christi
1440 1371 1647 1439 corpori
1673 1367 2003 1439 copulantur,
2048 1377 2103 1422 et
2138 1367 2237 1424 sub

695 1465 842 1509 tanto
867 1458 1037 1526 capite
1065 1473 1170 1512 uno
1206 1457 1318 1525 ejus
1360 1459 1546 1529 spiritu
1577 1457 1769 1512 debilia
1811 1455 1991 1528 [Aug.,
2039 1454 2236 1526 ﬁdelia]

697 1547 929 1598 membra
971 1555 1296 1614 vegetamur.
1350 1547 1458 1601 lioc
1503 1548 1724 1603 vocabat
1764 1544 2047 1614 judicium,
2101 1546 2240 1600 hanc

695 1635 1086 1699 discretionem,
1106 1638 1240 1690 hanc
1260 1651 1288 1688 a
1318 1637 1427 1690 suis
1455 1633 1944 1704 redemptisdiaboli
1975 1633 2239 1703 expulsio-

697 1734 835 1773 uem.
871 1722 1104 1790 Denique
1129 1724 1360 1784 attende,
1378 1723 1506 1792 quid
1519 1724 1678 1785 dicat,
1709 1721 1860 1791 quasi
1880 1733 2240 1790 quaereremus

697 1811 823 1878 quid
864 1820 1006 1865 esset
1031 1811 1170 1880 quod
1214 1813 1286 1865 ait
1322 1831 1332 1864 :
1377 1809 1529 1864 Nunc
1545 1794 1806 1880 judicium
1824 1819 1898 1862 est
1925 1810 2126 1872 mundi,
2158 1823 2241 1862 se-

696 1911 848 1964 cutus
895 1903 1164 1971 exposuit,
1211 1903 1286 1954 ait
1335 1903 1474 1955 enim
1519 1918 1529 1953 :
1587 1899 1738 1953 Nunc
1797 1901 2030 1968 princeps
2083 1897 2242 1966 hujus

696 1995 874 2046 mundi
907 1995 1139 2062 ejicietur
1177 1995 1336 2062 foras.
1367 1993 1676 2046 Audivimus
1710 1991 1866 2061 quale
1903 1992 2097 2046 dixerit
2125 2005 2242 2046 esse

693 2079 970 2150 judicium.
1003 2082 1115 2136 Non
1144 2098 1270 2153 ergo
1299 2082 1425 2135 illud
1452 2067 1663 2150 quodin
1692 2082 1796 2136 line
1827 2091 2104 2136 venturum
2127 2090 2239 2148 est,

695 2170 787 2228 ubi
816 2170 918 2224 vivi
943 2180 991 2223 et
1022 2172 1210 2223 mortui
1233 2171 1502 2240 judicandi
1531 2179 1672 2233 sunt,
1704 2169 1821 2222 aliis
1849 2170 1914 2222 ad
1949 2169 2239 2232 sinistram,

696 2260 816 2314 aliis
837 2260 901 2313 ad
926 2261 1195 2315 dexteram
1238 2261 1496 2329 separatis
1521 2273 1536 2312 :
1567 2259 1658 2312 sed
1682 2259 1939 2328 judicium
1968 2272 2074 2327 quo
2099 2257 2242 2327 prin-

697 2365 822 2418 ecps
842 2348 996 2416 hujus
1026 2350 1202 2402 mundi
1225 2349 1468 2417 ejicietur
1497 2346 1655 2400 foras.
1681 2345 1956 2413 Quomodo
1995 2361 2121 2416 ergo
2163 2347 2242 2400 in-

698 2450 784 2493 tus
811 2437 962 2492 erat?
991 2437 1105 2505 Quo
1144 2452 1264 2490 eum
1305 2437 1442 2490 dixit
1483 2436 1798 2506 ejiciendum
1844 2435 2029 2489 foras?
2063 2432 2240 2498 Nunc,

698 2529 904 2597 inquit,
956 2529 1189 2597 princeps
1232 2526 1386 2595 hujus
1437 2523 1615 2577 mundi
1647 2523 1881 2592 ejiciatur
1923 2523 2104 2590 foras;
2141 2522 2243 2575 hoc

699 2616 1092 2686 intelligendum
1117 2624 1200 2669 est
1238 2614 1378 2683 quod
1407 2627 1547 2668 nunc
1592 2611 1682 2675 lit,
1720 2627 1822 2665 non
1855 2608 1995 2680 quod
2039 2617 2243 2662 tantum

697 2706 878 2778 [Αυςη
921 2706 1088 2775 tanto]
1135 2713 1254 2776 post
1301 2704 1536 2762 futurum
1577 2712 1659 2757 est
1703 2703 1756 2756 in
1808 2700 2093 2756 nevissimo
2133 2699 2237 2752 die.

699 2797 1027 2852 Prazvidebat
1069 2794 1248 2867 [Ang.,
1288 2790 1629 2863 prmdicebat]
1675 2804 1802 2860 ergo
1822 2789 2076 2841 Dominus
2101 2785 2242 2854 quod

701 2889 924 2951 sciebat,
955 2896 1073 2955 post
1105 2887 1402 2955 passionem
1424 2892 1478 2937 et
1497 2880 1932 2953 gloriﬁcationem
1959 2892 2110 2932 suam
2148 2890 2244 2945 per

704 2979 1005 3031 universum
1044 2973 1296 3030 mundum
1335 2973 1527 3027 multos
1573 2970 1793 3041 populos
1831 2968 2144 3031 credituros,
2190 2966 2242 3017 in

702 3083 925 3137 quorum
954 3067 1202 3122 cordibus
1229 3065 1468 3120 diabolus
1495 3065 1636 3126 intus
1659 3068 1806 3124 erat;
1837 3059 1921 3114 cui
1946 3057 2158 3128 quando
2174 3071 2240 3110 es

704 3158 805 3210 lide
835 3158 1138 3211 renuntiant
1160 3197 1174 3218 ,
1214 3156 1452 3224 ejicietur
1496 3153 1656 3206 foras.
1683 3150 1788 3205 Sed
1835 3151 1964 3205 dicit
2004 3149 2195 3217 aliquis
2228 3167 2239 3200 :

706 3245 951 3314 Nunquid
996 3245 1057 3298 de
1094 3244 1343 3298 cordibus
1392 3241 1812 3311 patriarcharum
1855 3247 1908 3293 et
1958 3238 2243 3306 propheta—

707 3351 846 3399 rum,
874 3344 1217 3403 veterumque
1239 3331 1504 3399 justorum
1545 3345 1651 3384 non
1684 3339 1766 3384 est
1800 3329 2000 3398 ejectus
2045 3326 2247 3398 [foras‘t

709 3426 941 3497 Ejectus]
970 3435 1051 3479 est
1076 3426 1248 3493 plane.
1281 3422 1553 3488 Quomodo
1592 3437 1719 3493 ergo
1739 3421 1935 3475 dictum
1963 3426 2064 3482 est,
2095 3416 2248 3471 Nunc

708 3516 942 3584 ejicietur
969 3513 1157 3584 foras?
1195 3511 1468 3578 Quomodo
1509 3520 1774 3580 putamus,
1817 3509 1918 3563 nisi
1964 3509 2087 3576 quia
2127 3516 2251 3560 tunc

709 3607 850 3676 quod
901 3607 953 3660 iu
994 3605 1298 3659 hominibus
1344 3601 1676 3671 paucissimis
1723 3600 1919 3654 factum
1961 3607 2076 3664 est,
2115 3614 2252 3652 nunc

711 3698 766 3752 in
792 3696 971 3751 multis
995 3695 1304 3763 magnisque
1331 3691 1536 3763 populis
1568 3692 1679 3762 jam
1720 3689 1953 3745 futurum
1978 3704 2095 3746 esse
2121 3703 2253 3758 pra:-

714 3786 911 3842 dictum
947 3785 1060 3838 est?
1097 3783 1246 3838 Sicut
1287 3783 1413 3838 illud
1442 3783 1581 3852 quod
1615 3783 1815 3836 dictum
1844 3791 1924 3837 est
1969 3801 1980 3834 :
2029 3779 2253 3850 Spiritus

713 3887 881 3928 autem
921 3875 1144 3928 nondum
1182 3882 1292 3924 erat
1318 3872 1492 3934 datus,
1519 3873 1639 3940 quia
1677 3869 1831 3923 Iesus
1875 3871 2104 3924 nondum
2146 3877 2255 3923 erat

711 3965 1030 4037 gloriﬁcatus
1074 3963 1250 4031 (Joan.
1283 3979 1387 4027 vn,
1416 3963 1523 4034 59),
1577 3971 1752 4031 potest
1797 3963 2021 4019 similem
2062 3964 2258 4016 habere

714 4056 1056 4126 iluazstionetn
1082 4065 1135 4108 et
1167 4054 1391 4109 similem
1421 4055 1754 4109 solutionem.
1795 4053 1910 4108 Non
1955 4053 2096 4107 enim
2144 4054 2256 4108 sine

718 4148 918 4215 Spiritu
967 4153 1150 4199 sancto
1190 4144 1364 4199 futura
1409 4146 1900 4214 praenuntiaverunt
1943 4145 2254 4214 propheta;

718 4250 812 4295 aut
837 4256 940 4295 non
968 4240 1129 4295 etiam
1156 4239 1434 4294 Dominum
1481 4238 1735 4294 infantem
1767 4239 1820 4292 in
1850 4236 2051 4306 Spiritu
2078 4243 2262 4291 sancto

2267 3025 2314 3086 C

2333 484 2606 538 nerautur,
2635 477 2773 544 quod
2795 477 3052 545 sequitur,
3077 478 3295 530 audiunt
3323 494 3336 529 :
3367 475 3432 529 Et
3459 478 3504 529 si
3521 479 3898 546 peccaueritis,

2333 564 2638 616 advocatum
2675 564 2918 618 habemus
2951 565 3089 634 apud
3142 563 3350 619 Patrem
3389 564 3568 618 Iesum
3613 563 3900 618 Christum

2323 653 2547 722 justum,
2585 653 2692 720 ipse
2719 663 2792 706 est
2825 654 3119 723 propitiatio
3145 662 3467 725 peccatorum
3505 663 3809 707 nostrarum
3840 654 3894 720 (ι

2329 741 2470 796 Joan
2499 758 2559 805 ιι,
2588 742 2662 812 l).
2694 741 2832 809 Quid
2873 743 3014 803 enim
3053 758 3288 805 oramus,
3319 757 3438 798 cum
3461 741 3688 796 dicimus
3720 760 3733 793 :
3789 741 3899 794 Di-

2333 834 2474 886 mitte
2497 831 2642 885 nobis
2661 831 2830 885 debita
2850 840 3027 886 nostra
3055 830 3266 902 (Matth.
3295 846 3372 896 vI,
3405 829 3515 899 l2),
3544 829 3648 884 nisi
3679 838 3738 883 ut
3768 829 3899 890 vul-

2332 936 2458 976 nera
2483 929 2664 976 nostra
2697 921 3072 977 sadenturH'Zt
3109 921 3236 990 quid
3271 921 3415 976 aliud
3458 922 3710 993 petimus,
3756 936 3897 976 cum

2331 1007 2591 1068 dicimus:
2625 1008 2767 1062 Eine
2788 1025 2878 1063 nos
2897 1008 3091 1078 inferas
3121 1010 3177 1064 in
3205 1011 3558 1073 tentatiouern,
3583 1011 3687 1064 nisi
3718 1018 3782 1062 ut
3804 1009 3903 1063 ille

2333 1098 2422 1169 qui
2467 1098 2765 1162 insidiatur,
2798 1099 2880 1160 vel
2926 1107 3098 1169 certat
3138 1100 3490 1164 extrinsecus,
3514 1099 3656 1159 nulla
3686 1099 3900 1152 irrum-

2333 1167 2424 1260 pat
2446 1205 2512 1244 ex
2541 1199 2724 1261 parte,
2756 1189 2896 1245 nulla
2936 1167 3035 1246 bos
3061 1188 3247 1248 fraude
3288 1189 3746 1260 decipiat,.nullis
3791 1203 3903 1242 nos

2333 1278 2604 1333 subvertat
2616 1279 2910 1334 machinis?
2933 1278 3156 1345 Quando
3184 1293 3289 1332 non
3317 1284 3462 1332 tenet
3483 1277 3656 1332 locum
3682 1277 3904 1341 cordis,

2335 1371 2424 1425 ubi
2450 1369 2580 1425 ﬁdes
2607 1371 2828 1434 habitat,
2859 1369 3060 1438 eiectus
3080 1377 3163 1424 est
3189 1367 3352 1423 foras.
3384 1366 3513 1432 Sed,
3541 1366 3660 1420 Nisi
3691 1367 3894 1420 Domi-

2336 1475 2431 1514 nus
2459 1460 2753 1512 custodierit
2779 1459 3055 1523 ciuitatem,
3079 1459 3135 1517 in
3162 1473 3351 1519 vanum
3379 1456 3573 1527 uigilat,
3601 1455 3692 1526 qui
3714 1466 3902 1508 custo-

2335 1547 2410 1604 dit
2449 1563 2560 1602 eam
2586 1544 2754 1618 (Psal.
2785 1562 2963 1612 cxsw,
3013 1548 3086 1618 l).
3115 1545 3289 1602 Nolite
3317 1561 3445 1616 ergo
3473 1547 3540 1602 de
3563 1545 3720 1600 vobis
3753 1545 3898 1615 ipsis

2337 1650 2673 1704 praesumere,
2725 1637 2769 1694 si
2811 1652 2916 1690 non
2953 1635 3114 1690 vultis
3162 1634 3306 1691 foras
3347 1636 3576 1706 ejectum
3616 1634 3905 1690 diabolum

2343 1726 2480 1785 intro
2531 1726 2722 1782 iterum
2762 1740 3031 1786 revocare.
3088 1724 3242 1781 Absit
3286 1733 3463 1778 autem
3517 1733 3575 1777 ut
3616 1723 3907 1778 diabolum

2339 1813 2519 1868 mundi
2544 1815 2838 1884 principem
2881 1815 2955 1868 ita
3001 1812 3203 1873 dictum
3248 1812 3643 1878 existimemus,
3673 1820 3737 1865 ut
3771 1827 3909 1867 eum

2338 1903 2472 1958 cmlo
2496 1912 2549 1956 et
2573 1911 2726 1964 terrae
2753 1903 3012 1962 dominari
3034 1915 3188 1972 posse
3209 1901 3506 1956 credamus.
3535 1900 3641 1955 Sed
3658 1901 3908 1956 mundus

2339 1994 2632 2063 appellatur
2683 1995 2734 2048 in
2781 1994 2935 2048 malis
2961 1995 3283 2059 hominibus,
3324 1994 3416 2064 qui
3461 2001 3572 2049 toto
3617 2001 3905 2050 terrarum

2341 2084 2465 2135 orbe
2493 2080 2666 2136 diﬂ'usi
2695 2089 2816 2134 sunt
2844 2101 2856 2134 :
2895 2081 3034 2141 sicut
3077 2081 3370 2153 appellatur
3403 2082 3596 2142 domus
3621 2083 3678 2137 in
3726 2084 3818 2147 his
3869 2100 3905 2142 a

2340 2169 2532 2238 quibus
2570 2169 2874 2237 habitatur,
2925 2171 3215 2225 secundum
3251 2171 3390 2242 quod
3431 2172 3706 2228 dicimus:
3751 2172 3903 2228 Bona

2340 2261 2527 2315 domus
2539 2269 2639 2324 est,
2658 2259 2738 2314 vel
2753 2261 2889 2314 mala
2911 2261 3103 2326 domus
3115 2271 3229 2327 est;
3254 2278 3360 2317 non
3373 2264 3588 2333 quando
3605 2266 3901 2338 reprehen-

2339 2351 2535 2415 dimus,
2575 2351 2689 2405 sive
2711 2350 2990 2406 laudamus
3026 2352 3306 2410 aediﬁcium
3326 2353 3590 2432 parietum
3611 2362 3780 2423 atque
3823 2364 3898 2409 te-

2340 2449 2579 2506 ctorum;
2611 2440 2705 2496 sed
2731 2441 2943 2511 quando
2978 2456 3156 2496 mores
3196 2440 3282 2497 vel
3321 2443 3583 2505 bonorum
3614 2444 3890 2499 hominum

2340 2531 2423 2586 vel
2450 2531 2731 2592 malorum.
2781 2531 2872 2588 Sic
2910 2547 3039 2605 ergo
3078 2533 3278 2593 dictum
3320 2541 3423 2597 est,
3462 2534 3702 2607 princeps
3739 2533 3880 2602 Itasz

2340 2620 2538 2686 mundi,
2569 2621 2622 2675 id
2654 2630 2757 2687 est,
2793 2622 3042 2693 princeps
3082 2621 3342 2683 malorum
3387 2623 3666 2681 hominum
3707 2621 3871 2696 [Aug.,

2341 2711 2598 2766 malorum
2624 2709 2906 2783 omnium],
2935 2712 3026 2782 qui
3053 2710 3298 2771 habitant
3325 2712 3379 2765 in
3401 2710 3617 2768 mundo.
3645 2711 3879 2783 Appella-

2345 2810 2429 2855 tur
2454 2801 2614 2854 etiam
2641 2801 2871 2856 mundus
2893 2801 2950 2856 in
2977 2800 3150 2866 bonis,
3175 2801 3265 2872 qui
3293 2801 3532 2860 similiter
3579 2811 3695 2858 toto
3723 2811 3888 2858 terra-

2344 2902 2460 2941 rum
2494 2886 2623 2944 orbe
2668 2886 2842 2942 diﬂusi
2889 2897 3014 2943 sunt
3039 2906 3051 2942 :
3078 2889 3200 2943 inde
3223 2889 3350 2945 dicit
3375 2889 3697 2961 Apostolus:
3748 2890 3890 2948 Deus

2343 2985 2452 3030 erat
2480 2979 2534 3030 in
2579 2974 2799 3041 Christo,
2828 2978 3078 3031 mundum
3130 2975 3468 3033 reconcilians
3504 2978 3604 3033 sibi
3648 2977 3735 3052 (ΙΙ
3764 2977 3893 3040 Cor,

2347 3083 2392 3131 v,
2422 3067 2530 3137 l9).
2562 3065 2627 3119 ili
2658 3075 2781 3121 sunt
2805 3081 2872 3121 ex
2910 3081 3138 3136 quorum
3160 3067 3410 3140 cordibus
3427 3067 3679 3137 princeps
3703 3068 3893 3132 mundi

2345 3159 2555 3228 ejicitur
2602 3156 2766 3212 foras.
2809 3155 2942 3212 Cum
2986 3171 3114 3228 ergo
3161 3155 3421 3212 dixisset:
3466 3155 3622 3210 Nunc
3659 3159 3898 3226 princeps

2345 3249 2500 3317 hujus
2527 3249 2705 3305 mundi
2732 3248 2966 3317 ejicietur
2985 3247 3127 3314 foras
3153 3263 3172 3303 ἔ

2417 3347 2574 3405 Vens.
2603 3345 2691 3402 52.
2712 3375 2782 3385 -
2815 3347 2884 3398 Et
2935 3363 3046 3417 ego,
3076 3346 3267 3416 inquit,
3308 3348 3354 3400 si
3387 3346 3645 3399 excitatus
3693 3345 3840 3413 [uero
3863 3362 3894 3397 a

2348 3447 2508 3502 terra,
2530 3436 2700 3490 omnia
2727 3435 2931 3494 traham
2949 3444 3060 3504 post
3087 3451 3185 3488 me.
3210 3435 3338 3502 Quae
3351 3435 3546 3498 omnia,
3567 3435 3668 3488 nisi
3693 3449 3757 3488 ex
3781 3435 3895 3504 qui-

2350 3527 2449 3582 bus
2492 3524 2578 3578 ille
2602 3523 2813 3592 ejicitur
2851 3521 3031 3578 foras?
3057 3523 3171 3578 Non
3196 3532 3376 3578 autem
3401 3523 3762 3588 dixitomnes,
3807 3522 3892 3578 sed

2351 3616 2552 3679 omnia;
2581 3631 2681 3667 non
2701 3614 2836 3668 enim
2878 3615 3105 3670 omnium
3126 3624 3198 3671 est
3217 3614 3346 3687 ﬁdes
3367 3614 3453 3685 (ΙΙ
3484 3613 3660 3668 Thess.
3694 3630 3780 3678 ut,
3818 3612 3889 3684 2).

2352 3702 2466 3758 Non
2490 3703 2668 3772 itaque
2701 3703 2804 3758 hoc
2844 3703 2913 3758 ad
2941 3703 3342 3761 universitatem
3377 3702 3650 3756 hominum
3697 3701 3890 3767 retulit,

2355 3796 2445 3849 sed
2489 3794 2557 3848 ad
2589 3803 2849 3850 creatura:
2890 3795 3276 3866 integritatem,
3310 3794 3363 3848 id
3406 3803 3508 3858 est,
3556 3794 3802 3864 spiritum
3845 3804 3893 3849 et

2357 3889 2587 3943 animam
2618 3896 2673 3942 et
2695 3901 2918 3956 corpus;
2949 3897 3003 3941 et
3025 3887 3149 3940 illud
3179 3886 3320 3957 quod
3351 3884 3535 3957 [Aug.,
3562 3884 3690 3958 quo]
3714 3886 3891 3940 intelli-

2357 3981 2551 4053 gimus,
2578 3989 2633 4033 et
2671 3978 2795 4040 illud
2824 3978 2963 4047 quod
3000 3975 3182 4048 [Aug,,
3210 3973 3338 4046 quo]
3363 3976 3624 4039 videmus,
3676 3984 3733 4029 et
3777 3973 3892 4029 illud

2357 4067 2496 4138 quod
2526 4065 2706 4136 [Aug.,
2749 4062 2879 4136 quo]
2905 4063 3145 4124 visibiles
3181 4071 3237 4118 et
3260 4061 3668 4122 conn-notabiles
3698 4075 3889 4115 sumus.

2359 4158 2458 4224 Qui
2483 4157 2622 4212 enim
2670 4155 2846 4209 dixit:
2896 4153 3128 4224 Capillus
3159 4156 3340 4225 capitis
3379 4155 3531 4208 uestri
3573 4171 3677 4208 non
3723 4154 3894 4225 peribit

2363 4245 2512 4316 (Luc.
2535 4261 2647 4309 ut,
2678 4244 2789 4315 18),
2833 4245 3012 4299 omnia
3052 4243 3220 4300 trahit
3247 4252 3366 4314 post
3406 4258 3482 4299 se.
3512 4241 3618 4297 Aut
3640 4244 3686 4298 si
3730 4242 3891 4298 omnis

722 4332 935 4386 Simeon
965 4345 1126 4386 senex
1153 4329 1370 4384 etAnna
1396 4331 1553 4383 vidua
1573 4335 1960 4398 cognoverunt;
1991 4334 2045 4382 et
2058 4327 2260 4418 Ziaeha-
2285 4356 2340 4418 Β
2366 4335 2462 4404 ipsi
2485 4335 2722 4388 homines
2743 4332 3067 4404 intelligendi
3089 4335 3420 4399 sungomnia
3441 4335 3812 4404 praesum“
3834 4333 3890 4388 ad

722 4426 829 4480 rias
854 4431 909 4477 et
935 4421 1224 4483 Elisabeth,
1250 4421 1339 4488 qui
1367 4421 1431 4472 de
1456 4419 1545 4472 illo
1589 4419 1819 4473 nondum
1847 4425 1994 4481 nato,
2020 4417 2110 4470 sed
2149 4415 2260 4483 jam
2292 4415 2317 4418 ‘
2362 4423 2585 4477 salutem
2607 4436 2887 4492 possumus
2907 4422 3114 4476 dicere;
3135 4437 3200 4475 ex
3213 4421 3684 4489 quibusomnibus,
3703 4421 3797 4483 ait,
3817 4420 3888 4474 ni.

721 4520 976 4581 concepto
1003 4517 1146 4564 tanta
1180 4523 1275 4578 per
1318 4507 1574 4577 Spiritum
1613 4515 1855 4563 sanctum
1884 4504 2258 4574 pmdiserunt.

723 4597 825 4652 Sed
869 4599 1098 4666 Spiritus
1124 4595 1358 4650 nondum
1399 4602 1514 4649 erat
1543 4594 1717 4658 datus,
1749 4593 1801 4647 id
1830 4602 1931 4657 est,
1965 4592 2051 4646 illa
2099 4591 2265 4645 abun-

722 4690 899 4742 dantia
921 4689 1102 4756 gratia:
1143 4687 1414 4755 spiritalis,
1444 4701 1548 4754 qua
1587 4687 1891 4755 congregati
1921 4684 2116 4754 linguis
2150 4697 2258 4737 om:

723 4783 868 4835 nium
901 4780 1260 4848 loquerentur,
1301 4794 1363 4832 ac
1391 4780 1434 4831 si
1464 4780 1522 4846 in.
1544 4779 1736 4848 linguis
1761 4779 1998 4833 omnium
2026 4776 2262 4847 gentium

724 4874 898 4927 futura
937 4871 1384 4941 pmtuntiaretur
1406 4869 1640 4924 Ecclesia
1663 4912 1677 4933 ,
1707 4886 1812 4939 qua
1841 4870 2009 4939 gratia
2039 4866 2263 4939 spiritali

725 4964 901 5033 populi
947 4969 1415 5033 congregarentur,
1463 4976 1566 5030 qua
1610 4959 1762 5030 longe
1809 4960 2024 5028 lateque
2051 4965 2266 5029 peccata

725 5042 1138 5116 dimitterentur,
1157 5062 1212 5107 et
1232 5051 1391 5105 millia
1408 5052 1628 5119 millium
1646 5050 1753 5103 Deo
1773 5050 2263 5104 reconciliarentur.

726 5143 862 5211 Quid
884 5158 1030 5214 ergo,
1053 5141 1127 5196 ait
1150 5142 1432 5210 quispiam,
1454 5142 1574 5210 quia
1603 5139 1843 5194 diabolus
1855 5139 1920 5193 de
1939 5138 2267 5191 credentium

731 5233 975 5287 cordibus
1003 5232 1210 5299 ejicitur
1236 5229 1375 5283 foras
1399 5271 1412 5291 ,
1428 5228 1537 5295 jam
1582 5228 1814 5283 fidelium
1839 5226 2102 5281 neminem
2153 5233 2276 5280 ten-_

732 5323 841 5376 tat?
866 5321 975 5375 imo
1004 5338 1126 5376 vero
1174 5330 1379 5376 tentare
1415 5336 1515 5373 non
1542 5329 1734 5374 cessat.
1768 5319 1872 5374 Sed
1897 5317 2038 5372 aliud
2068 5324 2149 5371 est
2193 5316 2270 5371 in-

730 5412 994 5464 trinsecus
1035 5424 1275 5478 regnare,
1307 5409 1444 5462 aliud
1488 5417 1572 5462 est
1601 5405 1896 5462 forinsecus
1933 5420 2268 5476 oppugnare;

735 5500 874 5558 aliud
904 5506 982 5551 est
1018 5497 1313 5560 vulnerare,
1346 5496 1483 5549 aliud
1514 5495 1775 5549 occidere.
1811 5493 1913 5548 Sed
1936 5495 1983 5547 si
2006 5493 2266 5554 vulnerat,

741 5590 876 5641 adest
911 5590 994 5655 qui
1015 5596 1180 5640 sonat.
1205 5586 1337 5652 Quia
1364 5588 1491 5639 sicut
1515 5586 1672 5654 586
1692 5586 2045 5654 pugnantibus
2075 5584 2271 5637 dictum

2365 4513 2436 4566 hil
2450 4527 2566 4567 esse
2587 4503 2905 4582 periturum,
2927 4525 3048 4563 cum
3068 4524 3230 4579 supra
3249 4509 3314 4562 de
3327 4508 3439 4562 suis
3456 4507 3645 4562 ovibus
3665 4507 3893 4577 loquere-

2364 4609 2450 4662 tur
2467 4601 2643 4671 (Joan.
2681 4614 2736 4663 ι,
2767 4597 2878 4670 28).
2907 4598 3013 4651 Aut
3030 4606 3177 4654 certe
3195 4597 3372 4652 omnia
3394 4596 3667 4650 hominum
3690 4611 3893 4665 genera,

2364 4691 2474 4751 sive
2493 4691 2544 4743 in
2558 4688 2750 4757 linguis
2772 4687 3037 4754 omnibus,
3053 4688 3164 4743 sive
3188 4684 3497 4741 iactatibus
3515 4685 3780 4747 omnibus,
3793 4685 3896 4738 sive

2365 4781 2416 4835 in
2449 4779 2698 4850 gradibus
2743 4780 3004 4834 honorum
3050 4775 3311 4842 omnium,
3350 4777 3463 4832 sive
3496 4776 3552 4830 in
3586 4773 3893 4830 (livet-sitati-

2361 4871 2461 4928 bus
2484 4870 2812 4941 ingeniorum
2840 4867 3107 4932 omnibus,
3129 4867 3240 4922 sive
3268 4867 3322 4920 in
3343 4867 3539 4921 artium
3562 4863 3822 4918 licitarnm
3845 4871 3895 4916 et

2363 4960 2571 5014 utilium
2591 4957 3007 5029 professionibus
3027 4958 3293 5023 omnibus,
3312 4955 3630 5026 etquidquid
3643 4953 3782 5008 aliud
3799 4953 3892 5007 dici

2364 5058 2538 5120 potest
2562 5089 2578 5113 ,
2605 5047 2893 5106 secundum
2923 5047 3332 5109 innumerabiles
3357 5043 3682 5099 differentias
3707 5043 3887 5113 quibus

2369 5140 2505 5190 inter
2528 5150 2606 5198 se,
2646 5142 2839 5203 praeter
2864 5135 2975 5190 sola
3009 5143 3252 5204 peccata,
3293 5132 3532 5198 homines
3572 5133 3789 5192 dinam,
3832 5127 3893 5180 ah

2368 5225 2741 5289 excelsissimis
2763 5240 2928 5295 usque
2954 5227 3020 5279 ad
3048 5225 3391 5289 humillimus,
3419 5239 3450 5278 a
3474 5237 3610 5292 rege.
3632 5233 3798 5290 usque
3830 5217 3889 5272 ad

2370 5317 2666 5372 mendicum
2699 5335 2710 5370 :
2745 5315 2960 5383 Omnia,
3002 5316 3193 5385 inquit,
3245 5317 3448 5370 trahant
3473 5321 3593 5382 post
3633 5328 3735 5376 nte,
3759 5320 3812 5364 ut
3830 5311 3892 5366 sit

2368 5416 2525 5474 caput
2553 5421 2761 5468 eorum,
2782 5414 2837 5458 et
2860 5404 2947 5459 illa
2980 5406 3215 5460 membra
3242 5404 3376 5473 ejus.
3425 5399 3530 5454 Sed
3559 5401 3605 5453 si
3630 5399 3888 5459 uallatus,

2371 5499 2560 5568 inquit,
2587 5497 2732 5565 fuero
2754 5514 2783 5548 a
2811 5506 2969 5558 terra,
3003 5497 3102 5550 hoc
3131 5503 3234 5557 est,
3263 5509 3382 5547 cum
3420 5490 3686 5544 cxaltatus
3718 5489 3883 5542 luero:

2372 5602 2472 5640 non
2505 5586 2646 5639 enim
2673 5584 2880 5638 dubitat
2908 5584 3141 5637 futurum
3169 5597 3284 5636 esse
3313 5580 3450 5650 quod
3480 5580 3626 5634 venit
3672 5575 3884 5650 implent}.
