  <div class='ocr_page' id='page_1' title='image "/cluster/home/n/w/nwhite01/storage/ocr_20150623/100/uva.x000827058/466.png"; bbox 0 0 4266 6194; ppageno 0'>
   <div class='ocr_carea' id='block_1_1' title="bbox 434 370 530 422">
    <p class='ocr_par' dir='ltr' id='par_1_1' title="bbox 434 370 530 422">
     <span class='ocr_line' id='line_1_1' title="bbox 434 370 530 422; baseline -0.031 0"><span class='ocrx_word' id='word_1_1' title='bbox 434 370 530 422; x_wconf 69' lang='lat' dir='ltr'><strong>fil?</strong></span> 
     </span>
    </p>
   </div>
   <div class='ocr_carea' id='block_1_2' title="bbox 1230 329 2802 430">
    <p class='ocr_par' dir='ltr' id='par_1_2' title="bbox 1230 329 2802 430">
     <span class='ocr_line' id='line_1_2' title="bbox 1230 329 2802 430; baseline 0.002 -5"><span class='ocrx_word' id='word_1_2' title='bbox 1230 329 1630 427; x_wconf 63' lang='lat' dir='ltr'><strong>exessum.</strong></span> <span class='ocrx_word' id='word_1_3' title='bbox 1669 403 1736 413; x_wconf 89' lang='lat'><strong>—</strong></span> <span class='ocrx_word' id='word_1_4' title='bbox 1763 372 2109 429; x_wconf 63' lang='lat' dir='ltr'><strong>comitem.</strong></span> <span class='ocrx_word' id='word_1_5' title='bbox 2149 373 2214 428; x_wconf 75' lang='lat' dir='ltr'><strong>1N</strong></span> <span class='ocrx_word' id='word_1_6' title='bbox 2251 374 2434 430; x_wconf 75' lang='lat' dir='ltr'><strong>JOAN.</strong></span> <span class='ocrx_word' id='word_1_7' title='bbox 2473 404 2539 414; x_wconf 85' lang='grc'><strong>-</strong></span> <span class='ocrx_word' id='word_1_8' title='bbox 2577 374 2702 428; x_wconf 79' lang='lat' dir='ltr'><strong>uo.</strong></span> <span class='ocrx_word' id='word_1_9' title='bbox 2742 375 2802 428; x_wconf 90' lang='lat' dir='ltr'><strong>v.</strong></span> 
     </span>
    </p>
   </div>
   <div class='ocr_carea' id='block_1_3' title="bbox 3504 378 3602 434">
    <p class='ocr_par' dir='ltr' id='par_1_3' title="bbox 3504 378 3602 434">
     <span class='ocr_line' id='line_1_3' title="bbox 3504 378 3602 434; baseline 0.02 -2"><span class='ocrx_word' id='word_1_10' title='bbox 3504 378 3602 434; x_wconf 71' lang='lat'><strong>918</strong></span> 
     </span>
    </p>
   </div>
   <div class='ocr_carea' id='block_1_4' title="bbox 436 464 3603 555">
    <p class='ocr_par' dir='ltr' id='par_1_4' title="bbox 436 464 3603 555">
     <span class='ocr_line' id='line_1_4' title="bbox 436 464 3603 555; baseline 0.004 -24"><span class='ocrx_word' id='word_1_11' title='bbox 436 480 542 532; x_wconf 86' lang='lat' dir='ltr'><strong>lloc</strong></span> <span class='ocrx_word' id='word_1_12' title='bbox 575 479 798 532; x_wconf 87' lang='lat' dir='ltr'><strong>refertur</strong></span> <span class='ocrx_word' id='word_1_13' title='bbox 838 479 903 532; x_wconf 89' lang='lat' dir='ltr'><strong>ad</strong></span> <span class='ocrx_word' id='word_1_14' title='bbox 953 478 1096 542; x_wconf 89' lang='lat' dir='ltr'><strong>illud,</strong></span> <span class='ocrx_word' id='word_1_15' title='bbox 1127 495 1231 547; x_wconf 85' lang='lat' dir='ltr'><strong>quo</strong></span> <span class='ocrx_word' id='word_1_16' title='bbox 1276 480 1518 548; x_wconf 76' lang='lat' dir='ltr'><strong>superius</strong></span> <span class='ocrx_word' id='word_1_17' title='bbox 1556 464 1752 534; x_wconf 65' lang='lat' dir='ltr'><strong>aitiSi</strong></span> <span class='ocrx_word' id='word_1_18' title='bbox 1798 491 1966 534; x_wconf 87' lang='lat' dir='ltr'><strong>autem</strong></span> <span class='ocrx_word' id='word_1_19' title='bbox 1998 490 2040 546; x_wconf 79' lang='grc' dir='ltr'>Α</span> <span class='ocrx_word' id='word_1_20' title='bbox 2139 482 2491 537; x_wconf 72' lang='lat' dir='ltr'><strong>Prtenuntiata</strong></span> <span class='ocrx_word' id='word_1_21' title='bbox 2537 484 2789 540; x_wconf 85' lang='lat' dir='ltr'><strong>Dominus</strong></span> <span class='ocrx_word' id='word_1_22' title='bbox 2831 485 3076 540; x_wconf 75' lang='lat' dir='ltr'><strong>Christus</strong></span> <span class='ocrx_word' id='word_1_23' title='bbox 3122 490 3362 555; x_wconf 76' lang='lat' dir='ltr'><strong>passione</strong></span> <span class='ocrx_word' id='word_1_24' title='bbox 3417 505 3508 544; x_wconf 83' lang='lat' dir='ltr'><strong>sua</strong></span> <span class='ocrx_word' id='word_1_25' title='bbox 3554 493 3603 544; x_wconf 91' lang='lat' dir='ltr'><strong>in</strong></span> 
     </span>
    </p>
   </div>
   <div class='ocr_carea' id='block_1_5' title="bbox 435 567 1966 638">
    <p class='ocr_par' dir='ltr' id='par_1_5' title="bbox 435 567 1966 638">
     <span class='ocr_line' id='line_1_5' title="bbox 435 567 1966 638; baseline 0.002 -18"><span class='ocrx_word' id='word_1_26' title='bbox 435 578 690 620; x_wconf 85' lang='lat' dir='ltr'><strong>mortuum</strong></span> <span class='ocrx_word' id='word_1_27' title='bbox 722 567 1121 638; x_wconf 78' lang='lat' dir='ltr'><strong>fueritgranunt,</strong></span> <span class='ocrx_word' id='word_1_28' title='bbox 1145 569 1360 622; x_wconf 87' lang='lat' dir='ltr'><strong>multum</strong></span> <span class='ocrx_word' id='word_1_29' title='bbox 1373 570 1597 637; x_wconf 79' lang='lat' dir='ltr'><strong>[ructant</strong></span> <span class='ocrx_word' id='word_1_30' title='bbox 1619 572 1768 638; x_wconf 72' lang='lat' dir='ltr'><strong>a/fert</strong></span> <span class='ocrx_word' id='word_1_31' title='bbox 1791 571 1966 637; x_wconf 86' lang='lat' dir='ltr'><strong>(Joan.</strong></span> 
     </span>
    </p>
   </div>
   <div class='ocr_carea' id='block_1_6' title="bbox 438 653 1968 725">
    <p class='ocr_par' dir='ltr' id='par_1_6' title="bbox 438 653 1968 725">
     <span class='ocr_line' id='line_1_6' title="bbox 438 653 1968 725; baseline 0.004 -19"><span class='ocrx_word' id='word_1_32' title='bbox 438 670 535 715; x_wconf 81' lang='lat' dir='ltr'><strong>xtl,</strong></span> <span class='ocrx_word' id='word_1_33' title='bbox 562 653 673 722; x_wconf 67' lang='lat'><strong>‘24).</strong></span> <span class='ocrx_word' id='word_1_34' title='bbox 713 654 844 707; x_wconf 78' lang='lat' dir='ltr'><strong>Nam</strong></span> <span class='ocrx_word' id='word_1_35' title='bbox 879 656 1247 709; x_wconf 78' lang='lat' dir='ltr'><strong>esaltationeui</strong></span> <span class='ocrx_word' id='word_1_36' title='bbox 1287 672 1433 709; x_wconf 88' lang='lat' dir='ltr'><strong>suam</strong></span> <span class='ocrx_word' id='word_1_37' title='bbox 1460 658 1585 725; x_wconf 86' lang='lat' dir='ltr'><strong>quid</strong></span> <span class='ocrx_word' id='word_1_38' title='bbox 1627 659 1767 711; x_wconf 64' lang='lat' dir='ltr'><strong>aliud</strong></span> <span class='ocrx_word' id='word_1_39' title='bbox 1798 659 1928 712; x_wconf 81' lang='lat' dir='ltr'><strong>dixit</strong></span> <span class='ocrx_word' id='word_1_40' title='bbox 1955 699 1968 722; x_wconf 92' lang='lat'><strong>,</strong></span> 
     </span>
    </p>
   </div>
   <div class='ocr_carea' id='block_1_7' title="bbox 437 743 1967 816">
    <p class='ocr_par' dir='ltr' id='par_1_7' title="bbox 437 743 1967 816">
     <span class='ocr_line' id='line_1_7' title="bbox 437 743 1967 816; baseline 0.005 -22"><span class='ocrx_word' id='word_1_41' title='bbox 437 758 592 811; x_wconf 88' lang='lat' dir='ltr'><strong>quam</strong></span> <span class='ocrx_word' id='word_1_42' title='bbox 643 743 694 796; x_wconf 91' lang='lat' dir='ltr'><strong>in</strong></span> <span class='ocrx_word' id='word_1_43' title='bbox 723 758 879 797; x_wconf 91' lang='lat' dir='ltr'><strong>cruce</strong></span> <span class='ocrx_word' id='word_1_44' title='bbox 907 746 1236 812; x_wconf 83' lang='lat' dir='ltr'><strong>passionem?</strong></span> <span class='ocrx_word' id='word_1_45' title='bbox 1259 744 1408 810; x_wconf 84' lang='lat' dir='ltr'><strong>Quod</strong></span> <span class='ocrx_word' id='word_1_46' title='bbox 1438 755 1490 798; x_wconf 76' lang='lat' dir='ltr'><strong>et</strong></span> <span class='ocrx_word' id='word_1_47' title='bbox 1519 748 1628 815; x_wconf 88' lang='lat' dir='ltr'><strong>ipse</strong></span> <span class='ocrx_word' id='word_1_48' title='bbox 1652 748 1967 816; x_wconf 70' lang='lat' dir='ltr'><strong>evangelista</strong></span> 
     </span>
    </p>
   </div>
   <div class='ocr_carea' id='block_1_8' title="bbox 438 833 1967 906">
    <p class='ocr_par' dir='ltr' id='par_1_8' title="bbox 438 833 1967 906">
     <span class='ocr_line' id='line_1_8' title="bbox 438 833 1967 906; baseline 0.005 -23"><span class='ocrx_word' id='word_1_49' title='bbox 438 848 538 884; x_wconf 88' lang='lat' dir='ltr'><strong>non</strong></span> <span class='ocrx_word' id='word_1_50' title='bbox 567 833 759 896; x_wconf 87' lang='lat' dir='ltr'><strong>tacuit;</strong></span> <span class='ocrx_word' id='word_1_51' title='bbox 790 833 1059 902; x_wconf 76' lang='lat' dir='ltr'><strong>subjunxit</strong></span> <span class='ocrx_word' id='word_1_52' title='bbox 1097 835 1258 898; x_wconf 84' lang='lat' dir='ltr'><strong>enim,</strong></span> <span class='ocrx_word' id='word_1_53' title='bbox 1285 843 1339 889; x_wconf 91' lang='lat' dir='ltr'><strong>et</strong></span> <span class='ocrx_word' id='word_1_54' title='bbox 1378 835 1452 887; x_wconf 92' lang='lat' dir='ltr'><strong>ait</strong></span> <span class='ocrx_word' id='word_1_55' title='bbox 1485 853 1496 885; x_wconf 89' lang='lat'><strong>:</strong></span> <span class='ocrx_word' id='word_1_56' title='bbox 1530 836 1706 904; x_wconf 71' lang='lat' dir='ltr'><strong>(Vens.</strong></span> <span class='ocrx_word' id='word_1_57' title='bbox 1740 839 1828 899; x_wconf 85' lang='lat'><strong>55,</strong></span> <span class='ocrx_word' id='word_1_58' title='bbox 1856 839 1967 906; x_wconf 66' lang='lat' dir='ltr'><strong>5i.)</strong></span> 
     </span>
    </p>
   </div>
   <div class='ocr_carea' id='block_1_9' title="bbox 439 919 1969 992">
    <p class='ocr_par' dir='ltr' id='par_1_9' title="bbox 439 919 1969 992">
     <span class='ocr_line' id='line_1_9' title="bbox 439 919 1969 992; baseline 0.003 -19"><span class='ocrx_word' id='word_1_59' title='bbox 439 919 549 973; x_wconf 80' lang='lat' dir='ltr'><strong>Hoc</strong></span> <span class='ocrx_word' id='word_1_60' title='bbox 568 931 735 973; x_wconf 87' lang='lat' dir='ltr'><strong>autem</strong></span> <span class='ocrx_word' id='word_1_61' title='bbox 759 922 977 986; x_wconf 88' lang='lat' dir='ltr'><strong>dicebat,</strong></span> <span class='ocrx_word' id='word_1_62' title='bbox 999 923 1293 991; x_wconf 79' lang='lat' dir='ltr'><strong>signiﬁcans</strong></span> <span class='ocrx_word' id='word_1_63' title='bbox 1319 940 1420 992; x_wconf 91' lang='lat' dir='ltr'><strong>qua</strong></span> <span class='ocrx_word' id='word_1_64' title='bbox 1447 933 1605 976; x_wconf 88' lang='lat' dir='ltr'><strong>morte</strong></span> <span class='ocrx_word' id='word_1_65' title='bbox 1647 935 1775 977; x_wconf 88' lang='lat' dir='ltr'><strong>esset</strong></span> <span class='ocrx_word' id='word_1_66' title='bbox 1812 928 1969 978; x_wconf 83' lang='lat' dir='ltr'><strong>nteri-</strong></span> 
     </span>
    </p>
   </div>
   <div class='ocr_carea' id='block_1_10' title="bbox 434 1008 1968 1083">
    <p class='ocr_par' dir='ltr' id='par_1_10' title="bbox 434 1008 1968 1083">
     <span class='ocr_line' id='line_1_10' title="bbox 434 1008 1968 1083; baseline 0.008 -24"><span class='ocrx_word' id='word_1_67' title='bbox 434 1019 602 1060; x_wconf 84' lang='lat' dir='ltr'><strong>turus.</strong></span> <span class='ocrx_word' id='word_1_68' title='bbox 648 1008 922 1077; x_wconf 79' lang='lat' dir='ltr'><strong>Respondit</strong></span> <span class='ocrx_word' id='word_1_69' title='bbox 969 1011 1016 1064; x_wconf 86' lang='lat' dir='ltr'><strong>ei</strong></span> <span class='ocrx_word' id='word_1_70' title='bbox 1056 1012 1248 1064; x_wconf 89' lang='lat' dir='ltr'><strong>turba:</strong></span> <span class='ocrx_word' id='word_1_71' title='bbox 1283 1010 1390 1064; x_wconf 86' lang='lat' dir='ltr'><strong>Nos</strong></span> <span class='ocrx_word' id='word_1_72' title='bbox 1428 1012 1721 1066; x_wconf 83' lang='lat' dir='ltr'><strong>audivimus</strong></span> <span class='ocrx_word' id='word_1_73' title='bbox 1737 1031 1799 1067; x_wconf 75' lang='lat' dir='ltr'><strong>ex</strong></span> <span class='ocrx_word' id='word_1_74' title='bbox 1826 1014 1930 1083; x_wconf 84' lang='lat' dir='ltr'><strong>lege</strong></span> <span class='ocrx_word' id='word_1_75' title='bbox 1955 1056 1968 1072; x_wconf 85' lang='lat'><strong>.</strong></span> 
     </span>
    </p>
   </div>
   <div class='ocr_carea' id='block_1_11' title="bbox 431 1097 1969 1170">
    <p class='ocr_par' dir='ltr' id='par_1_11' title="bbox 431 1097 1969 1170">
     <span class='ocr_line' id='line_1_11' title="bbox 431 1097 1969 1170; baseline 0.005 -20"><span class='ocrx_word' id='word_1_76' title='bbox 431 1101 554 1169; x_wconf 81' lang='lat' dir='ltr'><strong>quia</strong></span> <span class='ocrx_word' id='word_1_77' title='bbox 580 1097 811 1152; x_wconf 85' lang='lat' dir='ltr'><strong>Christus</strong></span> <span class='ocrx_word' id='word_1_78' title='bbox 835 1112 1000 1154; x_wconf 87' lang='lat' dir='ltr'><strong>manet</strong></span> <span class='ocrx_word' id='word_1_79' title='bbox 1022 1102 1075 1154; x_wconf 87' lang='lat' dir='ltr'><strong>in</strong></span> <span class='ocrx_word' id='word_1_80' title='bbox 1093 1109 1362 1164; x_wconf 65' lang='lat' dir='ltr'><strong>internum,</strong></span> <span class='ocrx_word' id='word_1_81' title='bbox 1378 1109 1426 1154; x_wconf 91' lang='lat' dir='ltr'><strong>et</strong></span> <span class='ocrx_word' id='word_1_82' title='bbox 1446 1102 1697 1170; x_wconf 87' lang='lat' dir='ltr'><strong>quomodo</strong></span> <span class='ocrx_word' id='word_1_83' title='bbox 1720 1111 1774 1156; x_wconf 89' lang='lat' dir='ltr'><strong>tu</strong></span> <span class='ocrx_word' id='word_1_84' title='bbox 1803 1105 1866 1156; x_wconf 87' lang='lat' dir='ltr'><strong>di.</strong></span> <span class='ocrx_word' id='word_1_85' title='bbox 1885 1104 1927 1156; x_wconf 97' lang='lat' dir='ltr'><strong>is</strong></span> <span class='ocrx_word' id='word_1_86' title='bbox 1951 1121 1969 1157; x_wconf 94' lang='lat'><em>:</em></span> 
     </span>
    </p>
   </div>
   <div class='ocr_carea' id='block_1_12' title="bbox 435 1186 1968 1257">
    <p class='ocr_par' dir='ltr' id='par_1_12' title="bbox 435 1186 1968 1257">
     <span class='ocr_line' id='line_1_12' title="bbox 435 1186 1968 1257; baseline 0.006 -15"><span class='ocrx_word' id='word_1_87' title='bbox 435 1186 646 1257; x_wconf 78' lang='lat' dir='ltr'><strong>Oportet</strong></span> <span class='ocrx_word' id='word_1_88' title='bbox 674 1190 894 1244; x_wconf 76' lang='lat' dir='ltr'><strong>exaltari</strong></span> <span class='ocrx_word' id='word_1_89' title='bbox 921 1189 969 1241; x_wconf 84' lang='lat' dir='ltr'><strong><em>F</em></strong></span> <span class='ocrx_word' id='word_1_90' title='bbox 973 1191 1118 1244; x_wconf 88' lang='lat' dir='ltr'><strong>ilium</strong></span> <span class='ocrx_word' id='word_1_91' title='bbox 1142 1193 1402 1247; x_wconf 75' lang='lat' dir='ltr'><strong>hominis?</strong></span> <span class='ocrx_word' id='word_1_92' title='bbox 1429 1194 1555 1257; x_wconf 81' lang='lat' dir='ltr'><strong>Quis</strong></span> <span class='ocrx_word' id='word_1_93' title='bbox 1578 1204 1650 1248; x_wconf 90' lang='lat' dir='ltr'><strong>est</strong></span> <span class='ocrx_word' id='word_1_94' title='bbox 1680 1197 1773 1249; x_wconf 89' lang='lat' dir='ltr'><strong>iste</strong></span> <span class='ocrx_word' id='word_1_95' title='bbox 1800 1195 1968 1251; x_wconf 83' lang='lat' dir='ltr'><strong>Filius</strong></span> 
     </span>
    </p>
   </div>
   <div class='ocr_carea' id='block_1_13' title="bbox 433 1277 1970 1352">
    <p class='ocr_par' dir='ltr' id='par_1_13' title="bbox 433 1277 1970 1352">
     <span class='ocr_line' id='line_1_13' title="bbox 433 1277 1970 1352; baseline 0.006 -23"><span class='ocrx_word' id='word_1_96' title='bbox 433 1278 692 1332; x_wconf 80' lang='lat' dir='ltr'><strong>hominis?</strong></span> <span class='ocrx_word' id='word_1_97' title='bbox 717 1277 1016 1333; x_wconf 78' lang='lat' dir='ltr'><strong>Memoriter</strong></span> <span class='ocrx_word' id='word_1_98' title='bbox 1035 1289 1313 1336; x_wconf 87' lang='lat' dir='ltr'><strong>tenuerunt</strong></span> <span class='ocrx_word' id='word_1_99' title='bbox 1328 1283 1467 1352; x_wconf 88' lang='lat' dir='ltr'><strong>quod</strong></span> <span class='ocrx_word' id='word_1_100' title='bbox 1491 1283 1744 1338; x_wconf 89' lang='lat' dir='ltr'><strong>Dominus</strong></span> <span class='ocrx_word' id='word_1_101' title='bbox 1763 1285 1970 1339; x_wconf 89' lang='lat' dir='ltr'><strong>dicebat</strong></span> 
     </span>
    </p>
   </div>
   <div class='ocr_carea' id='block_1_14' title="bbox 435 1366 1965 1446">
    <p class='ocr_par' dir='ltr' id='par_1_14' title="bbox 435 1366 1965 1446">
     <span class='ocr_line' id='line_1_14' title="bbox 435 1366 1965 1446; baseline 0.008 -28"><span class='ocrx_word' id='word_1_102' title='bbox 435 1366 645 1420; x_wconf 81' lang='lat' dir='ltr'><strong>assidue</strong></span> <span class='ocrx_word' id='word_1_103' title='bbox 685 1367 876 1422; x_wconf 85' lang='lat' dir='ltr'><strong>Filium</strong></span> <span class='ocrx_word' id='word_1_104' title='bbox 922 1370 1149 1446; x_wconf 75' lang='lat' dir='ltr'><strong>hominis</strong></span> <span class='ocrx_word' id='word_1_105' title='bbox 1177 1386 1233 1426; x_wconf 88' lang='lat' dir='ltr'><strong>se</strong></span> <span class='ocrx_word' id='word_1_106' title='bbox 1257 1387 1390 1426; x_wconf 90' lang='lat' dir='ltr'><strong>esse.</strong></span> <span class='ocrx_word' id='word_1_107' title='bbox 1417 1372 1548 1427; x_wconf 85' lang='lat' dir='ltr'><strong>Nam</strong></span> <span class='ocrx_word' id='word_1_108' title='bbox 1575 1375 1675 1429; x_wconf 87' lang='lat' dir='ltr'><strong>hoc</strong></span> <span class='ocrx_word' id='word_1_109' title='bbox 1718 1375 1834 1432; x_wconf 90' lang='lat' dir='ltr'><strong>loco</strong></span> <span class='ocrx_word' id='word_1_110' title='bbox 1863 1393 1965 1431; x_wconf 89' lang='lat' dir='ltr'><strong>non</strong></span> 
     </span>
    </p>
   </div>
   <div class='ocr_carea' id='block_1_15' title="bbox 433 1454 1966 1517">
    <p class='ocr_par' dir='ltr' id='par_1_15' title="bbox 433 1454 1966 1517">
     <span class='ocr_line' id='line_1_15' title="bbox 433 1454 1966 1517; baseline 0.007 -11"><span class='ocrx_word' id='word_1_111' title='bbox 433 1456 546 1507; x_wconf 91' lang='lat' dir='ltr'><strong>ait:</strong></span> <span class='ocrx_word' id='word_1_112' title='bbox 575 1454 618 1507; x_wconf 90' lang='lat' dir='ltr'><strong>si</strong></span> <span class='ocrx_word' id='word_1_113' title='bbox 654 1454 914 1509; x_wconf 81' lang='lat' dir='ltr'><strong>exaltatus</strong></span> <span class='ocrx_word' id='word_1_114' title='bbox 939 1456 1150 1514; x_wconf 82' lang='lat' dir='ltr'><strong>fuerita</strong></span> <span class='ocrx_word' id='word_1_115' title='bbox 1191 1468 1330 1513; x_wconf 88' lang='lat' dir='ltr'><strong>terra</strong></span> <span class='ocrx_word' id='word_1_116' title='bbox 1369 1459 1534 1514; x_wconf 83' lang='lat' dir='ltr'><strong>Filius</strong></span> <span class='ocrx_word' id='word_1_117' title='bbox 1573 1462 1800 1515; x_wconf 88' lang='lat' dir='ltr'><strong>hominis</strong></span> <span class='ocrx_word' id='word_1_118' title='bbox 1831 1481 1842 1515; x_wconf 92' lang='lat'><strong>:</strong></span> <span class='ocrx_word' id='word_1_119' title='bbox 1877 1464 1966 1517; x_wconf 84' lang='lat' dir='ltr'><strong>sed</strong></span> 
     </span>
    </p>
   </div>
   <div class='ocr_carea' id='block_1_16' title="bbox 432 1544 1968 1620">
    <p class='ocr_par' dir='ltr' id='par_1_16' title="bbox 432 1544 1968 1620">
     <span class='ocr_line' id='line_1_16' title="bbox 432 1544 1968 1620; baseline 0.007 -24"><span class='ocrx_word' id='word_1_120' title='bbox 432 1545 569 1597; x_wconf 85' lang='lat' dir='ltr'><strong>sicut</strong></span> <span class='ocrx_word' id='word_1_121' title='bbox 592 1545 834 1612; x_wconf 86' lang='lat' dir='ltr'><strong>superius</strong></span> <span class='ocrx_word' id='word_1_122' title='bbox 861 1544 1088 1611; x_wconf 71' lang='lat' dir='ltr'><strong>dixerat,</strong></span> <span class='ocrx_word' id='word_1_123' title='bbox 1120 1547 1329 1613; x_wconf 86' lang='lat' dir='ltr'><strong>quando</strong></span> <span class='ocrx_word' id='word_1_124' title='bbox 1357 1549 1580 1602; x_wconf 79' lang='lat' dir='ltr'><strong>nuntiati</strong></span> <span class='ocrx_word' id='word_1_125' title='bbox 1605 1557 1727 1603; x_wconf 90' lang='lat' dir='ltr'><strong>sunt</strong></span> <span class='ocrx_word' id='word_1_126' title='bbox 1750 1553 1968 1620; x_wconf 83' lang='lat' dir='ltr'><strong>gentiles</strong></span> 
     </span>
    </p>
   </div>
   <div class='ocr_carea' id='block_1_17' title="bbox 433 1633 1968 1708">
    <p class='ocr_par' dir='ltr' id='par_1_17' title="bbox 433 1633 1968 1708">
     <span class='ocr_line' id='line_1_17' title="bbox 433 1633 1968 1708; baseline 0.005 -22"><span class='ocrx_word' id='word_1_127' title='bbox 433 1633 527 1698; x_wconf 83' lang='lat' dir='ltr'><strong>illi,</strong></span> <span class='ocrx_word' id='word_1_128' title='bbox 553 1634 641 1701; x_wconf 93' lang='lat' dir='ltr'><strong>qui</strong></span> <span class='ocrx_word' id='word_1_129' title='bbox 667 1648 795 1688; x_wconf 87' lang='lat' dir='ltr'><strong>eum</strong></span> <span class='ocrx_word' id='word_1_130' title='bbox 814 1634 986 1689; x_wconf 79' lang='lat' dir='ltr'><strong>videre</strong></span> <span class='ocrx_word' id='word_1_131' title='bbox 1005 1635 1286 1704; x_wconf 85' lang='lat' dir='ltr'><strong>cupiebant</strong></span> <span class='ocrx_word' id='word_1_132' title='bbox 1313 1654 1324 1688; x_wconf 89' lang='lat'>:</span> <span class='ocrx_word' id='word_1_133' title='bbox 1364 1635 1508 1690; x_wconf 80' lang='lat' dir='ltr'><strong>Venit</strong></span> <span class='ocrx_word' id='word_1_134' title='bbox 1537 1638 1685 1701; x_wconf 88' lang='lat' dir='ltr'><strong>hora,</strong></span> <span class='ocrx_word' id='word_1_135' title='bbox 1733 1650 1787 1690; x_wconf 92' lang='lat' dir='ltr'><strong>ut</strong></span> <span class='ocrx_word' id='word_1_136' title='bbox 1811 1640 1968 1708; x_wconf 86' lang='lat' dir='ltr'><strong>glori-</strong></span> 
     </span>
    </p>
   </div>
   <div class='ocr_carea' id='block_1_18' title="bbox 431 1721 1968 1792">
    <p class='ocr_par' dir='ltr' id='par_1_18' title="bbox 431 1721 1968 1792">
     <span class='ocr_line' id='line_1_18' title="bbox 431 1721 1968 1792; baseline 0.005 -18"><span class='ocrx_word' id='word_1_137' title='bbox 431 1723 611 1789; x_wconf 78' lang='lat' dir='ltr'><strong>ﬁcetur</strong></span> <span class='ocrx_word' id='word_1_138' title='bbox 638 1721 808 1776; x_wconf 85' lang='lat' dir='ltr'><strong>Filius</strong></span> <span class='ocrx_word' id='word_1_139' title='bbox 854 1723 1093 1777; x_wconf 85' lang='lat' dir='ltr'><strong>hominis.</strong></span> <span class='ocrx_word' id='word_1_140' title='bbox 1126 1722 1236 1777; x_wconf 81' lang='lat' dir='ltr'><strong>Hoc</strong></span> <span class='ocrx_word' id='word_1_141' title='bbox 1280 1724 1457 1792; x_wconf 83' lang='lat' dir='ltr'><strong>itaque</strong></span> <span class='ocrx_word' id='word_1_142' title='bbox 1507 1726 1593 1778; x_wconf 87' lang='lat' dir='ltr'><strong>isti</strong></span> <span class='ocrx_word' id='word_1_143' title='bbox 1631 1726 1806 1779; x_wconf 87' lang='lat' dir='ltr'><strong>animo</strong></span> <span class='ocrx_word' id='word_1_144' title='bbox 1844 1728 1968 1782; x_wconf 84' lang='lat' dir='ltr'><strong>reti-</strong></span> 
     </span>
    </p>
   </div>
   <div class='ocr_carea' id='block_1_19' title="bbox 2047 570 3604 645">
    <p class='ocr_par' dir='ltr' id='par_1_19' title="bbox 2047 570 3604 645">
     <span class='ocr_line' id='line_1_19' title="bbox 2047 570 3604 645; baseline 0.004 -20"><span class='ocrx_word' id='word_1_145' title='bbox 2047 570 2388 625; x_wconf 78' lang='lat' dir='ltr'><strong>-exaltatiene</strong></span> <span class='ocrx_word' id='word_1_146' title='bbox 2417 572 2591 625; x_wconf 88' lang='lat' dir='ltr'><strong>crucis</strong></span> <span class='ocrx_word' id='word_1_147' title='bbox 2620 571 2780 642; x_wconf 90' lang='lat' dir='ltr'><strong>(quod</strong></span> <span class='ocrx_word' id='word_1_148' title='bbox 2798 573 2961 629; x_wconf 76' lang='lat' dir='ltr'><strong>Judzei</strong></span> <span class='ocrx_word' id='word_1_149' title='bbox 2983 573 3604 645; x_wconf 78' lang='lat' dir='ltr'><strong>intelligentes,qu:estio~</strong></span> 
     </span>
    </p>
   </div>
   <div class='ocr_carea' id='block_1_20' title="bbox 2071 661 3604 730">
    <p class='ocr_par' dir='ltr' id='par_1_20' title="bbox 2071 661 3604 730">
     <span class='ocr_line' id='line_1_20' title="bbox 2071 661 3604 730; baseline 0.004 -17"><span class='ocrx_word' id='word_1_150' title='bbox 2071 674 2188 713; x_wconf 91' lang='lat' dir='ltr'><strong>nem</strong></span> <span class='ocrx_word' id='word_1_151' title='bbox 2221 668 2604 728; x_wconf 79' lang='lat' dir='ltr'><strong>proposuerunt</strong></span> <span class='ocrx_word' id='word_1_152' title='bbox 2631 661 2894 730; x_wconf 90' lang='lat' dir='ltr'><strong>quomodo</strong></span> <span class='ocrx_word' id='word_1_153' title='bbox 2921 663 3117 718; x_wconf 86' lang='lat' dir='ltr'><strong>diceret</strong></span> <span class='ocrx_word' id='word_1_154' title='bbox 3143 679 3198 718; x_wconf 89' lang='lat' dir='ltr'><strong>se</strong></span> <span class='ocrx_word' id='word_1_155' title='bbox 3240 679 3356 718; x_wconf 87' lang='lat' dir='ltr'><strong>esse</strong></span> <span class='ocrx_word' id='word_1_156' title='bbox 3392 668 3604 720; x_wconf 86' lang='lat' dir='ltr'><strong>moritu-</strong></span> 
     </span>
    </p>
   </div>
   <div class='ocr_carea' id='block_1_21' title="bbox 2070 749 3603 822">
    <p class='ocr_par' dir='ltr' id='par_1_21' title="bbox 2070 749 3603 822">
     <span class='ocr_line' id='line_1_21' title="bbox 2070 749 3603 822; baseline 0.006 -21"><span class='ocrx_word' id='word_1_157' title='bbox 2070 764 2357 813; x_wconf 70' lang='lat' dir='ltr'><strong>rum,,eum</strong></span> <span class='ocrx_word' id='word_1_158' title='bbox 2398 765 2461 803; x_wconf 78' lang='lat' dir='ltr'><strong>ex</strong></span> <span class='ocrx_word' id='word_1_159' title='bbox 2511 749 2624 820; x_wconf 84' lang='lat' dir='ltr'><strong>lege</strong></span> <span class='ocrx_word' id='word_1_160' title='bbox 2653 751 2937 817; x_wconf 83' lang='lat' dir='ltr'><strong>audierint,</strong></span> <span class='ocrx_word' id='word_1_161' title='bbox 2965 755 3103 822; x_wconf 91' lang='lat' dir='ltr'><strong>quod</strong></span> <span class='ocrx_word' id='word_1_162' title='bbox 3143 753 3384 809; x_wconf 85' lang='lat' dir='ltr'><strong>Christus</strong></span> <span class='ocrx_word' id='word_1_163' title='bbox 3431 768 3603 820; x_wconf 83' lang='lat' dir='ltr'><strong>manet</strong></span> 
     </span>
    </p>
   </div>
   <div class='ocr_carea' id='block_1_22' title="bbox 2069 838 3598 914">
    <p class='ocr_par' dir='ltr' id='par_1_22' title="bbox 2069 838 3598 914">
     <span class='ocr_line' id='line_1_22' title="bbox 2069 838 3598 914; baseline 0.003 -24"><span class='ocrx_word' id='word_1_164' title='bbox 2069 839 2121 891; x_wconf 92' lang='lat' dir='ltr'><strong>in</strong></span> <span class='ocrx_word' id='word_1_165' title='bbox 2172 838 2487 908; x_wconf 73' lang='lat' dir='ltr'><strong>mternum),</strong></span> <span class='ocrx_word' id='word_1_166' title='bbox 2543 839 2730 893; x_wconf 89' lang='lat' dir='ltr'><strong>deinde</strong></span> <span class='ocrx_word' id='word_1_167' title='bbox 2785 840 2960 894; x_wconf 87' lang='lat' dir='ltr'><strong>intulit</strong></span> <span class='ocrx_word' id='word_1_168' title='bbox 3002 844 3344 914; x_wconf 88' lang='lat' dir='ltr'><strong>evangelista,</strong></span> <span class='ocrx_word' id='word_1_169' title='bbox 3373 853 3426 898; x_wconf 91' lang='lat' dir='ltr'><strong>et</strong></span> <span class='ocrx_word' id='word_1_170' title='bbox 3473 846 3543 898; x_wconf 89' lang='lat' dir='ltr'><strong>ait</strong></span> <span class='ocrx_word' id='word_1_171' title='bbox 3590 865 3598 895; x_wconf 91' lang='lat'>:</span> 
     </span>
    </p>
   </div>
   <div class='ocr_carea' id='block_1_23' title="bbox 2068 922 3618 999">
    <p class='ocr_par' dir='ltr' id='par_1_23' title="bbox 2068 922 3618 999">
     <span class='ocr_line' id='line_1_23' title="bbox 2068 922 3618 999; baseline 0.004 -21"><span class='ocrx_word' id='word_1_172' title='bbox 2068 922 2248 996; x_wconf 70' lang='lat' dir='ltr'><strong>(Vens.</strong></span> <span class='ocrx_word' id='word_1_173' title='bbox 2276 924 2478 995; x_wconf 86' lang='lat'><strong>57,58)</strong></span> <span class='ocrx_word' id='word_1_174' title='bbox 2508 923 2636 978; x_wconf 89' lang='lat' dir='ltr'><strong>Cum</strong></span> <span class='ocrx_word' id='word_1_175' title='bbox 2683 936 2852 980; x_wconf 89' lang='lat' dir='ltr'><strong>autem</strong></span> <span class='ocrx_word' id='word_1_176' title='bbox 2881 937 3024 982; x_wconf 85' lang='lat' dir='ltr'><strong>tanta</strong></span> <span class='ocrx_word' id='word_1_177' title='bbox 3049 930 3197 998; x_wconf 90' lang='lat' dir='ltr'><strong>signa</strong></span> <span class='ocrx_word' id='word_1_178' title='bbox 3218 931 3413 999; x_wconf 76' lang='lat' dir='ltr'><strong>fecisset</strong></span> <span class='ocrx_word' id='word_1_179' title='bbox 3435 949 3618 985; x_wconf 83' lang='lat' dir='ltr'><strong>coram.</strong></span> 
     </span>
    </p>
   </div>
   <div class='ocr_carea' id='block_1_24' title="bbox 2065 1010 3604 1087">
    <p class='ocr_par' dir='ltr' id='par_1_24' title="bbox 2065 1010 3604 1087">
     <span class='ocr_line' id='line_1_24' title="bbox 2065 1010 3604 1087; baseline 0.005 -23"><span class='ocrx_word' id='word_1_180' title='bbox 2065 1010 2160 1075; x_wconf 79' lang='lat' dir='ltr'><strong>eis,</strong></span> <span class='ocrx_word' id='word_1_181' title='bbox 2192 1029 2292 1066; x_wconf 90' lang='lat' dir='ltr'><strong>non</strong></span> <span class='ocrx_word' id='word_1_182' title='bbox 2321 1013 2589 1066; x_wconf 86' lang='lat' dir='ltr'><strong>credebant</strong></span> <span class='ocrx_word' id='word_1_183' title='bbox 2621 1014 2673 1066; x_wconf 91' lang='lat' dir='ltr'><strong>in</strong></span> <span class='ocrx_word' id='word_1_184' title='bbox 2700 1031 2834 1068; x_wconf 87' lang='lat' dir='ltr'><strong>eum.</strong></span> <span class='ocrx_word' id='word_1_185' title='bbox 2868 1011 2934 1068; x_wconf 89' lang='lat' dir='ltr'><strong>Ut</strong></span> <span class='ocrx_word' id='word_1_186' title='bbox 2964 1033 3128 1069; x_wconf 85' lang='lat' dir='ltr'><strong>sermo</strong></span> <span class='ocrx_word' id='word_1_187' title='bbox 3159 1017 3317 1072; x_wconf 74' lang='lat' dir='ltr'><strong>Isaia:</strong></span> <span class='ocrx_word' id='word_1_188' title='bbox 3353 1019 3604 1087; x_wconf 68' lang='lat' dir='ltr'><strong>prophetis</strong></span> 
     </span>
    </p>
   </div>
   <div class='ocr_carea' id='block_1_25' title="bbox 2067 1100 3607 1172">
    <p class='ocr_par' dir='ltr' id='par_1_25' title="bbox 2067 1100 3607 1172">
     <span class='ocr_line' id='line_1_25' title="bbox 2067 1100 3607 1172; baseline 0.005 -21"><span class='ocrx_word' id='word_1_189' title='bbox 2067 1100 2542 1170; x_wconf 87' lang='lat' dir='ltr'><strong>impleretur,quem</strong></span> <span class='ocrx_word' id='word_1_190' title='bbox 2563 1100 2694 1153; x_wconf 73' lang='lat' dir='ltr'><strong>dixit</strong></span> <span class='ocrx_word' id='word_1_191' title='bbox 2721 1115 2739 1150; x_wconf 90' lang='lat'><strong><em>:</em></strong></span> <span class='ocrx_word' id='word_1_192' title='bbox 2770 1102 3004 1167; x_wconf 86' lang='lat' dir='ltr'><strong>Domine,</strong></span> <span class='ocrx_word' id='word_1_193' title='bbox 3026 1105 3137 1172; x_wconf 88' lang='lat' dir='ltr'><strong>quis</strong></span> <span class='ocrx_word' id='word_1_194' title='bbox 3165 1107 3379 1158; x_wconf 83' lang='lat' dir='ltr'><strong>credidit</strong></span> <span class='ocrx_word' id='word_1_195' title='bbox 3408 1107 3607 1160; x_wconf 86' lang='lat' dir='ltr'><strong>auditui</strong></span> 
     </span>
    </p>
   </div>
   <div class='ocr_carea' id='block_1_26' title="bbox 2069 1188 3602 1263">
    <p class='ocr_par' dir='ltr' id='par_1_26' title="bbox 2069 1188 3602 1263">
     <span class='ocr_line' id='line_1_26' title="bbox 2069 1188 3602 1263; baseline 0.003 -21"><span class='ocrx_word' id='word_1_196' title='bbox 2069 1191 2281 1242; x_wconf 83' lang='lat' dir='ltr'><strong>nostro?</strong></span> <span class='ocrx_word' id='word_1_197' title='bbox 2311 1188 2377 1241; x_wconf 89' lang='lat' dir='ltr'><strong>Et</strong></span> <span class='ocrx_word' id='word_1_198' title='bbox 2405 1189 2666 1243; x_wconf 79' lang='lat' dir='ltr'><strong>brachium</strong></span> <span class='ocrx_word' id='word_1_199' title='bbox 2692 1189 2898 1243; x_wconf 90' lang='lat' dir='ltr'><strong>Domini</strong></span> <span class='ocrx_word' id='word_1_200' title='bbox 2926 1193 3008 1243; x_wconf 90' lang='lat' dir='ltr'><strong>cui</strong></span> <span class='ocrx_word' id='word_1_201' title='bbox 3037 1192 3308 1245; x_wconf 75' lang='lat' dir='ltr'><strong>revelatum</strong></span> <span class='ocrx_word' id='word_1_202' title='bbox 3336 1203 3409 1247; x_wconf 88' lang='lat' dir='ltr'><strong>est</strong></span> <span class='ocrx_word' id='word_1_203' title='bbox 3453 1193 3602 1263; x_wconf 90' lang='lat' dir='ltr'><strong>(Isai.</strong></span> 
     </span>
    </p>
   </div>
   <div class='ocr_carea' id='block_1_27' title="bbox 2069 1276 3604 1350">
    <p class='ocr_par' dir='ltr' id='par_1_27' title="bbox 2069 1276 3604 1350">
     <span class='ocr_line' id='line_1_27' title="bbox 2069 1276 3604 1350; baseline 0.003 -19"><span class='ocrx_word' id='word_1_204' title='bbox 2069 1293 2184 1340; x_wconf 77' lang='lat' dir='ltr'>LIII,</span> <span class='ocrx_word' id='word_1_205' title='bbox 2203 1278 2288 1346; x_wconf 67' lang='grc' dir='ltr'>ψ</span> <span class='ocrx_word' id='word_1_206' title='bbox 2311 1276 2452 1341; x_wconf 81' lang='lat' dir='ltr'><strong>Quis,</strong></span> <span class='ocrx_word' id='word_1_207' title='bbox 2469 1292 2565 1345; x_wconf 92' lang='lat' dir='ltr'><strong>pro</strong></span> <span class='ocrx_word' id='word_1_208' title='bbox 2586 1279 2800 1332; x_wconf 81' lang='lat' dir='ltr'><strong>raritate</strong></span> <span class='ocrx_word' id='word_1_209' title='bbox 2810 1280 3005 1346; x_wconf 84' lang='lat' dir='ltr'><strong>posuit,</strong></span> <span class='ocrx_word' id='word_1_210' title='bbox 3022 1280 3142 1348; x_wconf 87' lang='lat' dir='ltr'><strong>quia</strong></span> <span class='ocrx_word' id='word_1_211' title='bbox 3156 1282 3292 1348; x_wconf 88' lang='lat' dir='ltr'><strong>quod</strong></span> <span class='ocrx_word' id='word_1_212' title='bbox 3306 1282 3468 1336; x_wconf 86' lang='lat' dir='ltr'><strong>sancti</strong></span> <span class='ocrx_word' id='word_1_213' title='bbox 3485 1297 3604 1350; x_wconf 89' lang='lat' dir='ltr'><strong>pro-</strong></span> 
     </span>
    </p>
   </div>
   <div class='ocr_carea' id='block_1_28' title="bbox 2066 1364 3605 1438">
    <p class='ocr_par' dir='ltr' id='par_1_28' title="bbox 2066 1364 3605 1438">
     <span class='ocr_line' id='line_1_28' title="bbox 2066 1364 3605 1438; baseline 0.003 -20"><span class='ocrx_word' id='word_1_214' title='bbox 2066 1367 2238 1434; x_wconf 73' lang='lat' dir='ltr'><strong>pheta:</strong></span> <span class='ocrx_word' id='word_1_215' title='bbox 2259 1381 2288 1418; x_wconf 89' lang='lat' dir='ltr'><strong>a</strong></span> <span class='ocrx_word' id='word_1_216' title='bbox 2307 1364 2414 1418; x_wconf 89' lang='lat' dir='ltr'><strong>Deo</strong></span> <span class='ocrx_word' id='word_1_217' title='bbox 2439 1365 2720 1421; x_wconf 88' lang='lat' dir='ltr'><strong>audierunt</strong></span> <span class='ocrx_word' id='word_1_218' title='bbox 2738 1375 2790 1420; x_wconf 92' lang='lat' dir='ltr'><strong>et</strong></span> <span class='ocrx_word' id='word_1_219' title='bbox 2815 1367 3005 1436; x_wconf 88' lang='lat' dir='ltr'><strong>populo</strong></span> <span class='ocrx_word' id='word_1_220' title='bbox 3025 1370 3463 1437; x_wconf 61' lang='lat' dir='ltr'><strong>prscdicaverunt,</strong></span> <span class='ocrx_word' id='word_1_221' title='bbox 3478 1385 3605 1438; x_wconf 89' lang='lat' dir='ltr'><strong>pau-</strong></span> 
     </span>
    </p>
   </div>
   <div class='ocr_carea' id='block_1_29' title="bbox 2067 1454 3601 1524">
    <p class='ocr_par' dir='ltr' id='par_1_29' title="bbox 2067 1454 3601 1524">
     <span class='ocr_line' id='line_1_29' title="bbox 2067 1454 3601 1524; baseline 0.004 -16"><span class='ocrx_word' id='word_1_222' title='bbox 2067 1455 2264 1508; x_wconf 90' lang='lat' dir='ltr'><strong>cissimi</strong></span> <span class='ocrx_word' id='word_1_223' title='bbox 2289 1454 2648 1509; x_wconf 89' lang='lat' dir='ltr'><strong>crediderunt.</strong></span> <span class='ocrx_word' id='word_1_224' title='bbox 2681 1456 2736 1508; x_wconf 91' lang='lat' dir='ltr'><strong>ln</strong></span> <span class='ocrx_word' id='word_1_225' title='bbox 2766 1471 2829 1509; x_wconf 92' lang='lat' dir='ltr'><strong>eo</strong></span> <span class='ocrx_word' id='word_1_226' title='bbox 2859 1459 2999 1524; x_wconf 90' lang='lat' dir='ltr'><strong>quod</strong></span> <span class='ocrx_word' id='word_1_227' title='bbox 3043 1459 3138 1522; x_wconf 89' lang='lat' dir='ltr'><strong>ait,</strong></span> <span class='ocrx_word' id='word_1_228' title='bbox 3179 1457 3455 1512; x_wconf 85' lang='lat' dir='ltr'><strong>Brachium</strong></span> <span class='ocrx_word' id='word_1_229' title='bbox 3501 1459 3601 1514; x_wconf 90' lang='lat' dir='ltr'><strong>Do-</strong></span> 
     </span>
    </p>
   </div>
   <div class='ocr_carea' id='block_1_30' title="bbox 2067 1543 3606 1602">
    <p class='ocr_par' dir='ltr' id='par_1_30' title="bbox 2067 1543 3606 1602">
     <span class='ocr_line' id='line_1_30' title="bbox 2067 1543 3606 1602; baseline 0.005 -8"><span class='ocrx_word' id='word_1_230' title='bbox 2067 1544 2192 1595; x_wconf 87' lang='lat' dir='ltr'><strong>mini</strong></span> <span class='ocrx_word' id='word_1_231' title='bbox 2238 1544 2321 1596; x_wconf 90' lang='lat' dir='ltr'><strong>cui</strong></span> <span class='ocrx_word' id='word_1_232' title='bbox 2369 1543 2639 1596; x_wconf 75' lang='lat' dir='ltr'><strong>revelatum</strong></span> <span class='ocrx_word' id='word_1_233' title='bbox 2684 1544 2798 1596; x_wconf 79' lang='lat' dir='ltr'><strong>est?</strong></span> <span class='ocrx_word' id='word_1_234' title='bbox 2846 1561 2864 1594; x_wconf 75' lang='grc' dir='ltr'>ι</span> <span class='ocrx_word' id='word_1_235' title='bbox 2901 1556 2925 1584; x_wconf 72' lang='grc' dir='ltr'><strong>α</strong></span> <span class='ocrx_word' id='word_1_236' title='bbox 2961 1546 3207 1600; x_wconf 68' lang='grc' dir='ltr'><strong>υὺὶιςειιίε</strong></span> <span class='ocrx_word' id='word_1_237' title='bbox 3230 1548 3459 1602; x_wconf 87' lang='lat' dir='ltr'><strong>ostendit</strong></span> <span class='ocrx_word' id='word_1_238' title='bbox 3486 1548 3606 1602; x_wconf 86' lang='lat' dir='ltr'><strong>bra-</strong></span> 
     </span>
    </p>
   </div>
   <div class='ocr_carea' id='block_1_31' title="bbox 2068 1633 3604 1705">
    <p class='ocr_par' dir='ltr' id='par_1_31' title="bbox 2068 1633 3604 1705">
     <span class='ocr_line' id='line_1_31' title="bbox 2068 1633 3604 1705; baseline 0.001 -17"><span class='ocrx_word' id='word_1_239' title='bbox 2068 1634 2244 1688; x_wconf 85' lang='lat' dir='ltr'><strong>chium</strong></span> <span class='ocrx_word' id='word_1_240' title='bbox 2273 1633 2502 1699; x_wconf 89' lang='lat' dir='ltr'><strong>Domini,</strong></span> <span class='ocrx_word' id='word_1_241' title='bbox 2531 1635 2700 1703; x_wconf 89' lang='lat' dir='ltr'><strong>ipsum</strong></span> <span class='ocrx_word' id='word_1_242' title='bbox 2730 1635 2822 1689; x_wconf 86' lang='lat' dir='ltr'><strong>Dei</strong></span> <span class='ocrx_word' id='word_1_243' title='bbox 2854 1636 3041 1689; x_wconf 82' lang='lat' dir='ltr'><strong>Filium</strong></span> <span class='ocrx_word' id='word_1_244' title='bbox 3081 1645 3471 1705; x_wconf 87' lang='lat' dir='ltr'><strong>nuncupatum;</strong></span> <span class='ocrx_word' id='word_1_245' title='bbox 3502 1652 3604 1691; x_wconf 93' lang='lat' dir='ltr'><strong>non</strong></span> 
     </span>
    </p>
   </div>
   <div class='ocr_carea' id='block_1_32' title="bbox 2067 1723 3602 1794">
    <p class='ocr_par' dir='ltr' id='par_1_32' title="bbox 2067 1723 3602 1794">
     <span class='ocr_line' id='line_1_32' title="bbox 2067 1723 3602 1794; baseline 0.003 -19"><span class='ocrx_word' id='word_1_246' title='bbox 2067 1723 2206 1791; x_wconf 84' lang='lat' dir='ltr'><strong>quod</strong></span> <span class='ocrx_word' id='word_1_247' title='bbox 2229 1723 2365 1776; x_wconf 91' lang='lat' dir='ltr'><strong>Deus</strong></span> <span class='ocrx_word' id='word_1_248' title='bbox 2384 1723 2542 1777; x_wconf 84' lang='lat' dir='ltr'><strong>Pater</strong></span> <span class='ocrx_word' id='word_1_249' title='bbox 2561 1723 2726 1794; x_wconf 90' lang='lat' dir='ltr'><strong>ﬁgura</strong></span> <span class='ocrx_word' id='word_1_250' title='bbox 2743 1725 3122 1778; x_wconf 87' lang='lat' dir='ltr'><strong>determinetur</strong></span> <span class='ocrx_word' id='word_1_251' title='bbox 3144 1725 3319 1779; x_wconf 89' lang='lat' dir='ltr'><strong>carnis</strong></span> <span class='ocrx_word' id='word_1_252' title='bbox 3341 1725 3602 1786; x_wconf 66' lang='lat' dir='ltr'><strong>humanae,</strong></span> 
     </span>
    </p>
   </div>
   <div class='ocr_carea' id='block_1_33' title="bbox 432 1797 3605 1882">
    <p class='ocr_par' dir='ltr' id='par_1_33' title="bbox 432 1797 3605 1882">
     <span class='ocr_line' id='line_1_33' title="bbox 432 1797 3605 1882; baseline 0.001 -18"><span class='ocrx_word' id='word_1_253' title='bbox 432 1820 704 1876; x_wconf 88' lang='lat' dir='ltr'><strong>nentes,et</strong></span> <span class='ocrx_word' id='word_1_254' title='bbox 723 1812 860 1880; x_wconf 88' lang='lat' dir='ltr'><strong>quod</strong></span> <span class='ocrx_word' id='word_1_255' title='bbox 876 1822 1013 1865; x_wconf 86' lang='lat' dir='ltr'><strong>nunc</strong></span> <span class='ocrx_word' id='word_1_256' title='bbox 1035 1813 1106 1865; x_wconf 88' lang='lat' dir='ltr'><strong>ait</strong></span> <span class='ocrx_word' id='word_1_257' title='bbox 1131 1831 1142 1866; x_wconf 93' lang='lat'>:</span> <span class='ocrx_word' id='word_1_258' title='bbox 1173 1811 1299 1866; x_wconf 84' lang='lat' dir='ltr'><strong>Cant</strong></span> <span class='ocrx_word' id='word_1_259' title='bbox 1323 1812 1574 1866; x_wconf 71' lang='lat' dir='ltr'><strong>exaltatus</strong></span> <span class='ocrx_word' id='word_1_260' title='bbox 1598 1813 1742 1881; x_wconf 79' lang='lat' dir='ltr'><strong>fuero</strong></span> <span class='ocrx_word' id='word_1_261' title='bbox 1762 1824 1964 1879; x_wconf 88' lang='lat' dir='ltr'><strong>aterra,</strong></span> <span class='ocrx_word' id='word_1_262' title='bbox 1999 1797 2042 1854; x_wconf 74' lang='grc' dir='ltr'><strong>Β</strong></span> <span class='ocrx_word' id='word_1_263' title='bbox 2067 1813 2220 1880; x_wconf 85' lang='lat' dir='ltr'><strong>eique</strong></span> <span class='ocrx_word' id='word_1_264' title='bbox 2246 1812 2410 1866; x_wconf 81' lang='lat' dir='ltr'><strong>Filius</strong></span> <span class='ocrx_word' id='word_1_265' title='bbox 2431 1821 2682 1882; x_wconf 87' lang='lat' dir='ltr'><strong>tanquam</strong></span> <span class='ocrx_word' id='word_1_266' title='bbox 2708 1814 3000 1866; x_wconf 86' lang='lat' dir='ltr'><strong>membrum</strong></span> <span class='ocrx_word' id='word_1_267' title='bbox 3029 1815 3266 1882; x_wconf 86' lang='lat' dir='ltr'><strong>corporis</strong></span> <span class='ocrx_word' id='word_1_268' title='bbox 3285 1813 3605 1876; x_wconf 73' lang='lat' dir='ltr'><strong>hmreat,sed</strong></span> 
     </span>
    </p>
   </div>
   <div class='ocr_carea' id='block_1_34' title="bbox 433 1899 1970 1970">
    <p class='ocr_par' dir='ltr' id='par_1_34' title="bbox 433 1899 1970 1970">
     <span class='ocr_line' id='line_1_34' title="bbox 433 1899 1970 1970; baseline 0.003 -17"><span class='ocrx_word' id='word_1_269' title='bbox 433 1909 655 1953; x_wconf 87' lang='lat' dir='ltr'><strong>mortem</strong></span> <span class='ocrx_word' id='word_1_270' title='bbox 687 1901 861 1954; x_wconf 86' lang='lat' dir='ltr'><strong>crucis</strong></span> <span class='ocrx_word' id='word_1_271' title='bbox 898 1899 1267 1967; x_wconf 88' lang='lat' dir='ltr'><strong>intelligentes,</strong></span> <span class='ocrx_word' id='word_1_272' title='bbox 1295 1902 1614 1970; x_wconf 68' lang='lat' dir='ltr'><strong>quaesierunt</strong></span> <span class='ocrx_word' id='word_1_273' title='bbox 1657 1902 1722 1954; x_wconf 94' lang='lat' dir='ltr'><strong>ab</strong></span> <span class='ocrx_word' id='word_1_274' title='bbox 1764 1902 1874 1966; x_wconf 87' lang='lat' dir='ltr'><strong>illo,</strong></span> <span class='ocrx_word' id='word_1_275' title='bbox 1917 1913 1970 1958; x_wconf 85' lang='lat' dir='ltr'><strong>et</strong></span> 
     </span>
    </p>
   </div>
   <div class='ocr_carea' id='block_1_35' title="bbox 432 1987 1969 2060">
    <p class='ocr_par' dir='ltr' id='par_1_35' title="bbox 432 1987 1969 2060">
     <span class='ocr_line' id='line_1_35' title="bbox 432 1987 1969 2060; baseline 0.001 -18"><span class='ocrx_word' id='word_1_276' title='bbox 432 1991 708 2043; x_wconf 75' lang='lat' dir='ltr'><strong>dixerunt:</strong></span> <span class='ocrx_word' id='word_1_277' title='bbox 757 1987 866 2042; x_wconf 85' lang='lat' dir='ltr'><strong>Nos</strong></span> <span class='ocrx_word' id='word_1_278' title='bbox 893 1989 1180 2042; x_wconf 84' lang='lat' dir='ltr'><strong>audivimus</strong></span> <span class='ocrx_word' id='word_1_279' title='bbox 1199 2006 1262 2043; x_wconf 74' lang='lat' dir='ltr'><strong>ea:</strong></span> <span class='ocrx_word' id='word_1_280' title='bbox 1283 1989 1410 2060; x_wconf 87' lang='lat' dir='ltr'><strong>lege,</strong></span> <span class='ocrx_word' id='word_1_281' title='bbox 1439 1991 1559 2060; x_wconf 87' lang='lat' dir='ltr'><strong>quia</strong></span> <span class='ocrx_word' id='word_1_282' title='bbox 1600 1990 1832 2044; x_wconf 85' lang='lat' dir='ltr'><strong>Christus</strong></span> <span class='ocrx_word' id='word_1_283' title='bbox 1861 2007 1969 2044; x_wconf 87' lang='lat' dir='ltr'><strong>ma-</strong></span> 
     </span>
    </p>
   </div>
   <div class='ocr_carea' id='block_1_36' title="bbox 433 2081 1968 2151">
    <p class='ocr_par' dir='ltr' id='par_1_36' title="bbox 433 2081 1968 2151">
     <span class='ocr_line' id='line_1_36' title="bbox 433 2081 1968 2151; baseline 0.001 -20"><span class='ocrx_word' id='word_1_284' title='bbox 433 2091 512 2134; x_wconf 85' lang='lat' dir='ltr'><strong>net</strong></span> <span class='ocrx_word' id='word_1_285' title='bbox 541 2081 592 2132; x_wconf 90' lang='lat' dir='ltr'><strong>in</strong></span> <span class='ocrx_word' id='word_1_286' title='bbox 622 2090 865 2133; x_wconf 77' lang='lat' dir='ltr'><strong>trternum</strong></span> <span class='ocrx_word' id='word_1_287' title='bbox 899 2099 912 2134; x_wconf 84' lang='lat'>:</span> <span class='ocrx_word' id='word_1_288' title='bbox 947 2091 993 2133; x_wconf 88' lang='lat' dir='ltr'><strong>et</strong></span> <span class='ocrx_word' id='word_1_289' title='bbox 1017 2081 1265 2151; x_wconf 83' lang='lat' dir='ltr'><strong>quomodo</strong></span> <span class='ocrx_word' id='word_1_290' title='bbox 1309 2091 1362 2134; x_wconf 90' lang='lat' dir='ltr'><strong>tu</strong></span> <span class='ocrx_word' id='word_1_291' title='bbox 1398 2081 1523 2134; x_wconf 86' lang='lat' dir='ltr'><strong>dicis</strong></span> <span class='ocrx_word' id='word_1_292' title='bbox 1550 2097 1567 2134; x_wconf 89' lang='lat'><em>:</em></span> <span class='ocrx_word' id='word_1_293' title='bbox 1593 2081 1801 2150; x_wconf 86' lang='lat' dir='ltr'><strong>Oportet</strong></span> <span class='ocrx_word' id='word_1_294' title='bbox 1828 2083 1968 2135; x_wconf 75' lang='lat' dir='ltr'><strong>exal-</strong></span> 
     </span>
    </p>
   </div>
   <div class='ocr_carea' id='block_1_37' title="bbox 432 2169 1974 2240">
    <p class='ocr_par' dir='ltr' id='par_1_37' title="bbox 432 2169 1974 2240">
     <span class='ocr_line' id='line_1_37' title="bbox 432 2169 1974 2240; baseline 0.002 -18"><span class='ocrx_word' id='word_1_295' title='bbox 432 2173 533 2223; x_wconf 84' lang='lat' dir='ltr'><strong>tari</strong></span> <span class='ocrx_word' id='word_1_296' title='bbox 559 2169 754 2223; x_wconf 83' lang='lat' dir='ltr'><strong>Filium</strong></span> <span class='ocrx_word' id='word_1_297' title='bbox 778 2169 1039 2224; x_wconf 80' lang='lat' dir='ltr'><strong>hominis?</strong></span> <span class='ocrx_word' id='word_1_298' title='bbox 1061 2171 1116 2226; x_wconf 91' lang='lat' dir='ltr'><strong>Si</strong></span> <span class='ocrx_word' id='word_1_299' title='bbox 1142 2172 1282 2226; x_wconf 90' lang='lat' dir='ltr'><strong>enim</strong></span> <span class='ocrx_word' id='word_1_300' title='bbox 1302 2171 1542 2226; x_wconf 84' lang='lat' dir='ltr'><strong>Christus</strong></span> <span class='ocrx_word' id='word_1_301' title='bbox 1568 2179 1669 2236; x_wconf 87' lang='lat' dir='ltr'><strong>est,</strong></span> <span class='ocrx_word' id='word_1_302' title='bbox 1699 2172 1974 2240; x_wconf 68' lang='lat' dir='ltr'><strong>inquiunt,</strong></span> 
     </span>
    </p>
   </div>
   <div class='ocr_carea' id='block_1_38' title="bbox 437 2259 1964 2328">
    <p class='ocr_par' dir='ltr' id='par_1_38' title="bbox 437 2259 1964 2328">
     <span class='ocr_line' id='line_1_38' title="bbox 437 2259 1964 2328; baseline 0.001 -18"><span class='ocrx_word' id='word_1_303' title='bbox 437 2267 617 2311; x_wconf 89' lang='lat' dir='ltr'><strong>manet</strong></span> <span class='ocrx_word' id='word_1_304' title='bbox 670 2259 724 2310; x_wconf 92' lang='lat' dir='ltr'><strong>in</strong></span> <span class='ocrx_word' id='word_1_305' title='bbox 766 2267 1020 2311; x_wconf 64' lang='lat' dir='ltr'><strong>aeternum</strong></span> <span class='ocrx_word' id='word_1_306' title='bbox 1051 2272 1074 2312; x_wconf 78' lang='lat'><strong>:.</strong></span> <span class='ocrx_word' id='word_1_307' title='bbox 1102 2259 1145 2313; x_wconf 88' lang='lat' dir='ltr'><strong>si</strong></span> <span class='ocrx_word' id='word_1_308' title='bbox 1183 2268 1360 2313; x_wconf 90' lang='lat' dir='ltr'><strong>manet</strong></span> <span class='ocrx_word' id='word_1_309' title='bbox 1400 2261 1452 2314; x_wconf 91' lang='lat' dir='ltr'><strong>in</strong></span> <span class='ocrx_word' id='word_1_310' title='bbox 1492 2268 1778 2322; x_wconf 81' lang='lat' dir='ltr'><strong>:eternum,</strong></span> <span class='ocrx_word' id='word_1_311' title='bbox 1835 2274 1964 2328; x_wconf 88' lang='lat' dir='ltr'><strong>quo-</strong></span> 
     </span>
    </p>
   </div>
   <div class='ocr_carea' id='block_1_39' title="bbox 434 2344 1966 2418">
    <p class='ocr_par' dir='ltr' id='par_1_39' title="bbox 434 2344 1966 2418">
     <span class='ocr_line' id='line_1_39' title="bbox 434 2344 1966 2418; baseline 0.003 -22"><span class='ocrx_word' id='word_1_312' title='bbox 434 2346 590 2398; x_wconf 88' lang='lat' dir='ltr'><strong>modo</strong></span> <span class='ocrx_word' id='word_1_313' title='bbox 635 2344 954 2398; x_wconf 84' lang='lat' dir='ltr'><strong>exaltabitnr</strong></span> <span class='ocrx_word' id='word_1_314' title='bbox 1005 2361 1034 2398; x_wconf 91' lang='lat' dir='ltr'><strong>a</strong></span> <span class='ocrx_word' id='word_1_315' title='bbox 1082 2347 1261 2399; x_wconf 86' lang='lat' dir='ltr'><strong>terra?</strong></span> <span class='ocrx_word' id='word_1_316' title='bbox 1305 2346 1359 2401; x_wconf 85' lang='lat' dir='ltr'><strong>id</strong></span> <span class='ocrx_word' id='word_1_317' title='bbox 1417 2357 1520 2411; x_wconf 89' lang='lat' dir='ltr'><strong>est,</strong></span> <span class='ocrx_word' id='word_1_318' title='bbox 1555 2348 1818 2418; x_wconf 91' lang='lat' dir='ltr'><strong>quomodo</strong></span> <span class='ocrx_word' id='word_1_319' title='bbox 1843 2363 1966 2402; x_wconf 90' lang='lat' dir='ltr'><strong>cru-</strong></span> 
     </span>
    </p>
   </div>
   <div class='ocr_carea' id='block_1_40' title="bbox 431 2432 1967 2502">
    <p class='ocr_par' dir='ltr' id='par_1_40' title="bbox 431 2432 1967 2502">
     <span class='ocr_line' id='line_1_40' title="bbox 431 2432 1967 2502; baseline 0.001 -16"><span class='ocrx_word' id='word_1_320' title='bbox 431 2432 510 2486; x_wconf 86' lang='lat' dir='ltr'><strong>cis</strong></span> <span class='ocrx_word' id='word_1_321' title='bbox 557 2433 802 2502; x_wconf 88' lang='lat' dir='ltr'><strong>passione</strong></span> <span class='ocrx_word' id='word_1_322' title='bbox 847 2432 1134 2486; x_wconf 84' lang='lat' dir='ltr'><strong>morietur‘l</strong></span> <span class='ocrx_word' id='word_1_323' title='bbox 1165 2433 1273 2487; x_wconf 82' lang='lat' dir='ltr'><strong>Hoc</strong></span> <span class='ocrx_word' id='word_1_324' title='bbox 1305 2436 1445 2488; x_wconf 91' lang='lat' dir='ltr'><strong>enim</strong></span> <span class='ocrx_word' id='word_1_325' title='bbox 1491 2450 1613 2489; x_wconf 90' lang='lat' dir='ltr'><strong>eum</strong></span> <span class='ocrx_word' id='word_1_326' title='bbox 1669 2436 1862 2489; x_wconf 80' lang='lat' dir='ltr'><strong>dixisse</strong></span> <span class='ocrx_word' id='word_1_327' title='bbox 1888 2435 1967 2488; x_wconf 84' lang='lat' dir='ltr'><strong>in-</strong></span> 
     </span>
    </p>
   </div>
   <div class='ocr_carea' id='block_1_41' title="bbox 432 2518 1963 2590">
    <p class='ocr_par' dir='ltr' id='par_1_41' title="bbox 432 2518 1963 2590">
     <span class='ocr_line' id='line_1_41' title="bbox 432 2518 1963 2590; baseline 0.001 -17"><span class='ocrx_word' id='word_1_328' title='bbox 432 2520 752 2590; x_wconf 88' lang='lat' dir='ltr'><strong>telligebant,</strong></span> <span class='ocrx_word' id='word_1_329' title='bbox 798 2521 935 2589; x_wconf 89' lang='lat' dir='ltr'><strong>quod</strong></span> <span class='ocrx_word' id='word_1_330' title='bbox 983 2518 1155 2574; x_wconf 80' lang='lat' dir='ltr'><strong>facere</strong></span> <span class='ocrx_word' id='word_1_331' title='bbox 1191 2521 1513 2590; x_wconf 75' lang='lat' dir='ltr'><strong>cogitabant.</strong></span> <span class='ocrx_word' id='word_1_332' title='bbox 1553 2521 1666 2575; x_wconf 90' lang='lat' dir='ltr'><strong>Non</strong></span> <span class='ocrx_word' id='word_1_333' title='bbox 1707 2537 1835 2590; x_wconf 89' lang='lat' dir='ltr'><strong>ergo</strong></span> <span class='ocrx_word' id='word_1_334' title='bbox 1884 2522 1963 2575; x_wconf 84' lang='lat' dir='ltr'><strong>eis</strong></span> 
     </span>
    </p>
   </div>
   <div class='ocr_carea' id='block_1_42' title="bbox 427 2608 1962 2678">
    <p class='ocr_par' dir='ltr' id='par_1_42' title="bbox 427 2608 1962 2678">
     <span class='ocr_line' id='line_1_42' title="bbox 427 2608 1962 2678; baseline 0.003 -20"><span class='ocrx_word' id='word_1_335' title='bbox 427 2609 708 2661; x_wconf 81' lang='lat' dir='ltr'><strong>verborum</strong></span> <span class='ocrx_word' id='word_1_336' title='bbox 751 2609 972 2662; x_wconf 89' lang='lat' dir='ltr'><strong>istorum</strong></span> <span class='ocrx_word' id='word_1_337' title='bbox 1015 2608 1389 2663; x_wconf 79' lang='lat' dir='ltr'><strong>obscuritatem</strong></span> <span class='ocrx_word' id='word_1_338' title='bbox 1427 2610 1634 2678; x_wconf 88' lang='lat' dir='ltr'><strong>aperuit</strong></span> <span class='ocrx_word' id='word_1_339' title='bbox 1677 2609 1846 2663; x_wconf 82' lang='lat' dir='ltr'><strong>infusa</strong></span> <span class='ocrx_word' id='word_1_340' title='bbox 1879 2625 1962 2663; x_wconf 84' lang='lat' dir='ltr'><strong>sa-</strong></span> 
     </span>
    </p>
   </div>
   <div class='ocr_carea' id='block_1_43' title="bbox 426 2697 1966 2771">
    <p class='ocr_par' dir='ltr' id='par_1_43' title="bbox 426 2697 1966 2771">
     <span class='ocr_line' id='line_1_43' title="bbox 426 2697 1966 2771; baseline 0.002 -21"><span class='ocrx_word' id='word_1_341' title='bbox 426 2697 647 2767; x_wconf 87' lang='lat' dir='ltr'><strong>pientia,</strong></span> <span class='ocrx_word' id='word_1_342' title='bbox 672 2699 763 2751; x_wconf 93' lang='lat' dir='ltr'><strong>sed</strong></span> <span class='ocrx_word' id='word_1_343' title='bbox 797 2699 1065 2754; x_wconf 89' lang='lat' dir='ltr'><strong>stimulata</strong></span> <span class='ocrx_word' id='word_1_344' title='bbox 1100 2700 1444 2753; x_wconf 73' lang='lat' dir='ltr'><strong>conserentia.</strong></span> <span class='ocrx_word' id='word_1_345' title='bbox 1470 2700 1650 2769; x_wconf 69' lang='lat' dir='ltr'><strong>(Vens.</strong></span> <span class='ocrx_word' id='word_1_346' title='bbox 1679 2699 1790 2771; x_wconf 83' lang='lat'><strong>55.)</strong></span> <span class='ocrx_word' id='word_1_347' title='bbox 1820 2700 1966 2753; x_wconf 66' lang='lat' dir='ltr'><strong>Dixit</strong></span> 
     </span>
    </p>
   </div>
   <div class='ocr_carea' id='block_1_44' title="bbox 428 2783 1960 2854">
    <p class='ocr_par' dir='ltr' id='par_1_44' title="bbox 428 2783 1960 2854">
     <span class='ocr_line' id='line_1_44' title="bbox 428 2783 1960 2854; baseline 0.002 -15"><span class='ocrx_word' id='word_1_348' title='bbox 428 2801 546 2854; x_wconf 87' lang='lat' dir='ltr'><strong>ergo</strong></span> <span class='ocrx_word' id='word_1_349' title='bbox 573 2786 644 2838; x_wconf 89' lang='lat' dir='ltr'><strong>eis</strong></span> <span class='ocrx_word' id='word_1_350' title='bbox 673 2783 825 2839; x_wconf 74' lang='lat' dir='ltr'><strong>Iesus</strong></span> <span class='ocrx_word' id='word_1_351' title='bbox 856 2803 874 2840; x_wconf 91' lang='lat'><strong><em>:</em></strong></span> <span class='ocrx_word' id='word_1_352' title='bbox 902 2787 1080 2840; x_wconf 80' lang='lat' dir='ltr'><strong>Adhuc</strong></span> <span class='ocrx_word' id='word_1_353' title='bbox 1129 2787 1382 2842; x_wconf 86' lang='lat' dir='ltr'><strong>modicum</strong></span> <span class='ocrx_word' id='word_1_354' title='bbox 1411 2787 1580 2842; x_wconf 87' lang='lat' dir='ltr'><strong>lumen</strong></span> <span class='ocrx_word' id='word_1_355' title='bbox 1623 2790 1676 2842; x_wconf 90' lang='lat' dir='ltr'><strong>in</strong></span> <span class='ocrx_word' id='word_1_356' title='bbox 1705 2789 1843 2843; x_wconf 79' lang='lat' dir='ltr'><strong>vobis</strong></span> <span class='ocrx_word' id='word_1_357' title='bbox 1866 2797 1960 2842; x_wconf 87' lang='lat' dir='ltr'><strong>est.</strong></span> 
     </span>
    </p>
   </div>
   <div class='ocr_carea' id='block_1_45' title="bbox 432 2876 1962 2950">
    <p class='ocr_par' dir='ltr' id='par_1_45' title="bbox 432 2876 1962 2950">
     <span class='ocr_line' id='line_1_45' title="bbox 432 2876 1962 2950; baseline 0.001 -20"><span class='ocrx_word' id='word_1_358' title='bbox 432 2876 564 2930; x_wconf 78' lang='lat' dir='ltr'><strong>[line</strong></span> <span class='ocrx_word' id='word_1_359' title='bbox 594 2884 694 2940; x_wconf 86' lang='lat' dir='ltr'><strong>est,</strong></span> <span class='ocrx_word' id='word_1_360' title='bbox 726 2877 865 2945; x_wconf 90' lang='lat' dir='ltr'><strong>quod</strong></span> <span class='ocrx_word' id='word_1_361' title='bbox 909 2877 1374 2948; x_wconf 73' lang='lat' dir='ltr'><strong>iutelligitisIMs.,</strong></span> <span class='ocrx_word' id='word_1_362' title='bbox 1422 2877 1777 2950; x_wconf 88' lang='lat' dir='ltr'><strong>intelligetis],</strong></span> <span class='ocrx_word' id='word_1_363' title='bbox 1823 2879 1962 2947; x_wconf 76' lang='lat' dir='ltr'><strong>quod</strong></span> 
     </span>
    </p>
   </div>
   <div class='ocr_carea' id='block_1_46' title="bbox 430 2965 1964 3036">
    <p class='ocr_par' dir='ltr' id='par_1_46' title="bbox 430 2965 1964 3036">
     <span class='ocr_line' id='line_1_46' title="bbox 430 2965 1964 3036; baseline 0.003 -18"><span class='ocrx_word' id='word_1_364' title='bbox 430 2965 673 3020; x_wconf 89' lang='lat' dir='ltr'><strong>Christus</strong></span> <span class='ocrx_word' id='word_1_365' title='bbox 713 2975 890 3019; x_wconf 87' lang='lat' dir='ltr'><strong>manet</strong></span> <span class='ocrx_word' id='word_1_366' title='bbox 936 2965 989 3018; x_wconf 90' lang='lat' dir='ltr'><strong>in</strong></span> <span class='ocrx_word' id='word_1_367' title='bbox 1031 2974 1304 3020; x_wconf 60' lang='lat' dir='ltr'><strong>aeternum.</strong></span> <span class='ocrx_word' id='word_1_368' title='bbox 1351 2966 1486 3036; x_wconf 85' lang='lat' dir='ltr'><strong>Ergo</strong></span> <span class='ocrx_word' id='word_1_369' title='bbox 1516 2967 1794 3033; x_wconf 83' lang='lat' dir='ltr'><strong>ambulate,</strong></span> <span class='ocrx_word' id='word_1_370' title='bbox 1840 2969 1964 3022; x_wconf 83' lang='lat' dir='ltr'><strong>dum</strong></span> 
     </span>
    </p>
   </div>
   <div class='ocr_carea' id='block_1_47' title="bbox 430 3054 1960 3124">
    <p class='ocr_par' dir='ltr' id='par_1_47' title="bbox 430 3054 1960 3124">
     <span class='ocr_line' id='line_1_47' title="bbox 430 3054 1960 3124; baseline 0.001 -16"><span class='ocrx_word' id='word_1_371' title='bbox 430 3054 593 3108; x_wconf 83' lang='lat' dir='ltr'><strong>lucem</strong></span> <span class='ocrx_word' id='word_1_372' title='bbox 636 3056 852 3120; x_wconf 80' lang='lat' dir='ltr'><strong>habetis,</strong></span> <span class='ocrx_word' id='word_1_373' title='bbox 903 3065 958 3109; x_wconf 87' lang='lat' dir='ltr'><strong>ut</strong></span> <span class='ocrx_word' id='word_1_374' title='bbox 997 3072 1098 3110; x_wconf 86' lang='lat' dir='ltr'><strong>non</strong></span> <span class='ocrx_word' id='word_1_375' title='bbox 1138 3073 1224 3109; x_wconf 79' lang='lat' dir='ltr'><strong>vos</strong></span> <span class='ocrx_word' id='word_1_376' title='bbox 1265 3058 1481 3109; x_wconf 69' lang='lat' dir='ltr'><strong>tenebrat</strong></span> <span class='ocrx_word' id='word_1_377' title='bbox 1515 3057 1960 3124; x_wconf 81' lang='lat' dir='ltr'><strong>comprehendant.</strong></span> 
     </span>
    </p>
   </div>
   <div class='ocr_carea' id='block_1_48' title="bbox 430 3115 2033 3214">
    <p class='ocr_par' dir='ltr' id='par_1_48' title="bbox 430 3115 2033 3214">
     <span class='ocr_line' id='line_1_48' title="bbox 430 3115 2033 3214; baseline 0.001 -17"><span class='ocrx_word' id='word_1_378' title='bbox 430 3145 727 3209; x_wconf 63' lang='lat' dir='ltr'><strong>hmbulate,</strong></span> <span class='ocrx_word' id='word_1_379' title='bbox 765 3115 1019 3210; x_wconf 79' lang='lat' dir='ltr'><strong>accedite,</strong></span> <span class='ocrx_word' id='word_1_380' title='bbox 1052 3154 1216 3200; x_wconf 88' lang='lat' dir='ltr'><strong>totum</strong></span> <span class='ocrx_word' id='word_1_381' title='bbox 1263 3143 1417 3214; x_wconf 77' lang='lat'><strong>537</strong></span> <span class='ocrx_word' id='word_1_382' title='bbox 1447 3115 1739 3213; x_wconf 78' lang='lat' dir='ltr'><strong>intelligite,</strong></span> <span class='ocrx_word' id='word_1_383' title='bbox 1773 3154 1828 3198; x_wconf 85' lang='lat' dir='ltr'><strong>et</strong></span> <span class='ocrx_word' id='word_1_384' title='bbox 1850 3161 1962 3199; x_wconf 88' lang='lat' dir='ltr'><strong>mo-</strong></span> <span class='ocrx_word' id='word_1_385' title='bbox 1990 3115 2033 3174; x_wconf 69' lang='grc' dir='ltr'><strong>(ἶ</strong></span> 
     </span>
    </p>
   </div>
   <div class='ocr_carea' id='block_1_49' title="bbox 431 3234 1960 3300">
    <p class='ocr_par' dir='ltr' id='par_1_49' title="bbox 431 3234 1960 3300">
     <span class='ocr_line' id='line_1_49' title="bbox 431 3234 1960 3300; baseline 0.001 -13"><span class='ocrx_word' id='word_1_386' title='bbox 431 3236 656 3288; x_wconf 82' lang='lat' dir='ltr'><strong>riturum</strong></span> <span class='ocrx_word' id='word_1_387' title='bbox 681 3234 949 3290; x_wconf 88' lang='lat' dir='ltr'><strong>Christum</strong></span> <span class='ocrx_word' id='word_1_388' title='bbox 983 3244 1036 3290; x_wconf 93' lang='lat' dir='ltr'><strong>et</strong></span> <span class='ocrx_word' id='word_1_389' title='bbox 1065 3237 1327 3291; x_wconf 89' lang='lat' dir='ltr'><strong>victurum</strong></span> <span class='ocrx_word' id='word_1_390' title='bbox 1356 3236 1408 3290; x_wconf 91' lang='lat' dir='ltr'><strong>in</strong></span> <span class='ocrx_word' id='word_1_391' title='bbox 1441 3244 1724 3300; x_wconf 66' lang='lat' dir='ltr'><strong>aeternum;</strong></span> <span class='ocrx_word' id='word_1_392' title='bbox 1758 3243 1810 3288; x_wconf 90' lang='lat' dir='ltr'><strong>et</strong></span> <span class='ocrx_word' id='word_1_393' title='bbox 1839 3251 1960 3288; x_wconf 85' lang='lat' dir='ltr'><strong>san-</strong></span> 
     </span>
    </p>
   </div>
   <div class='ocr_carea' id='block_1_50' title="bbox 429 3324 1963 3396">
    <p class='ocr_par' dir='ltr' id='par_1_50' title="bbox 429 3324 1963 3396">
     <span class='ocr_line' id='line_1_50' title="bbox 429 3324 1963 3396; baseline -0.001 -16"><span class='ocrx_word' id='word_1_394' title='bbox 429 3327 640 3395; x_wconf 89' lang='lat' dir='ltr'><strong>guinem</strong></span> <span class='ocrx_word' id='word_1_395' title='bbox 666 3324 901 3380; x_wconf 82' lang='lat' dir='ltr'><strong>fusurom</strong></span> <span class='ocrx_word' id='word_1_396' title='bbox 931 3327 1304 3396; x_wconf 83' lang='lat' dir='ltr'><strong>quoredimat,</strong></span> <span class='ocrx_word' id='word_1_397' title='bbox 1335 3333 1391 3379; x_wconf 91' lang='lat' dir='ltr'><strong>et</strong></span> <span class='ocrx_word' id='word_1_398' title='bbox 1411 3340 1753 3379; x_wconf 90' lang='lat' dir='ltr'><strong>ascensurum</strong></span> <span class='ocrx_word' id='word_1_399' title='bbox 1783 3326 1834 3379; x_wconf 91' lang='lat' dir='ltr'><strong>in</strong></span> <span class='ocrx_word' id='word_1_400' title='bbox 1877 3341 1963 3379; x_wconf 90' lang='lat' dir='ltr'><strong>su-</strong></span> 
     </span>
    </p>
   </div>
   <div class='ocr_carea' id='block_1_51' title="bbox 432 3413 1964 3484">
    <p class='ocr_par' dir='ltr' id='par_1_51' title="bbox 432 3413 1964 3484">
     <span class='ocr_line' id='line_1_51' title="bbox 432 3413 1964 3484; baseline 0 -17"><span class='ocrx_word' id='word_1_401' title='bbox 432 3415 610 3469; x_wconf 84' lang='lat' dir='ltr'><strong>blimia</strong></span> <span class='ocrx_word' id='word_1_402' title='bbox 636 3430 742 3484; x_wconf 87' lang='lat' dir='ltr'><strong>quo</strong></span> <span class='ocrx_word' id='word_1_403' title='bbox 766 3415 1038 3484; x_wconf 85' lang='lat' dir='ltr'><strong>perducat.</strong></span> <span class='ocrx_word' id='word_1_404' title='bbox 1088 3413 1342 3468; x_wconf 71' lang='lat' dir='ltr'><strong>Tenebrte</strong></span> <span class='ocrx_word' id='word_1_405' title='bbox 1368 3421 1545 3468; x_wconf 87' lang='lat' dir='ltr'><strong>autem</strong></span> <span class='ocrx_word' id='word_1_406' title='bbox 1587 3428 1681 3467; x_wconf 84' lang='lat' dir='ltr'><strong>vos</strong></span> <span class='ocrx_word' id='word_1_407' title='bbox 1725 3427 1964 3481; x_wconf 88' lang='lat' dir='ltr'><strong>compre-</strong></span> 
     </span>
    </p>
   </div>
   <div class='ocr_carea' id='block_1_52' title="bbox 433 3503 1962 3570">
    <p class='ocr_par' dir='ltr' id='par_1_52' title="bbox 433 3503 1962 3570">
     <span class='ocr_line' id='line_1_52' title="bbox 433 3503 1962 3570; baseline -0.003 -10"><span class='ocrx_word' id='word_1_408' title='bbox 433 3508 681 3570; x_wconf 85' lang='lat' dir='ltr'><strong>hendent,</strong></span> <span class='ocrx_word' id='word_1_409' title='bbox 711 3507 756 3560; x_wconf 87' lang='lat' dir='ltr'><strong>si</strong></span> <span class='ocrx_word' id='word_1_410' title='bbox 779 3521 843 3560; x_wconf 92' lang='lat' dir='ltr'><strong>eo</strong></span> <span class='ocrx_word' id='word_1_411' title='bbox 871 3505 1026 3561; x_wconf 88' lang='lat' dir='ltr'><strong>modo</strong></span> <span class='ocrx_word' id='word_1_412' title='bbox 1045 3503 1962 3565; x_wconf 70' lang='lat' dir='ltr'><strong>credideritisChristimternitatcm,</strong></span> 
     </span>
    </p>
   </div>
   <div class='ocr_carea' id='block_1_53' title="bbox 432 3589 1965 3663">
    <p class='ocr_par' dir='ltr' id='par_1_53' title="bbox 432 3589 1965 3663">
     <span class='ocr_line' id='line_1_53' title="bbox 432 3589 1965 3663; baseline -0.006 -17"><span class='ocrx_word' id='word_1_413' title='bbox 432 3603 490 3648; x_wconf 90' lang='lat' dir='ltr'><strong>ut</strong></span> <span class='ocrx_word' id='word_1_414' title='bbox 515 3594 716 3663; x_wconf 76' lang='lat' dir='ltr'><strong>negetis</strong></span> <span class='ocrx_word' id='word_1_415' title='bbox 743 3594 794 3646; x_wconf 90' lang='lat' dir='ltr'><strong>in</strong></span> <span class='ocrx_word' id='word_1_416' title='bbox 823 3609 886 3646; x_wconf 92' lang='lat' dir='ltr'><strong>eo</strong></span> <span class='ocrx_word' id='word_1_417' title='bbox 913 3593 1099 3645; x_wconf 90' lang='lat' dir='ltr'><strong>mortis</strong></span> <span class='ocrx_word' id='word_1_418' title='bbox 1141 3592 1507 3645; x_wconf 87' lang='lat' dir='ltr'><strong>humilitatem.</strong></span> <span class='ocrx_word' id='word_1_419' title='bbox 1534 3590 1601 3643; x_wconf 88' lang='lat' dir='ltr'><strong>Et</strong></span> <span class='ocrx_word' id='word_1_420' title='bbox 1628 3590 1714 3658; x_wconf 85' lang='lat' dir='ltr'><strong>qui</strong></span> <span class='ocrx_word' id='word_1_421' title='bbox 1738 3589 1965 3640; x_wconf 81' lang='lat' dir='ltr'><strong>ambulat</strong></span> 
     </span>
    </p>
   </div>
   <div class='ocr_carea' id='block_1_54' title="bbox 433 3675 1963 3749">
    <p class='ocr_par' dir='ltr' id='par_1_54' title="bbox 433 3675 1963 3749">
     <span class='ocr_line' id='line_1_54' title="bbox 433 3675 1963 3749; baseline -0.004 -15"><span class='ocrx_word' id='word_1_422' title='bbox 433 3684 483 3736; x_wconf 91' lang='lat' dir='ltr'><strong>in</strong></span> <span class='ocrx_word' id='word_1_423' title='bbox 513 3682 728 3735; x_wconf 87' lang='lat' dir='ltr'><strong>tenebris</strong></span> <span class='ocrx_word' id='word_1_424' title='bbox 759 3722 771 3745; x_wconf 92' lang='lat'><strong>,</strong></span> <span class='ocrx_word' id='word_1_425' title='bbox 812 3679 967 3733; x_wconf 86' lang='lat' dir='ltr'><strong>nescit</strong></span> <span class='ocrx_word' id='word_1_426' title='bbox 1006 3695 1106 3749; x_wconf 90' lang='lat' dir='ltr'><strong>quo</strong></span> <span class='ocrx_word' id='word_1_427' title='bbox 1138 3678 1313 3732; x_wconf 83' lang='lat' dir='ltr'><strong>vadat.</strong></span> <span class='ocrx_word' id='word_1_428' title='bbox 1357 3677 1445 3729; x_wconf 90' lang='lat' dir='ltr'><strong>Sic</strong></span> <span class='ocrx_word' id='word_1_429' title='bbox 1496 3685 1667 3745; x_wconf 91' lang='lat' dir='ltr'><strong>potest</strong></span> <span class='ocrx_word' id='word_1_430' title='bbox 1698 3675 1963 3728; x_wconf 68' lang='lat' dir='ltr'><strong>offendere</strong></span> 
     </span>
    </p>
   </div>
   <div class='ocr_carea' id='block_1_55' title="bbox 433 3763 1968 3839">
    <p class='ocr_par' dir='ltr' id='par_1_55' title="bbox 433 3763 1968 3839">
     <span class='ocr_line' id='line_1_55' title="bbox 433 3763 1968 3839; baseline -0.005 -16"><span class='ocrx_word' id='word_1_431' title='bbox 433 3773 483 3825; x_wconf 86' lang='lat' dir='ltr'><strong>in</strong></span> <span class='ocrx_word' id='word_1_432' title='bbox 516 3771 738 3839; x_wconf 87' lang='lat' dir='ltr'><strong>lapidem</strong></span> <span class='ocrx_word' id='word_1_433' title='bbox 765 3769 1087 3832; x_wconf 70' lang='lat' dir='ltr'><strong>offensionis,</strong></span> <span class='ocrx_word' id='word_1_434' title='bbox 1119 3777 1172 3822; x_wconf 75' lang='lat' dir='ltr'><strong>et</strong></span> <span class='ocrx_word' id='word_1_435' title='bbox 1198 3775 1400 3838; x_wconf 85' lang='lat' dir='ltr'><strong>petram</strong></span> <span class='ocrx_word' id='word_1_436' title='bbox 1427 3765 1682 3828; x_wconf 84' lang='lat' dir='ltr'><strong>scandali,</strong></span> <span class='ocrx_word' id='word_1_437' title='bbox 1705 3765 1842 3833; x_wconf 90' lang='lat' dir='ltr'><strong>quod</strong></span> <span class='ocrx_word' id='word_1_438' title='bbox 1871 3763 1968 3817; x_wconf 88' lang='lat' dir='ltr'><strong>fuit</strong></span> 
     </span>
    </p>
   </div>
   <div class='ocr_carea' id='block_1_56' title="bbox 434 3853 1965 3925">
    <p class='ocr_par' dir='ltr' id='par_1_56' title="bbox 434 3853 1965 3925">
     <span class='ocr_line' id='line_1_56' title="bbox 434 3853 1965 3925; baseline -0.004 -14"><span class='ocrx_word' id='word_1_439' title='bbox 434 3861 682 3913; x_wconf 84' lang='lat' dir='ltr'><strong>Dominus</strong></span> <span class='ocrx_word' id='word_1_440' title='bbox 714 3860 868 3912; x_wconf 69' lang='lat' dir='ltr'><strong>cascis</strong></span> <span class='ocrx_word' id='word_1_441' title='bbox 891 3857 1085 3911; x_wconf 68' lang='lat' dir='ltr'><strong>Iudaeis</strong></span> <span class='ocrx_word' id='word_1_442' title='bbox 1114 3856 1164 3925; x_wconf 86' lang='grc'><strong>(1</strong></span> <span class='ocrx_word' id='word_1_443' title='bbox 1202 3855 1345 3909; x_wconf 82' lang='lat' dir='ltr'><strong>Petr.</strong></span> <span class='ocrx_word' id='word_1_444' title='bbox 1377 3871 1436 3920; x_wconf 88' lang='lat' dir='ltr'><strong>ll,</strong></span> <span class='ocrx_word' id='word_1_445' title='bbox 1459 3854 1544 3922; x_wconf 88' lang='lat'><strong>8);</strong></span> <span class='ocrx_word' id='word_1_446' title='bbox 1572 3855 1708 3908; x_wconf 90' lang='lat' dir='ltr'><strong>sicut</strong></span> <span class='ocrx_word' id='word_1_447' title='bbox 1746 3853 1965 3906; x_wconf 87' lang='lat' dir='ltr'><strong>creden-</strong></span> 
     </span>
    </p>
   </div>
   <div class='ocr_carea' id='block_1_57' title="bbox 432 3939 1977 4011">
    <p class='ocr_par' dir='ltr' id='par_1_57' title="bbox 432 3939 1977 4011">
     <span class='ocr_line' id='line_1_57' title="bbox 432 3939 1977 4011; baseline -0.001 -15"><span class='ocrx_word' id='word_1_448' title='bbox 432 3946 572 3998; x_wconf 88' lang='lat' dir='ltr'><strong>tibus</strong></span> <span class='ocrx_word' id='word_1_449' title='bbox 604 3944 733 4010; x_wconf 90' lang='lat' dir='ltr'><strong>lapis</strong></span> <span class='ocrx_word' id='word_1_450' title='bbox 763 3958 919 4011; x_wconf 86' lang='lat' dir='ltr'><strong>quem</strong></span> <span class='ocrx_word' id='word_1_451' title='bbox 970 3945 1382 4010; x_wconf 85' lang='lat' dir='ltr'><strong>reprobaverunt</strong></span> <span class='ocrx_word' id='word_1_452' title='bbox 1421 3942 1764 4004; x_wconf 65' lang='lat' dir='ltr'><strong>aediﬁcantes,</strong></span> <span class='ocrx_word' id='word_1_453' title='bbox 1793 3939 1977 3994; x_wconf 22' lang='lat' dir='ltr'><strong>factus.</strong></span> 
     </span>
    </p>
   </div>
   <div class='ocr_carea' id='block_1_58' title="bbox 433 4027 1967 4101">
    <p class='ocr_par' dir='ltr' id='par_1_58' title="bbox 433 4027 1967 4101">
     <span class='ocr_line' id='line_1_58' title="bbox 433 4027 1967 4101; baseline -0.002 -15"><span class='ocrx_word' id='word_1_454' title='bbox 433 4043 514 4086; x_wconf 87' lang='lat' dir='ltr'><strong>est</strong></span> <span class='ocrx_word' id='word_1_455' title='bbox 551 4033 600 4085; x_wconf 93' lang='lat' dir='ltr'><strong>in</strong></span> <span class='ocrx_word' id='word_1_456' title='bbox 646 4039 805 4101; x_wconf 88' lang='lat' dir='ltr'><strong>caput</strong></span> <span class='ocrx_word' id='word_1_457' title='bbox 847 4031 1022 4099; x_wconf 83' lang='lat' dir='ltr'><strong>anguli</strong></span> <span class='ocrx_word' id='word_1_458' title='bbox 1067 4027 1236 4098; x_wconf 82' lang='lat' dir='ltr'><strong>(Psal.</strong></span> <span class='ocrx_word' id='word_1_459' title='bbox 1282 4045 1447 4092; x_wconf 82' lang='lat' dir='ltr'><strong>cxvn,</strong></span> <span class='ocrx_word' id='word_1_460' title='bbox 1500 4029 1610 4098; x_wconf 76' lang='lat'><strong>‘22).</strong></span> <span class='ocrx_word' id='word_1_461' title='bbox 1658 4029 1793 4083; x_wconf 86' lang='lat' dir='ltr'><strong>llinc</strong></span> <span class='ocrx_word' id='word_1_462' title='bbox 1831 4028 1967 4083; x_wconf 57' lang='lat' dir='ltr'><strong>indi:-</strong></span> 
     </span>
    </p>
   </div>
   <div class='ocr_carea' id='block_1_59' title="bbox 433 4116 1985 4192">
    <p class='ocr_par' dir='ltr' id='par_1_59' title="bbox 433 4116 1985 4192">
     <span class='ocr_line' id='line_1_59' title="bbox 433 4116 1985 4192; baseline -0.004 -18"><span class='ocrx_word' id='word_1_463' title='bbox 433 4121 576 4192; x_wconf 89' lang='lat' dir='ltr'><strong>gnati</strong></span> <span class='ocrx_word' id='word_1_464' title='bbox 606 4128 728 4174; x_wconf 89' lang='lat' dir='ltr'><strong>sunt</strong></span> <span class='ocrx_word' id='word_1_465' title='bbox 754 4120 970 4174; x_wconf 90' lang='lat' dir='ltr'><strong>credere</strong></span> <span class='ocrx_word' id='word_1_466' title='bbox 993 4119 1044 4172; x_wconf 92' lang='lat' dir='ltr'><strong>in</strong></span> <span class='ocrx_word' id='word_1_467' title='bbox 1065 4117 1497 4185; x_wconf 51' lang='lat' dir='ltr'><strong>Christum,.quia</strong></span> <span class='ocrx_word' id='word_1_468' title='bbox 1518 4131 1699 4169; x_wconf 89' lang='lat' dir='ltr'><strong>eorum</strong></span> <span class='ocrx_word' id='word_1_469' title='bbox 1722 4116 1985 4184; x_wconf 89' lang='lat' dir='ltr'><strong>impietas.</strong></span> 
     </span>
    </p>
   </div>
   <div class='ocr_carea' id='block_1_60' title="bbox 432 4205 1968 4278">
    <p class='ocr_par' dir='ltr' id='par_1_60' title="bbox 432 4205 1968 4278">
     <span class='ocr_line' id='line_1_60' title="bbox 432 4205 1968 4278; baseline -0.004 -14"><span class='ocrx_word' id='word_1_470' title='bbox 432 4210 747 4278; x_wconf 89' lang='lat' dir='ltr'><strong>contempsit</strong></span> <span class='ocrx_word' id='word_1_471' title='bbox 759 4217 1043 4271; x_wconf 90' lang='lat' dir='ltr'><strong>mortuum,</strong></span> <span class='ocrx_word' id='word_1_472' title='bbox 1061 4207 1177 4261; x_wconf 89' lang='lat' dir='ltr'><strong>risit</strong></span> <span class='ocrx_word' id='word_1_473' title='bbox 1193 4207 1424 4261; x_wconf 87' lang='lat' dir='ltr'><strong>occisum</strong></span> <span class='ocrx_word' id='word_1_474' title='bbox 1452 4223 1462 4257; x_wconf 90' lang='lat'><strong>:</strong></span> <span class='ocrx_word' id='word_1_475' title='bbox 1481 4212 1535 4259; x_wconf 91' lang='lat' dir='ltr'><strong>et</strong></span> <span class='ocrx_word' id='word_1_476' title='bbox 1555 4205 1666 4273; x_wconf 88' lang='lat' dir='ltr'><strong>ipsa</strong></span> <span class='ocrx_word' id='word_1_477' title='bbox 1686 4213 1802 4258; x_wconf 88' lang='lat' dir='ltr'><strong>erat</strong></span> <span class='ocrx_word' id='word_1_478' title='bbox 1825 4219 1968 4258; x_wconf 87' lang='lat' dir='ltr'><strong>mors</strong></span> 
     </span>
    </p>
   </div>
   <div class='ocr_carea' id='block_1_61' title="bbox 433 4296 1966 4371">
    <p class='ocr_par' dir='ltr' id='par_1_61' title="bbox 433 4296 1966 4371">
     <span class='ocr_line' id='line_1_61' title="bbox 433 4296 1966 4371; baseline -0.003 -18"><span class='ocrx_word' id='word_1_479' title='bbox 433 4301 582 4371; x_wconf 86' lang='lat' dir='ltr'><strong>grani</strong></span> <span class='ocrx_word' id='word_1_480' title='bbox 629 4297 1110 4368; x_wconf 61' lang='lat' dir='ltr'><strong>multiplicandi,,ct</strong></span> <span class='ocrx_word' id='word_1_481' title='bbox 1145 4296 1394 4354; x_wconf 79' lang='lat' dir='ltr'><strong>exaltatio</strong></span> <span class='ocrx_word' id='word_1_482' title='bbox 1436 4296 1696 4353; x_wconf 87' lang='lat' dir='ltr'><strong>trahentis</strong></span> <span class='ocrx_word' id='word_1_483' title='bbox 1743 4302 1862 4362; x_wconf 84' lang='lat' dir='ltr'><strong>post</strong></span> <span class='ocrx_word' id='word_1_484' title='bbox 1906 4308 1966 4348; x_wconf 85' lang='lat' dir='ltr'><strong>se</strong></span> 
     </span>
    </p>
   </div>
   <div class='ocr_carea' id='block_1_62' title="bbox 437 4392 634 4444">
    <p class='ocr_par' dir='ltr' id='par_1_62' title="bbox 437 4392 634 4444">
     <span class='ocr_line' id='line_1_62' title="bbox 437 4392 634 4444; baseline -0.01 0"><span class='ocrx_word' id='word_1_485' title='bbox 437 4392 634 4444; x_wconf 87' lang='lat' dir='ltr'><strong>omnia.</strong></span> 
     </span>
    </p>
   </div>
   <div class='ocr_carea' id='block_1_63' title="bbox 505 4472 1983 4536">
    <p class='ocr_par' dir='ltr' id='par_1_63' title="bbox 505 4472 1983 4536">
     <span class='ocr_line' id='line_1_63' title="bbox 505 4472 1983 4536; baseline -0.006 -2"><span class='ocrx_word' id='word_1_486' title='bbox 505 4481 666 4534; x_wconf 79' lang='lat' dir='ltr'><strong>Vsus.</strong></span> <span class='ocrx_word' id='word_1_487' title='bbox 693 4479 780 4533; x_wconf 87' lang='lat'><strong>56.</strong></span> <span class='ocrx_word' id='word_1_488' title='bbox 805 4508 874 4518; x_wconf 88' lang='lat'><strong>-—</strong></span> <span class='ocrx_word' id='word_1_489' title='bbox 899 4476 1047 4530; x_wconf 89' lang='lat' dir='ltr'><strong>Dum.</strong></span> <span class='ocrx_word' id='word_1_490' title='bbox 1063 4475 1227 4532; x_wconf 86' lang='lat' dir='ltr'><strong>lucem</strong></span> <span class='ocrx_word' id='word_1_491' title='bbox 1253 4474 1462 4535; x_wconf 84' lang='lat' dir='ltr'><strong>habetis,</strong></span> <span class='ocrx_word' id='word_1_492' title='bbox 1487 4473 1674 4528; x_wconf 78' lang='lat' dir='ltr'><strong>credite</strong></span> <span class='ocrx_word' id='word_1_493' title='bbox 1701 4474 1754 4526; x_wconf 90' lang='lat' dir='ltr'><strong>in</strong></span> <span class='ocrx_word' id='word_1_494' title='bbox 1781 4472 1983 4536; x_wconf 72' lang='lat' dir='ltr'><strong>lucem,</strong></span> 
     </span>
    </p>
   </div>
   <div class='ocr_carea' id='block_1_64' title="bbox 412 4564 1966 4644">
    <p class='ocr_par' dir='ltr' id='par_1_64' title="bbox 412 4564 1966 4644">
     <span class='ocr_line' id='line_1_64' title="bbox 412 4564 1966 4644; baseline -0.006 -18"><span class='ocrx_word' id='word_1_495' title='bbox 412 4585 490 4644; x_wconf 71' lang='lat' dir='ltr'><strong>~ut</strong></span> <span class='ocrx_word' id='word_1_496' title='bbox 517 4572 614 4638; x_wconf 81' lang='lat' dir='ltr'><strong>ﬁlii</strong></span> <span class='ocrx_word' id='word_1_497' title='bbox 642 4571 772 4623; x_wconf 88' lang='lat' dir='ltr'><strong>lucis</strong></span> <span class='ocrx_word' id='word_1_498' title='bbox 795 4570 925 4622; x_wconf 84' lang='lat' dir='ltr'><strong>sitis.</strong></span> <span class='ocrx_word' id='word_1_499' title='bbox 953 4566 1085 4622; x_wconf 90' lang='lat' dir='ltr'><strong>Cum</strong></span> <span class='ocrx_word' id='word_1_500' title='bbox 1113 4567 1309 4636; x_wconf 86' lang='lat' dir='ltr'><strong>aliquid</strong></span> <span class='ocrx_word' id='word_1_501' title='bbox 1338 4566 1448 4620; x_wconf 82' lang='lat' dir='ltr'><strong>veri</strong></span> <span class='ocrx_word' id='word_1_502' title='bbox 1478 4565 1713 4618; x_wconf 90' lang='lat' dir='ltr'><strong>auditum</strong></span> <span class='ocrx_word' id='word_1_503' title='bbox 1741 4564 1966 4628; x_wconf 86' lang='lat' dir='ltr'><strong>habetis,</strong></span> 
     </span>
    </p>
   </div>
   <div class='ocr_carea' id='block_1_65' title="bbox 2070 1902 3602 1971">
    <p class='ocr_par' dir='ltr' id='par_1_65' title="bbox 2070 1902 3602 1971">
     <span class='ocr_line' id='line_1_65' title="bbox 2070 1902 3602 1971; baseline 0 -15"><span class='ocrx_word' id='word_1_504' title='bbox 2070 1902 2191 1970; x_wconf 86' lang='lat' dir='ltr'><strong>quia</strong></span> <span class='ocrx_word' id='word_1_505' title='bbox 2225 1903 2403 1956; x_wconf 89' lang='lat' dir='ltr'><strong>omnia</strong></span> <span class='ocrx_word' id='word_1_506' title='bbox 2453 1917 2548 1971; x_wconf 88' lang='lat' dir='ltr'><strong>per</strong></span> <span class='ocrx_word' id='word_1_507' title='bbox 2601 1903 2771 1971; x_wconf 90' lang='lat' dir='ltr'><strong>ipsum</strong></span> <span class='ocrx_word' id='word_1_508' title='bbox 2821 1902 2958 1957; x_wconf 86' lang='lat' dir='ltr'><strong>facta</strong></span> <span class='ocrx_word' id='word_1_509' title='bbox 3008 1913 3148 1966; x_wconf 90' lang='lat' dir='ltr'><strong>sunt,</strong></span> <span class='ocrx_word' id='word_1_510' title='bbox 3192 1904 3308 1957; x_wconf 78' lang='lat' dir='ltr'><strong>ideo</strong></span> <span class='ocrx_word' id='word_1_511' title='bbox 3331 1903 3602 1957; x_wconf 87' lang='lat' dir='ltr'><strong>brachium</strong></span> 
     </span>
    </p>
   </div>
   <div class='ocr_carea' id='block_1_66' title="bbox 2069 1991 3605 2060">
    <p class='ocr_par' dir='ltr' id='par_1_66' title="bbox 2069 1991 3605 2060">
     <span class='ocr_line' id='line_1_66' title="bbox 2069 1991 3605 2060; baseline 0.001 -16"><span class='ocrx_word' id='word_1_512' title='bbox 2069 1992 2278 2046; x_wconf 89' lang='lat' dir='ltr'><strong>Domini</strong></span> <span class='ocrx_word' id='word_1_513' title='bbox 2323 1992 2494 2046; x_wconf 89' lang='lat' dir='ltr'><strong>dictus</strong></span> <span class='ocrx_word' id='word_1_514' title='bbox 2541 2000 2640 2046; x_wconf 89' lang='lat' dir='ltr'><strong>est.</strong></span> <span class='ocrx_word' id='word_1_515' title='bbox 2694 1991 2843 2046; x_wconf 91' lang='lat' dir='ltr'><strong>Sicut</strong></span> <span class='ocrx_word' id='word_1_516' title='bbox 2869 1993 3006 2046; x_wconf 90' lang='lat' dir='ltr'><strong>enim</strong></span> <span class='ocrx_word' id='word_1_517' title='bbox 3037 2001 3181 2046; x_wconf 91' lang='lat' dir='ltr'><strong>tuum</strong></span> <span class='ocrx_word' id='word_1_518' title='bbox 3213 1993 3483 2047; x_wconf 86' lang='lat' dir='ltr'><strong>brachium</strong></span> <span class='ocrx_word' id='word_1_519' title='bbox 3512 2007 3605 2060; x_wconf 86' lang='lat' dir='ltr'><strong>per</strong></span> 
     </span>
    </p>
   </div>
   <div class='ocr_carea' id='block_1_67' title="bbox 2067 2064 3684 2152">
    <p class='ocr_par' dir='ltr' id='par_1_67' title="bbox 2067 2064 3684 2152">
     <span class='ocr_line' id='line_1_67' title="bbox 2067 2064 3684 2152; baseline 0.001 -17"><span class='ocrx_word' id='word_1_520' title='bbox 2067 2084 2205 2151; x_wconf 79' lang='lat' dir='ltr'><strong>quod</strong></span> <span class='ocrx_word' id='word_1_521' title='bbox 2239 2083 2497 2152; x_wconf 80' lang='lat' dir='ltr'><strong>operaris,</strong></span> <span class='ocrx_word' id='word_1_522' title='bbox 2529 2083 2607 2138; x_wconf 88' lang='lat' dir='ltr'><strong>sic</strong></span> <span class='ocrx_word' id='word_1_523' title='bbox 2653 2083 2744 2137; x_wconf 89' lang='lat' dir='ltr'><strong>Dei</strong></span> <span class='ocrx_word' id='word_1_524' title='bbox 2785 2083 3059 2137; x_wconf 89' lang='lat' dir='ltr'><strong>brachium</strong></span> <span class='ocrx_word' id='word_1_525' title='bbox 3115 2085 3313 2139; x_wconf 88' lang='lat' dir='ltr'><strong>dictum</strong></span> <span class='ocrx_word' id='word_1_526' title='bbox 3366 2091 3446 2138; x_wconf 92' lang='lat' dir='ltr'><strong>est</strong></span> <span class='ocrx_word' id='word_1_527' title='bbox 3494 2083 3606 2152; x_wconf 89' lang='lat' dir='ltr'><strong>ejus</strong></span> <span class='ocrx_word' id='word_1_528' title='bbox 3680 2064 3684 2079; x_wconf 28' lang='grc' dir='ltr'>Γ</span> 
     </span>
    </p>
   </div>
   <div class='ocr_carea' id='block_1_68' title="bbox 2067 2170 3606 2240">
    <p class='ocr_par' dir='ltr' id='par_1_68' title="bbox 2067 2170 3606 2240">
     <span class='ocr_line' id='line_1_68' title="bbox 2067 2170 3606 2240; baseline -0.001 -16"><span class='ocrx_word' id='word_1_529' title='bbox 2067 2171 2318 2235; x_wconf 81' lang='lat' dir='ltr'><strong>Verbum,</strong></span> <span class='ocrx_word' id='word_1_530' title='bbox 2339 2171 2463 2238; x_wconf 86' lang='lat' dir='ltr'><strong>quia</strong></span> <span class='ocrx_word' id='word_1_531' title='bbox 2485 2187 2580 2239; x_wconf 90' lang='lat' dir='ltr'><strong>per</strong></span> <span class='ocrx_word' id='word_1_532' title='bbox 2602 2171 2832 2226; x_wconf 84' lang='lat' dir='ltr'><strong>Verbum</strong></span> <span class='ocrx_word' id='word_1_533' title='bbox 2860 2181 3112 2240; x_wconf 88' lang='lat' dir='ltr'><strong>operatus</strong></span> <span class='ocrx_word' id='word_1_534' title='bbox 3150 2179 3232 2226; x_wconf 89' lang='lat' dir='ltr'><strong>est</strong></span> <span class='ocrx_word' id='word_1_535' title='bbox 3277 2170 3414 2226; x_wconf 90' lang='lat' dir='ltr'><strong>Deus</strong></span> <span class='ocrx_word' id='word_1_536' title='bbox 3456 2185 3606 2224; x_wconf 91' lang='lat' dir='ltr'><strong>mun-</strong></span> 
     </span>
    </p>
   </div>
   <div class='ocr_carea' id='block_1_69' title="bbox 2065 2259 3602 2329">
    <p class='ocr_par' dir='ltr' id='par_1_69' title="bbox 2065 2259 3602 2329">
     <span class='ocr_line' id='line_1_69' title="bbox 2065 2259 3602 2329; baseline -0.001 -15"><span class='ocrx_word' id='word_1_537' title='bbox 2065 2260 2210 2315; x_wconf 89' lang='lat' dir='ltr'><strong>dum.</strong></span> <span class='ocrx_word' id='word_1_538' title='bbox 2233 2259 2340 2315; x_wconf 92' lang='lat' dir='ltr'><strong>Cur</strong></span> <span class='ocrx_word' id='word_1_539' title='bbox 2367 2261 2507 2314; x_wconf 91' lang='lat' dir='ltr'><strong>enim</strong></span> <span class='ocrx_word' id='word_1_540' title='bbox 2533 2261 2690 2314; x_wconf 90' lang='lat' dir='ltr'><strong>homo</strong></span> <span class='ocrx_word' id='word_1_541' title='bbox 2713 2261 3010 2324; x_wconf 91' lang='lat' dir='ltr'><strong>brachium,</strong></span> <span class='ocrx_word' id='word_1_542' title='bbox 3027 2268 3085 2313; x_wconf 91' lang='lat' dir='ltr'><strong>ut</strong></span> <span class='ocrx_word' id='word_1_543' title='bbox 3111 2259 3310 2327; x_wconf 88' lang='lat' dir='ltr'><strong>aliquid</strong></span> <span class='ocrx_word' id='word_1_544' title='bbox 3336 2267 3602 2329; x_wconf 86' lang='lat' dir='ltr'><strong>eperetur,</strong></span> 
     </span>
    </p>
   </div>
   <div class='ocr_carea' id='block_1_70' title="bbox 2064 2348 3606 2419">
    <p class='ocr_par' dir='ltr' id='par_1_70' title="bbox 2064 2348 3606 2419">
     <span class='ocr_line' id='line_1_70' title="bbox 2064 2348 3606 2419; baseline -0.001 -15"><span class='ocrx_word' id='word_1_545' title='bbox 2064 2349 2320 2414; x_wconf 81' lang='lat' dir='ltr'><strong>extendit,</strong></span> <span class='ocrx_word' id='word_1_546' title='bbox 2344 2349 2443 2403; x_wconf 83' lang='lat' dir='ltr'><strong>nisi</strong></span> <span class='ocrx_word' id='word_1_547' title='bbox 2470 2349 2593 2419; x_wconf 82' lang='lat' dir='ltr'><strong>quia</strong></span> <span class='ocrx_word' id='word_1_548' title='bbox 2616 2364 2722 2403; x_wconf 92' lang='lat' dir='ltr'><strong>non</strong></span> <span class='ocrx_word' id='word_1_549' title='bbox 2749 2349 2999 2403; x_wconf 90' lang='lat' dir='ltr'><strong>continuo</strong></span> <span class='ocrx_word' id='word_1_550' title='bbox 3025 2348 3083 2402; x_wconf 89' lang='lat' dir='ltr'><strong>ﬁt</strong></span> <span class='ocrx_word' id='word_1_551' title='bbox 3119 2348 3258 2416; x_wconf 92' lang='lat' dir='ltr'><strong>quod</strong></span> <span class='ocrx_word' id='word_1_552' title='bbox 3285 2348 3505 2402; x_wconf 80' lang='lat' dir='ltr'><strong>dixerit?</strong></span> <span class='ocrx_word' id='word_1_553' title='bbox 3546 2348 3606 2404; x_wconf 86' lang='lat' dir='ltr'><strong>Si</strong></span> 
     </span>
    </p>
   </div>
   <div class='ocr_carea' id='block_1_71' title="bbox 2065 2436 3609 2508">
    <p class='ocr_par' dir='ltr' id='par_1_71' title="bbox 2065 2436 3609 2508">
     <span class='ocr_line' id='line_1_71' title="bbox 2065 2436 3609 2508; baseline 0 -16"><span class='ocrx_word' id='word_1_554' title='bbox 2065 2447 2238 2494; x_wconf 89' lang='lat' dir='ltr'><strong>autem</strong></span> <span class='ocrx_word' id='word_1_555' title='bbox 2264 2446 2406 2493; x_wconf 87' lang='lat' dir='ltr'><strong>tanta</strong></span> <span class='ocrx_word' id='word_1_556' title='bbox 2420 2446 2680 2508; x_wconf 85' lang='lat' dir='ltr'><strong>potestate</strong></span> <span class='ocrx_word' id='word_1_557' title='bbox 2698 2439 3031 2508; x_wconf 68' lang='lat' dir='ltr'><strong>praevaleret,</strong></span> <span class='ocrx_word' id='word_1_558' title='bbox 3055 2446 3112 2491; x_wconf 92' lang='lat' dir='ltr'><strong>ut</strong></span> <span class='ocrx_word' id='word_1_559' title='bbox 3125 2437 3239 2492; x_wconf 88' lang='lat' dir='ltr'><strong>sine</strong></span> <span class='ocrx_word' id='word_1_560' title='bbox 3249 2437 3356 2491; x_wconf 90' lang='lat' dir='ltr'><strong>ullo</strong></span> <span class='ocrx_word' id='word_1_561' title='bbox 3369 2436 3609 2506; x_wconf 86' lang='lat' dir='ltr'><strong>corporis</strong></span> 
     </span>
    </p>
   </div>
   <div class='ocr_carea' id='block_1_72' title="bbox 2046 2526 3608 2597">
    <p class='ocr_par' dir='ltr' id='par_1_72' title="bbox 2046 2526 3608 2597">
     <span class='ocr_line' id='line_1_72' title="bbox 2046 2526 3608 2597; baseline 0.001 -16"><span class='ocrx_word' id='word_1_562' title='bbox 2046 2536 2208 2582; x_wconf 79' lang='lat' dir='ltr'><strong>motu</strong></span> <span class='ocrx_word' id='word_1_563' title='bbox 2235 2529 2315 2582; x_wconf 90' lang='lat' dir='ltr'><strong>sui</strong></span> <span class='ocrx_word' id='word_1_564' title='bbox 2357 2529 2497 2595; x_wconf 90' lang='lat' dir='ltr'><strong>quod</strong></span> <span class='ocrx_word' id='word_1_565' title='bbox 2526 2528 2755 2591; x_wconf 89' lang='lat' dir='ltr'><strong>diceret,</strong></span> <span class='ocrx_word' id='word_1_566' title='bbox 2787 2526 2968 2591; x_wconf 90' lang='lat' dir='ltr'><strong>ﬁeret,</strong></span> <span class='ocrx_word' id='word_1_567' title='bbox 3002 2529 3280 2582; x_wconf 84' lang='lat' dir='ltr'><strong>brachium</strong></span> <span class='ocrx_word' id='word_1_568' title='bbox 3317 2527 3430 2597; x_wconf 87' lang='lat' dir='ltr'><strong>ejus</strong></span> <span class='ocrx_word' id='word_1_569' title='bbox 3469 2536 3608 2583; x_wconf 85' lang='lat' dir='ltr'><strong>esset</strong></span> 
     </span>
    </p>
   </div>
   <div class='ocr_carea' id='block_1_73' title="bbox 2063 2612 3603 2685">
    <p class='ocr_par' dir='ltr' id='par_1_73' title="bbox 2063 2612 3603 2685">
     <span class='ocr_line' id='line_1_73' title="bbox 2063 2612 3603 2685; baseline 0.001 -17"><span class='ocrx_word' id='word_1_570' title='bbox 2063 2616 2284 2670; x_wconf 80' lang='lat' dir='ltr'><strong>verbum</strong></span> <span class='ocrx_word' id='word_1_571' title='bbox 2312 2614 2445 2682; x_wconf 87' lang='lat' dir='ltr'><strong>ejus.</strong></span> <span class='ocrx_word' id='word_1_572' title='bbox 2473 2614 2577 2670; x_wconf 91' lang='lat' dir='ltr'><strong>Sed</strong></span> <span class='ocrx_word' id='word_1_573' title='bbox 2603 2614 2857 2668; x_wconf 85' lang='lat' dir='ltr'><strong>Dominus</strong></span> <span class='ocrx_word' id='word_1_574' title='bbox 2880 2612 3032 2668; x_wconf 72' lang='lat' dir='ltr'><strong>Iesus</strong></span> <span class='ocrx_word' id='word_1_575' title='bbox 3072 2614 3164 2668; x_wconf 88' lang='lat' dir='ltr'><strong>Dei</strong></span> <span class='ocrx_word' id='word_1_576' title='bbox 3209 2615 3381 2668; x_wconf 86' lang='lat' dir='ltr'><strong>Patris</strong></span> <span class='ocrx_word' id='word_1_577' title='bbox 3419 2616 3603 2685; x_wconf 84' lang='lat' dir='ltr'><strong>unige-</strong></span> 
     </span>
    </p>
   </div>
   <div class='ocr_carea' id='block_1_74' title="bbox 2063 2704 3632 2779">
    <p class='ocr_par' dir='ltr' id='par_1_74' title="bbox 2063 2704 3632 2779">
     <span class='ocr_line' id='line_1_74' title="bbox 2063 2704 3632 2779; baseline 0 -21"><span class='ocrx_word' id='word_1_578' title='bbox 2063 2705 2205 2759; x_wconf 91' lang='lat' dir='ltr'><strong>nitus</strong></span> <span class='ocrx_word' id='word_1_579' title='bbox 2223 2704 2411 2769; x_wconf 86' lang='lat' dir='ltr'><strong>Filius,</strong></span> <span class='ocrx_word' id='word_1_580' title='bbox 2429 2705 2566 2760; x_wconf 88' lang='lat' dir='ltr'><strong>sicut</strong></span> <span class='ocrx_word' id='word_1_581' title='bbox 2590 2719 2693 2758; x_wconf 91' lang='lat' dir='ltr'><strong>non</strong></span> <span class='ocrx_word' id='word_1_582' title='bbox 2713 2710 2798 2759; x_wconf 89' lang='lat' dir='ltr'><strong>est</strong></span> <span class='ocrx_word' id='word_1_583' title='bbox 2809 2704 3016 2774; x_wconf 84' lang='lat' dir='ltr'><strong>paterni</strong></span> <span class='ocrx_word' id='word_1_584' title='bbox 3035 2704 3271 2779; x_wconf 85' lang='lat' dir='ltr'><strong>corporis</strong></span> <span class='ocrx_word' id='word_1_585' title='bbox 3287 2705 3601 2769; x_wconf 83' lang='lat' dir='ltr'><strong>membrum,</strong></span> <span class='ocrx_word' id='word_1_586' title='bbox 3623 2763 3632 2772; x_wconf 82' lang='lat'><strong><em>_</em></strong></span> 
     </span>
    </p>
   </div>
   <div class='ocr_carea' id='block_1_75' title="bbox 2063 2791 3599 2864">
    <p class='ocr_par' dir='ltr' id='par_1_75' title="bbox 2063 2791 3599 2864">
     <span class='ocr_line' id='line_1_75' title="bbox 2063 2791 3599 2864; baseline -0.002 -16"><span class='ocrx_word' id='word_1_587' title='bbox 2063 2794 2136 2848; x_wconf 91' lang='lat' dir='ltr'><strong>ita</strong></span> <span class='ocrx_word' id='word_1_588' title='bbox 2163 2809 2268 2848; x_wconf 86' lang='lat' dir='ltr'><strong>non</strong></span> <span class='ocrx_word' id='word_1_589' title='bbox 2289 2803 2372 2849; x_wconf 88' lang='lat' dir='ltr'><strong>est</strong></span> <span class='ocrx_word' id='word_1_590' title='bbox 2398 2792 2676 2864; x_wconf 90' lang='lat' dir='ltr'><strong>cogitabile</strong></span> <span class='ocrx_word' id='word_1_591' title='bbox 2695 2833 2710 2858; x_wconf 94' lang='lat'><strong>,</strong></span> <span class='ocrx_word' id='word_1_592' title='bbox 2739 2791 2822 2848; x_wconf 90' lang='lat' dir='ltr'><strong>vel</strong></span> <span class='ocrx_word' id='word_1_593' title='bbox 2864 2792 3097 2847; x_wconf 90' lang='lat' dir='ltr'><strong>sonabile</strong></span> <span class='ocrx_word' id='word_1_594' title='bbox 3142 2807 3204 2846; x_wconf 91' lang='lat' dir='ltr'><strong>ac</strong></span> <span class='ocrx_word' id='word_1_595' title='bbox 3245 2791 3599 2847; x_wconf 86' lang='lat' dir='ltr'><strong>transitorium</strong></span> 
     </span>
    </p>
   </div>
   <div class='ocr_carea' id='block_1_76' title="bbox 2063 2881 3600 2954">
    <p class='ocr_par' dir='ltr' id='par_1_76' title="bbox 2063 2881 3600 2954">
     <span class='ocr_line' id='line_1_76' title="bbox 2063 2881 3600 2954; baseline -0.001 -17"><span class='ocrx_word' id='word_1_596' title='bbox 2063 2885 2328 2940; x_wconf 81' lang='lat' dir='ltr'><strong>verbum:</strong></span> <span class='ocrx_word' id='word_1_597' title='bbox 2371 2885 2496 2954; x_wconf 87' lang='lat' dir='ltr'><strong>quia</strong></span> <span class='ocrx_word' id='word_1_598' title='bbox 2531 2899 2652 2940; x_wconf 85' lang='lat' dir='ltr'><strong>cum</strong></span> <span class='ocrx_word' id='word_1_599' title='bbox 2697 2884 2874 2938; x_wconf 90' lang='lat' dir='ltr'><strong>omnia</strong></span> <span class='ocrx_word' id='word_1_600' title='bbox 2917 2897 3013 2951; x_wconf 83' lang='lat' dir='ltr'><strong>per</strong></span> <span class='ocrx_word' id='word_1_601' title='bbox 3053 2883 3246 2953; x_wconf 77' lang='lat' dir='ltr'><strong>ipsum.</strong></span> <span class='ocrx_word' id='word_1_602' title='bbox 3273 2881 3410 2937; x_wconf 82' lang='lat' dir='ltr'><strong>facta</strong></span> <span class='ocrx_word' id='word_1_603' title='bbox 3456 2891 3600 2948; x_wconf 83' lang='lat' dir='ltr'><strong>sunt,</strong></span> 
     </span>
    </p>
   </div>
   <div class='ocr_carea' id='block_1_77' title="bbox 2063 2969 3595 3041">
    <p class='ocr_par' dir='ltr' id='par_1_77' title="bbox 2063 2969 3595 3041">
     <span class='ocr_line' id='line_1_77' title="bbox 2063 2969 3595 3041; baseline -0.002 -15"><span class='ocrx_word' id='word_1_604' title='bbox 2063 2972 2202 3027; x_wconf 86' lang='lat' dir='ltr'><strong>Deus</strong></span> <span class='ocrx_word' id='word_1_605' title='bbox 2240 2981 2355 3026; x_wconf 89' lang='lat' dir='ltr'><strong>erat</strong></span> <span class='ocrx_word' id='word_1_606' title='bbox 2385 2972 2612 3026; x_wconf 81' lang='lat' dir='ltr'><strong>Verbum</strong></span> <span class='ocrx_word' id='word_1_607' title='bbox 2639 2969 2820 3041; x_wconf 81' lang='lat' dir='ltr'><strong>[Aug.,</strong></span> <span class='ocrx_word' id='word_1_608' title='bbox 2843 2970 2936 3024; x_wconf 91' lang='lat' dir='ltr'><strong>Dei</strong></span> <span class='ocrx_word' id='word_1_609' title='bbox 2959 2971 3190 3025; x_wconf 86' lang='lat' dir='ltr'><strong>Verbum</strong></span> <span class='ocrx_word' id='word_1_610' title='bbox 3211 2969 3369 3041; x_wconf 90' lang='lat' dir='ltr'><strong>erat].</strong></span> <span class='ocrx_word' id='word_1_611' title='bbox 3391 2989 3408 3022; x_wconf 76' lang='grc' dir='ltr'><strong><em>ι</em></strong></span> <span class='ocrx_word' id='word_1_612' title='bbox 3428 2970 3595 3035; x_wconf 86' lang='lat' dir='ltr'><strong>Quem</strong></span> 
     </span>
    </p>
   </div>
   <div class='ocr_carea' id='block_1_78' title="bbox 2063 3060 3599 3132">
    <p class='ocr_par' dir='ltr' id='par_1_78' title="bbox 2063 3060 3599 3132">
     <span class='ocr_line' id='line_1_78' title="bbox 2063 3060 3599 3132; baseline -0.004 -15"><span class='ocrx_word' id='word_1_613' title='bbox 2063 3062 2380 3132; x_wconf 82' lang='lat' dir='ltr'><strong>evangelista</strong></span> <span class='ocrx_word' id='word_1_614' title='bbox 2406 3061 2632 3116; x_wconf 77' lang='lat' dir='ltr'><strong>Verbum</strong></span> <span class='ocrx_word' id='word_1_615' title='bbox 2652 3060 2943 3114; x_wconf 85' lang='lat' dir='ltr'><strong>nominavit</strong></span> <span class='ocrx_word' id='word_1_616' title='bbox 2956 3074 3073 3114; x_wconf 88' lang='lat' dir='ltr'><strong>esse</strong></span> <span class='ocrx_word' id='word_1_617' title='bbox 3091 3060 3227 3129; x_wconf 92' lang='lat' dir='ltr'><strong>apud</strong></span> <span class='ocrx_word' id='word_1_618' title='bbox 3256 3060 3439 3124; x_wconf 90' lang='lat' dir='ltr'><strong>Deum,</strong></span> <span class='ocrx_word' id='word_1_619' title='bbox 3458 3060 3599 3114; x_wconf 87' lang='lat' dir='ltr'><strong>hunc</strong></span> 
     </span>
    </p>
   </div>
   <div class='ocr_carea' id='block_1_79' title="bbox 2060 3146 3600 3218">
    <p class='ocr_par' dir='ltr' id='par_1_79' title="bbox 2060 3146 3600 3218">
     <span class='ocr_line' id='line_1_79' title="bbox 2060 3146 3600 3218; baseline -0.003 -15"><span class='ocrx_word' id='word_1_620' title='bbox 2060 3150 2314 3218; x_wconf 84' lang='lat' dir='ltr'><strong>propheta</strong></span> <span class='ocrx_word' id='word_1_621' title='bbox 2348 3148 2622 3203; x_wconf 88' lang='lat' dir='ltr'><strong>brachium</strong></span> <span class='ocrx_word' id='word_1_622' title='bbox 2672 3147 2878 3201; x_wconf 91' lang='lat' dir='ltr'><strong>Domini</strong></span> <span class='ocrx_word' id='word_1_623' title='bbox 2932 3147 3239 3200; x_wconf 88' lang='lat' dir='ltr'><strong>nominavit.</strong></span> <span class='ocrx_word' id='word_1_624' title='bbox 3296 3146 3430 3200; x_wconf 91' lang='lat' dir='ltr'><strong>Dum</strong></span> <span class='ocrx_word' id='word_1_625' title='bbox 3478 3147 3600 3200; x_wconf 89' lang='lat' dir='ltr'><strong>bra-</strong></span> 
     </span>
    </p>
   </div>
   <div class='ocr_carea' id='block_1_80' title="bbox 2062 3233 3605 3301">
    <p class='ocr_par' dir='ltr' id='par_1_80' title="bbox 2062 3233 3605 3301">
     <span class='ocr_line' id='line_1_80' title="bbox 2062 3233 3605 3301; baseline -0.003 -11"><span class='ocrx_word' id='word_1_626' title='bbox 2062 3237 2239 3292; x_wconf 90' lang='lat' dir='ltr'><strong>chium</strong></span> <span class='ocrx_word' id='word_1_627' title='bbox 2259 3237 2467 3291; x_wconf 90' lang='lat' dir='ltr'><strong>Domini</strong></span> <span class='ocrx_word' id='word_1_628' title='bbox 2495 3236 2790 3300; x_wconf 90' lang='lat' dir='ltr'><strong>audiamus,</strong></span> <span class='ocrx_word' id='word_1_629' title='bbox 2812 3235 2905 3290; x_wconf 90' lang='lat' dir='ltr'><strong>Dei</strong></span> <span class='ocrx_word' id='word_1_630' title='bbox 2926 3235 3194 3299; x_wconf 86' lang='lat' dir='ltr'><strong>virtutem,</strong></span> <span class='ocrx_word' id='word_1_631' title='bbox 3213 3242 3266 3288; x_wconf 88' lang='lat' dir='ltr'><strong>et</strong></span> <span class='ocrx_word' id='word_1_632' title='bbox 3284 3233 3376 3288; x_wconf 87' lang='lat' dir='ltr'><strong>Dei</strong></span> <span class='ocrx_word' id='word_1_633' title='bbox 3399 3233 3605 3301; x_wconf 74' lang='lat' dir='ltr'><strong>sapien~</strong></span> 
     </span>
    </p>
   </div>
   <div class='ocr_carea' id='block_1_81' title="bbox 2065 3321 3604 3393">
    <p class='ocr_par' dir='ltr' id='par_1_81' title="bbox 2065 3321 3604 3393">
     <span class='ocr_line' id='line_1_81' title="bbox 2065 3321 3604 3393; baseline -0.003 -15"><span class='ocrx_word' id='word_1_634' title='bbox 2065 3325 2191 3378; x_wconf 82' lang='lat' dir='ltr'><strong>tiam</strong></span> <span class='ocrx_word' id='word_1_635' title='bbox 2239 3323 2506 3379; x_wconf 91' lang='lat' dir='ltr'><strong>Christum</strong></span> <span class='ocrx_word' id='word_1_636' title='bbox 2548 3337 2926 3393; x_wconf 87' lang='lat' dir='ltr'><strong>agnoscamus,</strong></span> <span class='ocrx_word' id='word_1_637' title='bbox 2957 3338 3052 3392; x_wconf 88' lang='lat' dir='ltr'><strong>per</strong></span> <span class='ocrx_word' id='word_1_638' title='bbox 3095 3337 3252 3393; x_wconf 90' lang='lat' dir='ltr'><strong>quem</strong></span> <span class='ocrx_word' id='word_1_639' title='bbox 3293 3321 3432 3376; x_wconf 81' lang='lat' dir='ltr'><strong>facta</strong></span> <span class='ocrx_word' id='word_1_640' title='bbox 3483 3331 3604 3376; x_wconf 88' lang='lat' dir='ltr'><strong>sunt</strong></span> 
     </span>
    </p>
   </div>
   <div class='ocr_carea' id='block_1_82' title="bbox 2063 3398 3601 3480">
    <p class='ocr_par' dir='ltr' id='par_1_82' title="bbox 2063 3398 3601 3480">
     <span class='ocr_line' id='line_1_82' title="bbox 2063 3398 3601 3480; baseline -0.003 -12"><span class='ocrx_word' id='word_1_641' title='bbox 2063 3415 2258 3468; x_wconf 84' lang='lat' dir='ltr'><strong>omnia.</strong></span> <span class='ocrx_word' id='word_1_642' title='bbox 2303 3412 2490 3466; x_wconf 89' lang='lat' dir='ltr'><strong>Omnia</strong></span> <span class='ocrx_word' id='word_1_643' title='bbox 2520 3413 2653 3464; x_wconf 87' lang='lat' dir='ltr'><strong>enim</strong></span> <span class='ocrx_word' id='word_1_644' title='bbox 2693 3412 2746 3464; x_wconf 91' lang='lat' dir='ltr'><strong>in</strong></span> <span class='ocrx_word' id='word_1_645' title='bbox 2785 3412 3038 3480; x_wconf 89' lang='lat' dir='ltr'><strong>sapientia</strong></span> <span class='ocrx_word' id='word_1_646' title='bbox 3068 3411 3234 3478; x_wconf 80' lang='lat' dir='ltr'><strong>fecisti</strong></span> <span class='ocrx_word' id='word_1_647' title='bbox 3270 3398 3437 3480; x_wconf 84' lang='lat' dir='ltr'><strong>(Psal.</strong></span> <span class='ocrx_word' id='word_1_648' title='bbox 3488 3424 3601 3472; x_wconf 85' lang='lat' dir='ltr'><strong>cm,</strong></span> 
     </span>
    </p>
   </div>
   <div class='ocr_carea' id='block_1_83' title="bbox 2062 3497 3601 3569">
    <p class='ocr_par' dir='ltr' id='par_1_83' title="bbox 2062 3497 3601 3569">
     <span class='ocr_line' id='line_1_83' title="bbox 2062 3497 3601 3569; baseline -0.002 -17"><span class='ocrx_word' id='word_1_649' title='bbox 2062 3500 2172 3569; x_wconf 64' lang='lat'><strong>24),</strong></span> <span class='ocrx_word' id='word_1_650' title='bbox 2199 3500 2327 3552; x_wconf 89' lang='lat' dir='ltr'><strong>dicit</strong></span> <span class='ocrx_word' id='word_1_651' title='bbox 2349 3498 2644 3552; x_wconf 85' lang='lat' dir='ltr'><strong>Psalmista.</strong></span> <span class='ocrx_word' id='word_1_652' title='bbox 2683 3515 2699 3546; x_wconf 80' lang='grc' dir='ltr'>ι</span> <span class='ocrx_word' id='word_1_653' title='bbox 2734 3497 2846 3550; x_wconf 85' lang='grc' dir='ltr'><strong>Νοη</strong></span> <span class='ocrx_word' id='word_1_654' title='bbox 2888 3505 2972 3550; x_wconf 91' lang='lat' dir='ltr'><strong>est</strong></span> <span class='ocrx_word' id='word_1_655' title='bbox 2993 3499 3133 3551; x_wconf 90' lang='lat' dir='ltr'><strong>enim</strong></span> <span class='ocrx_word' id='word_1_656' title='bbox 3171 3499 3282 3566; x_wconf 90' lang='lat' dir='ltr'><strong>ipse</strong></span> <span class='ocrx_word' id='word_1_657' title='bbox 3308 3499 3397 3566; x_wconf 91' lang='lat' dir='ltr'><strong>qui</strong></span> <span class='ocrx_word' id='word_1_658' title='bbox 3425 3497 3601 3559; x_wconf 84' lang='lat' dir='ltr'><strong>Pater,</strong></span> 
     </span>
    </p>
   </div>
   <div class='ocr_carea' id='block_1_84' title="bbox 2062 3584 3600 3654">
    <p class='ocr_par' dir='ltr' id='par_1_84' title="bbox 2062 3584 3600 3654">
     <span class='ocr_line' id='line_1_84' title="bbox 2062 3584 3600 3654; baseline -0.003 -13"><span class='ocrx_word' id='word_1_659' title='bbox 2062 3588 2155 3642; x_wconf 89' lang='lat' dir='ltr'><strong>sed</strong></span> <span class='ocrx_word' id='word_1_660' title='bbox 2178 3602 2339 3640; x_wconf 91' lang='lat' dir='ltr'><strong>unum</strong></span> <span class='ocrx_word' id='word_1_661' title='bbox 2378 3593 2500 3639; x_wconf 90' lang='lat' dir='ltr'><strong>sunt</strong></span> <span class='ocrx_word' id='word_1_662' title='bbox 2529 3586 2640 3654; x_wconf 88' lang='lat' dir='ltr'><strong>ipse</strong></span> <span class='ocrx_word' id='word_1_663' title='bbox 2667 3593 2720 3637; x_wconf 91' lang='lat' dir='ltr'><strong>et</strong></span> <span class='ocrx_word' id='word_1_664' title='bbox 2747 3585 2904 3637; x_wconf 86' lang='lat' dir='ltr'><strong>Pater</strong></span> <span class='ocrx_word' id='word_1_665' title='bbox 2934 3623 2948 3648; x_wconf 97' lang='lat'><strong>,</strong></span> <span class='ocrx_word' id='word_1_666' title='bbox 2972 3591 3026 3636; x_wconf 91' lang='lat' dir='ltr'><strong>et</strong></span> <span class='ocrx_word' id='word_1_667' title='bbox 3051 3585 3269 3650; x_wconf 64' lang='lat' dir='ltr'><strong>aequalis</strong></span> <span class='ocrx_word' id='word_1_668' title='bbox 3291 3584 3458 3648; x_wconf 83' lang='lat' dir='ltr'><strong>Patri,</strong></span> <span class='ocrx_word' id='word_1_669' title='bbox 3484 3585 3600 3637; x_wconf 91' lang='lat' dir='ltr'><strong>ubi-</strong></span> 
     </span>
    </p>
   </div>
   <div class='ocr_carea' id='block_1_85' title="bbox 2061 3672 3605 3745">
    <p class='ocr_par' dir='ltr' id='par_1_85' title="bbox 2061 3672 3605 3745">
     <span class='ocr_line' id='line_1_85' title="bbox 2061 3672 3605 3745; baseline -0.001 -17"><span class='ocrx_word' id='word_1_670' title='bbox 2061 3692 2163 3745; x_wconf 89' lang='lat' dir='ltr'><strong>que</strong></span> <span class='ocrx_word' id='word_1_671' title='bbox 2192 3684 2350 3730; x_wconf 90' lang='lat' dir='ltr'><strong>totus.</strong></span> <span class='ocrx_word' id='word_1_672' title='bbox 2386 3673 2481 3728; x_wconf 83' lang='lat' dir='ltr'><strong>Hic</strong></span> <span class='ocrx_word' id='word_1_673' title='bbox 2508 3675 2727 3742; x_wconf 64' lang='lat' dir='ltr'><strong>quaestio</strong></span> <span class='ocrx_word' id='word_1_674' title='bbox 2753 3672 2974 3727; x_wconf 72' lang='lat' dir='ltr'><strong>difficilis</strong></span> <span class='ocrx_word' id='word_1_675' title='bbox 3012 3674 3181 3726; x_wconf 84' lang='lat' dir='ltr'><strong>oritur</strong></span> <span class='ocrx_word' id='word_1_676' title='bbox 3205 3673 3329 3740; x_wconf 90' lang='lat' dir='ltr'><strong>quid</strong></span> <span class='ocrx_word' id='word_1_677' title='bbox 3357 3672 3605 3726; x_wconf 87' lang='lat' dir='ltr'><strong>fecissent</strong></span> 
     </span>
    </p>
   </div>
   <div class='ocr_carea' id='block_1_86' title="bbox 2061 3761 3600 3830">
    <p class='ocr_par' dir='ltr' id='par_1_86' title="bbox 2061 3761 3600 3830">
     <span class='ocr_line' id='line_1_86' title="bbox 2061 3761 3600 3830; baseline -0.003 -12"><span class='ocrx_word' id='word_1_678' title='bbox 2061 3764 2224 3818; x_wconf 71' lang='lat' dir='ltr'><strong>Judazi</strong></span> <span class='ocrx_word' id='word_1_679' title='bbox 2275 3762 2429 3827; x_wconf 89' lang='lat' dir='ltr'><strong>mali;</strong></span> <span class='ocrx_word' id='word_1_680' title='bbox 2486 3761 2568 3816; x_wconf 89' lang='lat' dir='ltr'><strong>vel</strong></span> <span class='ocrx_word' id='word_1_681' title='bbox 2612 3777 2727 3830; x_wconf 78' lang='lat' dir='ltr'><strong>quae</strong></span> <span class='ocrx_word' id='word_1_682' title='bbox 2773 3762 2944 3830; x_wconf 75' lang='lat' dir='ltr'><strong>culpa,</strong></span> <span class='ocrx_word' id='word_1_683' title='bbox 2962 3761 3172 3815; x_wconf 91' lang='lat' dir='ltr'><strong>illorum</strong></span> <span class='ocrx_word' id='word_1_684' title='bbox 3220 3769 3377 3824; x_wconf 88' lang='lat' dir='ltr'><strong>esset,</strong></span> <span class='ocrx_word' id='word_1_685' title='bbox 3409 3768 3467 3812; x_wconf 89' lang='lat' dir='ltr'><strong>ut</strong></span> <span class='ocrx_word' id='word_1_686' title='bbox 3496 3776 3600 3814; x_wconf 89' lang='lat' dir='ltr'><strong>non</strong></span> 
     </span>
    </p>
   </div>
   <div class='ocr_carea' id='block_1_87' title="bbox 2063 3848 3602 3918">
    <p class='ocr_par' dir='ltr' id='par_1_87' title="bbox 2063 3848 3602 3918">
     <span class='ocr_line' id='line_1_87' title="bbox 2063 3848 3602 3918; baseline -0.004 -10"><span class='ocrx_word' id='word_1_687' title='bbox 2063 3851 2360 3917; x_wconf 87' lang='lat' dir='ltr'><strong>crederent,</strong></span> <span class='ocrx_word' id='word_1_688' title='bbox 2383 3852 2425 3906; x_wconf 91' lang='lat' dir='ltr'><strong>si</strong></span> <span class='ocrx_word' id='word_1_689' title='bbox 2455 3864 2669 3905; x_wconf 85' lang='lat' dir='ltr'><strong>necesse</strong></span> <span class='ocrx_word' id='word_1_690' title='bbox 2694 3858 2810 3904; x_wconf 88' lang='lat' dir='ltr'><strong>erat</strong></span> <span class='ocrx_word' id='word_1_691' title='bbox 2857 3860 2909 3903; x_wconf 90' lang='lat' dir='ltr'><strong>ut</strong></span> <span class='ocrx_word' id='word_1_692' title='bbox 2948 3867 3112 3905; x_wconf 84' lang='lat' dir='ltr'><strong>sermo</strong></span> <span class='ocrx_word' id='word_1_693' title='bbox 3163 3848 3313 3902; x_wconf 71' lang='lat' dir='ltr'><strong>Isaia:</strong></span> <span class='ocrx_word' id='word_1_694' title='bbox 3348 3849 3602 3918; x_wconf 57' lang='lat' dir='ltr'><strong>prophetat</strong></span> 
     </span>
    </p>
   </div>
   <div class='ocr_carea' id='block_1_88' title="bbox 2063 3937 3602 4012">
    <p class='ocr_par' dir='ltr' id='par_1_88' title="bbox 2063 3937 3602 4012">
     <span class='ocr_line' id='line_1_88' title="bbox 2063 3937 3602 4012; baseline -0.005 -16"><span class='ocrx_word' id='word_1_695' title='bbox 2063 3943 2377 4012; x_wconf 88' lang='lat' dir='ltr'><strong>impleretur,</strong></span> <span class='ocrx_word' id='word_1_696' title='bbox 2403 3956 2550 4011; x_wconf 87' lang='lat' dir='ltr'><strong>quem</strong></span> <span class='ocrx_word' id='word_1_697' title='bbox 2577 3940 2705 3992; x_wconf 75' lang='lat' dir='ltr'><strong>dixit</strong></span> <span class='ocrx_word' id='word_1_698' title='bbox 2736 3953 2753 3990; x_wconf 87' lang='lat'><em>:</em></span> <span class='ocrx_word' id='word_1_699' title='bbox 2787 3938 2999 3996; x_wconf 86' lang='lat' dir='ltr'><strong>Domine</strong></span> <span class='ocrx_word' id='word_1_700' title='bbox 3022 3939 3134 4008; x_wconf 87' lang='lat' dir='ltr'><strong>quis</strong></span> <span class='ocrx_word' id='word_1_701' title='bbox 3161 3937 3374 3990; x_wconf 87' lang='lat' dir='ltr'><strong>credidit</strong></span> <span class='ocrx_word' id='word_1_702' title='bbox 3401 3937 3602 3989; x_wconf 84' lang='lat' dir='ltr'><strong>auditui</strong></span> 
     </span>
    </p>
   </div>
   <div class='ocr_carea' id='block_1_89' title="bbox 2064 4023 3601 4097">
    <p class='ocr_par' dir='ltr' id='par_1_89' title="bbox 2064 4023 3601 4097">
     <span class='ocr_line' id='line_1_89' title="bbox 2064 4023 3601 4097; baseline -0.005 -11"><span class='ocrx_word' id='word_1_703' title='bbox 2064 4044 2254 4097; x_wconf 90' lang='lat' dir='ltr'><strong>nostro,</strong></span> <span class='ocrx_word' id='word_1_704' title='bbox 2282 4043 2329 4087; x_wconf 88' lang='lat' dir='ltr'><strong>et</strong></span> <span class='ocrx_word' id='word_1_705' title='bbox 2357 4032 2620 4088; x_wconf 87' lang='lat' dir='ltr'><strong>brachium</strong></span> <span class='ocrx_word' id='word_1_706' title='bbox 2663 4029 2871 4083; x_wconf 86' lang='lat' dir='ltr'><strong>Domini</strong></span> <span class='ocrx_word' id='word_1_707' title='bbox 2917 4028 3001 4088; x_wconf 81' lang='lat' dir='ltr'><strong>cui</strong></span> <span class='ocrx_word' id='word_1_708' title='bbox 3041 4026 3314 4080; x_wconf 74' lang='lat' dir='ltr'><strong>revelatum</strong></span> <span class='ocrx_word' id='word_1_709' title='bbox 3358 4026 3466 4079; x_wconf 83' lang='lat' dir='ltr'><strong>est?</strong></span> <span class='ocrx_word' id='word_1_710' title='bbox 3507 4023 3601 4079; x_wconf 91' lang='lat' dir='ltr'><strong>Cui</strong></span> 
     </span>
    </p>
   </div>
   <div class='ocr_carea' id='block_1_90' title="bbox 2063 4114 3604 4193">
    <p class='ocr_par' dir='ltr' id='par_1_90' title="bbox 2063 4114 3604 4193">
     <span class='ocr_line' id='line_1_90' title="bbox 2063 4114 3604 4193; baseline -0.005 -17"><span class='ocrx_word' id='word_1_711' title='bbox 2063 4126 2342 4193; x_wconf 79' lang='lat' dir='ltr'><strong>quaestioni</strong></span> <span class='ocrx_word' id='word_1_712' title='bbox 2370 4121 2762 4192; x_wconf 85' lang='lat' dir='ltr'><strong>respondemus,</strong></span> <span class='ocrx_word' id='word_1_713' title='bbox 2793 4118 3071 4171; x_wconf 90' lang='lat' dir='ltr'><strong>Dominum</strong></span> <span class='ocrx_word' id='word_1_714' title='bbox 3099 4116 3376 4186; x_wconf 61' lang='lat' dir='ltr'><strong>praescium</strong></span> <span class='ocrx_word' id='word_1_715' title='bbox 3405 4114 3604 4169; x_wconf 88' lang='lat' dir='ltr'><strong>futuro-</strong></span> 
     </span>
    </p>
   </div>
   <div class='ocr_carea' id='block_1_91' title="bbox 2065 4202 3598 4281">
    <p class='ocr_par' dir='ltr' id='par_1_91' title="bbox 2065 4202 3598 4281">
     <span class='ocr_line' id='line_1_91' title="bbox 2065 4202 3598 4281; baseline -0.004 -18"><span class='ocrx_word' id='word_1_716' title='bbox 2065 4227 2180 4264; x_wconf 92' lang='lat' dir='ltr'><strong>rum</strong></span> <span class='ocrx_word' id='word_1_717' title='bbox 2205 4226 2300 4281; x_wconf 89' lang='lat' dir='ltr'><strong>per</strong></span> <span class='ocrx_word' id='word_1_718' title='bbox 2325 4211 2631 4281; x_wconf 87' lang='lat' dir='ltr'><strong>prophetam</strong></span> <span class='ocrx_word' id='word_1_719' title='bbox 2657 4207 2962 4276; x_wconf 70' lang='lat' dir='ltr'><strong>prmdixisse</strong></span> <span class='ocrx_word' id='word_1_720' title='bbox 2994 4204 3352 4265; x_wconf 78' lang='lat' dir='ltr'><strong>infidelitatem</strong></span> <span class='ocrx_word' id='word_1_721' title='bbox 3393 4202 3598 4257; x_wconf 72' lang='grc' dir='ltr'><strong>,ιιιάωο-</strong></span> 
     </span>
    </p>
   </div>
   <div class='ocr_carea' id='block_1_92' title="bbox 2066 4291 3602 4368">
    <p class='ocr_par' dir='ltr' id='par_1_92' title="bbox 2066 4291 3602 4368">
     <span class='ocr_line' id='line_1_92' title="bbox 2066 4291 3602 4368; baseline -0.007 -15"><span class='ocrx_word' id='word_1_722' title='bbox 2066 4316 2182 4352; x_wconf 90' lang='lat' dir='ltr'><strong>rum</strong></span> <span class='ocrx_word' id='word_1_723' title='bbox 2208 4299 2553 4368; x_wconf 10' lang='lat' dir='ltr'><strong>:Vprzedixisse</strong></span> <span class='ocrx_word' id='word_1_724' title='bbox 2580 4306 2775 4357; x_wconf 90' lang='lat' dir='ltr'><strong>tamen,</strong></span> <span class='ocrx_word' id='word_1_725' title='bbox 2807 4309 2909 4346; x_wconf 92' lang='lat' dir='ltr'><strong>non</strong></span> <span class='ocrx_word' id='word_1_726' title='bbox 2939 4293 3144 4346; x_wconf 89' lang='lat' dir='ltr'><strong>fecisse.</strong></span> <span class='ocrx_word' id='word_1_727' title='bbox 3176 4292 3288 4343; x_wconf 83' lang='lat' dir='ltr'><strong>Non</strong></span> <span class='ocrx_word' id='word_1_728' title='bbox 3314 4291 3452 4344; x_wconf 91' lang='lat' dir='ltr'><strong>enim</strong></span> <span class='ocrx_word' id='word_1_729' title='bbox 3481 4305 3602 4360; x_wconf 65' lang='lat' dir='ltr'><strong>pro«</strong></span> 
     </span>
    </p>
   </div>
   <div class='ocr_carea' id='block_1_93' title="bbox 2065 4380 3599 4457">
    <p class='ocr_par' dir='ltr' id='par_1_93' title="bbox 2065 4380 3599 4457">
     <span class='ocr_line' id='line_1_93' title="bbox 2065 4380 3599 4457; baseline -0.008 -15"><span class='ocrx_word' id='word_1_730' title='bbox 2065 4397 2245 4457; x_wconf 87' lang='lat' dir='ltr'><strong>pterea</strong></span> <span class='ocrx_word' id='word_1_731' title='bbox 2275 4402 2591 4457; x_wconf 87' lang='lat' dir='ltr'><strong>quemquam</strong></span> <span class='ocrx_word' id='word_1_732' title='bbox 2631 4385 2768 4438; x_wconf 89' lang='lat' dir='ltr'><strong>Deus</strong></span> <span class='ocrx_word' id='word_1_733' title='bbox 2818 4383 2881 4436; x_wconf 86' lang='lat' dir='ltr'><strong>ad</strong></span> <span class='ocrx_word' id='word_1_734' title='bbox 2922 4381 3242 4450; x_wconf 89' lang='lat' dir='ltr'><strong>peccandum</strong></span> <span class='ocrx_word' id='word_1_735' title='bbox 3280 4381 3439 4448; x_wconf 80' lang='lat' dir='ltr'><strong>cogit,</strong></span> <span class='ocrx_word' id='word_1_736' title='bbox 3479 4380 3599 4446; x_wconf 87' lang='lat' dir='ltr'><strong>quia</strong></span> 
     </span>
    </p>
   </div>
   <div class='ocr_carea' id='block_1_94' title="bbox 2068 4467 3599 4544">
    <p class='ocr_par' dir='ltr' id='par_1_94' title="bbox 2068 4467 3599 4544">
     <span class='ocr_line' id='line_1_94' title="bbox 2068 4467 3599 4544; baseline -0.006 -16"><span class='ocrx_word' id='word_1_737' title='bbox 2068 4475 2242 4530; x_wconf 84' lang='lat' dir='ltr'><strong>futura</strong></span> <span class='ocrx_word' id='word_1_738' title='bbox 2271 4476 2542 4530; x_wconf 86' lang='lat' dir='ltr'><strong>hominum</strong></span> <span class='ocrx_word' id='word_1_739' title='bbox 2569 4481 2782 4544; x_wconf 91' lang='lat' dir='ltr'><strong>peccata</strong></span> <span class='ocrx_word' id='word_1_740' title='bbox 2807 4472 2919 4542; x_wconf 86' lang='lat' dir='ltr'><strong>jam</strong></span> <span class='ocrx_word' id='word_1_741' title='bbox 2959 4470 3128 4524; x_wconf 91' lang='lat' dir='ltr'><strong>novit.</strong></span> <span class='ocrx_word' id='word_1_742' title='bbox 3171 4467 3408 4537; x_wconf 84' lang='lat' dir='ltr'><strong>Ipsorum</strong></span> <span class='ocrx_word' id='word_1_743' title='bbox 3457 4467 3599 4520; x_wconf 90' lang='lat' dir='ltr'><strong>enim</strong></span> 
     </span>
    </p>
   </div>
   <div class='ocr_carea' id='block_1_95' title="bbox 2067 4555 3599 4634">
    <p class='ocr_par' dir='ltr' id='par_1_95' title="bbox 2067 4555 3599 4634">
     <span class='ocr_line' id='line_1_95' title="bbox 2067 4555 3599 4634; baseline -0.007 -14"><span class='ocrx_word' id='word_1_744' title='bbox 2067 4565 2328 4634; x_wconf 70' lang='lat' dir='ltr'><strong>prmscivit</strong></span> <span class='ocrx_word' id='word_1_745' title='bbox 2356 4573 2591 4634; x_wconf 89' lang='lat' dir='ltr'><strong>peccata,</strong></span> <span class='ocrx_word' id='word_1_746' title='bbox 2613 4579 2715 4617; x_wconf 93' lang='lat' dir='ltr'><strong>non</strong></span> <span class='ocrx_word' id='word_1_747' title='bbox 2741 4577 2866 4627; x_wconf 89' lang='lat' dir='ltr'><strong>sua;</strong></span> <span class='ocrx_word' id='word_1_748' title='bbox 2894 4575 2995 4614; x_wconf 89' lang='lat' dir='ltr'><strong>non</strong></span> <span class='ocrx_word' id='word_1_749' title='bbox 3027 4559 3334 4627; x_wconf 88' lang='lat' dir='ltr'><strong>cujusquam</strong></span> <span class='ocrx_word' id='word_1_750' title='bbox 3363 4555 3599 4620; x_wconf 89' lang='lat' dir='ltr'><strong>alterius,</strong></span> 
     </span>
    </p>
   </div>
   <div class='ocr_carea' id='block_1_96' title="bbox 435 4645 3599 4728">
    <p class='ocr_par' dir='ltr' id='par_1_96' title="bbox 435 4645 3599 4728">
     <span class='ocr_line' id='line_1_96' title="bbox 435 4645 3599 4728; baseline -0.005 -13"><span class='ocrx_word' id='word_1_751' title='bbox 435 4661 632 4715; x_wconf 88' lang='lat' dir='ltr'><strong>credite</strong></span> <span class='ocrx_word' id='word_1_752' title='bbox 652 4659 704 4712; x_wconf 93' lang='lat' dir='ltr'><strong>in</strong></span> <span class='ocrx_word' id='word_1_753' title='bbox 723 4659 1019 4721; x_wconf 83' lang='lat' dir='ltr'><strong>veritatem,</strong></span> <span class='ocrx_word' id='word_1_754' title='bbox 1043 4665 1101 4711; x_wconf 93' lang='lat' dir='ltr'><strong>ut</strong></span> <span class='ocrx_word' id='word_1_755' title='bbox 1126 4654 1473 4728; x_wconf 86' lang='lat' dir='ltr'><strong>renascamini</strong></span> <span class='ocrx_word' id='word_1_756' title='bbox 1498 4654 1551 4707; x_wconf 90' lang='lat' dir='ltr'><strong>in</strong></span> <span class='ocrx_word' id='word_1_757' title='bbox 1575 4653 1816 4706; x_wconf 90' lang='lat' dir='ltr'><strong>veritate.</strong></span> <span class='ocrx_word' id='word_1_758' title='bbox 1841 4651 1968 4708; x_wconf 67' lang='lat' dir='ltr'><strong>Haec</strong></span> <span class='ocrx_word' id='word_1_759' title='bbox 2067 4657 2158 4710; x_wconf 85' lang='lat' dir='ltr'><strong>sed</strong></span> <span class='ocrx_word' id='word_1_760' title='bbox 2190 4659 2440 4727; x_wconf 79' lang='lat' dir='ltr'><strong>ipsorum.</strong></span> <span class='ocrx_word' id='word_1_761' title='bbox 2481 4654 2806 4723; x_wconf 81' lang='lat' dir='ltr'><strong>Quapropter</strong></span> <span class='ocrx_word' id='word_1_762' title='bbox 2831 4651 2873 4704; x_wconf 89' lang='lat' dir='ltr'><strong>si</strong></span> <span class='ocrx_word' id='word_1_763' title='bbox 2901 4666 2984 4712; x_wconf 87' lang='lat' dir='ltr'><strong>ea,</strong></span> <span class='ocrx_word' id='word_1_764' title='bbox 3014 4661 3128 4716; x_wconf 75' lang='lat' dir='ltr'><strong>qua:</strong></span> <span class='ocrx_word' id='word_1_765' title='bbox 3171 4645 3258 4700; x_wconf 89' lang='lat' dir='ltr'><strong>ille</strong></span> <span class='ocrx_word' id='word_1_766' title='bbox 3306 4646 3599 4715; x_wconf 64' lang='lat' dir='ltr'><strong>praescivit,</strong></span> 
     </span>
    </p>
   </div>
   <div class='ocr_carea' id='block_1_97' title="bbox 435 4730 3596 4817">
    <p class='ocr_par' dir='ltr' id='par_1_97' title="bbox 435 4730 3596 4817">
     <span class='ocr_line' id='line_1_97' title="bbox 435 4730 3596 4817; baseline -0.006 -17"><span class='ocrx_word' id='word_1_767' title='bbox 435 4750 636 4802; x_wconf 80' lang='lat' dir='ltr'><strong>locutus</strong></span> <span class='ocrx_word' id='word_1_768' title='bbox 663 4759 734 4801; x_wconf 89' lang='lat' dir='ltr'><strong>est</strong></span> <span class='ocrx_word' id='word_1_769' title='bbox 762 4747 945 4810; x_wconf 75' lang='lat' dir='ltr'><strong>Iesus,</strong></span> <span class='ocrx_word' id='word_1_770' title='bbox 968 4758 1013 4800; x_wconf 91' lang='lat' dir='ltr'><strong>et</strong></span> <span class='ocrx_word' id='word_1_771' title='bbox 1040 4745 1301 4800; x_wconf 87' lang='lat' dir='ltr'><strong>abscondit</strong></span> <span class='ocrx_word' id='word_1_772' title='bbox 1329 4761 1382 4799; x_wconf 88' lang='lat' dir='ltr'><strong>se</strong></span> <span class='ocrx_word' id='word_1_773' title='bbox 1409 4743 1472 4796; x_wconf 90' lang='lat' dir='ltr'><strong>ab</strong></span> <span class='ocrx_word' id='word_1_774' title='bbox 1504 4743 1596 4797; x_wconf 76' lang='lat' dir='ltr'><strong>eis.</strong></span> <span class='ocrx_word' id='word_1_775' title='bbox 1635 4741 1747 4796; x_wconf 84' lang='lat' dir='ltr'><strong>Non</strong></span> <span class='ocrx_word' id='word_1_776' title='bbox 1785 4741 1852 4794; x_wconf 92' lang='lat' dir='ltr'><strong>ab</strong></span> <span class='ocrx_word' id='word_1_777' title='bbox 1893 4741 1972 4793; x_wconf 91' lang='lat' dir='ltr'><strong>eis</strong></span> <span class='ocrx_word' id='word_1_778' title='bbox 2068 4740 2299 4807; x_wconf 91' lang='lat' dir='ltr'><strong>ipsorum</strong></span> <span class='ocrx_word' id='word_1_779' title='bbox 2339 4753 2442 4791; x_wconf 93' lang='lat' dir='ltr'><strong>non</strong></span> <span class='ocrx_word' id='word_1_780' title='bbox 2488 4744 2629 4800; x_wconf 90' lang='lat' dir='ltr'><strong>sunt,</strong></span> <span class='ocrx_word' id='word_1_781' title='bbox 2659 4737 2890 4804; x_wconf 89' lang='lat' dir='ltr'><strong>ipsorum</strong></span> <span class='ocrx_word' id='word_1_782' title='bbox 2935 4745 3041 4817; x_wconf 80' lang='lat' dir='ltr'><strong>non</strong></span> <span class='ocrx_word' id='word_1_783' title='bbox 3086 4744 3212 4785; x_wconf 85' lang='lat' dir='ltr'><strong>vera</strong></span> <span class='ocrx_word' id='word_1_784' title='bbox 3257 4730 3530 4817; x_wconf 75' lang='lat' dir='ltr'><strong>praescivit</strong></span> <span class='ocrx_word' id='word_1_785' title='bbox 3549 4731 3596 4781; x_wconf 60' lang='grc' dir='ltr'><strong>δ.</strong></span> 
     </span>
    </p>
   </div>
   <div class='ocr_carea' id='block_1_98' title="bbox 435 4815 3599 4906">
    <p class='ocr_par' dir='ltr' id='par_1_98' title="bbox 435 4815 3599 4906">
     <span class='ocr_line' id='line_1_98' title="bbox 435 4815 3599 4906; baseline -0.006 -17"><span class='ocrx_word' id='word_1_786' title='bbox 435 4837 525 4906; x_wconf 88' lang='lat' dir='ltr'><strong>qui</strong></span> <span class='ocrx_word' id='word_1_787' title='bbox 552 4836 767 4889; x_wconf 80' lang='lat' dir='ltr'><strong>credere</strong></span> <span class='ocrx_word' id='word_1_788' title='bbox 792 4843 846 4886; x_wconf 91' lang='lat' dir='ltr'><strong>et</strong></span> <span class='ocrx_word' id='word_1_789' title='bbox 865 4833 1405 4901; x_wconf 70' lang='lat' dir='ltr'><strong>diligerecoeperant;</strong></span> <span class='ocrx_word' id='word_1_790' title='bbox 1433 4845 1537 4882; x_wconf 91' lang='lat' dir='ltr'><strong>non</strong></span> <span class='ocrx_word' id='word_1_791' title='bbox 1559 4830 1623 4882; x_wconf 89' lang='lat' dir='ltr'><strong>ab</strong></span> <span class='ocrx_word' id='word_1_792' title='bbox 1642 4830 1721 4882; x_wconf 87' lang='lat' dir='ltr'><strong>eis</strong></span> <span class='ocrx_word' id='word_1_793' title='bbox 1740 4827 1828 4896; x_wconf 92' lang='lat' dir='ltr'><strong>qui</strong></span> <span class='ocrx_word' id='word_1_794' title='bbox 1851 4841 1968 4880; x_wconf 91' lang='lat' dir='ltr'><strong>cum</strong></span> <span class='ocrx_word' id='word_1_795' title='bbox 2070 4829 2172 4883; x_wconf 90' lang='lat' dir='ltr'><strong>Sed</strong></span> <span class='ocrx_word' id='word_1_796' title='bbox 2198 4829 2316 4895; x_wconf 85' lang='lat' dir='ltr'><strong>quia</strong></span> <span class='ocrx_word' id='word_1_797' title='bbox 2347 4827 2483 4879; x_wconf 90' lang='lat' dir='ltr'><strong>illius</strong></span> <span class='ocrx_word' id='word_1_798' title='bbox 2507 4823 2832 4894; x_wconf 61' lang='lat' dir='ltr'><strong>praescientia</strong></span> <span class='ocrx_word' id='word_1_799' title='bbox 2862 4819 2972 4875; x_wconf 86' lang='lat' dir='ltr'><strong>falli</strong></span> <span class='ocrx_word' id='word_1_800' title='bbox 3009 4815 3113 4875; x_wconf 88' lang='lat' dir='ltr'><strong>non</strong></span> <span class='ocrx_word' id='word_1_801' title='bbox 3136 4825 3340 4906; x_wconf 80' lang='lat' dir='ltr'><strong>potest,</strong></span> <span class='ocrx_word' id='word_1_802' title='bbox 3363 4818 3475 4906; x_wconf 88' lang='lat' dir='ltr'><strong>sine</strong></span> <span class='ocrx_word' id='word_1_803' title='bbox 3499 4815 3599 4869; x_wconf 87' lang='lat' dir='ltr'><strong>du-</strong></span> 
     </span>
    </p>
   </div>
   <div class='ocr_carea' id='block_1_99' title="bbox 439 4903 3600 4996">
    <p class='ocr_par' dir='ltr' id='par_1_99' title="bbox 439 4903 3600 4996">
     <span class='ocr_line' id='line_1_99' title="bbox 439 4903 3600 4996; baseline -0.01 -14"><span class='ocrx_word' id='word_1_804' title='bbox 439 4903 600 4982; x_wconf 70' lang='lat' dir='ltr'><strong>ramis</strong></span> <span class='ocrx_word' id='word_1_805' title='bbox 625 4925 915 4996; x_wconf 90' lang='lat' dir='ltr'><strong>palmarum</strong></span> <span class='ocrx_word' id='word_1_806' title='bbox 943 4930 999 4976; x_wconf 92' lang='lat' dir='ltr'><strong>et</strong></span> <span class='ocrx_word' id='word_1_807' title='bbox 1027 4916 1268 4981; x_wconf 84' lang='lat' dir='ltr'><strong>laudibus</strong></span> <span class='ocrx_word' id='word_1_808' title='bbox 1293 4921 1502 4974; x_wconf 85' lang='lat' dir='ltr'><strong>obviam</strong></span> <span class='ocrx_word' id='word_1_809' title='bbox 1543 4926 1828 4978; x_wconf 80' lang='lat' dir='ltr'><strong>venerant;</strong></span> <span class='ocrx_word' id='word_1_810' title='bbox 1876 4913 1966 4967; x_wconf 90' lang='lat' dir='ltr'><strong>sed</strong></span> <span class='ocrx_word' id='word_1_811' title='bbox 2067 4912 2153 4968; x_wconf 87' lang='lat' dir='ltr'><strong>bio</strong></span> <span class='ocrx_word' id='word_1_812' title='bbox 2175 4925 2278 4963; x_wconf 91' lang='lat' dir='ltr'><strong>non</strong></span> <span class='ocrx_word' id='word_1_813' title='bbox 2301 4909 2454 4972; x_wconf 88' lang='lat' dir='ltr'><strong>alius,</strong></span> <span class='ocrx_word' id='word_1_814' title='bbox 2476 4908 2566 4962; x_wconf 86' lang='lat' dir='ltr'><strong>sed</strong></span> <span class='ocrx_word' id='word_1_815' title='bbox 2592 4907 2688 4976; x_wconf 91' lang='lat' dir='ltr'><strong>ipsi</strong></span> <span class='ocrx_word' id='word_1_816' title='bbox 2714 4913 2956 4976; x_wconf 84' lang='lat' dir='ltr'><strong>peccant,</strong></span> <span class='ocrx_word' id='word_1_817' title='bbox 2981 4918 3113 4996; x_wconf 82' lang='lat' dir='ltr'><strong>quos</strong></span> <span class='ocrx_word' id='word_1_818' title='bbox 3138 4903 3276 4996; x_wconf 72' lang='lat' dir='ltr'><strong>Deus</strong></span> <span class='ocrx_word' id='word_1_819' title='bbox 3295 4905 3600 4996; x_wconf 85' lang='lat' dir='ltr'><strong>peccatores</strong></span> 
     </span>
    </p>
   </div>
   <div class='ocr_carea' id='block_1_100' title="bbox 437 4989 3626 5086">
    <p class='ocr_par' dir='ltr' id='par_1_100' title="bbox 437 4989 3626 5086">
     <span class='ocr_line' id='line_1_100' title="bbox 437 4989 3626 5086; baseline -0.012 -14"><span class='ocrx_word' id='word_1_820' title='bbox 437 5018 504 5071; x_wconf 86' lang='lat' dir='ltr'><strong>ab</strong></span> <span class='ocrx_word' id='word_1_821' title='bbox 525 5018 602 5070; x_wconf 89' lang='lat' dir='ltr'><strong>eis</strong></span> <span class='ocrx_word' id='word_1_822' title='bbox 625 4989 718 5084; x_wconf 75' lang='lat' dir='ltr'><strong>qui</strong></span> <span class='ocrx_word' id='word_1_823' title='bbox 747 5014 993 5068; x_wconf 87' lang='lat' dir='ltr'><strong>videbant</strong></span> <span class='ocrx_word' id='word_1_824' title='bbox 1021 5019 1073 5064; x_wconf 90' lang='lat' dir='ltr'><strong>et</strong></span> <span class='ocrx_word' id='word_1_825' title='bbox 1093 5009 1417 5070; x_wconf 82' lang='lat' dir='ltr'><strong>invidebant,</strong></span> <span class='ocrx_word' id='word_1_826' title='bbox 1445 5007 1567 5074; x_wconf 88' lang='lat' dir='ltr'><strong>quia</strong></span> <span class='ocrx_word' id='word_1_827' title='bbox 1584 5020 1682 5057; x_wconf 85' lang='lat' dir='ltr'><strong>nec</strong></span> <span class='ocrx_word' id='word_1_828' title='bbox 1700 5003 1982 5064; x_wconf 68' lang='lat' dir='ltr'><strong>videbant,</strong></span> <span class='ocrx_word' id='word_1_829' title='bbox 2069 4998 2236 5070; x_wconf 83' lang='lat' dir='ltr'><strong>[Aug.</strong></span> <span class='ocrx_word' id='word_1_830' title='bbox 2255 5039 2270 5064; x_wconf 88' lang='lat'><strong>,</strong></span> <span class='ocrx_word' id='word_1_831' title='bbox 2299 4996 2644 5068; x_wconf 85' lang='lat' dir='ltr'><strong>peccaturos]</strong></span> <span class='ocrx_word' id='word_1_832' title='bbox 2669 5010 2787 5050; x_wconf 88' lang='lat' dir='ltr'><strong>esse</strong></span> <span class='ocrx_word' id='word_1_833' title='bbox 2840 4993 3119 5086; x_wconf 72' lang='lat' dir='ltr'><strong>prmscivit.</strong></span> <span class='ocrx_word' id='word_1_834' title='bbox 3166 4989 3599 5086; x_wconf 38' lang='lat' dir='ltr'><strong>Fecerunt-ergo</strong></span> <span class='ocrx_word' id='word_1_835' title='bbox 3622 5032 3626 5039; x_wconf 83' lang='grc'>,</span> 
     </span>
    </p>
   </div>
   <div class='ocr_carea' id='block_1_101' title="bbox 437 5073 3621 5173">
    <p class='ocr_par' dir='ltr' id='par_1_101' title="bbox 437 5073 3621 5173">
     <span class='ocr_line' id='line_1_101' title="bbox 437 5073 3621 5173; baseline -0.011 -10"><span class='ocrx_word' id='word_1_836' title='bbox 437 5109 529 5163; x_wconf 87' lang='lat' dir='ltr'><strong>sed</strong></span> <span class='ocrx_word' id='word_1_837' title='bbox 557 5109 609 5162; x_wconf 90' lang='lat' dir='ltr'><strong>in</strong></span> <span class='ocrx_word' id='word_1_838' title='bbox 635 5073 859 5173; x_wconf 76' lang='lat' dir='ltr'><strong>lapidem</strong></span> <span class='ocrx_word' id='word_1_839' title='bbox 895 5102 1036 5156; x_wconf 88' lang='lat' dir='ltr'><strong>illum</strong></span> <span class='ocrx_word' id='word_1_840' title='bbox 1076 5099 1255 5155; x_wconf 68' lang='lat' dir='ltr'><strong>emeati</strong></span> <span class='ocrx_word' id='word_1_841' title='bbox 1302 5073 1491 5167; x_wconf 36' lang='grc' dir='ltr'><strong>[Αιιςλ</strong></span> <span class='ocrx_word' id='word_1_842' title='bbox 1515 5091 1774 5162; x_wconf 61' lang='lat' dir='ltr'><strong>excitate]</strong></span> <span class='ocrx_word' id='word_1_843' title='bbox 1805 5089 1969 5144; x_wconf 88' lang='lat' dir='ltr'><strong>ofTen-</strong></span> <span class='ocrx_word' id='word_1_844' title='bbox 2066 5097 2334 5170; x_wconf 71' lang='lat' dir='ltr'><strong>peccatum</strong></span> <span class='ocrx_word' id='word_1_845' title='bbox 2363 5086 2548 5150; x_wconf 72' lang='lat' dir='ltr'><strong>Judmi,</strong></span> <span class='ocrx_word' id='word_1_846' title='bbox 2570 5086 2708 5154; x_wconf 88' lang='lat' dir='ltr'><strong>quod</strong></span> <span class='ocrx_word' id='word_1_847' title='bbox 2749 5082 2863 5173; x_wconf 76' lang='lat' dir='ltr'><strong>eos&#39;</strong></span> <span class='ocrx_word' id='word_1_848' title='bbox 2877 5081 3049 5173; x_wconf 78' lang='lat' dir='ltr'><strong>facere</strong></span> <span class='ocrx_word' id='word_1_849' title='bbox 3084 5091 3186 5137; x_wconf 86' lang='lat' dir='ltr'><strong>non</strong></span> <span class='ocrx_word' id='word_1_850' title='bbox 3213 5073 3493 5173; x_wconf 45' lang='lat' dir='ltr'><strong>compulit,</strong></span> <span class='ocrx_word' id='word_1_851' title='bbox 3514 5074 3621 5173; x_wconf 55' lang='lat' dir='ltr'><strong>cui.</strong></span> 
     </span>
    </p>
   </div>
   <div class='ocr_carea' id='block_1_102' title="bbox 437 5162 3596 5260">
    <p class='ocr_par' dir='ltr' id='par_1_102' title="bbox 437 5162 3596 5260">
     <span class='ocr_line' id='line_1_102' title="bbox 437 5162 3596 5260; baseline -0.012 -10"><span class='ocrx_word' id='word_1_852' title='bbox 437 5162 651 5250; x_wconf 89' lang='lat' dir='ltr'><strong>debant.</strong></span> <span class='ocrx_word' id='word_1_853' title='bbox 674 5162 803 5247; x_wconf 83' lang='lat' dir='ltr'><strong>Cum</strong></span> <span class='ocrx_word' id='word_1_854' title='bbox 831 5202 1007 5245; x_wconf 90' lang='lat' dir='ltr'><strong>autem</strong></span> <span class='ocrx_word' id='word_1_855' title='bbox 1034 5205 1090 5244; x_wconf 90' lang='lat' dir='ltr'><strong>se</strong></span> <span class='ocrx_word' id='word_1_856' title='bbox 1114 5162 1470 5242; x_wconf 74' lang='lat' dir='ltr'><strong>abscondisset</strong></span> <span class='ocrx_word' id='word_1_857' title='bbox 1500 5182 1653 5237; x_wconf 85' lang='lat' dir='ltr'><strong>Jesus</strong></span> <span class='ocrx_word' id='word_1_858' title='bbox 1675 5183 1742 5234; x_wconf 90' lang='lat' dir='ltr'><strong>ab</strong></span> <span class='ocrx_word' id='word_1_859' title='bbox 1773 5181 1849 5234; x_wconf 90' lang='lat' dir='ltr'><strong>eis</strong></span> <span class='ocrx_word' id='word_1_860' title='bbox 1879 5179 1966 5247; x_wconf 89' lang='lat' dir='ltr'><strong>qui</strong></span> <span class='ocrx_word' id='word_1_861' title='bbox 2067 5162 2337 5249; x_wconf 58' lang='lat' dir='ltr'><strong>peccatum</strong></span> <span class='ocrx_word' id='word_1_862' title='bbox 2381 5192 2480 5230; x_wconf 91' lang='lat' dir='ltr'><strong>non</strong></span> <span class='ocrx_word' id='word_1_863' title='bbox 2519 5175 2691 5243; x_wconf 89' lang='lat' dir='ltr'><strong>placet</strong></span> <span class='ocrx_word' id='word_1_864' title='bbox 2719 5190 2729 5223; x_wconf 93' lang='lat'>:</span> <span class='ocrx_word' id='word_1_865' title='bbox 2762 5171 2852 5224; x_wconf 88' lang='lat' dir='ltr'><strong>sed</strong></span> <span class='ocrx_word' id='word_1_866' title='bbox 2901 5169 3141 5221; x_wconf 83' lang='lat' dir='ltr'><strong>facturos.</strong></span> <span class='ocrx_word' id='word_1_867' title='bbox 3176 5176 3293 5217; x_wconf 90' lang='lat' dir='ltr'><strong>esse</strong></span> <span class='ocrx_word' id='word_1_868' title='bbox 3329 5162 3596 5260; x_wconf 67' lang='lat' dir='ltr'><strong>praedixit,</strong></span> 
     </span>
    </p>
   </div>
   <div class='ocr_carea' id='block_1_103' title="bbox 439 5248 3596 5351">
    <p class='ocr_par' dir='ltr' id='par_1_103' title="bbox 439 5248 3596 5351">
     <span class='ocr_line' id='line_1_103' title="bbox 439 5248 3596 5351; baseline -0.012 -13"><span class='ocrx_word' id='word_1_869' title='bbox 439 5248 581 5340; x_wconf 74' lang='lat' dir='ltr'><strong>illum</strong></span> <span class='ocrx_word' id='word_1_870' title='bbox 606 5282 847 5337; x_wconf 90' lang='lat' dir='ltr'><strong>occidere</strong></span> <span class='ocrx_word' id='word_1_871' title='bbox 867 5283 1166 5349; x_wconf 86' lang='lat' dir='ltr'><strong>cupiebant,</strong></span> <span class='ocrx_word' id='word_1_872' title='bbox 1198 5278 1367 5351; x_wconf 80' lang='lat' dir='ltr'><strong>(quod</strong></span> <span class='ocrx_word' id='word_1_873' title='bbox 1407 5290 1544 5344; x_wconf 63' lang='lat' dir='ltr'><strong>sepe</strong></span> <span class='ocrx_word' id='word_1_874' title='bbox 1587 5280 1800 5342; x_wconf 88' lang='lat' dir='ltr'><strong>propter</strong></span> <span class='ocrx_word' id='word_1_875' title='bbox 1839 5270 1969 5326; x_wconf 91' lang='lat' dir='ltr'><strong>obli-</strong></span> <span class='ocrx_word' id='word_1_876' title='bbox 2071 5248 2228 5338; x_wconf 87' lang='lat' dir='ltr'><strong>quem</strong></span> <span class='ocrx_word' id='word_1_877' title='bbox 2255 5268 2385 5321; x_wconf 88' lang='lat' dir='ltr'><strong>nihil</strong></span> <span class='ocrx_word' id='word_1_878' title='bbox 2412 5266 2556 5317; x_wconf 86' lang='lat' dir='ltr'><strong>latet.</strong></span> <span class='ocrx_word' id='word_1_879' title='bbox 2588 5261 2689 5314; x_wconf 87' lang='lat' dir='ltr'><strong>Sed</strong></span> <span class='ocrx_word' id='word_1_880' title='bbox 2715 5274 2775 5312; x_wconf 90' lang='lat' dir='ltr'><strong>ea</strong></span> <span class='ocrx_word' id='word_1_881' title='bbox 2814 5271 2950 5351; x_wconf 65' lang='lat' dir='ltr'><strong>quae</strong></span> <span class='ocrx_word' id='word_1_882' title='bbox 2996 5248 3596 5351; x_wconf 41' lang='lat' dir='ltr'><strong>sequuntupEvangelii</strong></span> 
     </span>
    </p>
   </div>
   <div class='ocr_carea' id='block_1_104' title="bbox 439 5336 3590 5443">
    <p class='ocr_par' dir='ltr' id='par_1_104' title="bbox 439 5336 3590 5443">
     <span class='ocr_line' id='line_1_104' title="bbox 439 5336 3590 5443; baseline -0.012 -15"><span class='ocrx_word' id='word_1_883' title='bbox 439 5376 644 5429; x_wconf 82' lang='lat' dir='ltr'><strong>vionem</strong></span> <span class='ocrx_word' id='word_1_884' title='bbox 658 5336 1024 5428; x_wconf 74' lang='lat' dir='ltr'><strong>commonendi</strong></span> <span class='ocrx_word' id='word_1_885' title='bbox 1050 5336 1426 5439; x_wconf 61' lang='lat' dir='ltr'><strong>estis):nostrze</strong></span> <span class='ocrx_word' id='word_1_886' title='bbox 1449 5364 1742 5421; x_wconf 76' lang='lat' dir='ltr'><strong>inﬁrmitati</strong></span> <span class='ocrx_word' id='word_1_887' title='bbox 1775 5377 1964 5417; x_wconf 89' lang='lat' dir='ltr'><strong>consu-</strong></span> <span class='ocrx_word' id='word_1_888' title='bbox 2074 5361 2230 5414; x_wconf 82' lang='lat' dir='ltr'><strong>verba</strong></span> <span class='ocrx_word' id='word_1_889' title='bbox 2260 5357 2374 5425; x_wconf 86' lang='lat' dir='ltr'><strong>plus</strong></span> <span class='ocrx_word' id='word_1_890' title='bbox 2401 5357 2697 5443; x_wconf 61' lang='lat' dir='ltr'><strong>urgent,et</strong></span> <span class='ocrx_word' id='word_1_891' title='bbox 2710 5336 3590 5443; x_wconf 54' lang='lat' dir='ltr'><strong>profundioremquestionemnfa-</strong></span> 
     </span>
    </p>
   </div>
   <div class='ocr_carea' id='block_1_105' title="bbox 439 5425 3601 5528">
    <p class='ocr_par' dir='ltr' id='par_1_105' title="bbox 439 5425 3601 5528">
     <span class='ocr_line' id='line_1_105' title="bbox 439 5425 3601 5528; baseline -0.012 -9"><span class='ocrx_word' id='word_1_892' title='bbox 717 5477 823 5516; x_wconf 77' lang='lat' dir='ltr'><strong>sua:</strong></span> <span class='ocrx_word' id='word_1_893' title='bbox 846 5459 1090 5528; x_wconf 88' lang='lat' dir='ltr'><strong>potestati</strong></span> <span class='ocrx_word' id='word_1_894' title='bbox 1117 5425 1407 5528; x_wconf 61' lang='lat' dir='ltr'><strong>derogavit.</strong></span> <span class='ocrx_word' id='word_1_895' title='bbox 1439 5475 1457 5507; x_wconf 75' lang='grc' dir='ltr'><strong><em>ι</em></strong></span> <span class='ocrx_word' id='word_1_896' title='bbox 2073 5451 2233 5504; x_wconf 80' lang='lat' dir='ltr'><strong>ciunt.</strong></span> <span class='ocrx_word' id='word_1_897' title='bbox 2264 5445 2459 5499; x_wconf 87' lang='lat' dir='ltr'><strong>Dicitur</strong></span> <span class='ocrx_word' id='word_1_898' title='bbox 2484 5440 2623 5493; x_wconf 89' lang='lat' dir='ltr'><strong>enim</strong></span> <span class='ocrx_word' id='word_1_899' title='bbox 2653 5437 2814 5508; x_wconf 76' lang='lat'><strong>533</strong></span> <span class='ocrx_word' id='word_1_900' title='bbox 2843 5437 2948 5500; x_wconf 84' lang='lat' dir='ltr'><strong>hic,</strong></span> <span class='ocrx_word' id='word_1_901' title='bbox 2977 5432 3124 5502; x_wconf 88' lang='lat' dir='ltr'><strong>quasi</strong></span> <span class='ocrx_word' id='word_1_902' title='bbox 3153 5443 3308 5484; x_wconf 86' lang='lat' dir='ltr'><strong>causa</strong></span> <span class='ocrx_word' id='word_1_903' title='bbox 3348 5427 3415 5481; x_wconf 92' lang='lat' dir='ltr'><strong>sit</strong></span> <span class='ocrx_word' id='word_1_904' title='bbox 3459 5425 3601 5482; x_wconf 86' lang='lat' dir='ltr'><strong>Deus</strong></span> 
     </span>
    </p>
   </div>
   <div class='ocr_carea' id='block_1_106' title="bbox 2078 5542 3597 5622">
    <p class='ocr_par' dir='ltr' id='par_1_106' title="bbox 2078 5542 3597 5622">
     <span class='ocr_line' id='line_1_106' title="bbox 2078 5542 3597 5622; baseline -0.009 -14"><span class='ocrx_word' id='word_1_905' title='bbox 2078 5575 2097 5608; x_wconf 83' lang='grc'><em>‹</em></span> <span class='ocrx_word' id='word_1_906' title='bbox 2127 5558 2455 5622; x_wconf 75' lang='lat' dir='ltr'><strong>Quapropter</strong></span> <span class='ocrx_word' id='word_1_907' title='bbox 2483 5550 2524 5604; x_wconf 89' lang='lat' dir='ltr'><strong>si</strong></span> <span class='ocrx_word' id='word_1_908' title='bbox 2556 5565 2638 5613; x_wconf 84' lang='lat' dir='ltr'><strong>ea,</strong></span> <span class='ocrx_word' id='word_1_909' title='bbox 2667 5547 2891 5622; x_wconf 67' lang='lat' dir='ltr'><strong>qumillc</strong></span> <span class='ocrx_word' id='word_1_910' title='bbox 2918 5542 3176 5622; x_wconf 70' lang='lat' dir='ltr'><strong>prmseivit</strong></span> <span class='ocrx_word' id='word_1_911' title='bbox 3205 5542 3452 5608; x_wconf 77' lang='lat' dir='ltr'><strong>ipsorum,</strong></span> <span class='ocrx_word' id='word_1_912' title='bbox 3492 5553 3597 5595; x_wconf 82' lang='lat' dir='ltr'><strong>non</strong></span> 
     </span>
    </p>
   </div>
   <div class='ocr_carea' id='block_1_107' title="bbox 511 5564 3128 5638">
    <p class='ocr_par' dir='ltr' id='par_1_107' title="bbox 511 5564 3128 5638">
     <span class='ocr_line' id='line_1_107' title="bbox 511 5564 3128 5638; baseline -0.013 -9"><span class='ocrx_word' id='word_1_913' title='bbox 511 5591 531 5616; x_wconf 79' lang='grc' dir='ltr'><strong>ο</strong></span> <span class='ocrx_word' id='word_1_914' title='bbox 567 5577 641 5628; x_wconf 73' lang='lat' dir='ltr'><strong>Ex</strong></span> <span class='ocrx_word' id='word_1_915' title='bbox 671 5575 726 5627; x_wconf 88' lang='lat' dir='ltr'><strong>S.</strong></span> <span class='ocrx_word' id='word_1_916' title='bbox 757 5572 910 5638; x_wconf 82' lang='lat' dir='ltr'><strong>Aug.,</strong></span> <span class='ocrx_word' id='word_1_917' title='bbox 935 5576 1232 5638; x_wconf 15' lang='lat' dir='ltr'><strong>&#39;tract.it.m,</strong></span> <span class='ocrx_word' id='word_1_918' title='bbox 1260 5564 1580 5638; x_wconf 74' lang='lat' dir='ltr'><strong>num._‘2-l5.</strong></span> <span class='ocrx_word' id='word_1_919' title='bbox 2078 5575 2097 5608; x_wconf 83' lang='grc'><em>‹</em></span> <span class='ocrx_word' id='word_1_920' title='bbox 2127 5564 2455 5638; x_wconf 74' lang='lat' dir='ltr'><strong>Quapropter</strong></span> <span class='ocrx_word' id='word_1_921' title='bbox 2483 5568 2537 5638; x_wconf 68' lang='lat' dir='ltr'><strong>si</strong></span> <span class='ocrx_word' id='word_1_922' title='bbox 2556 5564 2780 5638; x_wconf 28' lang='grc' dir='ltr'><strong>ξιιμ-φρ</strong></span> <span class='ocrx_word' id='word_1_923' title='bbox 2793 5564 3128 5638; x_wconf 36' lang='lat' dir='ltr'><strong>illato—[113133.32</strong></span> 
     </span>
    </p>
   </div>
   <div class='ocr_carea' id='block_1_108' title="bbox 2072 5616 3227 5691">
    <p class='ocr_par' dir='ltr' id='par_1_108' title="bbox 2072 5616 3227 5691">
     <span class='ocr_line' id='line_1_108' title="bbox 2072 5616 3227 5691; baseline -0.018 -12"><span class='ocrx_word' id='word_1_924' title='bbox 2072 5616 2191 5679; x_wconf 77' lang='lat' dir='ltr'><strong>stth</strong></span> <span class='ocrx_word' id='word_1_925' title='bbox 2214 5616 2466 5691; x_wconf 77' lang='lat' dir='ltr'><strong>ipsorum,</strong></span> <span class='ocrx_word' id='word_1_926' title='bbox 2516 5635 2616 5672; x_wconf 89' lang='lat' dir='ltr'><strong>non</strong></span> <span class='ocrx_word' id='word_1_927' title='bbox 2648 5616 2768 5672; x_wconf 75' lang='lat' dir='ltr'><strong>vere</strong></span> <span class='ocrx_word' id='word_1_928' title='bbox 2793 5616 2875 5667; x_wconf 84' lang='lat' dir='ltr'><strong>ille</strong></span> <span class='ocrx_word' id='word_1_929' title='bbox 2896 5616 3172 5683; x_wconf 73' lang='lat' dir='ltr'><strong>prmseivit.</strong></span> <span class='ocrx_word' id='word_1_930' title='bbox 3210 5631 3227 5658; x_wconf 74' lang='grc' dir='ltr'><strong><em>ι</em></strong></span> 
     </span>
    </p>
   </div>
   <div class='ocr_carea' id='block_1_109' title="bbox 514 5635 1965 5712">
    <p class='ocr_par' dir='ltr' id='par_1_109' title="bbox 514 5635 1965 5712">
     <span class='ocr_line' id='line_1_109' title="bbox 514 5635 1965 5712; baseline -0.014 -15"><span class='ocrx_word' id='word_1_931' title='bbox 514 5647 541 5687; x_wconf 73' lang='lat' dir='ltr'><strong>b.</strong></span> <span class='ocrx_word' id='word_1_932' title='bbox 568 5642 713 5712; x_wconf 61' lang='lat' dir='ltr'><strong>Apuli</strong></span> <span class='ocrx_word' id='word_1_933' title='bbox 733 5635 1077 5708; x_wconf 74' lang='lat' dir='ltr'><strong>Augustinum</strong></span> <span class='ocrx_word' id='word_1_934' title='bbox 1098 5637 1205 5690; x_wconf 70' lang='lat' dir='ltr'><strong>lucc</strong></span> <span class='ocrx_word' id='word_1_935' title='bbox 1228 5637 1382 5687; x_wconf 80' lang='lat' dir='ltr'><strong>verba</strong></span> <span class='ocrx_word' id='word_1_936' title='bbox 1410 5635 1481 5686; x_wconf 87' lang='lat' dir='ltr'><strong>ita</strong></span> <span class='ocrx_word' id='word_1_937' title='bbox 1503 5635 1965 5697; x_wconf 83' lang='lat' dir='ltr'><strong>interpunguntur:</strong></span> 
     </span>
    </p>
   </div>
  </div>
