  <div class='ocr_page' id='page_1' title='image "/cluster/home/n/w/nwhite01/storage/ocr_20150623/100/uva.x000827058/468.png"; bbox 0 0 4152 6192; ppageno 0'>
   <div class='ocr_carea' id='block_1_1' title="bbox 326 376 421 429">
    <p class='ocr_par' dir='ltr' id='par_1_1' title="bbox 326 376 421 429">
     <span class='ocr_line' id='line_1_1' title="bbox 326 376 421 429; baseline -0.021 0"><span class='ocrx_word' id='word_1_1' title='bbox 326 376 421 429; x_wconf 79' lang='lat' dir='ltr'><strong>9‘2l</strong></span> 
     </span>
    </p>
   </div>
   <div class='ocr_carea' id='block_1_2' title="bbox 1092 357 2706 420">
    <p class='ocr_par' dir='ltr' id='par_1_2' title="bbox 1092 357 2706 420">
     <span class='ocr_line' id='line_1_2' title="bbox 1092 357 2706 420; baseline -0.004 -5"><span class='ocrx_word' id='word_1_2' title='bbox 1092 362 1525 420; x_wconf 57' lang='lat' dir='ltr'><strong>.‘EXEGETICA.</strong></span> <span class='ocrx_word' id='word_1_3' title='bbox 1558 393 1625 401; x_wconf 96' lang='lat'><strong>—</strong></span> <span class='ocrx_word' id='word_1_4' title='bbox 1661 360 2005 416; x_wconf 70' lang='grc' dir='ltr'><strong>(ΖΟΜΜΕΝΤ.</strong></span> <span class='ocrx_word' id='word_1_5' title='bbox 2049 358 2110 411; x_wconf 74' lang='lat' dir='ltr'><strong>l.\&#39;</strong></span> <span class='ocrx_word' id='word_1_6' title='bbox 2150 357 2337 412; x_wconf 66' lang='lat' dir='ltr'><strong>JOAN.</strong></span> <span class='ocrx_word' id='word_1_7' title='bbox 2376 389 2443 398; x_wconf 90' lang='lat'><strong>—-</strong></span> <span class='ocrx_word' id='word_1_8' title='bbox 2482 359 2605 411; x_wconf 79' lang='lat' dir='ltr'><strong>LIB.</strong></span> <span class='ocrx_word' id='word_1_9' title='bbox 2648 359 2706 412; x_wconf 69' lang='grc' dir='ltr'><strong>γ.</strong></span> 
     </span>
    </p>
   </div>
   <div class='ocr_carea' id='block_1_3' title="bbox 3408 361 3509 415">
    <p class='ocr_par' dir='ltr' id='par_1_3' title="bbox 3408 361 3509 415">
     <span class='ocr_line' id='line_1_3' title="bbox 3408 361 3509 415; baseline -0.01 0"><span class='ocrx_word' id='word_1_10' title='bbox 3408 361 3509 415; x_wconf 65' lang='lat'><strong>932</strong></span> 
     </span>
    </p>
   </div>
   <div class='ocr_carea' id='block_1_4' title="bbox 402 444 3509 543">
    <p class='ocr_par' dir='ltr' id='par_1_4' title="bbox 402 444 3509 543">
     <span class='ocr_line' id='line_1_4' title="bbox 402 444 3509 543; baseline -0.005 -7"><span class='ocrx_word' id='word_1_11' title='bbox 402 486 558 536; x_wconf 68' lang='lat' dir='ltr'><strong>Vsus.</strong></span> <span class='ocrx_word' id='word_1_12' title='bbox 590 478 679 543; x_wconf 68' lang='grc' dir='ltr'><strong>ιι,</strong></span> <span class='ocrx_word' id='word_1_13' title='bbox 702 470 1033 532; x_wconf 65' lang='lat' dir='ltr'><strong>l5.-—-Icsus</strong></span> <span class='ocrx_word' id='word_1_14' title='bbox 1057 473 1294 526; x_wconf 77' lang='lat' dir='ltr'><strong>clamavit</strong></span> <span class='ocrx_word' id='word_1_15' title='bbox 1318 481 1364 526; x_wconf 85' lang='lat' dir='ltr'><strong>et</strong></span> <span class='ocrx_word' id='word_1_16' title='bbox 1390 472 1517 523; x_wconf 75' lang='lat' dir='ltr'><strong>dixit</strong></span> <span class='ocrx_word' id='word_1_17' title='bbox 1541 444 1681 533; x_wconf 37' lang='lat' dir='ltr'><strong>{Qui</strong></span> <span class='ocrx_word' id='word_1_18' title='bbox 1710 468 1866 521; x_wconf 89' lang='lat' dir='ltr'><strong>credit</strong></span> <span class='ocrx_word' id='word_1_19' title='bbox 1900 473 1941 527; x_wconf 76' lang='grc' dir='ltr'>Α</span> <span class='ocrx_word' id='word_1_20' title='bbox 1970 481 2084 533; x_wconf 72' lang='lat' dir='ltr'><strong>qua:</strong></span> <span class='ocrx_word' id='word_1_21' title='bbox 2114 466 2253 519; x_wconf 81' lang='lat' dir='ltr'><strong>venit</strong></span> <span class='ocrx_word' id='word_1_22' title='bbox 2288 468 2339 520; x_wconf 90' lang='lat' dir='ltr'><strong>in</strong></span> <span class='ocrx_word' id='word_1_23' title='bbox 2384 468 2522 519; x_wconf 88' lang='lat' dir='ltr'><strong>hunc</strong></span> <span class='ocrx_word' id='word_1_24' title='bbox 2567 467 2837 529; x_wconf 78' lang='lat' dir='ltr'><strong>mundum,</strong></span> <span class='ocrx_word' id='word_1_25' title='bbox 2881 468 3002 533; x_wconf 89' lang='lat' dir='ltr'><strong>quia</strong></span> <span class='ocrx_word' id='word_1_26' title='bbox 3028 482 3124 535; x_wconf 88' lang='lat' dir='ltr'><strong>per</strong></span> <span class='ocrx_word' id='word_1_27' title='bbox 3151 468 3291 521; x_wconf 87' lang='lat' dir='ltr'><strong>illam</strong></span> <span class='ocrx_word' id='word_1_28' title='bbox 3339 468 3509 524; x_wconf 79' lang='lat' dir='ltr'><strong>factus</strong></span> 
     </span>
    </p>
   </div>
   <div class='ocr_carea' id='block_1_5' title="bbox 330 559 1869 631">
    <p class='ocr_par' dir='ltr' id='par_1_5' title="bbox 330 559 1869 631">
     <span class='ocr_line' id='line_1_5' title="bbox 330 559 1869 631; baseline -0.01 -8"><span class='ocrx_word' id='word_1_29' title='bbox 330 575 383 627; x_wconf 88' lang='lat' dir='ltr'><strong>in</strong></span> <span class='ocrx_word' id='word_1_30' title='bbox 411 588 507 631; x_wconf 84' lang='lat' dir='ltr'><strong>mc,</strong></span> <span class='ocrx_word' id='word_1_31' title='bbox 535 585 636 621; x_wconf 89' lang='lat' dir='ltr'><strong>non</strong></span> <span class='ocrx_word' id='word_1_32' title='bbox 662 567 819 619; x_wconf 87' lang='lat' dir='ltr'><strong>credit</strong></span> <span class='ocrx_word' id='word_1_33' title='bbox 841 566 894 617; x_wconf 90' lang='lat' dir='ltr'><strong>in</strong></span> <span class='ocrx_word' id='word_1_34' title='bbox 922 580 1030 623; x_wconf 86' lang='lat' dir='ltr'><strong>me,</strong></span> <span class='ocrx_word' id='word_1_35' title='bbox 1055 562 1142 615; x_wconf 86' lang='lat' dir='ltr'><strong>sed</strong></span> <span class='ocrx_word' id='word_1_36' title='bbox 1166 563 1219 615; x_wconf 88' lang='lat' dir='ltr'><strong>in</strong></span> <span class='ocrx_word' id='word_1_37' title='bbox 1252 576 1366 614; x_wconf 86' lang='lat' dir='ltr'><strong>eum</strong></span> <span class='ocrx_word' id='word_1_38' title='bbox 1404 562 1493 628; x_wconf 90' lang='lat' dir='ltr'><strong>qui</strong></span> <span class='ocrx_word' id='word_1_39' title='bbox 1518 559 1654 610; x_wconf 89' lang='lat' dir='ltr'><strong>misit</strong></span> <span class='ocrx_word' id='word_1_40' title='bbox 1680 572 1791 619; x_wconf 88' lang='lat' dir='ltr'><strong>me;</strong></span> <span class='ocrx_word' id='word_1_41' title='bbox 1821 565 1869 608; x_wconf 91' lang='lat' dir='ltr'><strong>ct</strong></span> 
     </span>
    </p>
   </div>
   <div class='ocr_carea' id='block_1_6' title="bbox 329 642 1873 724">
    <p class='ocr_par' dir='ltr' id='par_1_6' title="bbox 329 642 1873 724">
     <span class='ocr_line' id='line_1_6' title="bbox 329 642 1873 724; baseline -0.01 -15"><span class='ocrx_word' id='word_1_42' title='bbox 329 658 415 724; x_wconf 87' lang='lat' dir='ltr'><strong>qui</strong></span> <span class='ocrx_word' id='word_1_43' title='bbox 445 654 575 708; x_wconf 75' lang='lat' dir='ltr'><strong>ridet</strong></span> <span class='ocrx_word' id='word_1_44' title='bbox 603 669 700 714; x_wconf 85' lang='lat' dir='ltr'><strong>me,</strong></span> <span class='ocrx_word' id='word_1_45' title='bbox 731 652 864 705; x_wconf 85' lang='lat' dir='ltr'><strong>videt</strong></span> <span class='ocrx_word' id='word_1_46' title='bbox 903 666 1018 703; x_wconf 89' lang='lat' dir='ltr'><strong>eum</strong></span> <span class='ocrx_word' id='word_1_47' title='bbox 1046 649 1133 718; x_wconf 88' lang='lat' dir='ltr'><strong>qui</strong></span> <span class='ocrx_word' id='word_1_48' title='bbox 1160 664 1240 701; x_wconf 87' lang='lat' dir='ltr'><strong>me</strong></span> <span class='ocrx_word' id='word_1_49' title='bbox 1272 648 1431 699; x_wconf 86' lang='lat' dir='ltr'><strong>misit.</strong></span> <span class='ocrx_word' id='word_1_50' title='bbox 1466 663 1484 695; x_wconf 70' lang='grc' dir='ltr'><strong><em>ι</em></strong></span> <span class='ocrx_word' id='word_1_51' title='bbox 1520 642 1635 699; x_wconf 81' lang='lat' dir='ltr'><strong>Jam</strong></span> <span class='ocrx_word' id='word_1_52' title='bbox 1665 643 1873 696; x_wconf 75' lang='lat' dir='ltr'><strong>dixerat</strong></span> 
     </span>
    </p>
   </div>
   <div class='ocr_carea' id='block_1_7' title="bbox 330 734 1870 812">
    <p class='ocr_par' dir='ltr' id='par_1_7' title="bbox 330 734 1870 812">
     <span class='ocr_line' id='line_1_7' title="bbox 330 734 1870 812; baseline -0.007 -16"><span class='ocrx_word' id='word_1_53' title='bbox 330 745 557 812; x_wconf 83' lang='lat' dir='ltr'><strong>quodam</strong></span> <span class='ocrx_word' id='word_1_54' title='bbox 581 742 696 797; x_wconf 89' lang='lat' dir='ltr'><strong>loco</strong></span> <span class='ocrx_word' id='word_1_55' title='bbox 719 759 731 793; x_wconf 93' lang='lat'><strong>:</strong></span> <span class='ocrx_word' id='word_1_56' title='bbox 759 740 875 794; x_wconf 77' lang='lat' dir='ltr'><strong>Mea</strong></span> <span class='ocrx_word' id='word_1_57' title='bbox 904 740 1135 791; x_wconf 85' lang='lat' dir='ltr'><strong>doctrina</strong></span> <span class='ocrx_word' id='word_1_58' title='bbox 1157 753 1258 790; x_wconf 88' lang='lat' dir='ltr'><strong>non</strong></span> <span class='ocrx_word' id='word_1_59' title='bbox 1276 745 1347 789; x_wconf 89' lang='lat' dir='ltr'><strong>est</strong></span> <span class='ocrx_word' id='word_1_60' title='bbox 1372 752 1504 795; x_wconf 87' lang='lat' dir='ltr'><strong>mea,</strong></span> <span class='ocrx_word' id='word_1_61' title='bbox 1532 736 1621 787; x_wconf 78' lang='lat' dir='ltr'><strong>sed</strong></span> <span class='ocrx_word' id='word_1_62' title='bbox 1644 734 1756 801; x_wconf 87' lang='lat' dir='ltr'><strong>ejus</strong></span> <span class='ocrx_word' id='word_1_63' title='bbox 1782 736 1870 802; x_wconf 79' lang='lat' dir='ltr'><strong>qui</strong></span> 
     </span>
    </p>
   </div>
   <div class='ocr_carea' id='block_1_8' title="bbox 330 823 1869 903">
    <p class='ocr_par' dir='ltr' id='par_1_8' title="bbox 330 823 1869 903">
     <span class='ocr_line' id='line_1_8' title="bbox 330 823 1869 903; baseline -0.009 -16"><span class='ocrx_word' id='word_1_64' title='bbox 330 852 412 887; x_wconf 86' lang='lat' dir='ltr'><strong>me</strong></span> <span class='ocrx_word' id='word_1_65' title='bbox 432 834 567 886; x_wconf 86' lang='lat' dir='ltr'><strong>misit</strong></span> <span class='ocrx_word' id='word_1_66' title='bbox 594 830 771 903; x_wconf 79' lang='lat' dir='ltr'><strong>(Joan.</strong></span> <span class='ocrx_word' id='word_1_67' title='bbox 793 845 890 891; x_wconf 84' lang='lat' dir='ltr'><strong>vn,</strong></span> <span class='ocrx_word' id='word_1_68' title='bbox 914 828 1019 897; x_wconf 73' lang='grc'>16).</span> <span class='ocrx_word' id='word_1_69' title='bbox 1044 827 1142 881; x_wconf 88' lang='lat' dir='ltr'><strong>Ubi</strong></span> <span class='ocrx_word' id='word_1_70' title='bbox 1163 826 1512 880; x_wconf 75' lang='lat' dir='ltr'><strong>intelleximus</strong></span> <span class='ocrx_word' id='word_1_71' title='bbox 1532 838 1651 876; x_wconf 87' lang='lat' dir='ltr'><strong>eum</strong></span> <span class='ocrx_word' id='word_1_72' title='bbox 1674 823 1869 875; x_wconf 87' lang='lat' dir='ltr'><strong>doctri-</strong></span> 
     </span>
    </p>
   </div>
   <div class='ocr_carea' id='block_1_9' title="bbox 1967 557 2320 608">
    <p class='ocr_par' dir='ltr' id='par_1_9' title="bbox 1967 557 2320 608">
     <span class='ocr_line' id='line_1_9' title="bbox 1967 557 2320 608; baseline 0.003 -1"><span class='ocrx_word' id='word_1_73' title='bbox 1967 561 2046 607; x_wconf 88' lang='lat' dir='ltr'><strong>est</strong></span> <span class='ocrx_word' id='word_1_74' title='bbox 2071 557 2320 608; x_wconf 85' lang='lat' dir='ltr'><strong>mundus.</strong></span> 
     </span>
    </p>
   </div>
   <div class='ocr_carea' id='block_1_10' title="bbox 2035 667 3506 739">
    <p class='ocr_par' dir='ltr' id='par_1_10' title="bbox 2035 667 3506 739">
     <span class='ocr_line' id='line_1_10' title="bbox 2035 667 3506 739; baseline 0.004 -18"><span class='ocrx_word' id='word_1_75' title='bbox 2035 668 2195 721; x_wconf 67' lang='lat' dir='ltr'><strong>Vens.</strong></span> <span class='ocrx_word' id='word_1_76' title='bbox 2220 667 2306 719; x_wconf 69' lang='grc'><strong>47.</strong></span> <span class='ocrx_word' id='word_1_77' title='bbox 2327 698 2397 707; x_wconf 84' lang='lat'>——</span> <span class='ocrx_word' id='word_1_78' title='bbox 2418 669 2482 721; x_wconf 84' lang='lat' dir='ltr'><strong>Et</strong></span> <span class='ocrx_word' id='word_1_79' title='bbox 2510 670 2557 721; x_wconf 88' lang='lat' dir='ltr'><strong>si</strong></span> <span class='ocrx_word' id='word_1_80' title='bbox 2582 669 2695 739; x_wconf 88' lang='lat' dir='ltr'><strong>quis</strong></span> <span class='ocrx_word' id='word_1_81' title='bbox 2721 669 2961 731; x_wconf 87' lang='lat' dir='ltr'><strong>audierit,</strong></span> <span class='ocrx_word' id='word_1_82' title='bbox 2983 670 3170 739; x_wconf 89' lang='lat' dir='ltr'><strong>inquit,</strong></span> <span class='ocrx_word' id='word_1_83' title='bbox 3195 670 3346 735; x_wconf 62' lang='lat' dir='ltr'><strong>verba</strong></span> <span class='ocrx_word' id='word_1_84' title='bbox 3370 688 3506 738; x_wconf 71' lang='lat' dir='ltr'><strong>meo,</strong></span> 
     </span>
    </p>
   </div>
   <div class='ocr_carea' id='block_1_11' title="bbox 1967 756 3507 827">
    <p class='ocr_par' dir='ltr' id='par_1_11' title="bbox 1967 756 3507 827">
     <span class='ocr_line' id='line_1_11' title="bbox 1967 756 3507 827; baseline 0.006 -20"><span class='ocrx_word' id='word_1_85' title='bbox 1967 765 2143 807; x_wconf 75' lang='lat' dir='ltr'><strong>etnon</strong></span> <span class='ocrx_word' id='word_1_86' title='bbox 2186 756 2487 809; x_wconf 71' lang='lat' dir='ltr'><strong>custodierit</strong></span> <span class='ocrx_word' id='word_1_87' title='bbox 2527 774 2606 821; x_wconf 90' lang='lat' dir='ltr'><strong>ea,</strong></span> <span class='ocrx_word' id='word_1_88' title='bbox 2636 774 2725 825; x_wconf 92' lang='lat' dir='ltr'><strong>ego</strong></span> <span class='ocrx_word' id='word_1_89' title='bbox 2753 775 2853 811; x_wconf 88' lang='lat' dir='ltr'><strong>non</strong></span> <span class='ocrx_word' id='word_1_90' title='bbox 2866 760 3046 827; x_wconf 89' lang='lat' dir='ltr'><strong>judico</strong></span> <span class='ocrx_word' id='word_1_91' title='bbox 3074 776 3206 813; x_wconf 87' lang='lat' dir='ltr'><strong>eum.</strong></span> <span class='ocrx_word' id='word_1_92' title='bbox 3241 779 3258 810; x_wconf 77' lang='grc' dir='ltr'><strong><em>ι</em></strong></span> <span class='ocrx_word' id='word_1_93' title='bbox 3294 760 3507 825; x_wconf 71' lang='lat' dir='ltr'><strong>Audite,</strong></span> 
     </span>
    </p>
   </div>
   <div class='ocr_carea' id='block_1_12' title="bbox 1966 844 3525 916">
    <p class='ocr_par' dir='ltr' id='par_1_12' title="bbox 1966 844 3525 916">
     <span class='ocr_line' id='line_1_12' title="bbox 1966 844 3525 916; baseline 0.006 -22"><span class='ocrx_word' id='word_1_94' title='bbox 1966 845 2228 911; x_wconf 88' lang='lat' dir='ltr'><strong>quomodo</strong></span> <span class='ocrx_word' id='word_1_95' title='bbox 2256 845 2383 897; x_wconf 88' lang='lat' dir='ltr'><strong>dicit</strong></span> <span class='ocrx_word' id='word_1_96' title='bbox 2409 844 2591 908; x_wconf 89' lang='lat' dir='ltr'><strong>Filius,</strong></span> <span class='ocrx_word' id='word_1_97' title='bbox 2619 862 2707 915; x_wconf 85' lang='lat' dir='ltr'><strong>ego</strong></span> <span class='ocrx_word' id='word_1_98' title='bbox 2737 862 2837 899; x_wconf 87' lang='lat' dir='ltr'><strong>non</strong></span> <span class='ocrx_word' id='word_1_99' title='bbox 2852 847 3032 916; x_wconf 82' lang='lat' dir='ltr'><strong>judico</strong></span> <span class='ocrx_word' id='word_1_100' title='bbox 3051 865 3198 912; x_wconf 87' lang='lat' dir='ltr'><strong>eum;</strong></span> <span class='ocrx_word' id='word_1_101' title='bbox 3221 863 3337 903; x_wconf 86' lang='lat' dir='ltr'><strong>eum</strong></span> <span class='ocrx_word' id='word_1_102' title='bbox 3368 849 3525 911; x_wconf 12' lang='lat' dir='ltr'><strong>dicat,</strong></span> 
     </span>
    </p>
   </div>
   <div class='ocr_carea' id='block_1_13' title="bbox 334 912 2123 1009">
    <p class='ocr_par' dir='ltr' id='par_1_13' title="bbox 334 912 2123 998">
     <span class='ocr_line' id='line_1_13' title="bbox 334 912 2123 998; baseline -0.006 -23"><span class='ocrx_word' id='word_1_103' title='bbox 334 939 457 976; x_wconf 90' lang='lat' dir='ltr'><strong>nam</strong></span> <span class='ocrx_word' id='word_1_104' title='bbox 484 938 633 978; x_wconf 88' lang='lat' dir='ltr'><strong>suam</strong></span> <span class='ocrx_word' id='word_1_105' title='bbox 674 921 871 975; x_wconf 80' lang='lat' dir='ltr'><strong>dixisse</strong></span> <span class='ocrx_word' id='word_1_106' title='bbox 904 919 1132 973; x_wconf 74' lang='lat' dir='ltr'><strong>Verbum</strong></span> <span class='ocrx_word' id='word_1_107' title='bbox 1160 916 1348 976; x_wconf 81' lang='lat' dir='ltr'><strong>Patris,</strong></span> <span class='ocrx_word' id='word_1_108' title='bbox 1380 914 1519 984; x_wconf 89' lang='lat' dir='ltr'><strong>quod</strong></span> <span class='ocrx_word' id='word_1_109' title='bbox 1546 912 1787 998; x_wconf 89' lang='lat' dir='ltr'><strong>estipse;</strong></span> <span class='ocrx_word' id='word_1_110' title='bbox 1816 920 1871 965; x_wconf 89' lang='lat' dir='ltr'><strong>et</strong></span> <span class='ocrx_word' id='word_1_111' title='bbox 1968 932 2072 983; x_wconf 66' lang='lat' dir='ltr'><strong>ano</strong></span> <span class='ocrx_word' id='word_1_112' title='bbox 2117 932 2123 984; x_wconf 69' lang='grc' dir='ltr'>ι</span> 
     </span>
    </p>
   </div>
   <div class='ocr_carea' id='block_1_14' title="bbox 1947 912 3507 1009">
    <p class='ocr_par' dir='ltr' id='par_1_14' title="bbox 1968 931 3507 1009">
     <span class='ocr_line' id='line_1_14' title="bbox 1968 931 3507 1009; baseline 0.006 -26"><span class='ocrx_word' id='word_1_113' title='bbox 1968 932 2072 983; x_wconf 85' lang='lat' dir='ltr'><strong>alio</strong></span> <span class='ocrx_word' id='word_1_114' title='bbox 2117 932 2231 986; x_wconf 90' lang='lat' dir='ltr'><strong>loco</strong></span> <span class='ocrx_word' id='word_1_115' title='bbox 2257 951 2269 984; x_wconf 90' lang='lat'><strong>:</strong></span> <span class='ocrx_word' id='word_1_116' title='bbox 2296 931 2454 985; x_wconf 81' lang='lat' dir='ltr'><strong>Pater</strong></span> <span class='ocrx_word' id='word_1_117' title='bbox 2496 951 2597 987; x_wconf 86' lang='lat' dir='ltr'><strong>non</strong></span> <span class='ocrx_word' id='word_1_118' title='bbox 2632 935 2835 1003; x_wconf 85' lang='lat' dir='ltr'><strong>judicat</strong></span> <span class='ocrx_word' id='word_1_119' title='bbox 2868 944 3200 1009; x_wconf 84' lang='lat' dir='ltr'><strong>quemquam,</strong></span> <span class='ocrx_word' id='word_1_120' title='bbox 3228 940 3317 992; x_wconf 89' lang='lat' dir='ltr'><strong>scd</strong></span> <span class='ocrx_word' id='word_1_121' title='bbox 3359 937 3507 992; x_wconf 84' lang='lat' dir='ltr'><strong>omne</strong></span> 
     </span>
    </p>
   </div>
   <div class='ocr_carea' id='block_1_15' title="bbox 333 1015 1868 1091">
    <p class='ocr_par' dir='ltr' id='par_1_15' title="bbox 333 1015 1868 1091">
     <span class='ocr_line' id='line_1_15' title="bbox 333 1015 1868 1091; baseline -0.008 -20"><span class='ocrx_word' id='word_1_122' title='bbox 333 1021 433 1073; x_wconf 88' lang='lat' dir='ltr'><strong>hoc</strong></span> <span class='ocrx_word' id='word_1_123' title='bbox 456 1018 781 1088; x_wconf 80' lang='lat' dir='ltr'><strong>signiﬁcasse</strong></span> <span class='ocrx_word' id='word_1_124' title='bbox 809 1016 1029 1071; x_wconf 86' lang='lat' dir='ltr'><strong>dicendo</strong></span> <span class='ocrx_word' id='word_1_125' title='bbox 1051 1030 1066 1068; x_wconf 90' lang='lat'><strong>:</strong></span> <span class='ocrx_word' id='word_1_126' title='bbox 1091 1015 1336 1067; x_wconf 82' lang='lat' dir='ltr'><strong>Doctrina</strong></span> <span class='ocrx_word' id='word_1_127' title='bbox 1365 1028 1476 1064; x_wconf 89' lang='lat' dir='ltr'><strong>mea</strong></span> <span class='ocrx_word' id='word_1_128' title='bbox 1497 1025 1598 1063; x_wconf 85' lang='lat' dir='ltr'><strong>non</strong></span> <span class='ocrx_word' id='word_1_129' title='bbox 1625 1018 1698 1062; x_wconf 85' lang='lat' dir='ltr'><strong>est</strong></span> <span class='ocrx_word' id='word_1_130' title='bbox 1725 1024 1868 1091; x_wconf 83' lang='lat' dir='ltr'><strong>mea,</strong></span> 
     </span>
    </p>
   </div>
   <div class='ocr_carea' id='block_1_16' title="bbox 331 1102 1869 1178">
    <p class='ocr_par' dir='ltr' id='par_1_16' title="bbox 331 1102 1869 1178">
     <span class='ocr_line' id='line_1_16' title="bbox 331 1102 1869 1178; baseline -0.006 -18"><span class='ocrx_word' id='word_1_131' title='bbox 331 1107 420 1161; x_wconf 87' lang='lat' dir='ltr'><strong>sed</strong></span> <span class='ocrx_word' id='word_1_132' title='bbox 437 1108 549 1176; x_wconf 85' lang='lat' dir='ltr'><strong>ejus</strong></span> <span class='ocrx_word' id='word_1_133' title='bbox 575 1110 663 1178; x_wconf 87' lang='lat' dir='ltr'><strong>qui</strong></span> <span class='ocrx_word' id='word_1_134' title='bbox 688 1123 770 1160; x_wconf 86' lang='lat' dir='ltr'><strong>me</strong></span> <span class='ocrx_word' id='word_1_135' title='bbox 792 1108 951 1169; x_wconf 87' lang='lat' dir='ltr'><strong>misit,</strong></span> <span class='ocrx_word' id='word_1_136' title='bbox 981 1105 1120 1174; x_wconf 88' lang='lat' dir='ltr'><strong>quod</strong></span> <span class='ocrx_word' id='word_1_137' title='bbox 1145 1120 1175 1157; x_wconf 90' lang='lat' dir='ltr'><strong>a</strong></span> <span class='ocrx_word' id='word_1_138' title='bbox 1199 1105 1373 1172; x_wconf 79' lang='lat' dir='ltr'><strong>seipse</strong></span> <span class='ocrx_word' id='word_1_139' title='bbox 1398 1102 1523 1171; x_wconf 82' lang='lat' dir='ltr'><strong>ipse</strong></span> <span class='ocrx_word' id='word_1_140' title='bbox 1565 1116 1668 1155; x_wconf 91' lang='lat' dir='ltr'><strong>non</strong></span> <span class='ocrx_word' id='word_1_141' title='bbox 1710 1108 1869 1162; x_wconf 86' lang='lat' dir='ltr'><strong>esset,</strong></span> 
     </span>
    </p>
   </div>
   <div class='ocr_carea' id='block_1_17' title="bbox 331 1186 1874 1265">
    <p class='ocr_par' dir='ltr' id='par_1_17' title="bbox 331 1186 1874 1265">
     <span class='ocr_line' id='line_1_17' title="bbox 331 1186 1874 1265; baseline -0.007 -15"><span class='ocrx_word' id='word_1_142' title='bbox 331 1198 424 1250; x_wconf 82' lang='lat' dir='ltr'><strong>sed</strong></span> <span class='ocrx_word' id='word_1_143' title='bbox 462 1195 680 1250; x_wconf 88' lang='lat' dir='ltr'><strong>haberet</strong></span> <span class='ocrx_word' id='word_1_144' title='bbox 704 1211 735 1249; x_wconf 87' lang='lat' dir='ltr'><strong>a</strong></span> <span class='ocrx_word' id='word_1_145' title='bbox 761 1210 865 1265; x_wconf 91' lang='lat' dir='ltr'><strong>quo</strong></span> <span class='ocrx_word' id='word_1_146' title='bbox 903 1201 1063 1247; x_wconf 88' lang='lat' dir='ltr'><strong>esset.</strong></span> <span class='ocrx_word' id='word_1_147' title='bbox 1096 1193 1233 1245; x_wconf 88' lang='lat' dir='ltr'><strong>Deus</strong></span> <span class='ocrx_word' id='word_1_148' title='bbox 1260 1191 1399 1244; x_wconf 83' lang='lat' dir='ltr'><strong>enim</strong></span> <span class='ocrx_word' id='word_1_149' title='bbox 1445 1189 1510 1242; x_wconf 88' lang='lat' dir='ltr'><strong>de</strong></span> <span class='ocrx_word' id='word_1_150' title='bbox 1555 1189 1680 1248; x_wconf 87' lang='lat' dir='ltr'><strong>Deo,</strong></span> <span class='ocrx_word' id='word_1_151' title='bbox 1709 1186 1874 1239; x_wconf 91' lang='lat' dir='ltr'><strong>Filius</strong></span> 
     </span>
    </p>
   </div>
   <div class='ocr_carea' id='block_1_18' title="bbox 333 1272 1873 1340">
    <p class='ocr_par' dir='ltr' id='par_1_18' title="bbox 333 1272 1873 1340">
     <span class='ocr_line' id='line_1_18' title="bbox 333 1272 1873 1340; baseline -0.006 -5"><span class='ocrx_word' id='word_1_152' title='bbox 333 1282 503 1338; x_wconf 83' lang='lat' dir='ltr'><strong>Patris</strong></span> <span class='ocrx_word' id='word_1_153' title='bbox 525 1302 538 1336; x_wconf 92' lang='lat'><strong>:</strong></span> <span class='ocrx_word' id='word_1_154' title='bbox 558 1283 720 1338; x_wconf 89' lang='lat' dir='ltr'><strong>Pater</strong></span> <span class='ocrx_word' id='word_1_155' title='bbox 744 1290 919 1336; x_wconf 85' lang='lat' dir='ltr'><strong>autem</strong></span> <span class='ocrx_word' id='word_1_156' title='bbox 944 1295 1050 1334; x_wconf 90' lang='lat' dir='ltr'><strong>non</strong></span> <span class='ocrx_word' id='word_1_157' title='bbox 1078 1280 1217 1332; x_wconf 87' lang='lat' dir='ltr'><strong>Deus</strong></span> <span class='ocrx_word' id='word_1_158' title='bbox 1240 1278 1305 1331; x_wconf 89' lang='lat' dir='ltr'><strong>de</strong></span> <span class='ocrx_word' id='word_1_159' title='bbox 1326 1277 1454 1340; x_wconf 92' lang='lat' dir='ltr'><strong>Deo,</strong></span> <span class='ocrx_word' id='word_1_160' title='bbox 1483 1274 1575 1329; x_wconf 87' lang='lat' dir='ltr'><strong>scd</strong></span> <span class='ocrx_word' id='word_1_161' title='bbox 1609 1275 1744 1328; x_wconf 87' lang='lat' dir='ltr'><strong>Deus</strong></span> <span class='ocrx_word' id='word_1_162' title='bbox 1772 1272 1873 1326; x_wconf 89' lang='lat' dir='ltr'><strong>Pa-</strong></span> 
     </span>
    </p>
   </div>
   <div class='ocr_carea' id='block_1_19' title="bbox 330 1362 1870 1438">
    <p class='ocr_par' dir='ltr' id='par_1_19' title="bbox 330 1362 1870 1438">
     <span class='ocr_line' id='line_1_19' title="bbox 330 1362 1870 1438; baseline -0.009 -12"><span class='ocrx_word' id='word_1_163' title='bbox 330 1384 414 1428; x_wconf 88' lang='lat' dir='ltr'><strong>ter</strong></span> <span class='ocrx_word' id='word_1_164' title='bbox 437 1366 575 1426; x_wconf 71' lang='lat' dir='ltr'><strong>Filii.</strong></span> <span class='ocrx_word' id='word_1_165' title='bbox 605 1371 754 1427; x_wconf 83' lang='lat' dir='ltr'><strong>Nunc</strong></span> <span class='ocrx_word' id='word_1_166' title='bbox 778 1379 952 1425; x_wconf 88' lang='lat' dir='ltr'><strong>autem</strong></span> <span class='ocrx_word' id='word_1_167' title='bbox 975 1409 990 1433; x_wconf 93' lang='lat'><strong>,</strong></span> <span class='ocrx_word' id='word_1_168' title='bbox 1018 1368 1160 1438; x_wconf 86' lang='lat' dir='ltr'><strong>quod</strong></span> <span class='ocrx_word' id='word_1_169' title='bbox 1201 1367 1312 1419; x_wconf 92' lang='lat' dir='ltr'><strong>ait:</strong></span> <span class='ocrx_word' id='word_1_170' title='bbox 1338 1364 1439 1428; x_wconf 83' lang='lat' dir='ltr'><strong>Qui</strong></span> <span class='ocrx_word' id='word_1_171' title='bbox 1486 1362 1644 1415; x_wconf 88' lang='lat' dir='ltr'><strong>credit</strong></span> <span class='ocrx_word' id='word_1_172' title='bbox 1680 1362 1736 1413; x_wconf 88' lang='lat' dir='ltr'><strong>in</strong></span> <span class='ocrx_word' id='word_1_173' title='bbox 1773 1377 1870 1422; x_wconf 85' lang='lat' dir='ltr'><strong>me,</strong></span> 
     </span>
    </p>
   </div>
   <div class='ocr_carea' id='block_1_20' title="bbox 329 1448 1873 1525">
    <p class='ocr_par' dir='ltr' id='par_1_20' title="bbox 329 1448 1873 1525">
     <span class='ocr_line' id='line_1_20' title="bbox 329 1448 1873 1525; baseline -0.009 -12"><span class='ocrx_word' id='word_1_174' title='bbox 329 1477 430 1514; x_wconf 87' lang='lat' dir='ltr'><strong>non</strong></span> <span class='ocrx_word' id='word_1_175' title='bbox 449 1460 608 1513; x_wconf 84' lang='lat' dir='ltr'><strong>credit</strong></span> <span class='ocrx_word' id='word_1_176' title='bbox 634 1460 687 1513; x_wconf 87' lang='lat' dir='ltr'><strong>in</strong></span> <span class='ocrx_word' id='word_1_177' title='bbox 713 1475 810 1523; x_wconf 91' lang='lat' dir='ltr'><strong>me,</strong></span> <span class='ocrx_word' id='word_1_178' title='bbox 836 1459 924 1512; x_wconf 88' lang='lat' dir='ltr'><strong>sed</strong></span> <span class='ocrx_word' id='word_1_179' title='bbox 944 1459 1002 1510; x_wconf 88' lang='lat' dir='ltr'><strong>in</strong></span> <span class='ocrx_word' id='word_1_180' title='bbox 1033 1460 1149 1509; x_wconf 84' lang='lat' dir='ltr'><strong>eum</strong></span> <span class='ocrx_word' id='word_1_181' title='bbox 1178 1452 1441 1525; x_wconf 57' lang='lat' dir='ltr'><strong>qui&#39;misit</strong></span> <span class='ocrx_word' id='word_1_182' title='bbox 1480 1466 1579 1513; x_wconf 87' lang='lat' dir='ltr'><strong>me,</strong></span> <span class='ocrx_word' id='word_1_183' title='bbox 1607 1448 1873 1517; x_wconf 89' lang='lat' dir='ltr'><strong>quomodo</strong></span> 
     </span>
    </p>
   </div>
   <div class='ocr_carea' id='block_1_21' title="bbox 328 1536 1875 1613">
    <p class='ocr_par' dir='ltr' id='par_1_21' title="bbox 328 1536 1875 1613">
     <span class='ocr_line' id='line_1_21' title="bbox 328 1536 1875 1613; baseline -0.01 -10"><span class='ocrx_word' id='word_1_184' title='bbox 328 1548 644 1603; x_wconf 72' lang='lat' dir='ltr'><strong>intellecturi</strong></span> <span class='ocrx_word' id='word_1_185' title='bbox 668 1561 868 1611; x_wconf 83' lang='lat' dir='ltr'><strong>sumus,</strong></span> <span class='ocrx_word' id='word_1_186' title='bbox 895 1546 997 1600; x_wconf 85' lang='lat' dir='ltr'><strong>nisi</strong></span> <span class='ocrx_word' id='word_1_187' title='bbox 1032 1545 1154 1613; x_wconf 90' lang='lat' dir='ltr'><strong>quia</strong></span> <span class='ocrx_word' id='word_1_188' title='bbox 1195 1545 1355 1598; x_wconf 86' lang='lat' dir='ltr'><strong>homo</strong></span> <span class='ocrx_word' id='word_1_189' title='bbox 1396 1539 1681 1609; x_wconf 72' lang='lat' dir='ltr'><strong>apparebat</strong></span> <span class='ocrx_word' id='word_1_190' title='bbox 1705 1536 1875 1590; x_wconf 90' lang='lat' dir='ltr'><strong>homi-</strong></span> 
     </span>
    </p>
   </div>
   <div class='ocr_carea' id='block_1_22' title="bbox 327 1628 1873 1700">
    <p class='ocr_par' dir='ltr' id='par_1_22' title="bbox 327 1628 1873 1700">
     <span class='ocr_line' id='line_1_22' title="bbox 327 1628 1873 1700; baseline -0.008 -10"><span class='ocrx_word' id='word_1_191' title='bbox 327 1637 512 1700; x_wconf 88' lang='lat' dir='ltr'><strong>nibus,</strong></span> <span class='ocrx_word' id='word_1_192' title='bbox 537 1652 657 1691; x_wconf 90' lang='lat' dir='ltr'><strong>cum</strong></span> <span class='ocrx_word' id='word_1_193' title='bbox 702 1635 890 1689; x_wconf 87' lang='lat' dir='ltr'><strong>lateret</strong></span> <span class='ocrx_word' id='word_1_194' title='bbox 931 1634 1103 1687; x_wconf 83' lang='lat' dir='ltr'><strong>Deus?</strong></span> <span class='ocrx_word' id='word_1_195' title='bbox 1134 1633 1202 1686; x_wconf 85' lang='lat' dir='ltr'><strong>Et</strong></span> <span class='ocrx_word' id='word_1_196' title='bbox 1238 1647 1306 1685; x_wconf 91' lang='lat' dir='ltr'><strong>ne</strong></span> <span class='ocrx_word' id='word_1_197' title='bbox 1347 1636 1596 1699; x_wconf 89' lang='lat' dir='ltr'><strong>putarent</strong></span> <span class='ocrx_word' id='word_1_198' title='bbox 1624 1628 1725 1681; x_wconf 77' lang='lat' dir='ltr'><strong>hoc</strong></span> <span class='ocrx_word' id='word_1_199' title='bbox 1752 1640 1873 1679; x_wconf 89' lang='lat' dir='ltr'><strong>eum</strong></span> 
     </span>
    </p>
   </div>
   <div class='ocr_carea' id='block_1_23' title="bbox 325 1719 1871 1792">
    <p class='ocr_par' dir='ltr' id='par_1_23' title="bbox 325 1719 1871 1792">
     <span class='ocr_line' id='line_1_23' title="bbox 325 1719 1871 1792; baseline -0.006 -16"><span class='ocrx_word' id='word_1_200' title='bbox 325 1740 442 1780; x_wconf 70' lang='lat' dir='ltr'><strong>esse</strong></span> <span class='ocrx_word' id='word_1_201' title='bbox 479 1724 845 1779; x_wconf 82' lang='lat' dir='ltr'><strong>tantummodo</strong></span> <span class='ocrx_word' id='word_1_202' title='bbox 890 1722 1031 1792; x_wconf 88' lang='lat' dir='ltr'><strong>quod</strong></span> <span class='ocrx_word' id='word_1_203' title='bbox 1076 1722 1341 1784; x_wconf 81' lang='lat' dir='ltr'><strong>videbant,</strong></span> <span class='ocrx_word' id='word_1_204' title='bbox 1374 1719 1532 1772; x_wconf 82' lang='lat' dir='ltr'><strong>talem</strong></span> <span class='ocrx_word' id='word_1_205' title='bbox 1562 1732 1624 1770; x_wconf 85' lang='lat' dir='ltr'><strong>ac</strong></span> <span class='ocrx_word' id='word_1_206' title='bbox 1670 1723 1871 1768; x_wconf 83' lang='lat' dir='ltr'><strong>tantum</strong></span> 
     </span>
    </p>
   </div>
   <div class='ocr_carea' id='block_1_24' title="bbox 326 1796 1948 1883">
    <p class='ocr_par' dir='ltr' id='par_1_24' title="bbox 326 1796 1948 1883">
     <span class='ocr_line' id='line_1_24' title="bbox 326 1796 1948 1883; baseline -0.009 -14"><span class='ocrx_word' id='word_1_207' title='bbox 326 1830 385 1869; x_wconf 88' lang='lat' dir='ltr'><strong>se</strong></span> <span class='ocrx_word' id='word_1_208' title='bbox 411 1816 592 1870; x_wconf 78' lang='lat' dir='ltr'><strong>volens</strong></span> <span class='ocrx_word' id='word_1_209' title='bbox 616 1815 781 1878; x_wconf 87' lang='lat' dir='ltr'><strong>credi,</strong></span> <span class='ocrx_word' id='word_1_210' title='bbox 806 1814 978 1883; x_wconf 83' lang='lat' dir='ltr'><strong>qualis</strong></span> <span class='ocrx_word' id='word_1_211' title='bbox 1003 1820 1057 1867; x_wconf 90' lang='lat' dir='ltr'><strong>et</strong></span> <span class='ocrx_word' id='word_1_212' title='bbox 1082 1820 1312 1882; x_wconf 90' lang='lat' dir='ltr'><strong>quantus</strong></span> <span class='ocrx_word' id='word_1_213' title='bbox 1337 1817 1420 1863; x_wconf 89' lang='lat' dir='ltr'><strong>est</strong></span> <span class='ocrx_word' id='word_1_214' title='bbox 1443 1808 1622 1871; x_wconf 90' lang='lat' dir='ltr'><strong>Pater,</strong></span> <span class='ocrx_word' id='word_1_215' title='bbox 1652 1807 1738 1876; x_wconf 97' lang='lat' dir='ltr'><strong>qui</strong></span> <span class='ocrx_word' id='word_1_216' title='bbox 1763 1822 1871 1858; x_wconf 88' lang='lat' dir='ltr'><strong>cre-</strong></span> <span class='ocrx_word' id='word_1_217' title='bbox 1907 1796 1948 1853; x_wconf 83' lang='grc' dir='ltr'><strong>Β</strong></span> 
     </span>
    </p>
   </div>
   <div class='ocr_carea' id='block_1_25' title="bbox 325 1895 1873 1970">
    <p class='ocr_par' dir='ltr' id='par_1_25' title="bbox 325 1895 1873 1970">
     <span class='ocr_line' id='line_1_25' title="bbox 325 1895 1873 1970; baseline -0.005 -16"><span class='ocrx_word' id='word_1_218' title='bbox 325 1904 399 1955; x_wconf 84' lang='lat' dir='ltr'><strong>dit</strong></span> <span class='ocrx_word' id='word_1_219' title='bbox 426 1904 480 1955; x_wconf 89' lang='lat' dir='ltr'><strong>in</strong></span> <span class='ocrx_word' id='word_1_220' title='bbox 506 1920 604 1966; x_wconf 86' lang='lat' dir='ltr'><strong>me,</strong></span> <span class='ocrx_word' id='word_1_221' title='bbox 633 1904 823 1970; x_wconf 85' lang='lat' dir='ltr'><strong>inquit,</strong></span> <span class='ocrx_word' id='word_1_222' title='bbox 846 1918 946 1955; x_wconf 91' lang='lat' dir='ltr'><strong>non</strong></span> <span class='ocrx_word' id='word_1_223' title='bbox 965 1902 1123 1955; x_wconf 80' lang='lat' dir='ltr'><strong>credit</strong></span> <span class='ocrx_word' id='word_1_224' title='bbox 1144 1901 1196 1953; x_wconf 91' lang='lat' dir='ltr'><strong>in</strong></span> <span class='ocrx_word' id='word_1_225' title='bbox 1224 1916 1324 1963; x_wconf 87' lang='lat' dir='ltr'><strong>me,</strong></span> <span class='ocrx_word' id='word_1_226' title='bbox 1352 1898 1403 1951; x_wconf 92' lang='lat' dir='ltr'><strong>id</strong></span> <span class='ocrx_word' id='word_1_227' title='bbox 1432 1907 1514 1951; x_wconf 90' lang='lat' dir='ltr'><strong>est</strong></span> <span class='ocrx_word' id='word_1_228' title='bbox 1542 1896 1684 1967; x_wconf 90' lang='lat' dir='ltr'><strong>quod</strong></span> <span class='ocrx_word' id='word_1_229' title='bbox 1713 1895 1873 1957; x_wconf 74' lang='lat' dir='ltr'><strong>videt,</strong></span> 
     </span>
    </p>
   </div>
   <div class='ocr_carea' id='block_1_26' title="bbox 326 1982 1875 2059">
    <p class='ocr_par' dir='ltr' id='par_1_26' title="bbox 326 1982 1875 2059">
     <span class='ocr_line' id='line_1_26' title="bbox 326 1982 1875 2059; baseline -0.007 -14"><span class='ocrx_word' id='word_1_230' title='bbox 326 1993 413 2045; x_wconf 84' lang='lat' dir='ltr'><strong>sed</strong></span> <span class='ocrx_word' id='word_1_231' title='bbox 443 1994 496 2045; x_wconf 89' lang='lat' dir='ltr'><strong>in</strong></span> <span class='ocrx_word' id='word_1_232' title='bbox 535 2007 652 2045; x_wconf 86' lang='lat' dir='ltr'><strong>eum</strong></span> <span class='ocrx_word' id='word_1_233' title='bbox 690 1992 776 2059; x_wconf 89' lang='lat' dir='ltr'><strong>qui</strong></span> <span class='ocrx_word' id='word_1_234' title='bbox 804 1991 944 2043; x_wconf 85' lang='lat' dir='ltr'><strong>misit</strong></span> <span class='ocrx_word' id='word_1_235' title='bbox 968 2005 1078 2051; x_wconf 89' lang='lat' dir='ltr'><strong>me,</strong></span> <span class='ocrx_word' id='word_1_236' title='bbox 1110 1989 1164 2041; x_wconf 87' lang='lat' dir='ltr'><strong>id</strong></span> <span class='ocrx_word' id='word_1_237' title='bbox 1189 1996 1272 2041; x_wconf 89' lang='lat' dir='ltr'><strong>est</strong></span> <span class='ocrx_word' id='word_1_238' title='bbox 1301 1988 1354 2039; x_wconf 92' lang='lat' dir='ltr'><strong>in</strong></span> <span class='ocrx_word' id='word_1_239' title='bbox 1385 1985 1617 2038; x_wconf 79' lang='lat' dir='ltr'><strong>Patrem.</strong></span> <span class='ocrx_word' id='word_1_240' title='bbox 1653 1982 1758 2037; x_wconf 86' lang='lat' dir='ltr'><strong>Sed</strong></span> <span class='ocrx_word' id='word_1_241' title='bbox 1784 1982 1875 2051; x_wconf 90' lang='lat' dir='ltr'><strong>qui</strong></span> 
     </span>
    </p>
   </div>
   <div class='ocr_carea' id='block_1_27' title="bbox 326 2072 1873 2144">
    <p class='ocr_par' dir='ltr' id='par_1_27' title="bbox 326 2072 1873 2144">
     <span class='ocr_line' id='line_1_27' title="bbox 326 2072 1873 2144; baseline -0.006 -10"><span class='ocrx_word' id='word_1_242' title='bbox 326 2083 495 2136; x_wconf 83' lang='lat' dir='ltr'><strong>credit</strong></span> <span class='ocrx_word' id='word_1_243' title='bbox 532 2082 586 2137; x_wconf 88' lang='lat' dir='ltr'><strong>in</strong></span> <span class='ocrx_word' id='word_1_244' title='bbox 620 2081 857 2144; x_wconf 86' lang='lat' dir='ltr'><strong>Patrem,</strong></span> <span class='ocrx_word' id='word_1_245' title='bbox 886 2094 1104 2134; x_wconf 86' lang='lat' dir='ltr'><strong>necesse</strong></span> <span class='ocrx_word' id='word_1_246' title='bbox 1134 2087 1217 2133; x_wconf 91' lang='lat' dir='ltr'><strong>est</strong></span> <span class='ocrx_word' id='word_1_247' title='bbox 1241 2084 1299 2131; x_wconf 91' lang='lat' dir='ltr'><strong>ut</strong></span> <span class='ocrx_word' id='word_1_248' title='bbox 1323 2091 1443 2129; x_wconf 68' lang='lat' dir='ltr'><strong>eum</strong></span> <span class='ocrx_word' id='word_1_249' title='bbox 1472 2075 1654 2129; x_wconf 84' lang='lat' dir='ltr'><strong>credat</strong></span> <span class='ocrx_word' id='word_1_250' title='bbox 1681 2072 1873 2125; x_wconf 87' lang='lat' dir='ltr'><strong>Filium</strong></span> 
     </span>
    </p>
   </div>
   <div class='ocr_carea' id='block_1_28' title="bbox 328 2167 1874 2234">
    <p class='ocr_par' dir='ltr' id='par_1_28' title="bbox 328 2167 1874 2234">
     <span class='ocr_line' id='line_1_28' title="bbox 328 2167 1874 2234; baseline -0.004 -12"><span class='ocrx_word' id='word_1_251' title='bbox 328 2171 552 2234; x_wconf 88' lang='lat' dir='ltr'><strong>habere;</strong></span> <span class='ocrx_word' id='word_1_252' title='bbox 579 2191 597 2223; x_wconf 76' lang='grc' dir='ltr'><strong><em>ι</em></strong></span> <span class='ocrx_word' id='word_1_253' title='bbox 633 2179 687 2224; x_wconf 91' lang='lat' dir='ltr'><strong>et</strong></span> <span class='ocrx_word' id='word_1_254' title='bbox 711 2171 834 2225; x_wconf 89' lang='lat' dir='ltr'><strong>dum</strong></span> <span class='ocrx_word' id='word_1_255' title='bbox 872 2185 994 2225; x_wconf 90' lang='lat' dir='ltr'><strong>eum</strong></span> <span class='ocrx_word' id='word_1_256' title='bbox 1020 2170 1230 2223; x_wconf 86' lang='lat' dir='ltr'><strong>Patrem</strong></span> <span class='ocrx_word' id='word_1_257' title='bbox 1260 2167 1426 2222; x_wconf 86' lang='lat' dir='ltr'><strong>credit</strong></span> <span class='ocrx_word' id='word_1_258' title='bbox 1451 2174 1727 2225; x_wconf 73' lang='lat' dir='ltr'><strong>aeternum,</strong></span> <span class='ocrx_word' id='word_1_259' title='bbox 1755 2177 1874 2217; x_wconf 88' lang='lat' dir='ltr'><strong>cre-</strong></span> 
     </span>
    </p>
   </div>
   <div class='ocr_carea' id='block_1_29' title="bbox 326 2244 1876 2321">
    <p class='ocr_par' dir='ltr' id='par_1_29' title="bbox 326 2244 1876 2321">
     <span class='ocr_line' id='line_1_29' title="bbox 326 2244 1876 2321; baseline -0.002 -14"><span class='ocrx_word' id='word_1_260' title='bbox 326 2261 411 2310; x_wconf 68' lang='lat' dir='ltr'><strong>dat</strong></span> <span class='ocrx_word' id='word_1_261' title='bbox 432 2267 485 2311; x_wconf 83' lang='lat' dir='ltr'><strong>et</strong></span> <span class='ocrx_word' id='word_1_262' title='bbox 512 2258 698 2312; x_wconf 83' lang='lat' dir='ltr'><strong>Filium</strong></span> <span class='ocrx_word' id='word_1_263' title='bbox 730 2244 924 2313; x_wconf 85' lang='lat' dir='ltr'><strong>habere</strong></span> <span class='ocrx_word' id='word_1_264' title='bbox 952 2270 1271 2315; x_wconf 78' lang='lat' dir='ltr'><strong>coacternum</strong></span> <span class='ocrx_word' id='word_1_265' title='bbox 1300 2256 1419 2321; x_wconf 88' lang='lat' dir='ltr'><strong>sibi,</strong></span> <span class='ocrx_word' id='word_1_266' title='bbox 1446 2264 1501 2309; x_wconf 88' lang='lat' dir='ltr'><strong>et</strong></span> <span class='ocrx_word' id='word_1_267' title='bbox 1523 2254 1876 2309; x_wconf 82' lang='lat' dir='ltr'><strong>consubstan-</strong></span> 
     </span>
    </p>
   </div>
   <div class='ocr_carea' id='block_1_30' title="bbox 329 2339 1874 2417">
    <p class='ocr_par' dir='ltr' id='par_1_30' title="bbox 329 2339 1874 2417">
     <span class='ocr_line' id='line_1_30' title="bbox 329 2339 1874 2417; baseline -0.005 -15"><span class='ocrx_word' id='word_1_268' title='bbox 329 2352 505 2403; x_wconf 73' lang='lat' dir='ltr'><strong>tialcm</strong></span> <span class='ocrx_word' id='word_1_269' title='bbox 548 2350 666 2404; x_wconf 90' lang='lat' dir='ltr'><strong>sibi.</strong></span> <span class='ocrx_word' id='word_1_270' title='bbox 716 2350 1000 2417; x_wconf 87' lang='lat' dir='ltr'><strong>Propterea</strong></span> <span class='ocrx_word' id='word_1_271' title='bbox 1043 2348 1178 2401; x_wconf 76' lang='lat' dir='ltr'><strong>dixit</strong></span> <span class='ocrx_word' id='word_1_272' title='bbox 1202 2339 1225 2399; x_wconf 63' lang='grc' dir='ltr'><em>ε’</em></span> <span class='ocrx_word' id='word_1_273' title='bbox 1242 2346 1343 2411; x_wconf 88' lang='lat' dir='ltr'><strong>Qui</strong></span> <span class='ocrx_word' id='word_1_274' title='bbox 1363 2348 1524 2399; x_wconf 86' lang='lat' dir='ltr'><strong>credit</strong></span> <span class='ocrx_word' id='word_1_275' title='bbox 1552 2347 1607 2399; x_wconf 90' lang='lat' dir='ltr'><strong>in</strong></span> <span class='ocrx_word' id='word_1_276' title='bbox 1646 2360 1747 2407; x_wconf 88' lang='lat' dir='ltr'><strong>me,</strong></span> <span class='ocrx_word' id='word_1_277' title='bbox 1773 2360 1874 2395; x_wconf 88' lang='lat' dir='ltr'><strong>non</strong></span> 
     </span>
    </p>
   </div>
   <div class='ocr_carea' id='block_1_31' title="bbox 327 2435 1875 2506">
    <p class='ocr_par' dir='ltr' id='par_1_31' title="bbox 327 2435 1875 2506">
     <span class='ocr_line' id='line_1_31' title="bbox 327 2435 1875 2506; baseline -0.005 -12"><span class='ocrx_word' id='word_1_278' title='bbox 327 2442 485 2494; x_wconf 80' lang='lat' dir='ltr'><strong>credit</strong></span> <span class='ocrx_word' id='word_1_279' title='bbox 516 2443 568 2494; x_wconf 90' lang='lat' dir='ltr'><strong>in</strong></span> <span class='ocrx_word' id='word_1_280' title='bbox 595 2455 710 2494; x_wconf 87' lang='lat' dir='ltr'><strong>me:</strong></span> <span class='ocrx_word' id='word_1_281' title='bbox 732 2440 914 2493; x_wconf 89' lang='lat' dir='ltr'><strong>nolens</strong></span> <span class='ocrx_word' id='word_1_282' title='bbox 939 2446 997 2493; x_wconf 91' lang='lat' dir='ltr'><strong>ut</strong></span> <span class='ocrx_word' id='word_1_283' title='bbox 1028 2446 1195 2493; x_wconf 82' lang='lat' dir='ltr'><strong>totum</strong></span> <span class='ocrx_word' id='word_1_284' title='bbox 1230 2438 1371 2506; x_wconf 86' lang='lat' dir='ltr'><strong>quod</strong></span> <span class='ocrx_word' id='word_1_285' title='bbox 1404 2438 1469 2490; x_wconf 92' lang='lat' dir='ltr'><strong>de</strong></span> <span class='ocrx_word' id='word_1_286' title='bbox 1511 2435 1723 2489; x_wconf 87' lang='lat' dir='ltr'><strong>Christo</strong></span> <span class='ocrx_word' id='word_1_287' title='bbox 1760 2449 1875 2487; x_wconf 84' lang='lat' dir='ltr'><strong>cre-</strong></span> 
     </span>
    </p>
   </div>
   <div class='ocr_carea' id='block_1_32' title="bbox 327 2524 1962 2584">
    <p class='ocr_par' dir='ltr' id='par_1_32' title="bbox 327 2524 1962 2584">
     <span class='ocr_line' id='line_1_32' title="bbox 327 2524 1962 2584; baseline -0.004 -2"><span class='ocrx_word' id='word_1_288' title='bbox 327 2533 467 2583; x_wconf 69' lang='lat' dir='ltr'><strong>alitur</strong></span> <span class='ocrx_word' id='word_1_289' title='bbox 489 2530 773 2584; x_wconf 90' lang='lat' dir='ltr'><strong>secundum</strong></span> <span class='ocrx_word' id='word_1_290' title='bbox 795 2529 1059 2583; x_wconf 89' lang='lat' dir='ltr'><strong>hominem</strong></span> <span class='ocrx_word' id='word_1_291' title='bbox 1084 2528 1411 2583; x_wconf 82' lang='lat' dir='ltr'><strong>crederetur.</strong></span> <span class='ocrx_word' id='word_1_292' title='bbox 1433 2526 1525 2579; x_wconf 90' lang='lat' dir='ltr'><strong>llle</strong></span> <span class='ocrx_word' id='word_1_293' title='bbox 1548 2526 1682 2578; x_wconf 86' lang='lat' dir='ltr'><strong>bene</strong></span> <span class='ocrx_word' id='word_1_294' title='bbox 1708 2524 1875 2576; x_wconf 80' lang='lat' dir='ltr'><strong>credit</strong></span> <span class='ocrx_word' id='word_1_295' title='bbox 1955 2536 1962 2543; x_wconf 88' lang='lat'>&#39;</span> 
     </span>
    </p>
   </div>
   <div class='ocr_carea' id='block_1_33' title="bbox 329 2617 1873 2688">
    <p class='ocr_par' dir='ltr' id='par_1_33' title="bbox 329 2617 1873 2688">
     <span class='ocr_line' id='line_1_33' title="bbox 329 2617 1873 2688; baseline -0.006 -16"><span class='ocrx_word' id='word_1_296' title='bbox 329 2621 380 2673; x_wconf 89' lang='lat' dir='ltr'><strong>iu</strong></span> <span class='ocrx_word' id='word_1_297' title='bbox 428 2635 511 2673; x_wconf 88' lang='lat' dir='ltr'><strong>me</strong></span> <span class='ocrx_word' id='word_1_298' title='bbox 538 2620 627 2688; x_wconf 90' lang='lat' dir='ltr'><strong>qui</strong></span> <span class='ocrx_word' id='word_1_299' title='bbox 662 2619 949 2673; x_wconf 89' lang='lat' dir='ltr'><strong>secundum</strong></span> <span class='ocrx_word' id='word_1_300' title='bbox 977 2618 1029 2672; x_wconf 91' lang='lat' dir='ltr'><strong>id</strong></span> <span class='ocrx_word' id='word_1_301' title='bbox 1053 2618 1193 2688; x_wconf 85' lang='lat' dir='ltr'><strong>quod</strong></span> <span class='ocrx_word' id='word_1_302' title='bbox 1239 2617 1379 2672; x_wconf 82' lang='lat' dir='ltr'><strong>videt</strong></span> <span class='ocrx_word' id='word_1_303' title='bbox 1414 2629 1498 2669; x_wconf 89' lang='lat' dir='ltr'><strong>me</strong></span> <span class='ocrx_word' id='word_1_304' title='bbox 1532 2629 1634 2666; x_wconf 87' lang='lat' dir='ltr'><strong>non</strong></span> <span class='ocrx_word' id='word_1_305' title='bbox 1673 2621 1873 2666; x_wconf 75' lang='lat' dir='ltr'><strong>tantum</strong></span> 
     </span>
    </p>
   </div>
   <div class='ocr_carea' id='block_1_34' title="bbox 327 2707 1871 2776">
    <p class='ocr_par' dir='ltr' id='par_1_34' title="bbox 327 2707 1871 2776">
     <span class='ocr_line' id='line_1_34' title="bbox 327 2707 1871 2776; baseline -0.003 -16"><span class='ocrx_word' id='word_1_306' title='bbox 327 2710 493 2762; x_wconf 75' lang='lat' dir='ltr'><strong>credit</strong></span> <span class='ocrx_word' id='word_1_307' title='bbox 514 2709 567 2761; x_wconf 91' lang='lat' dir='ltr'><strong>in</strong></span> <span class='ocrx_word' id='word_1_308' title='bbox 591 2724 704 2773; x_wconf 86' lang='lat' dir='ltr'><strong>me;</strong></span> <span class='ocrx_word' id='word_1_309' title='bbox 736 2711 826 2763; x_wconf 87' lang='lat' dir='ltr'><strong>sed</strong></span> <span class='ocrx_word' id='word_1_310' title='bbox 853 2709 1141 2764; x_wconf 90' lang='lat' dir='ltr'><strong>secundum</strong></span> <span class='ocrx_word' id='word_1_311' title='bbox 1172 2708 1224 2763; x_wconf 91' lang='lat' dir='ltr'><strong>id</strong></span> <span class='ocrx_word' id='word_1_312' title='bbox 1250 2707 1391 2776; x_wconf 70' lang='lat' dir='ltr'><strong>quod</strong></span> <span class='ocrx_word' id='word_1_313' title='bbox 1420 2707 1564 2759; x_wconf 80' lang='lat' dir='ltr'><strong>videt</strong></span> <span class='ocrx_word' id='word_1_314' title='bbox 1589 2720 1673 2758; x_wconf 93' lang='lat' dir='ltr'><strong>me</strong></span> <span class='ocrx_word' id='word_1_315' title='bbox 1696 2719 1871 2773; x_wconf 81' lang='lat' dir='ltr'><strong>aequa-</strong></span> 
     </span>
    </p>
   </div>
   <div class='ocr_carea' id='block_1_35' title="bbox 332 2791 1875 2868">
    <p class='ocr_par' dir='ltr' id='par_1_35' title="bbox 332 2791 1875 2868">
     <span class='ocr_line' id='line_1_35' title="bbox 332 2791 1875 2868; baseline -0.005 -18"><span class='ocrx_word' id='word_1_316' title='bbox 332 2800 432 2852; x_wconf 90' lang='lat' dir='ltr'><strong>lem</strong></span> <span class='ocrx_word' id='word_1_317' title='bbox 462 2813 581 2852; x_wconf 87' lang='lat' dir='ltr'><strong>esse</strong></span> <span class='ocrx_word' id='word_1_318' title='bbox 609 2796 781 2863; x_wconf 84' lang='lat' dir='ltr'><strong>Patri;</strong></span> <span class='ocrx_word' id='word_1_319' title='bbox 822 2816 839 2848; x_wconf 79' lang='lat' dir='ltr'><strong>t</strong></span> <span class='ocrx_word' id='word_1_320' title='bbox 873 2814 935 2851; x_wconf 90' lang='lat' dir='ltr'><strong>ac</strong></span> <span class='ocrx_word' id='word_1_321' title='bbox 965 2813 1031 2852; x_wconf 91' lang='lat' dir='ltr'><strong>ne</strong></span> <span class='ocrx_word' id='word_1_322' title='bbox 1057 2806 1332 2868; x_wconf 76' lang='lat' dir='ltr'><strong>putaretur</strong></span> <span class='ocrx_word' id='word_1_323' title='bbox 1372 2796 1449 2851; x_wconf 90' lang='lat' dir='ltr'><strong>sic</strong></span> <span class='ocrx_word' id='word_1_324' title='bbox 1470 2794 1696 2849; x_wconf 79' lang='lat' dir='ltr'><strong>voluisse</strong></span> <span class='ocrx_word' id='word_1_325' title='bbox 1722 2791 1875 2844; x_wconf 84' lang='lat' dir='ltr'><strong>intel-</strong></span> 
     </span>
    </p>
   </div>
   <div class='ocr_carea' id='block_1_36' title="bbox 331 2884 1877 2956">
    <p class='ocr_par' dir='ltr' id='par_1_36' title="bbox 331 2884 1877 2956">
     <span class='ocr_line' id='line_1_36' title="bbox 331 2884 1877 2956; baseline -0.001 -21"><span class='ocrx_word' id='word_1_326' title='bbox 331 2885 419 2956; x_wconf 83' lang='lat' dir='ltr'><strong>ligi</strong></span> <span class='ocrx_word' id='word_1_327' title='bbox 450 2885 679 2949; x_wconf 87' lang='lat' dir='ltr'><strong>Patrem,</strong></span> <span class='ocrx_word' id='word_1_328' title='bbox 709 2892 961 2953; x_wconf 83' lang='lat' dir='ltr'><strong>tanquam</strong></span> <span class='ocrx_word' id='word_1_329' title='bbox 987 2895 1192 2955; x_wconf 86' lang='lat' dir='ltr'><strong>patrem</strong></span> <span class='ocrx_word' id='word_1_330' title='bbox 1227 2886 1509 2940; x_wconf 81' lang='lat' dir='ltr'><strong>multorum</strong></span> <span class='ocrx_word' id='word_1_331' title='bbox 1533 2884 1759 2949; x_wconf 71' lang='lat' dir='ltr'><strong>ﬁliorum</strong></span> <span class='ocrx_word' id='word_1_332' title='bbox 1780 2896 1877 2950; x_wconf 92' lang='lat' dir='ltr'><strong>per</strong></span> 
     </span>
    </p>
   </div>
   <div class='ocr_carea' id='block_1_37' title="bbox 328 2971 1873 3044">
    <p class='ocr_par' dir='ltr' id='par_1_37' title="bbox 328 2971 1873 3044">
     <span class='ocr_line' id='line_1_37' title="bbox 328 2971 1873 3044; baseline -0.001 -19"><span class='ocrx_word' id='word_1_333' title='bbox 328 2974 551 3041; x_wconf 73' lang='lat' dir='ltr'><strong>gratiam</strong></span> <span class='ocrx_word' id='word_1_334' title='bbox 578 2982 1026 3044; x_wconf 80' lang='lat' dir='ltr'><strong>regeneratorum,</strong></span> <span class='ocrx_word' id='word_1_335' title='bbox 1052 2990 1153 3028; x_wconf 92' lang='lat' dir='ltr'><strong>non</strong></span> <span class='ocrx_word' id='word_1_336' title='bbox 1179 2976 1318 3028; x_wconf 86' lang='lat' dir='ltr'><strong>unici</strong></span> <span class='ocrx_word' id='word_1_337' title='bbox 1337 2975 1493 3027; x_wconf 80' lang='lat' dir='ltr'><strong>Verbi</strong></span> <span class='ocrx_word' id='word_1_338' title='bbox 1516 2973 1734 3042; x_wconf 72' lang='lat' dir='ltr'><strong>mqualis</strong></span> <span class='ocrx_word' id='word_1_339' title='bbox 1752 2971 1873 3033; x_wconf 81' lang='lat' dir='ltr'><strong>sibi,</strong></span> 
     </span>
    </p>
   </div>
   <div class='ocr_carea' id='block_1_38' title="bbox 331 3059 1874 3132">
    <p class='ocr_par' dir='ltr' id='par_1_38' title="bbox 331 3059 1874 3132">
     <span class='ocr_line' id='line_1_38' title="bbox 331 3059 1874 3132; baseline -0.004 -17"><span class='ocrx_word' id='word_1_340' title='bbox 331 3062 580 3118; x_wconf 79' lang='lat' dir='ltr'><strong>continuo</strong></span> <span class='ocrx_word' id='word_1_341' title='bbox 604 3062 825 3131; x_wconf 84' lang='lat' dir='ltr'><strong>subjecit</strong></span> <span class='ocrx_word' id='word_1_342' title='bbox 848 3081 861 3116; x_wconf 90' lang='lat'><strong>:</strong></span> <span class='ocrx_word' id='word_1_343' title='bbox 884 3062 949 3115; x_wconf 85' lang='lat' dir='ltr'><strong>Et</strong></span> <span class='ocrx_word' id='word_1_344' title='bbox 978 3064 1065 3132; x_wconf 89' lang='lat' dir='ltr'><strong>qui</strong></span> <span class='ocrx_word' id='word_1_345' title='bbox 1094 3062 1225 3114; x_wconf 79' lang='lat' dir='ltr'><strong>ridet</strong></span> <span class='ocrx_word' id='word_1_346' title='bbox 1253 3078 1350 3123; x_wconf 82' lang='lat' dir='ltr'><strong>me,</strong></span> <span class='ocrx_word' id='word_1_347' title='bbox 1372 3061 1507 3113; x_wconf 76' lang='lat' dir='ltr'><strong>ridet</strong></span> <span class='ocrx_word' id='word_1_348' title='bbox 1533 3076 1647 3112; x_wconf 74' lang='lat' dir='ltr'><strong>eum</strong></span> <span class='ocrx_word' id='word_1_349' title='bbox 1673 3060 1761 3129; x_wconf 85' lang='lat' dir='ltr'><strong>qui</strong></span> <span class='ocrx_word' id='word_1_350' title='bbox 1784 3059 1874 3110; x_wconf 88' lang='lat' dir='ltr'><strong>mi-</strong></span> 
     </span>
    </p>
   </div>
   <div class='ocr_carea' id='block_1_39' title="bbox 327 3148 1875 3222">
    <p class='ocr_par' dir='ltr' id='par_1_39' title="bbox 327 3148 1875 3222">
     <span class='ocr_line' id='line_1_39' title="bbox 327 3148 1875 3222; baseline -0.006 -14"><span class='ocrx_word' id='word_1_351' title='bbox 327 3154 395 3208; x_wconf 81' lang='lat' dir='ltr'><strong>sit</strong></span> <span class='ocrx_word' id='word_1_352' title='bbox 422 3170 518 3205; x_wconf 89' lang='lat' dir='ltr'><strong>me.</strong></span> <span class='ocrx_word' id='word_1_353' title='bbox 546 3173 563 3204; x_wconf 74' lang='grc' dir='ltr'>ι</span> <span class='ocrx_word' id='word_1_354' title='bbox 604 3153 781 3222; x_wconf 86' lang='lat' dir='ltr'><strong>Usque</strong></span> <span class='ocrx_word' id='word_1_355' title='bbox 819 3153 951 3207; x_wconf 87' lang='lat' dir='ltr'><strong>adeo</strong></span> <span class='ocrx_word' id='word_1_356' title='bbox 978 3152 1120 3206; x_wconf 89' lang='lat' dir='ltr'><strong>enim</strong></span> <span class='ocrx_word' id='word_1_357' title='bbox 1142 3150 1278 3204; x_wconf 86' lang='lat' dir='ltr'><strong>nihil</strong></span> <span class='ocrx_word' id='word_1_358' title='bbox 1322 3150 1484 3203; x_wconf 85' lang='lat' dir='ltr'><strong>distat</strong></span> <span class='ocrx_word' id='word_1_359' title='bbox 1512 3148 1646 3201; x_wconf 90' lang='lat' dir='ltr'><strong>inter</strong></span> <span class='ocrx_word' id='word_1_360' title='bbox 1674 3161 1794 3200; x_wconf 89' lang='lat' dir='ltr'><strong>eum</strong></span> <span class='ocrx_word' id='word_1_361' title='bbox 1822 3153 1875 3198; x_wconf 84' lang='lat' dir='ltr'><strong>et</strong></span> 
     </span>
    </p>
   </div>
   <div class='ocr_carea' id='block_1_40' title="bbox 330 3235 1879 3311">
    <p class='ocr_par' dir='ltr' id='par_1_40' title="bbox 330 3235 1879 3311">
     <span class='ocr_line' id='line_1_40' title="bbox 330 3235 1879 3311; baseline -0.006 -14"><span class='ocrx_word' id='word_1_362' title='bbox 330 3260 433 3308; x_wconf 90' lang='lat' dir='ltr'><strong>me,</strong></span> <span class='ocrx_word' id='word_1_363' title='bbox 461 3253 519 3296; x_wconf 91' lang='lat' dir='ltr'><strong>ut</strong></span> <span class='ocrx_word' id='word_1_364' title='bbox 545 3245 634 3311; x_wconf 92' lang='lat' dir='ltr'><strong>qui</strong></span> <span class='ocrx_word' id='word_1_365' title='bbox 665 3259 751 3296; x_wconf 87' lang='lat' dir='ltr'><strong>me</strong></span> <span class='ocrx_word' id='word_1_366' title='bbox 774 3244 947 3306; x_wconf 81' lang='lat' dir='ltr'><strong>videt,</strong></span> <span class='ocrx_word' id='word_1_367' title='bbox 979 3243 1154 3295; x_wconf 67' lang='lat' dir='ltr'><strong>videat</strong></span> <span class='ocrx_word' id='word_1_368' title='bbox 1183 3256 1299 3294; x_wconf 88' lang='lat' dir='ltr'><strong>eum</strong></span> <span class='ocrx_word' id='word_1_369' title='bbox 1329 3240 1419 3307; x_wconf 90' lang='lat' dir='ltr'><strong>qui</strong></span> <span class='ocrx_word' id='word_1_370' title='bbox 1449 3238 1591 3292; x_wconf 85' lang='lat' dir='ltr'><strong>misit</strong></span> <span class='ocrx_word' id='word_1_371' title='bbox 1620 3252 1723 3291; x_wconf 91' lang='lat' dir='ltr'><strong>me.</strong></span> <span class='ocrx_word' id='word_1_372' title='bbox 1754 3235 1879 3288; x_wconf 66' lang='lat' dir='ltr'><strong>[Lee</strong></span> 
     </span>
    </p>
   </div>
   <div class='ocr_carea' id='block_1_41' title="bbox 327 3324 1877 3395">
    <p class='ocr_par' dir='ltr' id='par_1_41' title="bbox 327 3324 1877 3395">
     <span class='ocr_line' id='line_1_41' title="bbox 327 3324 1877 3395; baseline -0.006 -8"><span class='ocrx_word' id='word_1_373' title='bbox 327 3332 478 3395; x_wconf 78' lang='lat' dir='ltr'><strong>visio,</strong></span> <span class='ocrx_word' id='word_1_374' title='bbox 505 3332 897 3394; x_wconf 85' lang='lat' dir='ltr'><strong>intellectualis,</strong></span> <span class='ocrx_word' id='word_1_375' title='bbox 927 3346 1029 3385; x_wconf 91' lang='lat' dir='ltr'><strong>non</strong></span> <span class='ocrx_word' id='word_1_376' title='bbox 1055 3329 1284 3383; x_wconf 86' lang='lat' dir='ltr'><strong>carnalis</strong></span> <span class='ocrx_word' id='word_1_377' title='bbox 1307 3328 1462 3382; x_wconf 82' lang='lat' dir='ltr'><strong>debet</strong></span> <span class='ocrx_word' id='word_1_378' title='bbox 1495 3324 1734 3395; x_wconf 80' lang='lat' dir='ltr'><strong>intelligi,</strong></span> <span class='ocrx_word' id='word_1_379' title='bbox 1760 3339 1877 3393; x_wconf 73' lang='lat' dir='ltr'><strong>qua:</strong></span> 
     </span>
    </p>
   </div>
   <div class='ocr_carea' id='block_1_42' title="bbox 330 3414 1878 3487">
    <p class='ocr_par' dir='ltr' id='par_1_42' title="bbox 330 3414 1878 3487">
     <span class='ocr_line' id='line_1_42' title="bbox 330 3414 1878 3487; baseline -0.006 -13"><span class='ocrx_word' id='word_1_380' title='bbox 330 3423 487 3475; x_wconf 79' lang='lat' dir='ltr'><strong>modo</strong></span> <span class='ocrx_word' id='word_1_381' title='bbox 537 3422 590 3474; x_wconf 90' lang='lat' dir='ltr'><strong>in</strong></span> <span class='ocrx_word' id='word_1_382' title='bbox 639 3420 793 3474; x_wconf 88' lang='lat' dir='ltr'><strong>laude</strong></span> <span class='ocrx_word' id='word_1_383' title='bbox 831 3428 914 3474; x_wconf 84' lang='lat' dir='ltr'><strong>est</strong></span> <span class='ocrx_word' id='word_1_384' title='bbox 957 3427 1283 3482; x_wconf 86' lang='lat' dir='ltr'><strong>sanctorum,</strong></span> <span class='ocrx_word' id='word_1_385' title='bbox 1313 3425 1432 3487; x_wconf 75' lang='lat' dir='ltr'><strong>post</strong></span> <span class='ocrx_word' id='word_1_386' title='bbox 1473 3414 1878 3470; x_wconf 83' lang='lat' dir='ltr'><strong>resurrectionis</strong></span> 
     </span>
    </p>
   </div>
   <div class='ocr_carea' id='block_1_43' title="bbox 330 3503 1878 3579">
    <p class='ocr_par' dir='ltr' id='par_1_43' title="bbox 330 3503 1878 3579">
     <span class='ocr_line' id='line_1_43' title="bbox 330 3503 1878 3579; baseline -0.006 -17"><span class='ocrx_word' id='word_1_387' title='bbox 330 3512 527 3564; x_wconf 78' lang='lat' dir='ltr'><strong>ultima:</strong></span> <span class='ocrx_word' id='word_1_388' title='bbox 564 3510 702 3563; x_wconf 88' lang='lat' dir='ltr'><strong>diem</strong></span> <span class='ocrx_word' id='word_1_389' title='bbox 733 3511 784 3563; x_wconf 91' lang='lat' dir='ltr'><strong>in</strong></span> <span class='ocrx_word' id='word_1_390' title='bbox 812 3504 985 3578; x_wconf 75' lang='lat' dir='ltr'><strong>specie</strong></span> <span class='ocrx_word' id='word_1_391' title='bbox 1012 3506 1175 3579; x_wconf 75' lang='lat' dir='ltr'><strong>[Ms.,</strong></span> <span class='ocrx_word' id='word_1_392' title='bbox 1205 3509 1257 3562; x_wconf 92' lang='lat' dir='ltr'><strong>in</strong></span> <span class='ocrx_word' id='word_1_393' title='bbox 1289 3507 1375 3577; x_wconf 88' lang='lat' dir='ltr'><strong>re]</strong></span> <span class='ocrx_word' id='word_1_394' title='bbox 1414 3516 1626 3560; x_wconf 78' lang='lat' dir='ltr'><strong>:eteruae</strong></span> <span class='ocrx_word' id='word_1_395' title='bbox 1654 3503 1878 3558; x_wconf 79' lang='lat' dir='ltr'><strong>beatita—</strong></span> 
     </span>
    </p>
   </div>
   <div class='ocr_carea' id='block_1_44' title="bbox 330 3595 1876 3668">
    <p class='ocr_par' dir='ltr' id='par_1_44' title="bbox 330 3595 1876 3668">
     <span class='ocr_line' id='line_1_44' title="bbox 330 3595 1876 3668; baseline -0.008 -15"><span class='ocrx_word' id='word_1_396' title='bbox 330 3604 469 3657; x_wconf 69' lang='lat' dir='ltr'><strong>ilinis</strong></span> <span class='ocrx_word' id='word_1_397' title='bbox 496 3602 618 3664; x_wconf 88' lang='lat' dir='ltr'><strong>erit,</strong></span> <span class='ocrx_word' id='word_1_398' title='bbox 651 3602 715 3655; x_wconf 88' lang='lat' dir='ltr'><strong>de</strong></span> <span class='ocrx_word' id='word_1_399' title='bbox 753 3615 856 3668; x_wconf 88' lang='lat' dir='ltr'><strong>qua</strong></span> <span class='ocrx_word' id='word_1_400' title='bbox 883 3601 1005 3653; x_wconf 86' lang='lat' dir='ltr'><strong>alibi</strong></span> <span class='ocrx_word' id='word_1_401' title='bbox 1034 3602 1108 3653; x_wconf 88' lang='lat' dir='ltr'><strong>ait</strong></span> <span class='ocrx_word' id='word_1_402' title='bbox 1131 3620 1143 3652; x_wconf 91' lang='lat'><strong>:</strong></span> <span class='ocrx_word' id='word_1_403' title='bbox 1170 3600 1319 3651; x_wconf 84' lang='lat' dir='ltr'><strong>Beati</strong></span> <span class='ocrx_word' id='word_1_404' title='bbox 1346 3597 1533 3650; x_wconf 89' lang='lat' dir='ltr'><strong>mundo</strong></span> <span class='ocrx_word' id='word_1_405' title='bbox 1559 3595 1729 3657; x_wconf 85' lang='lat' dir='ltr'><strong>corde,</strong></span> <span class='ocrx_word' id='word_1_406' title='bbox 1752 3608 1876 3662; x_wconf 86' lang='lat' dir='ltr'><strong>quo-</strong></span> 
     </span>
    </p>
   </div>
   <div class='ocr_carea' id='block_1_45' title="bbox 333 3683 1879 3760">
    <p class='ocr_par' dir='ltr' id='par_1_45' title="bbox 333 3683 1879 3760">
     <span class='ocr_line' id='line_1_45' title="bbox 333 3683 1879 3760; baseline -0.006 -17"><span class='ocrx_word' id='word_1_407' title='bbox 333 3693 470 3745; x_wconf 88' lang='lat' dir='ltr'><strong>niam</strong></span> <span class='ocrx_word' id='word_1_408' title='bbox 502 3692 601 3760; x_wconf 83' lang='lat' dir='ltr'><strong>ipsi</strong></span> <span class='ocrx_word' id='word_1_409' title='bbox 636 3689 799 3743; x_wconf 86' lang='lat' dir='ltr'><strong>Deum</strong></span> <span class='ocrx_word' id='word_1_410' title='bbox 827 3688 1063 3743; x_wconf 78' lang='lat' dir='ltr'><strong>videbunt</strong></span> <span class='ocrx_word' id='word_1_411' title='bbox 1089 3686 1300 3755; x_wconf 73' lang='lat' dir='ltr'><strong>(Matth.</strong></span> <span class='ocrx_word' id='word_1_412' title='bbox 1330 3701 1392 3748; x_wconf 88' lang='lat' dir='ltr'><strong>v,</strong></span> <span class='ocrx_word' id='word_1_413' title='bbox 1422 3684 1498 3754; x_wconf 89' lang='grc'><strong>8).</strong></span> <span class='ocrx_word' id='word_1_414' title='bbox 1532 3683 1879 3735; x_wconf 73' lang='lat' dir='ltr'><strong>Attendamus</strong></span> 
     </span>
    </p>
   </div>
   <div class='ocr_carea' id='block_1_46' title="bbox 333 3788 543 3833">
    <p class='ocr_par' dir='ltr' id='par_1_46' title="bbox 333 3788 543 3833">
     <span class='ocr_line' id='line_1_46' title="bbox 333 3788 543 3833; baseline 0 -1"><span class='ocrx_word' id='word_1_415' title='bbox 333 3788 543 3833; x_wconf 63' lang='lat' dir='ltr'><strong>uetera.</strong></span> 
     </span>
    </p>
   </div>
   <div class='ocr_carea' id='block_1_47' title="bbox 403 3865 1878 3938">
    <p class='ocr_par' dir='ltr' id='par_1_47' title="bbox 403 3865 1878 3938">
     <span class='ocr_line' id='line_1_47' title="bbox 403 3865 1878 3938; baseline -0.004 -15"><span class='ocrx_word' id='word_1_416' title='bbox 403 3869 564 3923; x_wconf 64' lang='lat' dir='ltr'><strong>Vens.</strong></span> <span class='ocrx_word' id='word_1_417' title='bbox 595 3869 680 3921; x_wconf 65' lang='grc'><strong>46.</strong></span> <span class='ocrx_word' id='word_1_418' title='bbox 696 3898 763 3907; x_wconf 89' lang='grc'><strong><em>-</em></strong></span> <span class='ocrx_word' id='word_1_419' title='bbox 780 3868 890 3938; x_wconf 85' lang='lat' dir='ltr'><strong>Ego</strong></span> <span class='ocrx_word' id='word_1_420' title='bbox 912 3868 1003 3920; x_wconf 80' lang='lat' dir='ltr'><strong>lux</strong></span> <span class='ocrx_word' id='word_1_421' title='bbox 1023 3870 1077 3921; x_wconf 91' lang='lat' dir='ltr'><strong>in</strong></span> <span class='ocrx_word' id='word_1_422' title='bbox 1098 3868 1341 3921; x_wconf 90' lang='lat' dir='ltr'><strong>mundum</strong></span> <span class='ocrx_word' id='word_1_423' title='bbox 1364 3866 1496 3928; x_wconf 82' lang='lat' dir='ltr'><strong>veni,</strong></span> <span class='ocrx_word' id='word_1_424' title='bbox 1524 3874 1579 3918; x_wconf 87' lang='lat' dir='ltr'><strong>ut</strong></span> <span class='ocrx_word' id='word_1_425' title='bbox 1608 3865 1769 3918; x_wconf 88' lang='lat' dir='ltr'><strong>omnis</strong></span> <span class='ocrx_word' id='word_1_426' title='bbox 1792 3866 1878 3934; x_wconf 90' lang='lat' dir='ltr'><strong>qui</strong></span> 
     </span>
    </p>
   </div>
   <div class='ocr_carea' id='block_1_48' title="bbox 301 3953 1876 4023">
    <p class='ocr_par' dir='ltr' id='par_1_48' title="bbox 301 3953 1876 4023">
     <span class='ocr_line' id='line_1_48' title="bbox 301 3953 1876 4023; baseline -0.004 -12"><span class='ocrx_word' id='word_1_427' title='bbox 301 4021 303 4023; x_wconf 20' lang='grc' dir='ltr'><strong><em>ι</em></strong></span> <span class='ocrx_word' id='word_1_428' title='bbox 331 3956 490 4011; x_wconf 82' lang='lat' dir='ltr'><strong>credit</strong></span> <span class='ocrx_word' id='word_1_429' title='bbox 522 3959 699 4019; x_wconf 83' lang='lat' dir='ltr'><strong>inme,</strong></span> <span class='ocrx_word' id='word_1_430' title='bbox 726 3957 779 4009; x_wconf 87' lang='lat' dir='ltr'><strong>in</strong></span> <span class='ocrx_word' id='word_1_431' title='bbox 806 3956 1022 4009; x_wconf 88' lang='lat' dir='ltr'><strong>tenebris</strong></span> <span class='ocrx_word' id='word_1_432' title='bbox 1060 3972 1161 4009; x_wconf 90' lang='lat' dir='ltr'><strong>non</strong></span> <span class='ocrx_word' id='word_1_433' title='bbox 1198 3964 1421 4009; x_wconf 85' lang='lat' dir='ltr'><strong>maneat.</strong></span> <span class='ocrx_word' id='word_1_434' title='bbox 1462 3954 1606 4007; x_wconf 75' lang='lat' dir='ltr'><strong>Dixit</strong></span> <span class='ocrx_word' id='word_1_435' title='bbox 1650 3953 1876 4022; x_wconf 87' lang='lat' dir='ltr'><strong>quodam</strong></span> 
     </span>
    </p>
   </div>
   <div class='ocr_carea' id='block_1_49' title="bbox 337 4043 1884 4115">
    <p class='ocr_par' dir='ltr' id='par_1_49' title="bbox 337 4043 1884 4115">
     <span class='ocr_line' id='line_1_49' title="bbox 337 4043 1884 4115; baseline -0.002 -17"><span class='ocrx_word' id='word_1_436' title='bbox 337 4046 454 4101; x_wconf 91' lang='lat' dir='ltr'><strong>loco</strong></span> <span class='ocrx_word' id='word_1_437' title='bbox 475 4045 744 4115; x_wconf 88' lang='lat' dir='ltr'><strong>discipulis</strong></span> <span class='ocrx_word' id='word_1_438' title='bbox 767 4045 877 4098; x_wconf 88' lang='lat' dir='ltr'><strong>suis</strong></span> <span class='ocrx_word' id='word_1_439' title='bbox 904 4062 915 4096; x_wconf 89' lang='lat'><strong>:</strong></span> <span class='ocrx_word' id='word_1_440' title='bbox 948 4043 1049 4097; x_wconf 83' lang='lat' dir='ltr'><strong>Vos</strong></span> <span class='ocrx_word' id='word_1_441' title='bbox 1086 4045 1206 4097; x_wconf 87' lang='lat' dir='ltr'><strong>estis</strong></span> <span class='ocrx_word' id='word_1_442' title='bbox 1233 4043 1401 4095; x_wconf 86' lang='lat' dir='ltr'><strong>lumen</strong></span> <span class='ocrx_word' id='word_1_443' title='bbox 1433 4043 1609 4096; x_wconf 87' lang='lat' dir='ltr'><strong>mundi</strong></span> <span class='ocrx_word' id='word_1_444' title='bbox 1632 4057 1648 4093; x_wconf 91' lang='lat'><strong>:</strong></span> <span class='ocrx_word' id='word_1_445' title='bbox 1669 4059 1770 4095; x_wconf 88' lang='lat' dir='ltr'><strong>non</strong></span> <span class='ocrx_word' id='word_1_446' title='bbox 1790 4059 1884 4112; x_wconf 74' lang='lat' dir='ltr'><strong>po-</strong></span> 
     </span>
    </p>
   </div>
   <div class='ocr_carea' id='block_1_50' title="bbox 330 4131 1881 4204">
    <p class='ocr_par' dir='ltr' id='par_1_50' title="bbox 330 4131 1881 4204">
     <span class='ocr_line' id='line_1_50' title="bbox 330 4131 1881 4204; baseline -0.004 -15"><span class='ocrx_word' id='word_1_447' title='bbox 330 4145 424 4191; x_wconf 84' lang='lat' dir='ltr'><strong>test</strong></span> <span class='ocrx_word' id='word_1_448' title='bbox 452 4134 695 4189; x_wconf 83' lang='lat' dir='ltr'><strong>abscondi</strong></span> <span class='ocrx_word' id='word_1_449' title='bbox 720 4136 895 4188; x_wconf 82' lang='lat' dir='ltr'><strong>civitas</strong></span> <span class='ocrx_word' id='word_1_450' title='bbox 920 4150 1073 4204; x_wconf 85' lang='lat' dir='ltr'><strong>super</strong></span> <span class='ocrx_word' id='word_1_451' title='bbox 1110 4142 1330 4186; x_wconf 85' lang='lat' dir='ltr'><strong>montem</strong></span> <span class='ocrx_word' id='word_1_452' title='bbox 1368 4133 1665 4185; x_wconf 82' lang='lat' dir='ltr'><strong>constituta.</strong></span> <span class='ocrx_word' id='word_1_453' title='bbox 1703 4131 1881 4201; x_wconf 84' lang='lat' dir='ltr'><strong>Neque</strong></span> 
     </span>
    </p>
   </div>
   <div class='ocr_carea' id='block_1_51' title="bbox 329 4220 1878 4295">
    <p class='ocr_par' dir='ltr' id='par_1_51' title="bbox 329 4220 1878 4295">
     <span class='ocr_line' id='line_1_51' title="bbox 329 4220 1878 4295; baseline -0.008 -11"><span class='ocrx_word' id='word_1_454' title='bbox 329 4237 613 4284; x_wconf 84' lang='lat' dir='ltr'><strong>accendunt</strong></span> <span class='ocrx_word' id='word_1_455' title='bbox 643 4228 905 4282; x_wconf 82' lang='lat' dir='ltr'><strong>lucernam</strong></span> <span class='ocrx_word' id='word_1_456' title='bbox 948 4234 998 4280; x_wconf 87' lang='lat' dir='ltr'><strong>et</strong></span> <span class='ocrx_word' id='word_1_457' title='bbox 1043 4232 1237 4295; x_wconf 88' lang='lat' dir='ltr'><strong>ponunt</strong></span> <span class='ocrx_word' id='word_1_458' title='bbox 1283 4241 1396 4277; x_wconf 85' lang='lat' dir='ltr'><strong>eam</strong></span> <span class='ocrx_word' id='word_1_459' title='bbox 1436 4222 1526 4276; x_wconf 85' lang='lat' dir='ltr'><strong>sub</strong></span> <span class='ocrx_word' id='word_1_460' title='bbox 1568 4222 1760 4285; x_wconf 88' lang='lat' dir='ltr'><strong>modio,</strong></span> <span class='ocrx_word' id='word_1_461' title='bbox 1791 4220 1878 4273; x_wconf 88' lang='lat' dir='ltr'><strong>sed</strong></span> 
     </span>
    </p>
   </div>
   <div class='ocr_carea' id='block_1_52' title="bbox 330 4308 1881 4388">
    <p class='ocr_par' dir='ltr' id='par_1_52' title="bbox 330 4308 1881 4388">
     <span class='ocr_line' id='line_1_52' title="bbox 330 4308 1881 4388; baseline -0.008 -17"><span class='ocrx_word' id='word_1_462' title='bbox 330 4336 480 4388; x_wconf 80' lang='lat' dir='ltr'><strong>super</strong></span> <span class='ocrx_word' id='word_1_463' title='bbox 517 4317 882 4388; x_wconf 69' lang='lat' dir='ltr'><strong>candelabrum</strong></span> <span class='ocrx_word' id='word_1_464' title='bbox 928 4323 983 4366; x_wconf 86' lang='lat' dir='ltr'><strong>ut</strong></span> <span class='ocrx_word' id='word_1_465' title='bbox 1031 4313 1198 4366; x_wconf 88' lang='lat' dir='ltr'><strong>luceat</strong></span> <span class='ocrx_word' id='word_1_466' title='bbox 1246 4311 1479 4365; x_wconf 87' lang='lat' dir='ltr'><strong>omnibus</strong></span> <span class='ocrx_word' id='word_1_467' title='bbox 1519 4311 1605 4381; x_wconf 87' lang='lat' dir='ltr'><strong>qui</strong></span> <span class='ocrx_word' id='word_1_468' title='bbox 1646 4310 1699 4360; x_wconf 85' lang='lat' dir='ltr'><strong>in</strong></span> <span class='ocrx_word' id='word_1_469' title='bbox 1728 4308 1881 4360; x_wconf 87' lang='lat' dir='ltr'><strong>domo</strong></span> 
     </span>
    </p>
   </div>
   <div class='ocr_carea' id='block_1_53' title="bbox 330 4394 1878 4458">
    <p class='ocr_par' dir='ltr' id='par_1_53' title="bbox 330 4394 1878 4458">
     <span class='ocr_line' id='line_1_53' title="bbox 330 4394 1878 4458; baseline -0.008 0"><span class='ocrx_word' id='word_1_470' title='bbox 330 4416 469 4458; x_wconf 84' lang='lat' dir='ltr'><strong>sunt.</strong></span> <span class='ocrx_word' id='word_1_471' title='bbox 496 4404 583 4457; x_wconf 88' lang='lat' dir='ltr'><strong>Sic</strong></span> <span class='ocrx_word' id='word_1_472' title='bbox 610 4403 775 4454; x_wconf 87' lang='lat' dir='ltr'><strong>luceat</strong></span> <span class='ocrx_word' id='word_1_473' title='bbox 803 4400 975 4453; x_wconf 86' lang='lat' dir='ltr'><strong>lumen</strong></span> <span class='ocrx_word' id='word_1_474' title='bbox 1011 4409 1232 4453; x_wconf 86' lang='lat' dir='ltr'><strong>vestrum</strong></span> <span class='ocrx_word' id='word_1_475' title='bbox 1272 4414 1447 4450; x_wconf 90' lang='lat' dir='ltr'><strong>coram</strong></span> <span class='ocrx_word' id='word_1_476' title='bbox 1490 4394 1799 4458; x_wconf 85' lang='lat' dir='ltr'><strong>hominibus,</strong></span> <span class='ocrx_word' id='word_1_477' title='bbox 1824 4404 1878 4446; x_wconf 89' lang='lat' dir='ltr'><strong>ut</strong></span> 
     </span>
    </p>
   </div>
   <div class='ocr_carea' id='block_1_54' title="bbox 330 4483 1879 4559">
    <p class='ocr_par' dir='ltr' id='par_1_54' title="bbox 330 4483 1879 4559">
     <span class='ocr_line' id='line_1_54' title="bbox 330 4483 1879 4559; baseline -0.005 -14"><span class='ocrx_word' id='word_1_478' title='bbox 330 4492 530 4545; x_wconf 76' lang='lat' dir='ltr'><strong>rideant</strong></span> <span class='ocrx_word' id='word_1_479' title='bbox 560 4507 709 4559; x_wconf 85' lang='lat' dir='ltr'><strong>opera</strong></span> <span class='ocrx_word' id='word_1_480' title='bbox 736 4499 903 4543; x_wconf 79' lang='lat' dir='ltr'><strong>vestra</strong></span> <span class='ocrx_word' id='word_1_481' title='bbox 932 4488 1061 4541; x_wconf 83' lang='lat' dir='ltr'><strong>bona</strong></span> <span class='ocrx_word' id='word_1_482' title='bbox 1080 4528 1093 4551; x_wconf 95' lang='lat'><strong>,</strong></span> <span class='ocrx_word' id='word_1_483' title='bbox 1123 4496 1170 4540; x_wconf 88' lang='lat' dir='ltr'><strong>et</strong></span> <span class='ocrx_word' id='word_1_484' title='bbox 1210 4485 1492 4554; x_wconf 79' lang='lat' dir='ltr'><strong>gloriﬁcent</strong></span> <span class='ocrx_word' id='word_1_485' title='bbox 1536 4483 1745 4537; x_wconf 86' lang='lat' dir='ltr'><strong>Patrem</strong></span> <span class='ocrx_word' id='word_1_486' title='bbox 1792 4500 1879 4537; x_wconf 78' lang='lat' dir='ltr'><strong>ve-</strong></span> 
     </span>
    </p>
   </div>
   <div class='ocr_carea' id='block_1_55' title="bbox 333 4574 1876 4653">
    <p class='ocr_par' dir='ltr' id='par_1_55' title="bbox 333 4574 1876 4653">
     <span class='ocr_line' id='line_1_55' title="bbox 333 4574 1876 4653; baseline -0.005 -17"><span class='ocrx_word' id='word_1_487' title='bbox 333 4590 495 4636; x_wconf 87' lang='lat' dir='ltr'><strong>strum</strong></span> <span class='ocrx_word' id='word_1_488' title='bbox 518 4582 603 4653; x_wconf 86' lang='lat' dir='ltr'><strong>qui</strong></span> <span class='ocrx_word' id='word_1_489' title='bbox 624 4582 674 4634; x_wconf 91' lang='lat' dir='ltr'><strong>in</strong></span> <span class='ocrx_word' id='word_1_490' title='bbox 690 4579 824 4633; x_wconf 70' lang='lat' dir='ltr'><strong>caelis</strong></span> <span class='ocrx_word' id='word_1_491' title='bbox 846 4590 916 4633; x_wconf 89' lang='lat' dir='ltr'><strong>est</strong></span> <span class='ocrx_word' id='word_1_492' title='bbox 938 4578 1146 4649; x_wconf 73' lang='lat' dir='ltr'><strong>(Matth.</strong></span> <span class='ocrx_word' id='word_1_493' title='bbox 1173 4594 1224 4640; x_wconf 64' lang='grc' dir='ltr'><strong>γ,</strong></span> <span class='ocrx_word' id='word_1_494' title='bbox 1249 4575 1356 4645; x_wconf 74' lang='grc' dir='ltr'><strong>Η).</strong></span> <span class='ocrx_word' id='word_1_495' title='bbox 1380 4574 1493 4629; x_wconf 83' lang='grc' dir='ltr'><strong>Νοη</strong></span> <span class='ocrx_word' id='word_1_496' title='bbox 1521 4584 1694 4629; x_wconf 89' lang='lat' dir='ltr'><strong>tamen</strong></span> <span class='ocrx_word' id='word_1_497' title='bbox 1716 4575 1876 4629; x_wconf 71' lang='lat' dir='ltr'><strong>dixit:</strong></span> 
     </span>
    </p>
   </div>
   <div class='ocr_carea' id='block_1_56' title="bbox 340 4663 1880 4734">
    <p class='ocr_par' dir='ltr' id='par_1_56' title="bbox 340 4663 1880 4734">
     <span class='ocr_line' id='line_1_56' title="bbox 340 4663 1880 4734; baseline -0.004 -11"><span class='ocrx_word' id='word_1_498' title='bbox 340 4671 443 4724; x_wconf 80' lang='lat' dir='ltr'><strong>Vos</strong></span> <span class='ocrx_word' id='word_1_499' title='bbox 470 4670 562 4723; x_wconf 72' lang='lat' dir='ltr'><strong>lux</strong></span> <span class='ocrx_word' id='word_1_500' title='bbox 590 4669 807 4722; x_wconf 74' lang='lat' dir='ltr'><strong>venistis</strong></span> <span class='ocrx_word' id='word_1_501' title='bbox 836 4669 887 4722; x_wconf 89' lang='lat' dir='ltr'><strong>in</strong></span> <span class='ocrx_word' id='word_1_502' title='bbox 913 4667 1192 4731; x_wconf 86' lang='lat' dir='ltr'><strong>mundum,</strong></span> <span class='ocrx_word' id='word_1_503' title='bbox 1226 4674 1283 4720; x_wconf 91' lang='lat' dir='ltr'><strong>ut</strong></span> <span class='ocrx_word' id='word_1_504' title='bbox 1310 4664 1484 4720; x_wconf 90' lang='lat' dir='ltr'><strong>omnis</strong></span> <span class='ocrx_word' id='word_1_505' title='bbox 1510 4665 1599 4734; x_wconf 90' lang='lat' dir='ltr'><strong>qui</strong></span> <span class='ocrx_word' id='word_1_506' title='bbox 1630 4663 1799 4719; x_wconf 88' lang='lat' dir='ltr'><strong>credit</strong></span> <span class='ocrx_word' id='word_1_507' title='bbox 1830 4666 1880 4718; x_wconf 92' lang='lat' dir='ltr'><strong>in</strong></span> 
     </span>
    </p>
   </div>
   <div class='ocr_carea' id='block_1_57' title="bbox 336 4754 1882 4824">
    <p class='ocr_par' dir='ltr' id='par_1_57' title="bbox 336 4754 1882 4824">
     <span class='ocr_line' id='line_1_57' title="bbox 336 4754 1882 4824; baseline -0.002 -15"><span class='ocrx_word' id='word_1_508' title='bbox 336 4775 450 4822; x_wconf 70' lang='lat' dir='ltr'><strong>vos,</strong></span> <span class='ocrx_word' id='word_1_509' title='bbox 480 4759 533 4810; x_wconf 90' lang='lat' dir='ltr'><strong>in</strong></span> <span class='ocrx_word' id='word_1_510' title='bbox 562 4756 790 4808; x_wconf 89' lang='lat' dir='ltr'><strong>tenebris</strong></span> <span class='ocrx_word' id='word_1_511' title='bbox 812 4769 915 4807; x_wconf 89' lang='lat' dir='ltr'><strong>non</strong></span> <span class='ocrx_word' id='word_1_512' title='bbox 938 4764 1167 4824; x_wconf 82' lang='lat' dir='ltr'><strong>maneat.</strong></span> <span class='ocrx_word' id='word_1_513' title='bbox 1194 4755 1462 4824; x_wconf 87' lang='lat' dir='ltr'><strong>Nusquam</strong></span> <span class='ocrx_word' id='word_1_514' title='bbox 1483 4754 1586 4809; x_wconf 85' lang='lat' dir='ltr'><strong>hoc</strong></span> <span class='ocrx_word' id='word_1_515' title='bbox 1605 4754 1705 4823; x_wconf 84' lang='lat' dir='ltr'><strong>legi</strong></span> <span class='ocrx_word' id='word_1_516' title='bbox 1728 4767 1882 4823; x_wconf 89' lang='lat' dir='ltr'><strong>posse</strong></span> 
     </span>
    </p>
   </div>
   <div class='ocr_carea' id='block_1_58' title="bbox 338 4833 1883 4910">
    <p class='ocr_par' dir='ltr' id='par_1_58' title="bbox 338 4833 1883 4910">
     <span class='ocr_line' id='line_1_58' title="bbox 338 4833 1883 4910; baseline -0.005 -11"><span class='ocrx_word' id='word_1_517' title='bbox 338 4844 611 4899; x_wconf 82' lang='lat' dir='ltr'><strong>conﬁrmo.</strong></span> <span class='ocrx_word' id='word_1_518' title='bbox 660 4840 880 4893; x_wconf 87' lang='lat' dir='ltr'><strong>Lumina</strong></span> <span class='ocrx_word' id='word_1_519' title='bbox 904 4833 1031 4910; x_wconf 54' lang='grc' dir='ltr'><strong>(ει-εξ)</strong></span> <span class='ocrx_word' id='word_1_520' title='bbox 1056 4852 1178 4895; x_wconf 90' lang='lat' dir='ltr'><strong>sunt</strong></span> <span class='ocrx_word' id='word_1_521' title='bbox 1201 4844 1385 4897; x_wconf 81' lang='lat' dir='ltr'><strong>otnnes</strong></span> <span class='ocrx_word' id='word_1_522' title='bbox 1411 4840 1580 4895; x_wconf 88' lang='lat' dir='ltr'><strong>sancti</strong></span> <span class='ocrx_word' id='word_1_523' title='bbox 1608 4858 1619 4891; x_wconf 93' lang='lat'><strong>:</strong></span> <span class='ocrx_word' id='word_1_524' title='bbox 1645 4841 1739 4893; x_wconf 78' lang='lat' dir='ltr'><strong>sed</strong></span> <span class='ocrx_word' id='word_1_525' title='bbox 1767 4854 1883 4892; x_wconf 82' lang='lat' dir='ltr'><strong>cre-</strong></span> 
     </span>
    </p>
   </div>
   <div class='ocr_carea' id='block_1_59' title="bbox 338 4927 1881 4998">
    <p class='ocr_par' dir='ltr' id='par_1_59' title="bbox 338 4927 1881 4998">
     <span class='ocr_line' id='line_1_59' title="bbox 338 4927 1881 4998; baseline -0.007 -9"><span class='ocrx_word' id='word_1_526' title='bbox 338 4933 508 4994; x_wconf 84' lang='lat' dir='ltr'><strong>dendo</strong></span> <span class='ocrx_word' id='word_1_527' title='bbox 548 4929 906 4998; x_wconf 85' lang='lat' dir='ltr'><strong>illuminantur</strong></span> <span class='ocrx_word' id='word_1_528' title='bbox 941 4927 1018 4982; x_wconf 80' lang='lat' dir='ltr'><strong>ab‘</strong></span> <span class='ocrx_word' id='word_1_529' title='bbox 1048 4944 1141 4993; x_wconf 88' lang='lat' dir='ltr'><strong>eo,</strong></span> <span class='ocrx_word' id='word_1_530' title='bbox 1173 4946 1201 4982; x_wconf 91' lang='lat' dir='ltr'><strong>a</strong></span> <span class='ocrx_word' id='word_1_531' title='bbox 1236 4944 1339 4996; x_wconf 90' lang='lat' dir='ltr'><strong>quo</strong></span> <span class='ocrx_word' id='word_1_532' title='bbox 1363 4930 1407 4981; x_wconf 91' lang='lat' dir='ltr'><strong>si</strong></span> <span class='ocrx_word' id='word_1_533' title='bbox 1436 4928 1555 4996; x_wconf 91' lang='lat' dir='ltr'><strong>quis</strong></span> <span class='ocrx_word' id='word_1_534' title='bbox 1584 4927 1881 4989; x_wconf 86' lang='lat' dir='ltr'><strong>recesserit,</strong></span> 
     </span>
    </p>
   </div>
   <div class='ocr_carea' id='block_1_60' title="bbox 340 5014 1881 5083">
    <p class='ocr_par' dir='ltr' id='par_1_60' title="bbox 340 5014 1881 5083">
     <span class='ocr_line' id='line_1_60' title="bbox 340 5014 1881 5083; baseline -0.006 -8"><span class='ocrx_word' id='word_1_535' title='bbox 340 5020 717 5076; x_wconf 89' lang='lat' dir='ltr'><strong>tenebrabitur.</strong></span> <span class='ocrx_word' id='word_1_536' title='bbox 749 5018 949 5072; x_wconf 87' lang='lat' dir='ltr'><strong>Lumen</strong></span> <span class='ocrx_word' id='word_1_537' title='bbox 986 5024 1163 5070; x_wconf 88' lang='lat' dir='ltr'><strong>autem</strong></span> <span class='ocrx_word' id='word_1_538' title='bbox 1207 5016 1333 5069; x_wconf 88' lang='lat' dir='ltr'><strong>illud</strong></span> <span class='ocrx_word' id='word_1_539' title='bbox 1371 5015 1509 5083; x_wconf 90' lang='lat' dir='ltr'><strong>quod</strong></span> <span class='ocrx_word' id='word_1_540' title='bbox 1538 5014 1821 5076; x_wconf 89' lang='lat' dir='ltr'><strong>illuminat,</strong></span> <span class='ocrx_word' id='word_1_541' title='bbox 1853 5030 1881 5065; x_wconf 88' lang='lat' dir='ltr'><strong>a</strong></span> 
     </span>
    </p>
   </div>
   <div class='ocr_carea' id='block_1_61' title="bbox 338 5101 1883 5175">
    <p class='ocr_par' dir='ltr' id='par_1_61' title="bbox 338 5101 1883 5175">
     <span class='ocr_line' id='line_1_61' title="bbox 338 5101 1883 5175; baseline -0.005 -11"><span class='ocrx_word' id='word_1_542' title='bbox 338 5125 396 5164; x_wconf 87' lang='lat' dir='ltr'><strong>se</strong></span> <span class='ocrx_word' id='word_1_543' title='bbox 422 5108 671 5163; x_wconf 88' lang='lat' dir='ltr'><strong>recedere</strong></span> <span class='ocrx_word' id='word_1_544' title='bbox 697 5114 1033 5175; x_wconf 86' lang='lat' dir='ltr'><strong>non_potest,</strong></span> <span class='ocrx_word' id='word_1_545' title='bbox 1062 5106 1184 5174; x_wconf 88' lang='lat' dir='ltr'><strong>quia</strong></span> <span class='ocrx_word' id='word_1_546' title='bbox 1214 5101 1640 5157; x_wconf 86' lang='lat' dir='ltr'><strong>incommutabile</strong></span> <span class='ocrx_word' id='word_1_547' title='bbox 1668 5104 1883 5157; x_wconf 83' lang='lat' dir='ltr'><strong>omnino</strong></span> 
     </span>
    </p>
   </div>
   <div class='ocr_carea' id='block_1_62' title="bbox 338 5191 1882 5263">
    <p class='ocr_par' dir='ltr' id='par_1_62' title="bbox 338 5191 1882 5263">
     <span class='ocr_line' id='line_1_62' title="bbox 338 5191 1882 5263; baseline -0.005 -12"><span class='ocrx_word' id='word_1_548' title='bbox 338 5203 438 5251; x_wconf 90' lang='lat' dir='ltr'><strong>est.</strong></span> <span class='ocrx_word' id='word_1_549' title='bbox 469 5194 601 5249; x_wconf 87' lang='lat' dir='ltr'><strong>Cum</strong></span> <span class='ocrx_word' id='word_1_550' title='bbox 630 5202 805 5247; x_wconf 89' lang='lat' dir='ltr'><strong>autem</strong></span> <span class='ocrx_word' id='word_1_551' title='bbox 848 5197 975 5249; x_wconf 87' lang='lat' dir='ltr'><strong>dicit</strong></span> <span class='ocrx_word' id='word_1_552' title='bbox 1006 5214 1018 5248; x_wconf 90' lang='lat'><strong>:</strong></span> <span class='ocrx_word' id='word_1_553' title='bbox 1047 5193 1225 5249; x_wconf 84' lang='lat' dir='ltr'><strong>Omnis</strong></span> <span class='ocrx_word' id='word_1_554' title='bbox 1269 5194 1354 5263; x_wconf 86' lang='lat' dir='ltr'><strong>qui</strong></span> <span class='ocrx_word' id='word_1_555' title='bbox 1400 5192 1559 5243; x_wconf 84' lang='lat' dir='ltr'><strong>credit</strong></span> <span class='ocrx_word' id='word_1_556' title='bbox 1606 5191 1659 5243; x_wconf 85' lang='lat' dir='ltr'><strong>in</strong></span> <span class='ocrx_word' id='word_1_557' title='bbox 1704 5207 1799 5253; x_wconf 87' lang='lat' dir='ltr'><strong>me,</strong></span> <span class='ocrx_word' id='word_1_558' title='bbox 1832 5192 1882 5244; x_wconf 89' lang='lat' dir='ltr'><strong>in</strong></span> 
     </span>
    </p>
   </div>
   <div class='ocr_carea' id='block_1_63' title="bbox 340 5284 1884 5355">
    <p class='ocr_par' dir='ltr' id='par_1_63' title="bbox 340 5284 1884 5355">
     <span class='ocr_line' id='line_1_63' title="bbox 340 5284 1884 5355; baseline -0.001 -17"><span class='ocrx_word' id='word_1_559' title='bbox 340 5285 555 5338; x_wconf 83' lang='lat' dir='ltr'><strong>tenebris</strong></span> <span class='ocrx_word' id='word_1_560' title='bbox 583 5300 685 5337; x_wconf 87' lang='lat' dir='ltr'><strong>non</strong></span> <span class='ocrx_word' id='word_1_561' title='bbox 714 5294 901 5347; x_wconf 86' lang='lat' dir='ltr'><strong>manet,</strong></span> <span class='ocrx_word' id='word_1_562' title='bbox 934 5288 1060 5340; x_wconf 88' lang='lat' dir='ltr'><strong>satis</strong></span> <span class='ocrx_word' id='word_1_563' title='bbox 1099 5284 1401 5355; x_wconf 82' lang='lat' dir='ltr'><strong>manifestat</strong></span> <span class='ocrx_word' id='word_1_564' title='bbox 1425 5300 1608 5339; x_wconf 79' lang='lat' dir='ltr'><strong>omnes</strong></span> <span class='ocrx_word' id='word_1_565' title='bbox 1637 5300 1695 5338; x_wconf 90' lang='lat' dir='ltr'><strong>se</strong></span> <span class='ocrx_word' id='word_1_566' title='bbox 1728 5284 1779 5337; x_wconf 92' lang='lat' dir='ltr'><strong>in</strong></span> <span class='ocrx_word' id='word_1_567' title='bbox 1810 5294 1884 5338; x_wconf 82' lang='lat' dir='ltr'><strong>te-</strong></span> 
     </span>
    </p>
   </div>
   <div class='ocr_carea' id='block_1_64' title="bbox 342 5372 1882 5430">
    <p class='ocr_par' dir='ltr' id='par_1_64' title="bbox 342 5372 1882 5430">
     <span class='ocr_line' id='line_1_64' title="bbox 342 5372 1882 5430; baseline 0 -3"><span class='ocrx_word' id='word_1_568' title='bbox 342 5374 519 5428; x_wconf 84' lang='lat' dir='ltr'><strong>nebris</strong></span> <span class='ocrx_word' id='word_1_569' title='bbox 562 5372 975 5427; x_wconf 85' lang='lat' dir='ltr'><strong>invenisse:sed</strong></span> <span class='ocrx_word' id='word_1_570' title='bbox 1007 5391 1073 5429; x_wconf 86' lang='lat' dir='ltr'><strong>ne</strong></span> <span class='ocrx_word' id='word_1_571' title='bbox 1100 5379 1154 5429; x_wconf 89' lang='lat' dir='ltr'><strong>in</strong></span> <span class='ocrx_word' id='word_1_572' title='bbox 1196 5377 1272 5430; x_wconf 90' lang='lat' dir='ltr'><strong>eis</strong></span> <span class='ocrx_word' id='word_1_573' title='bbox 1315 5374 1543 5428; x_wconf 87' lang='lat' dir='ltr'><strong>tenebris</strong></span> <span class='ocrx_word' id='word_1_574' title='bbox 1573 5382 1882 5428; x_wconf 86' lang='lat' dir='ltr'><strong>remaneant</strong></span> 
     </span>
    </p>
   </div>
   <div class='ocr_carea' id='block_1_65' title="bbox 341 5461 1882 5534">
    <p class='ocr_par' dir='ltr' id='par_1_65' title="bbox 341 5461 1882 5534">
     <span class='ocr_line' id='line_1_65' title="bbox 341 5461 1882 5534; baseline -0.001 -18"><span class='ocrx_word' id='word_1_575' title='bbox 341 5461 396 5516; x_wconf 89' lang='lat' dir='ltr'><strong>in</strong></span> <span class='ocrx_word' id='word_1_576' title='bbox 417 5463 607 5531; x_wconf 89' lang='lat' dir='ltr'><strong>quibus</strong></span> <span class='ocrx_word' id='word_1_577' title='bbox 627 5461 823 5516; x_wconf 67' lang='lat' dir='ltr'><strong>inVenti</strong></span> <span class='ocrx_word' id='word_1_578' title='bbox 844 5468 985 5526; x_wconf 90' lang='lat' dir='ltr'><strong>sunt,</strong></span> <span class='ocrx_word' id='word_1_579' title='bbox 1011 5464 1201 5517; x_wconf 80' lang='lat' dir='ltr'><strong>debent</strong></span> <span class='ocrx_word' id='word_1_580' title='bbox 1217 5464 1374 5534; x_wconf 79' lang='lat'><strong>590</strong></span> <span class='ocrx_word' id='word_1_581' title='bbox 1397 5464 1611 5517; x_wconf 86' lang='lat' dir='ltr'><strong>credere</strong></span> <span class='ocrx_word' id='word_1_582' title='bbox 1636 5463 1688 5516; x_wconf 91' lang='lat' dir='ltr'><strong>in</strong></span> <span class='ocrx_word' id='word_1_583' title='bbox 1712 5461 1882 5516; x_wconf 90' lang='lat' dir='ltr'><strong>lucem</strong></span> 
     </span>
    </p>
   </div>
   <div class='ocr_carea' id='block_1_66' title="bbox 415 5574 1881 5646">
    <p class='ocr_par' dir='ltr' id='par_1_66' title="bbox 415 5574 1881 5646">
     <span class='ocr_line' id='line_1_66' title="bbox 415 5574 1881 5646; baseline -0.001 -18"><span class='ocrx_word' id='word_1_584' title='bbox 415 5589 439 5616; x_wconf 80' lang='grc' dir='ltr'>ι</span> <span class='ocrx_word' id='word_1_585' title='bbox 480 5578 643 5643; x_wconf 77' lang='lat' dir='ltr'><strong>Aug.:</strong></span> <span class='ocrx_word' id='word_1_586' title='bbox 674 5594 691 5626; x_wconf 74' lang='grc' dir='ltr'>ι</span> <span class='ocrx_word' id='word_1_587' title='bbox 729 5576 797 5631; x_wconf 84' lang='lat' dir='ltr'><strong>Ut</strong></span> <span class='ocrx_word' id='word_1_588' title='bbox 841 5591 978 5646; x_wconf 12' lang='lat' dir='ltr'><strong>cum,</strong></span> <span class='ocrx_word' id='word_1_589' title='bbox 1006 5591 1221 5631; x_wconf 87' lang='lat' dir='ltr'><strong>necesse</strong></span> <span class='ocrx_word' id='word_1_590' title='bbox 1258 5586 1395 5631; x_wconf 89' lang='lat' dir='ltr'><strong>esset</strong></span> <span class='ocrx_word' id='word_1_591' title='bbox 1429 5592 1494 5629; x_wconf 76' lang='lat' dir='ltr'><strong>ex</strong></span> <span class='ocrx_word' id='word_1_592' title='bbox 1528 5574 1881 5646; x_wconf 46' lang='lat' dir='ltr'><strong>temporehaf</strong></span> 
     </span>
    </p>
   </div>
   <div class='ocr_carea' id='block_1_67' title="bbox 349 5643 1879 5717">
    <p class='ocr_par' dir='ltr' id='par_1_67' title="bbox 349 5643 1879 5717">
     <span class='ocr_line' id='line_1_67' title="bbox 349 5643 1879 5717; baseline -0.005 -16"><span class='ocrx_word' id='word_1_593' title='bbox 349 5645 489 5712; x_wconf 70' lang='lat' dir='ltr'><strong>bere,</strong></span> <span class='ocrx_word' id='word_1_594' title='bbox 516 5648 653 5717; x_wconf 83' lang='lat' dir='ltr'><strong>quod</strong></span> <span class='ocrx_word' id='word_1_595' title='bbox 674 5653 823 5699; x_wconf 87' lang='lat' dir='ltr'><strong>antea</strong></span> <span class='ocrx_word' id='word_1_596' title='bbox 844 5661 948 5699; x_wconf 88' lang='lat' dir='ltr'><strong>non</strong></span> <span class='ocrx_word' id='word_1_597' title='bbox 971 5645 1213 5700; x_wconf 86' lang='lat' dir='ltr'><strong>habebat.</strong></span> <span class='ocrx_word' id='word_1_598' title='bbox 1242 5646 1315 5699; x_wconf 86' lang='lat' dir='ltr'><strong>lta</strong></span> <span class='ocrx_word' id='word_1_599' title='bbox 1341 5647 1478 5700; x_wconf 90' lang='lat' dir='ltr'><strong>enim</strong></span> <span class='ocrx_word' id='word_1_600' title='bbox 1502 5661 1531 5699; x_wconf 89' lang='lat' dir='ltr'><strong>a</strong></span> <span class='ocrx_word' id='word_1_601' title='bbox 1553 5643 1879 5710; x_wconf 82' lang='lat' dir='ltr'><strong>Patre,quod</strong></span> 
     </span>
    </p>
   </div>
   <div class='ocr_carea' id='block_1_68' title="bbox 1958 1022 3511 1098">
    <p class='ocr_par' dir='ltr' id='par_1_68' title="bbox 1958 1022 3511 1098">
     <span class='ocr_line' id='line_1_68' title="bbox 1958 1022 3511 1098; baseline 0.006 -25"><span class='ocrx_word' id='word_1_602' title='bbox 1958 1022 2218 1089; x_wconf 86' lang='lat' dir='ltr'><strong>judicium</strong></span> <span class='ocrx_word' id='word_1_603' title='bbox 2246 1023 2383 1076; x_wconf 82' lang='lat' dir='ltr'><strong>dedit</strong></span> <span class='ocrx_word' id='word_1_604' title='bbox 2423 1024 2563 1077; x_wconf 86' lang='lat' dir='ltr'><strong>Filio</strong></span> <span class='ocrx_word' id='word_1_605' title='bbox 2594 1025 2771 1096; x_wconf 82' lang='lat' dir='ltr'><strong>(Joan.</strong></span> <span class='ocrx_word' id='word_1_606' title='bbox 2802 1044 2854 1089; x_wconf 88' lang='lat' dir='ltr'><strong>v,</strong></span> <span class='ocrx_word' id='word_1_607' title='bbox 2884 1028 3005 1098; x_wconf 73' lang='lat'><strong>22),</strong></span> <span class='ocrx_word' id='word_1_608' title='bbox 3041 1030 3141 1082; x_wconf 90' lang='lat' dir='ltr'><strong>nisi</strong></span> <span class='ocrx_word' id='word_1_609' title='bbox 3167 1030 3289 1098; x_wconf 88' lang='lat' dir='ltr'><strong>quia</strong></span> <span class='ocrx_word' id='word_1_610' title='bbox 3319 1029 3511 1084; x_wconf 86' lang='lat' dir='ltr'><strong>intelli-</strong></span> 
     </span>
    </p>
   </div>
   <div class='ocr_carea' id='block_1_69' title="bbox 1970 1110 3507 1186">
    <p class='ocr_par' dir='ltr' id='par_1_69' title="bbox 1970 1110 3507 1186">
     <span class='ocr_line' id='line_1_69' title="bbox 1970 1110 3507 1186; baseline 0.006 -24"><span class='ocrx_word' id='word_1_611' title='bbox 1970 1110 2193 1179; x_wconf 80' lang='lat' dir='ltr'><strong>gendum</strong></span> <span class='ocrx_word' id='word_1_612' title='bbox 2227 1121 2326 1177; x_wconf 91' lang='lat' dir='ltr'><strong>est,</strong></span> <span class='ocrx_word' id='word_1_613' title='bbox 2355 1115 2497 1181; x_wconf 91' lang='lat' dir='ltr'><strong>quod</strong></span> <span class='ocrx_word' id='word_1_614' title='bbox 2524 1115 2794 1182; x_wconf 87' lang='lat' dir='ltr'><strong>sequitur:</strong></span> <span class='ocrx_word' id='word_1_615' title='bbox 2819 1114 2940 1169; x_wconf 87' lang='lat' dir='ltr'><strong>Non</strong></span> <span class='ocrx_word' id='word_1_616' title='bbox 2980 1118 3120 1171; x_wconf 81' lang='lat' dir='ltr'><strong>enim</strong></span> <span class='ocrx_word' id='word_1_617' title='bbox 3160 1120 3289 1182; x_wconf 81' lang='lat' dir='ltr'><strong>veni,</strong></span> <span class='ocrx_word' id='word_1_618' title='bbox 3320 1116 3507 1186; x_wconf 87' lang='lat' dir='ltr'><strong>inquit,</strong></span> 
     </span>
    </p>
   </div>
   <div class='ocr_carea' id='block_1_70' title="bbox 1971 1200 3513 1272">
    <p class='ocr_par' dir='ltr' id='par_1_70' title="bbox 1971 1200 3513 1272">
     <span class='ocr_line' id='line_1_70' title="bbox 1971 1200 3513 1272; baseline 0.006 -22"><span class='ocrx_word' id='word_1_619' title='bbox 1971 1211 2025 1252; x_wconf 88' lang='lat' dir='ltr'><strong>ut</strong></span> <span class='ocrx_word' id='word_1_620' title='bbox 2045 1200 2276 1267; x_wconf 76' lang='lat' dir='ltr'><strong>judicent</strong></span> <span class='ocrx_word' id='word_1_621' title='bbox 2297 1202 2667 1265; x_wconf 71' lang='lat' dir='ltr'><strong>mundum.sed</strong></span> <span class='ocrx_word' id='word_1_622' title='bbox 2687 1212 2741 1255; x_wconf 88' lang='lat' dir='ltr'><strong>ut</strong></span> <span class='ocrx_word' id='word_1_623' title='bbox 2758 1203 3033 1272; x_wconf 78' lang='lat' dir='ltr'><strong>saluiﬁcem</strong></span> <span class='ocrx_word' id='word_1_624' title='bbox 3060 1204 3306 1259; x_wconf 87' lang='lat' dir='ltr'><strong>mundum</strong></span> <span class='ocrx_word' id='word_1_625' title='bbox 3320 1206 3346 1259; x_wconf 79' lang='lat'><strong>.’</strong></span> <span class='ocrx_word' id='word_1_626' title='bbox 3362 1206 3513 1260; x_wconf 88' lang='lat' dir='ltr'><strong>Nunc</strong></span> 
     </span>
    </p>
   </div>
   <div class='ocr_carea' id='block_1_71' title="bbox 1970 1295 3507 1368">
    <p class='ocr_par' dir='ltr' id='par_1_71' title="bbox 1970 1295 3507 1368">
     <span class='ocr_line' id='line_1_71' title="bbox 1970 1295 3507 1368; baseline 0.005 -25"><span class='ocrx_word' id='word_1_627' title='bbox 1970 1304 2097 1358; x_wconf 80' lang='lat' dir='ltr'><strong>ergo</strong></span> <span class='ocrx_word' id='word_1_628' title='bbox 2143 1301 2348 1361; x_wconf 88' lang='lat' dir='ltr'><strong>tempus</strong></span> <span class='ocrx_word' id='word_1_629' title='bbox 2387 1302 2470 1348; x_wconf 86' lang='lat' dir='ltr'><strong>est</strong></span> <span class='ocrx_word' id='word_1_630' title='bbox 2517 1295 2911 1361; x_wconf 68' lang='lat' dir='ltr'><strong>misericordire,</strong></span> <span class='ocrx_word' id='word_1_631' title='bbox 2940 1309 3121 1366; x_wconf 87' lang='lat' dir='ltr'><strong>postea</strong></span> <span class='ocrx_word' id='word_1_632' title='bbox 3163 1300 3266 1352; x_wconf 87' lang='lat' dir='ltr'><strong>erit</strong></span> <span class='ocrx_word' id='word_1_633' title='bbox 3303 1298 3507 1368; x_wconf 72' lang='lat' dir='ltr'><strong>iudicii.</strong></span> 
     </span>
    </p>
   </div>
   <div class='ocr_carea' id='block_1_72' title="bbox 1971 1378 3511 1455">
    <p class='ocr_par' dir='ltr' id='par_1_72' title="bbox 1971 1378 3511 1455">
     <span class='ocr_line' id='line_1_72' title="bbox 1971 1378 3511 1455; baseline 0.005 -23"><span class='ocrx_word' id='word_1_634' title='bbox 1971 1378 2102 1443; x_wconf 87' lang='lat' dir='ltr'><strong>Quia</strong></span> <span class='ocrx_word' id='word_1_635' title='bbox 2123 1381 2544 1446; x_wconf 86' lang='lat' dir='ltr'><strong>misericordiam,</strong></span> <span class='ocrx_word' id='word_1_636' title='bbox 2574 1383 2763 1450; x_wconf 90' lang='lat' dir='ltr'><strong>inquit,</strong></span> <span class='ocrx_word' id='word_1_637' title='bbox 2793 1395 2838 1436; x_wconf 90' lang='lat' dir='ltr'><strong>et</strong></span> <span class='ocrx_word' id='word_1_638' title='bbox 2861 1386 3117 1455; x_wconf 81' lang='lat' dir='ltr'><strong>judicium</strong></span> <span class='ocrx_word' id='word_1_639' title='bbox 3154 1386 3375 1442; x_wconf 82' lang='lat' dir='ltr'><strong>cantabo</strong></span> <span class='ocrx_word' id='word_1_640' title='bbox 3399 1388 3511 1452; x_wconf 79' lang='lat' dir='ltr'><strong>tibi,</strong></span> 
     </span>
    </p>
   </div>
   <div class='ocr_carea' id='block_1_73' title="bbox 1973 1466 3513 1540">
    <p class='ocr_par' dir='ltr' id='par_1_73' title="bbox 1973 1466 3513 1540">
     <span class='ocr_line' id='line_1_73' title="bbox 1973 1466 3513 1540; baseline 0.005 -21"><span class='ocrx_word' id='word_1_641' title='bbox 1973 1467 2188 1521; x_wconf 89' lang='lat' dir='ltr'><strong>Domine</strong></span> <span class='ocrx_word' id='word_1_642' title='bbox 2228 1466 2394 1539; x_wconf 85' lang='lat' dir='ltr'><strong>(Psal.</strong></span> <span class='ocrx_word' id='word_1_643' title='bbox 2435 1485 2485 1532; x_wconf 90' lang='lat' dir='ltr'><strong>c,</strong></span> <span class='ocrx_word' id='word_1_644' title='bbox 2520 1470 2591 1539; x_wconf 84' lang='lat' dir='ltr'><strong>l).</strong></span> <span class='ocrx_word' id='word_1_645' title='bbox 2646 1471 2747 1525; x_wconf 89' lang='lat' dir='ltr'><strong>Sed</strong></span> <span class='ocrx_word' id='word_1_646' title='bbox 2776 1472 2841 1525; x_wconf 89' lang='lat' dir='ltr'><strong>de</strong></span> <span class='ocrx_word' id='word_1_647' title='bbox 2881 1473 2996 1540; x_wconf 91' lang='lat' dir='ltr'><strong>ipso</strong></span> <span class='ocrx_word' id='word_1_648' title='bbox 3035 1476 3192 1528; x_wconf 85' lang='lat' dir='ltr'><strong>etiam</strong></span> <span class='ocrx_word' id='word_1_649' title='bbox 3220 1474 3397 1529; x_wconf 84' lang='lat' dir='ltr'><strong>futuro</strong></span> <span class='ocrx_word' id='word_1_650' title='bbox 3418 1491 3513 1529; x_wconf 89' lang='lat' dir='ltr'><strong>no-</strong></span> 
     </span>
    </p>
   </div>
   <div class='ocr_carea' id='block_1_74' title="bbox 1973 1557 3516 1633">
    <p class='ocr_par' dir='ltr' id='par_1_74' title="bbox 1973 1557 3516 1633">
     <span class='ocr_line' id='line_1_74' title="bbox 1973 1557 3516 1633; baseline 0.006 -27"><span class='ocrx_word' id='word_1_651' title='bbox 1973 1557 2293 1625; x_wconf 82' lang='lat' dir='ltr'><strong>vissimoque</strong></span> <span class='ocrx_word' id='word_1_652' title='bbox 2312 1558 2509 1627; x_wconf 84' lang='lat' dir='ltr'><strong>judicio</strong></span> <span class='ocrx_word' id='word_1_653' title='bbox 2531 1559 2703 1612; x_wconf 84' lang='lat' dir='ltr'><strong>videte</strong></span> <span class='ocrx_word' id='word_1_654' title='bbox 2724 1559 2848 1627; x_wconf 87' lang='lat' dir='ltr'><strong>quid</strong></span> <span class='ocrx_word' id='word_1_655' title='bbox 2876 1560 3015 1614; x_wconf 90' lang='lat' dir='ltr'><strong>dicat</strong></span> <span class='ocrx_word' id='word_1_656' title='bbox 3041 1580 3052 1613; x_wconf 93' lang='lat'><strong>:</strong></span> <span class='ocrx_word' id='word_1_657' title='bbox 3084 1562 3269 1631; x_wconf 71' lang='lat' dir='ltr'><strong>(Vens.</strong></span> <span class='ocrx_word' id='word_1_658' title='bbox 3295 1563 3385 1633; x_wconf 66' lang='grc'>48)</span> <span class='ocrx_word' id='word_1_659' title='bbox 3413 1563 3516 1628; x_wconf 88' lang='lat' dir='ltr'><strong>Qui</strong></span> 
     </span>
    </p>
   </div>
   <div class='ocr_carea' id='block_1_75' title="bbox 1973 1648 3515 1723">
    <p class='ocr_par' dir='ltr' id='par_1_75' title="bbox 1973 1648 3515 1723">
     <span class='ocr_line' id='line_1_75' title="bbox 1973 1648 3515 1723; baseline 0.006 -25"><span class='ocrx_word' id='word_1_660' title='bbox 1973 1648 2163 1714; x_wconf 84' lang='lat' dir='ltr'><strong>spernit</strong></span> <span class='ocrx_word' id='word_1_661' title='bbox 2194 1664 2271 1700; x_wconf 89' lang='lat' dir='ltr'><strong>me</strong></span> <span class='ocrx_word' id='word_1_662' title='bbox 2295 1659 2343 1701; x_wconf 87' lang='lat' dir='ltr'><strong>et</strong></span> <span class='ocrx_word' id='word_1_663' title='bbox 2370 1665 2469 1702; x_wconf 89' lang='lat' dir='ltr'><strong>non</strong></span> <span class='ocrx_word' id='word_1_664' title='bbox 2497 1650 2678 1719; x_wconf 88' lang='lat' dir='ltr'><strong>accipit</strong></span> <span class='ocrx_word' id='word_1_665' title='bbox 2707 1648 2857 1703; x_wconf 82' lang='lat' dir='ltr'><strong>verba</strong></span> <span class='ocrx_word' id='word_1_666' title='bbox 2883 1667 3013 1717; x_wconf 79' lang='lat' dir='ltr'><strong>mea,</strong></span> <span class='ocrx_word' id='word_1_667' title='bbox 3035 1651 3181 1704; x_wconf 86' lang='lat' dir='ltr'><strong>habet</strong></span> <span class='ocrx_word' id='word_1_668' title='bbox 3211 1654 3297 1723; x_wconf 90' lang='lat' dir='ltr'><strong>qui</strong></span> <span class='ocrx_word' id='word_1_669' title='bbox 3316 1654 3515 1722; x_wconf 89' lang='lat' dir='ltr'><strong>judicet</strong></span> 
     </span>
    </p>
   </div>
   <div class='ocr_carea' id='block_1_76' title="bbox 1974 1734 3513 1810">
    <p class='ocr_par' dir='ltr' id='par_1_76' title="bbox 1974 1734 3513 1810">
     <span class='ocr_line' id='line_1_76' title="bbox 1974 1734 3513 1810; baseline 0.006 -22"><span class='ocrx_word' id='word_1_670' title='bbox 1974 1752 2107 1788; x_wconf 87' lang='lat' dir='ltr'><strong>cum.</strong></span> <span class='ocrx_word' id='word_1_671' title='bbox 2137 1734 2313 1789; x_wconf 83' lang='lat' dir='ltr'><strong>Sermo</strong></span> <span class='ocrx_word' id='word_1_672' title='bbox 2342 1754 2489 1807; x_wconf 86' lang='lat' dir='ltr'><strong>quem</strong></span> <span class='ocrx_word' id='word_1_673' title='bbox 2518 1738 2716 1792; x_wconf 86' lang='lat' dir='ltr'><strong>locutus</strong></span> <span class='ocrx_word' id='word_1_674' title='bbox 2743 1757 2875 1804; x_wconf 89' lang='lat' dir='ltr'><strong>sum,</strong></span> <span class='ocrx_word' id='word_1_675' title='bbox 2910 1740 2996 1793; x_wconf 87' lang='lat' dir='ltr'><strong>ille</strong></span> <span class='ocrx_word' id='word_1_676' title='bbox 3026 1742 3281 1810; x_wconf 85' lang='lat' dir='ltr'><strong>judicabit</strong></span> <span class='ocrx_word' id='word_1_677' title='bbox 3319 1759 3433 1797; x_wconf 90' lang='lat' dir='ltr'><strong>eum</strong></span> <span class='ocrx_word' id='word_1_678' title='bbox 3458 1746 3513 1797; x_wconf 86' lang='lat' dir='ltr'><strong>in</strong></span> 
     </span>
    </p>
   </div>
   <div class='ocr_carea' id='block_1_77' title="bbox 1975 1831 3515 1912">
    <p class='ocr_par' dir='ltr' id='par_1_77' title="bbox 1975 1831 3515 1912">
     <span class='ocr_line' id='line_1_77' title="bbox 1975 1831 3515 1912; baseline 0.012 -31"><span class='ocrx_word' id='word_1_679' title='bbox 1975 1831 2245 1884; x_wconf 68' lang='lat' dir='ltr'><strong>itOl‘lSnlnlO</strong></span> <span class='ocrx_word' id='word_1_680' title='bbox 2266 1832 2367 1885; x_wconf 86' lang='lat' dir='ltr'><strong>dic.</strong></span> <span class='ocrx_word' id='word_1_681' title='bbox 2396 1834 2507 1887; x_wconf 83' lang='lat' dir='ltr'><strong>Non</strong></span> <span class='ocrx_word' id='word_1_682' title='bbox 2530 1837 2747 1902; x_wconf 78' lang='lat' dir='ltr'><strong>aitzQui</strong></span> <span class='ocrx_word' id='word_1_683' title='bbox 2780 1841 2980 1907; x_wconf 72' lang='lat' dir='ltr'><strong>spernit</strong></span> <span class='ocrx_word' id='word_1_684' title='bbox 3002 1856 3083 1894; x_wconf 88' lang='lat' dir='ltr'><strong>me</strong></span> <span class='ocrx_word' id='word_1_685' title='bbox 3111 1850 3165 1895; x_wconf 92' lang='lat' dir='ltr'><strong>ct</strong></span> <span class='ocrx_word' id='word_1_686' title='bbox 3188 1859 3290 1896; x_wconf 89' lang='lat' dir='ltr'><strong>non</strong></span> <span class='ocrx_word' id='word_1_687' title='bbox 3321 1845 3515 1912; x_wconf 87' lang='lat' dir='ltr'><strong>accipit</strong></span> 
     </span>
    </p>
   </div>
   <div class='ocr_carea' id='block_1_78' title="bbox 1973 1918 3509 1992">
    <p class='ocr_par' dir='ltr' id='par_1_78' title="bbox 1973 1918 3509 1992">
     <span class='ocr_line' id='line_1_78' title="bbox 1973 1918 3509 1992; baseline 0.012 -23"><span class='ocrx_word' id='word_1_688' title='bbox 1973 1918 2131 1971; x_wconf 76' lang='lat' dir='ltr'><strong>verba</strong></span> <span class='ocrx_word' id='word_1_689' title='bbox 2177 1935 2315 1984; x_wconf 74' lang='lat' dir='ltr'><strong>mea,</strong></span> <span class='ocrx_word' id='word_1_690' title='bbox 2340 1936 2438 1991; x_wconf 78' lang='lat' dir='ltr'><strong>ego</strong></span> <span class='ocrx_word' id='word_1_691' title='bbox 2466 1937 2585 1976; x_wconf 90' lang='lat' dir='ltr'><strong>eum</strong></span> <span class='ocrx_word' id='word_1_692' title='bbox 2617 1940 2718 1978; x_wconf 86' lang='lat' dir='ltr'><strong>non</strong></span> <span class='ocrx_word' id='word_1_693' title='bbox 2742 1924 2921 1992; x_wconf 81' lang='lat' dir='ltr'><strong>judico</strong></span> <span class='ocrx_word' id='word_1_694' title='bbox 2946 1929 2996 1980; x_wconf 92' lang='lat' dir='ltr'><strong>in</strong></span> <span class='ocrx_word' id='word_1_695' title='bbox 3028 1931 3311 1986; x_wconf 72' lang='lat' dir='ltr'><strong>novissimo</strong></span> <span class='ocrx_word' id='word_1_696' title='bbox 3352 1934 3454 1986; x_wconf 82' lang='lat' dir='ltr'><strong>die.</strong></span> <span class='ocrx_word' id='word_1_697' title='bbox 3492 1957 3509 1985; x_wconf 72' lang='grc' dir='ltr'>ι</span> 
     </span>
    </p>
   </div>
   <div class='ocr_carea' id='block_1_79' title="bbox 1958 2006 3517 2089">
    <p class='ocr_par' dir='ltr' id='par_1_79' title="bbox 1958 2006 3517 2089">
     <span class='ocr_line' id='line_1_79' title="bbox 1958 2006 3517 2089; baseline 0.012 -30"><span class='ocrx_word' id='word_1_698' title='bbox 1958 2006 2129 2069; x_wconf 71' lang='lat' dir='ltr'><strong>&#39;V&#39;enit</strong></span> <span class='ocrx_word' id='word_1_699' title='bbox 2156 2009 2294 2061; x_wconf 84' lang='lat' dir='ltr'><strong>enim</strong></span> <span class='ocrx_word' id='word_1_700' title='bbox 2325 2011 2488 2065; x_wconf 89' lang='lat' dir='ltr'><strong>Filius</strong></span> <span class='ocrx_word' id='word_1_701' title='bbox 2530 2013 2619 2066; x_wconf 89' lang='lat' dir='ltr'><strong>Dei</strong></span> <span class='ocrx_word' id='word_1_702' title='bbox 2662 2014 2727 2067; x_wconf 87' lang='lat' dir='ltr'><strong>ad</strong></span> <span class='ocrx_word' id='word_1_703' title='bbox 2771 2016 3095 2079; x_wconf 75' lang='lat' dir='ltr'><strong>salvandum,</strong></span> <span class='ocrx_word' id='word_1_704' title='bbox 3131 2037 3231 2074; x_wconf 89' lang='lat' dir='ltr'><strong>non</strong></span> <span class='ocrx_word' id='word_1_705' title='bbox 3280 2023 3342 2075; x_wconf 84' lang='lat' dir='ltr'><strong>ad</strong></span> <span class='ocrx_word' id='word_1_706' title='bbox 3376 2021 3517 2089; x_wconf 75' lang='lat' dir='ltr'><strong>judi-</strong></span> 
     </span>
    </p>
   </div>
   <div class='ocr_carea' id='block_1_80' title="bbox 1972 2095 3513 2175">
    <p class='ocr_par' dir='ltr' id='par_1_80' title="bbox 1972 2095 3513 2175">
     <span class='ocr_line' id='line_1_80' title="bbox 1972 2095 3513 2175; baseline 0.014 -31"><span class='ocrx_word' id='word_1_707' title='bbox 1972 2095 2217 2173; x_wconf 77' lang='lat' dir='ltr'><strong>cundum.</strong></span> <span class='ocrx_word' id='word_1_708' title='bbox 2241 2096 2360 2150; x_wconf 85' lang='lat' dir='ltr'><strong>Ideo</strong></span> <span class='ocrx_word' id='word_1_709' title='bbox 2388 2099 2543 2162; x_wconf 75' lang='lat' dir='ltr'><strong>dixit,</strong></span> <span class='ocrx_word' id='word_1_710' title='bbox 2568 2117 2669 2155; x_wconf 88' lang='lat' dir='ltr'><strong>non</strong></span> <span class='ocrx_word' id='word_1_711' title='bbox 2695 2102 2877 2169; x_wconf 78' lang='lat' dir='ltr'><strong>judico</strong></span> <span class='ocrx_word' id='word_1_712' title='bbox 2904 2120 3045 2170; x_wconf 74' lang='lat' dir='ltr'><strong>eunt,</strong></span> <span class='ocrx_word' id='word_1_713' title='bbox 3076 2108 3125 2160; x_wconf 92' lang='lat' dir='ltr'><strong>id</strong></span> <span class='ocrx_word' id='word_1_714' title='bbox 3148 2117 3230 2161; x_wconf 91' lang='lat' dir='ltr'><strong>est</strong></span> <span class='ocrx_word' id='word_1_715' title='bbox 3259 2111 3433 2175; x_wconf 88' lang='lat' dir='ltr'><strong>modo,</strong></span> <span class='ocrx_word' id='word_1_716' title='bbox 3463 2113 3513 2166; x_wconf 92' lang='lat' dir='ltr'><strong>in</strong></span> 
     </span>
    </p>
   </div>
   <div class='ocr_carea' id='block_1_81' title="bbox 1970 2184 3517 2254">
    <p class='ocr_par' dir='ltr' id='par_1_81' title="bbox 1970 2184 3517 2254">
     <span class='ocr_line' id='line_1_81' title="bbox 1970 2184 3517 2254; baseline 0.014 -22"><span class='ocrx_word' id='word_1_717' title='bbox 1970 2184 2234 2248; x_wconf 63' lang='lat' dir='ltr'><strong>pratseuti,</strong></span> <span class='ocrx_word' id='word_1_718' title='bbox 2277 2186 2367 2238; x_wconf 87' lang='lat' dir='ltr'><strong>sed</strong></span> <span class='ocrx_word' id='word_1_719' title='bbox 2403 2186 2584 2254; x_wconf 78' lang='lat' dir='ltr'><strong>judico</strong></span> <span class='ocrx_word' id='word_1_720' title='bbox 2624 2202 2743 2242; x_wconf 84' lang='lat' dir='ltr'><strong>eum</strong></span> <span class='ocrx_word' id='word_1_721' title='bbox 2773 2191 2825 2243; x_wconf 90' lang='lat' dir='ltr'><strong>in</strong></span> <span class='ocrx_word' id='word_1_722' title='bbox 2855 2195 3142 2249; x_wconf 81' lang='lat' dir='ltr'><strong>novissimo</strong></span> <span class='ocrx_word' id='word_1_723' title='bbox 3186 2198 3290 2250; x_wconf 90' lang='lat' dir='ltr'><strong>die.</strong></span> <span class='ocrx_word' id='word_1_724' title='bbox 3331 2218 3348 2248; x_wconf 74' lang='grc' dir='ltr'><strong><em>ι</em></strong></span> <span class='ocrx_word' id='word_1_725' title='bbox 3385 2199 3517 2254; x_wconf 88' lang='lat' dir='ltr'><strong>Cum</strong></span> 
     </span>
    </p>
   </div>
   <div class='ocr_carea' id='block_1_82' title="bbox 1970 2271 3518 2355">
    <p class='ocr_par' dir='ltr' id='par_1_82' title="bbox 1970 2271 3518 2355">
     <span class='ocr_line' id='line_1_82' title="bbox 1970 2271 3518 2355; baseline 0.013 -33"><span class='ocrx_word' id='word_1_726' title='bbox 1970 2272 2108 2323; x_wconf 89' lang='lat' dir='ltr'><strong>enim</strong></span> <span class='ocrx_word' id='word_1_727' title='bbox 2156 2271 2377 2343; x_wconf 60' lang='lat' dir='ltr'><strong>dixisset</strong></span> <span class='ocrx_word' id='word_1_728' title='bbox 2401 2293 2412 2326; x_wconf 91' lang='lat'><strong>:</strong></span> <span class='ocrx_word' id='word_1_729' title='bbox 2436 2275 2535 2339; x_wconf 85' lang='lat' dir='ltr'><strong>Qui</strong></span> <span class='ocrx_word' id='word_1_730' title='bbox 2563 2279 2753 2346; x_wconf 84' lang='lat' dir='ltr'><strong>spernit</strong></span> <span class='ocrx_word' id='word_1_731' title='bbox 2802 2296 2880 2333; x_wconf 85' lang='lat' dir='ltr'><strong>me</strong></span> <span class='ocrx_word' id='word_1_732' title='bbox 2924 2291 2972 2333; x_wconf 91' lang='lat' dir='ltr'><strong>et</strong></span> <span class='ocrx_word' id='word_1_733' title='bbox 3008 2298 3108 2335; x_wconf 86' lang='lat' dir='ltr'><strong>non</strong></span> <span class='ocrx_word' id='word_1_734' title='bbox 3148 2287 3333 2355; x_wconf 84' lang='lat' dir='ltr'><strong>accipit</strong></span> <span class='ocrx_word' id='word_1_735' title='bbox 3370 2289 3518 2343; x_wconf 53' lang='lat' dir='ltr'><strong>uerba</strong></span> 
     </span>
    </p>
   </div>
   <div class='ocr_carea' id='block_1_83' title="bbox 1974 2365 3514 2442">
    <p class='ocr_par' dir='ltr' id='par_1_83' title="bbox 1974 2365 3514 2442">
     <span class='ocr_line' id='line_1_83' title="bbox 1974 2365 3514 2442; baseline 0.011 -26"><span class='ocrx_word' id='word_1_736' title='bbox 1974 2382 2105 2426; x_wconf 85' lang='lat' dir='ltr'><strong>mea,</strong></span> <span class='ocrx_word' id='word_1_737' title='bbox 2137 2365 2285 2418; x_wconf 72' lang='lat' dir='ltr'><strong>habet</strong></span> <span class='ocrx_word' id='word_1_738' title='bbox 2325 2368 2412 2437; x_wconf 88' lang='lat' dir='ltr'><strong>qui</strong></span> <span class='ocrx_word' id='word_1_739' title='bbox 2432 2368 2631 2436; x_wconf 87' lang='lat' dir='ltr'><strong>judicet</strong></span> <span class='ocrx_word' id='word_1_740' title='bbox 2676 2387 2822 2435; x_wconf 86' lang='lat' dir='ltr'><strong>eum;</strong></span> <span class='ocrx_word' id='word_1_741' title='bbox 2867 2368 3297 2442; x_wconf 59' lang='lat' dir='ltr'><strong>exspectantibus</strong></span> <span class='ocrx_word' id='word_1_742' title='bbox 3340 2386 3514 2432; x_wconf 90' lang='lat' dir='ltr'><strong>autem</strong></span> 
     </span>
    </p>
   </div>
   <div class='ocr_carea' id='block_1_84' title="bbox 1972 2457 3518 2541">
    <p class='ocr_par' dir='ltr' id='par_1_84' title="bbox 1972 2457 3518 2541">
     <span class='ocr_line' id='line_1_84' title="bbox 1972 2457 3518 2541; baseline 0.012 -35"><span class='ocrx_word' id='word_1_743' title='bbox 1972 2457 2213 2523; x_wconf 85' lang='lat' dir='ltr'><strong>quisnam</strong></span> <span class='ocrx_word' id='word_1_744' title='bbox 2263 2459 2348 2512; x_wconf 89' lang='lat' dir='ltr'><strong>ille</strong></span> <span class='ocrx_word' id='word_1_745' title='bbox 2391 2469 2560 2523; x_wconf 88' lang='lat' dir='ltr'><strong>esset,</strong></span> <span class='ocrx_word' id='word_1_746' title='bbox 2591 2471 2803 2517; x_wconf 88' lang='lat' dir='ltr'><strong>secutus</strong></span> <span class='ocrx_word' id='word_1_747' title='bbox 2848 2465 3085 2532; x_wconf 76' lang='lat' dir='ltr'><strong>adjunxit</strong></span> <span class='ocrx_word' id='word_1_748' title='bbox 3113 2486 3125 2519; x_wconf 92' lang='lat'><strong>:</strong></span> <span class='ocrx_word' id='word_1_749' title='bbox 3154 2466 3331 2523; x_wconf 86' lang='lat' dir='ltr'><strong>Sermo</strong></span> <span class='ocrx_word' id='word_1_750' title='bbox 3370 2488 3518 2541; x_wconf 87' lang='lat' dir='ltr'><strong>quem</strong></span> 
     </span>
    </p>
   </div>
   <div class='ocr_carea' id='block_1_85' title="bbox 1971 2543 3521 2623">
    <p class='ocr_par' dir='ltr' id='par_1_85' title="bbox 1971 2543 3521 2623">
     <span class='ocr_line' id='line_1_85' title="bbox 1971 2543 3521 2623; baseline 0.015 -29"><span class='ocrx_word' id='word_1_751' title='bbox 1971 2543 2169 2597; x_wconf 84' lang='lat' dir='ltr'><strong>locutus</strong></span> <span class='ocrx_word' id='word_1_752' title='bbox 2198 2562 2330 2607; x_wconf 86' lang='lat' dir='ltr'><strong>sum,</strong></span> <span class='ocrx_word' id='word_1_753' title='bbox 2358 2546 2445 2599; x_wconf 88' lang='lat' dir='ltr'><strong>ille</strong></span> <span class='ocrx_word' id='word_1_754' title='bbox 2472 2548 2721 2614; x_wconf 80' lang='lat' dir='ltr'><strong>iudicabit</strong></span> <span class='ocrx_word' id='word_1_755' title='bbox 2749 2568 2864 2604; x_wconf 88' lang='lat' dir='ltr'><strong>eum</strong></span> <span class='ocrx_word' id='word_1_756' title='bbox 2882 2554 2937 2606; x_wconf 86' lang='lat' dir='ltr'><strong>in</strong></span> <span class='ocrx_word' id='word_1_757' title='bbox 2963 2557 3236 2611; x_wconf 84' lang='lat' dir='ltr'><strong>novissimo</strong></span> <span class='ocrx_word' id='word_1_758' title='bbox 3259 2561 3360 2623; x_wconf 88' lang='lat' dir='ltr'><strong>die,</strong></span> <span class='ocrx_word' id='word_1_759' title='bbox 3392 2564 3521 2618; x_wconf 85' lang='lat' dir='ltr'><strong>satis</strong></span> 
     </span>
    </p>
   </div>
   <div class='ocr_carea' id='block_1_86' title="bbox 1972 2633 3516 2706">
    <p class='ocr_par' dir='ltr' id='par_1_86' title="bbox 1972 2633 3516 2706">
     <span class='ocr_line' id='line_1_86' title="bbox 1972 2633 3516 2706; baseline 0.012 -21"><span class='ocrx_word' id='word_1_760' title='bbox 1972 2633 2329 2689; x_wconf 77' lang='lat' dir='ltr'><strong>manifestarit</strong></span> <span class='ocrx_word' id='word_1_761' title='bbox 2365 2637 2597 2705; x_wconf 80' lang='lat' dir='ltr'><strong>seipsum</strong></span> <span class='ocrx_word' id='word_1_762' title='bbox 2618 2637 2979 2706; x_wconf 87' lang='lat' dir='ltr'><strong>judicaturum</strong></span> <span class='ocrx_word' id='word_1_763' title='bbox 3005 2642 3058 2696; x_wconf 90' lang='lat' dir='ltr'><strong>in</strong></span> <span class='ocrx_word' id='word_1_764' title='bbox 3091 2647 3377 2703; x_wconf 72' lang='lat' dir='ltr'><strong>novissimo</strong></span> <span class='ocrx_word' id='word_1_765' title='bbox 3412 2653 3516 2706; x_wconf 88' lang='lat' dir='ltr'><strong>die.</strong></span> 
     </span>
    </p>
   </div>
   <div class='ocr_carea' id='block_1_87' title="bbox 1974 2720 3517 2801">
    <p class='ocr_par' dir='ltr' id='par_1_87' title="bbox 1974 2720 3517 2801">
     <span class='ocr_line' id='line_1_87' title="bbox 1974 2720 3517 2801; baseline 0.011 -27"><span class='ocrx_word' id='word_1_766' title='bbox 1974 2720 2215 2789; x_wconf 88' lang='lat' dir='ltr'><strong>Seipsum</strong></span> <span class='ocrx_word' id='word_1_767' title='bbox 2264 2722 2456 2792; x_wconf 84' lang='lat' dir='ltr'><strong>quippe</strong></span> <span class='ocrx_word' id='word_1_768' title='bbox 2504 2725 2709 2781; x_wconf 89' lang='lat' dir='ltr'><strong>loeutus</strong></span> <span class='ocrx_word' id='word_1_769' title='bbox 2737 2736 2839 2795; x_wconf 88' lang='lat' dir='ltr'><strong>est,</strong></span> <span class='ocrx_word' id='word_1_770' title='bbox 2888 2732 3119 2799; x_wconf 90' lang='lat' dir='ltr'><strong>seipsum</strong></span> <span class='ocrx_word' id='word_1_771' title='bbox 3167 2738 3517 2801; x_wconf 78' lang='lat' dir='ltr'><strong>annuntiavit,</strong></span> 
     </span>
    </p>
   </div>
   <div class='ocr_carea' id='block_1_88' title="bbox 1972 2815 3607 2895">
    <p class='ocr_par' dir='ltr' id='par_1_88' title="bbox 1972 2815 3607 2895">
     <span class='ocr_line' id='line_1_88' title="bbox 1972 2815 3607 2895; baseline 0.009 -27"><span class='ocrx_word' id='word_1_772' title='bbox 1972 2815 2201 2884; x_wconf 88' lang='lat' dir='ltr'><strong>seipsum</strong></span> <span class='ocrx_word' id='word_1_773' title='bbox 2222 2815 2439 2885; x_wconf 87' lang='lat' dir='ltr'><strong>januam</strong></span> <span class='ocrx_word' id='word_1_774' title='bbox 2471 2820 2668 2887; x_wconf 86' lang='lat' dir='ltr'><strong>posuit,</strong></span> <span class='ocrx_word' id='word_1_775' title='bbox 2691 2835 2793 2889; x_wconf 89' lang='lat' dir='ltr'><strong>qua</strong></span> <span class='ocrx_word' id='word_1_776' title='bbox 2822 2822 2933 2890; x_wconf 93' lang='lat' dir='ltr'><strong>ipse</strong></span> <span class='ocrx_word' id='word_1_777' title='bbox 2961 2826 3027 2877; x_wconf 89' lang='lat' dir='ltr'><strong>ad</strong></span> <span class='ocrx_word' id='word_1_778' title='bbox 3063 2840 3190 2880; x_wconf 90' lang='lat' dir='ltr'><strong>oves</strong></span> <span class='ocrx_word' id='word_1_779' title='bbox 3221 2837 3402 2895; x_wconf 89' lang='lat' dir='ltr'><strong>pastor</strong></span> <span class='ocrx_word' id='word_1_780' title='bbox 3436 2830 3517 2884; x_wconf 90' lang='lat' dir='ltr'><strong>in-</strong></span> <span class='ocrx_word' id='word_1_781' title='bbox 3600 2880 3607 2883; x_wconf 87' lang='lat'><em>_</em></span> 
     </span>
    </p>
   </div>
   <div class='ocr_carea' id='block_1_89' title="bbox 1975 2916 3516 2992">
    <p class='ocr_par' dir='ltr' id='par_1_89' title="bbox 1975 2916 3516 2992">
     <span class='ocr_line' id='line_1_89' title="bbox 1975 2916 3516 2992; baseline 0.01 -26"><span class='ocrx_word' id='word_1_782' title='bbox 1975 2922 2159 2969; x_wconf 87' lang='lat' dir='ltr'><strong>trarct.</strong></span> <span class='ocrx_word' id='word_1_783' title='bbox 2185 2916 2355 2971; x_wconf 80' lang='lat' dir='ltr'><strong>Aliter</strong></span> <span class='ocrx_word' id='word_1_784' title='bbox 2378 2917 2555 2985; x_wconf 89' lang='lat' dir='ltr'><strong>itaque</strong></span> <span class='ocrx_word' id='word_1_785' title='bbox 2569 2917 2950 2984; x_wconf 83' lang='lat' dir='ltr'><strong>judicabuntur</strong></span> <span class='ocrx_word' id='word_1_786' title='bbox 2974 2923 3064 2992; x_wconf 90' lang='lat' dir='ltr'><strong>qui</strong></span> <span class='ocrx_word' id='word_1_787' title='bbox 3085 2939 3188 2979; x_wconf 86' lang='lat' dir='ltr'><strong>non</strong></span> <span class='ocrx_word' id='word_1_788' title='bbox 3217 2927 3516 2991; x_wconf 86' lang='lat' dir='ltr'><strong>audierunt.</strong></span> 
     </span>
    </p>
   </div>
   <div class='ocr_carea' id='block_1_90' title="bbox 1973 3006 3518 3086">
    <p class='ocr_par' dir='ltr' id='par_1_90' title="bbox 1973 3006 3518 3086">
     <span class='ocr_line' id='line_1_90' title="bbox 1973 3006 3518 3086; baseline 0.008 -27"><span class='ocrx_word' id='word_1_789' title='bbox 1973 3014 2027 3059; x_wconf 90' lang='lat' dir='ltr'><strong>et</strong></span> <span class='ocrx_word' id='word_1_790' title='bbox 2053 3006 2204 3059; x_wconf 90' lang='lat' dir='ltr'><strong>aliter</strong></span> <span class='ocrx_word' id='word_1_791' title='bbox 2228 3008 2318 3075; x_wconf 89' lang='lat' dir='ltr'><strong>qui</strong></span> <span class='ocrx_word' id='word_1_792' title='bbox 2345 3008 2626 3062; x_wconf 86' lang='lat' dir='ltr'><strong>audierunt</strong></span> <span class='ocrx_word' id='word_1_793' title='bbox 2652 3017 2706 3062; x_wconf 91' lang='lat' dir='ltr'><strong>et</strong></span> <span class='ocrx_word' id='word_1_794' title='bbox 2742 3018 3192 3086; x_wconf 75' lang='lat' dir='ltr'><strong>contempserunt.</strong></span> <span class='ocrx_word' id='word_1_795' title='bbox 3242 3015 3343 3079; x_wconf 90' lang='lat' dir='ltr'><strong>Qui</strong></span> <span class='ocrx_word' id='word_1_796' title='bbox 3385 3020 3518 3070; x_wconf 83' lang='lat' dir='ltr'><strong>enim</strong></span> 
     </span>
    </p>
   </div>
   <div class='ocr_carea' id='block_1_91' title="bbox 1902 3096 3519 3176">
    <p class='ocr_par' dir='ltr' id='par_1_91' title="bbox 1902 3096 3519 3176">
     <span class='ocr_line' id='line_1_91' title="bbox 1902 3096 3519 3176; baseline 0.007 -27"><span class='ocrx_word' id='word_1_797' title='bbox 1902 3112 1944 3171; x_wconf 70' lang='grc' dir='ltr'><strong>ρ</strong></span> <span class='ocrx_word' id='word_1_798' title='bbox 1974 3098 2083 3150; x_wconf 88' lang='lat' dir='ltr'><strong>sine</strong></span> <span class='ocrx_word' id='word_1_799' title='bbox 2105 3096 2208 3166; x_wconf 88' lang='lat' dir='ltr'><strong>lege</strong></span> <span class='ocrx_word' id='word_1_800' title='bbox 2226 3110 2575 3166; x_wconf 83' lang='lat' dir='ltr'><strong>peccaverunt,</strong></span> <span class='ocrx_word' id='word_1_801' title='bbox 2592 3100 2668 3154; x_wconf 88' lang='lat' dir='ltr'><strong>ait</strong></span> <span class='ocrx_word' id='word_1_802' title='bbox 2686 3099 2983 3170; x_wconf 82' lang='lat' dir='ltr'><strong>Apostolus,</strong></span> <span class='ocrx_word' id='word_1_803' title='bbox 3002 3105 3111 3158; x_wconf 87' lang='lat' dir='ltr'><strong>sine</strong></span> <span class='ocrx_word' id='word_1_804' title='bbox 3132 3104 3238 3175; x_wconf 77' lang='lat' dir='ltr'><strong>lege</strong></span> <span class='ocrx_word' id='word_1_805' title='bbox 3261 3108 3519 3176; x_wconf 84' lang='lat' dir='ltr'><strong>peribunt;</strong></span> 
     </span>
    </p>
   </div>
   <div class='ocr_carea' id='block_1_92' title="bbox 1974 3186 3559 3261">
    <p class='ocr_par' dir='ltr' id='par_1_92' title="bbox 1974 3186 3559 3261">
     <span class='ocr_line' id='line_1_92' title="bbox 1974 3186 3559 3261; baseline 0.006 -22"><span class='ocrx_word' id='word_1_806' title='bbox 1974 3194 2022 3239; x_wconf 88' lang='lat' dir='ltr'><strong>et</strong></span> <span class='ocrx_word' id='word_1_807' title='bbox 2060 3188 2148 3255; x_wconf 86' lang='lat' dir='ltr'><strong>qui</strong></span> <span class='ocrx_word' id='word_1_808' title='bbox 2190 3188 2243 3238; x_wconf 87' lang='lat' dir='ltr'><strong>in</strong></span> <span class='ocrx_word' id='word_1_809' title='bbox 2286 3186 2398 3255; x_wconf 81' lang='lat' dir='ltr'><strong>lege</strong></span> <span class='ocrx_word' id='word_1_810' title='bbox 2442 3198 2795 3259; x_wconf 82' lang='lat' dir='ltr'><strong>peccaverunt,</strong></span> <span class='ocrx_word' id='word_1_811' title='bbox 2825 3206 2917 3259; x_wconf 88' lang='lat' dir='ltr'><strong>per</strong></span> <span class='ocrx_word' id='word_1_812' title='bbox 2960 3190 3116 3260; x_wconf 86' lang='lat' dir='ltr'><strong>legem</strong></span> <span class='ocrx_word' id='word_1_813' title='bbox 3146 3192 3521 3261; x_wconf 83' lang='lat' dir='ltr'><strong>judicabuntur</strong></span> <span class='ocrx_word' id='word_1_814' title='bbox 3556 3240 3559 3241; x_wconf 39' lang='grc' dir='ltr'><em>ν</em></span> 
     </span>
    </p>
   </div>
   <div class='ocr_carea' id='block_1_93' title="bbox 1976 3280 3523 3356">
    <p class='ocr_par' dir='ltr' id='par_1_93' title="bbox 1976 3280 3523 3356">
     <span class='ocr_line' id='line_1_93' title="bbox 1976 3280 3523 3356; baseline 0.006 -23"><span class='ocrx_word' id='word_1_815' title='bbox 1976 3280 2150 3351; x_wconf 80' lang='lat' dir='ltr'><strong>(Rom.</strong></span> <span class='ocrx_word' id='word_1_816' title='bbox 2185 3299 2244 3346; x_wconf 80' lang='grc' dir='ltr'><strong>ιι,</strong></span> <span class='ocrx_word' id='word_1_817' title='bbox 2276 3282 2382 3353; x_wconf 72' lang='grc'><strong>12).</strong></span> <span class='ocrx_word' id='word_1_818' title='bbox 2416 3284 2601 3352; x_wconf 74' lang='lat' dir='ltr'><strong>(Vens.</strong></span> <span class='ocrx_word' id='word_1_819' title='bbox 2635 3283 2747 3355; x_wconf 64' lang='lat'><strong>49.)</strong></span> <span class='ocrx_word' id='word_1_820' title='bbox 2787 3282 2923 3348; x_wconf 88' lang='lat' dir='ltr'><strong>Quia</strong></span> <span class='ocrx_word' id='word_1_821' title='bbox 2962 3302 3073 3356; x_wconf 86' lang='lat' dir='ltr'><strong>ego,</strong></span> <span class='ocrx_word' id='word_1_822' title='bbox 3115 3287 3302 3356; x_wconf 88' lang='lat' dir='ltr'><strong>inquit,</strong></span> <span class='ocrx_word' id='word_1_823' title='bbox 3335 3304 3399 3341; x_wconf 77' lang='lat' dir='ltr'><strong>ea:</strong></span> <span class='ocrx_word' id='word_1_824' title='bbox 3441 3303 3523 3343; x_wconf 85' lang='lat' dir='ltr'><strong>me</strong></span> 
     </span>
    </p>
   </div>
   <div class='ocr_carea' id='block_1_94' title="bbox 1976 3371 3520 3447">
    <p class='ocr_par' dir='ltr' id='par_1_94' title="bbox 1976 3371 3520 3447">
     <span class='ocr_line' id='line_1_94' title="bbox 1976 3371 3520 3447; baseline 0.006 -24"><span class='ocrx_word' id='word_1_825' title='bbox 1976 3388 2076 3424; x_wconf 87' lang='lat' dir='ltr'><strong>non</strong></span> <span class='ocrx_word' id='word_1_826' title='bbox 2094 3378 2208 3425; x_wconf 82' lang='lat' dir='ltr'><strong>sum</strong></span> <span class='ocrx_word' id='word_1_827' title='bbox 2237 3371 2457 3425; x_wconf 83' lang='lat' dir='ltr'><strong>locutus.</strong></span> <span class='ocrx_word' id='word_1_828' title='bbox 2485 3372 2606 3427; x_wconf 69' lang='lat' dir='ltr'><strong>ideo</strong></span> <span class='ocrx_word' id='word_1_829' title='bbox 2626 3388 2682 3427; x_wconf 90' lang='lat' dir='ltr'><strong>se</strong></span> <span class='ocrx_word' id='word_1_830' title='bbox 2708 3374 2837 3428; x_wconf 89' lang='lat' dir='ltr'><strong>dicit</strong></span> <span class='ocrx_word' id='word_1_831' title='bbox 2857 3391 2960 3429; x_wconf 89' lang='lat' dir='ltr'><strong>non</strong></span> <span class='ocrx_word' id='word_1_832' title='bbox 2987 3376 3218 3431; x_wconf 90' lang='lat' dir='ltr'><strong>locutum</strong></span> <span class='ocrx_word' id='word_1_833' title='bbox 3239 3393 3304 3431; x_wconf 83' lang='lat' dir='ltr'><strong>ex</strong></span> <span class='ocrx_word' id='word_1_834' title='bbox 3326 3378 3520 3447; x_wconf 82' lang='lat' dir='ltr'><strong>seipse,</strong></span> 
     </span>
    </p>
   </div>
   <div class='ocr_carea' id='block_1_95' title="bbox 1975 3447 3524 3538">
    <p class='ocr_par' dir='ltr' id='par_1_95' title="bbox 1975 3447 3524 3538">
     <span class='ocr_line' id='line_1_95' title="bbox 1975 3447 3524 3538; baseline 0.008 -26"><span class='ocrx_word' id='word_1_835' title='bbox 1975 3462 2099 3528; x_wconf 85' lang='lat' dir='ltr'><strong>quia</strong></span> <span class='ocrx_word' id='word_1_836' title='bbox 2142 3477 2244 3516; x_wconf 87' lang='lat' dir='ltr'><strong>non</strong></span> <span class='ocrx_word' id='word_1_837' title='bbox 2285 3470 2367 3515; x_wconf 89' lang='lat' dir='ltr'><strong>est</strong></span> <span class='ocrx_word' id='word_1_838' title='bbox 2410 3478 2474 3515; x_wconf 74' lang='lat' dir='ltr'><strong>ex</strong></span> <span class='ocrx_word' id='word_1_839' title='bbox 2520 3447 2713 3531; x_wconf 83' lang='lat' dir='ltr'><strong>seipso.</strong></span> <span class='ocrx_word' id='word_1_840' title='bbox 2761 3484 2779 3515; x_wconf 72' lang='grc' dir='ltr'><strong><em>ι</em></strong></span> <span class='ocrx_word' id='word_1_841' title='bbox 2839 3464 2955 3520; x_wconf 84' lang='lat' dir='ltr'><strong>Jam</strong></span> <span class='ocrx_word' id='word_1_842' title='bbox 2992 3468 3092 3522; x_wconf 85' lang='lat' dir='ltr'><strong>hoc</strong></span> <span class='ocrx_word' id='word_1_843' title='bbox 3121 3484 3259 3538; x_wconf 75' lang='lat' dir='ltr'><strong>szepe</strong></span> <span class='ocrx_word' id='word_1_844' title='bbox 3295 3471 3524 3526; x_wconf 81' lang='lat' dir='ltr'><strong>diximus</strong></span> 
     </span>
    </p>
   </div>
   <div class='ocr_carea' id='block_1_96' title="bbox 1975 3549 3520 3629">
    <p class='ocr_par' dir='ltr' id='par_1_96' title="bbox 1975 3549 3520 3629">
     <span class='ocr_line' id='line_1_96' title="bbox 1975 3549 3520 3629; baseline 0.01 -30"><span class='ocrx_word' id='word_1_845' title='bbox 1975 3550 2112 3616; x_wconf 86' lang='lat' dir='ltr'><strong>quod</strong></span> <span class='ocrx_word' id='word_1_846' title='bbox 2138 3549 2302 3603; x_wconf 86' lang='lat' dir='ltr'><strong>Filius</strong></span> <span class='ocrx_word' id='word_1_847' title='bbox 2333 3565 2361 3602; x_wconf 90' lang='lat' dir='ltr'><strong>a</strong></span> <span class='ocrx_word' id='word_1_848' title='bbox 2388 3564 2444 3604; x_wconf 89' lang='lat' dir='ltr'><strong>se</strong></span> <span class='ocrx_word' id='word_1_849' title='bbox 2474 3567 2577 3604; x_wconf 90' lang='lat' dir='ltr'><strong>non</strong></span> <span class='ocrx_word' id='word_1_850' title='bbox 2598 3560 2700 3615; x_wconf 88' lang='lat' dir='ltr'><strong>est,</strong></span> <span class='ocrx_word' id='word_1_851' title='bbox 2722 3554 2814 3607; x_wconf 77' lang='lat' dir='ltr'><strong>sed</strong></span> <span class='ocrx_word' id='word_1_852' title='bbox 2836 3570 2864 3607; x_wconf 89' lang='lat' dir='ltr'><strong>a</strong></span> <span class='ocrx_word' id='word_1_853' title='bbox 2889 3556 3075 3621; x_wconf 84' lang='lat' dir='ltr'><strong>Patre;</strong></span> <span class='ocrx_word' id='word_1_854' title='bbox 3113 3558 3229 3612; x_wconf 89' lang='lat' dir='ltr'><strong>ideo</strong></span> <span class='ocrx_word' id='word_1_855' title='bbox 3250 3560 3520 3629; x_wconf 69' lang='lat' dir='ltr'><strong>adiunxit:</strong></span> 
     </span>
    </p>
   </div>
   <div class='ocr_carea' id='block_1_97' title="bbox 1975 3637 3523 3711">
    <p class='ocr_par' dir='ltr' id='par_1_97' title="bbox 1975 3637 3523 3711">
     <span class='ocr_line' id='line_1_97' title="bbox 1975 3637 3523 3711; baseline 0.007 -19"><span class='ocrx_word' id='word_1_856' title='bbox 1975 3637 2075 3692; x_wconf 87' lang='lat' dir='ltr'><strong>Sed</strong></span> <span class='ocrx_word' id='word_1_857' title='bbox 2122 3640 2211 3708; x_wconf 89' lang='lat' dir='ltr'><strong>qui</strong></span> <span class='ocrx_word' id='word_1_858' title='bbox 2248 3640 2385 3692; x_wconf 87' lang='lat' dir='ltr'><strong>misit</strong></span> <span class='ocrx_word' id='word_1_859' title='bbox 2424 3657 2501 3693; x_wconf 86' lang='lat' dir='ltr'><strong>me</strong></span> <span class='ocrx_word' id='word_1_860' title='bbox 2540 3638 2731 3705; x_wconf 49' lang='lat' dir='ltr'><strong>Pater,</strong></span> <span class='ocrx_word' id='word_1_861' title='bbox 2754 3642 2859 3711; x_wconf 85' lang='lat' dir='ltr'><strong>ipse</strong></span> <span class='ocrx_word' id='word_1_862' title='bbox 2886 3644 3011 3697; x_wconf 87' lang='lat' dir='ltr'><strong>mihi</strong></span> <span class='ocrx_word' id='word_1_863' title='bbox 3038 3647 3337 3700; x_wconf 85' lang='lat' dir='ltr'><strong>mandatum</strong></span> <span class='ocrx_word' id='word_1_864' title='bbox 3382 3650 3523 3704; x_wconf 86' lang='lat' dir='ltr'><strong>dedit</strong></span> 
     </span>
    </p>
   </div>
   <div class='ocr_carea' id='block_1_98' title="bbox 1976 3720 3518 3805">
    <p class='ocr_par' dir='ltr' id='par_1_98' title="bbox 1976 3720 3518 3805">
     <span class='ocr_line' id='line_1_98' title="bbox 1976 3720 3518 3805; baseline 0.008 -26"><span class='ocrx_word' id='word_1_865' title='bbox 1976 3729 2097 3797; x_wconf 91' lang='lat' dir='ltr'><strong>quid</strong></span> <span class='ocrx_word' id='word_1_866' title='bbox 2121 3728 2290 3781; x_wconf 87' lang='lat' dir='ltr'><strong>dicam</strong></span> <span class='ocrx_word' id='word_1_867' title='bbox 2312 3739 2359 3782; x_wconf 87' lang='lat' dir='ltr'><strong>et</strong></span> <span class='ocrx_word' id='word_1_868' title='bbox 2385 3730 2509 3799; x_wconf 87' lang='lat' dir='ltr'><strong>quid</strong></span> <span class='ocrx_word' id='word_1_869' title='bbox 2534 3720 2734 3801; x_wconf 85' lang='lat' dir='ltr'><strong>loquar.</strong></span> <span class='ocrx_word' id='word_1_870' title='bbox 2764 3732 2875 3787; x_wconf 69' lang='lat' dir='ltr'><strong>Non</strong></span> <span class='ocrx_word' id='word_1_871' title='bbox 2899 3734 3036 3787; x_wconf 91' lang='lat' dir='ltr'><strong>enim</strong></span> <span class='ocrx_word' id='word_1_872' title='bbox 3067 3734 3302 3789; x_wconf 89' lang='lat' dir='ltr'><strong>locorum</strong></span> <span class='ocrx_word' id='word_1_873' title='bbox 3329 3723 3518 3805; x_wconf 86' lang='lat' dir='ltr'><strong>spatio,</strong></span> 
     </span>
    </p>
   </div>
   <div class='ocr_carea' id='block_1_99' title="bbox 1975 3814 3523 3889">
    <p class='ocr_par' dir='ltr' id='par_1_99' title="bbox 1975 3814 3523 3889">
     <span class='ocr_line' id='line_1_99' title="bbox 1975 3814 3523 3889; baseline 0.006 -18"><span class='ocrx_word' id='word_1_874' title='bbox 1975 3826 2097 3872; x_wconf 84' lang='lat' dir='ltr'><strong>non‘</strong></span> <span class='ocrx_word' id='word_1_875' title='bbox 2128 3819 2444 3889; x_wconf 76' lang='lat' dir='ltr'><strong>syllabarum</strong></span> <span class='ocrx_word' id='word_1_876' title='bbox 2490 3823 2847 3889; x_wconf 81' lang='lat' dir='ltr'><strong>expressione,</strong></span> <span class='ocrx_word' id='word_1_877' title='bbox 2878 3839 2982 3877; x_wconf 92' lang='lat' dir='ltr'><strong>non</strong></span> <span class='ocrx_word' id='word_1_878' title='bbox 3015 3814 3183 3878; x_wconf 78' lang='lat' dir='ltr'><strong>vocali</strong></span> <span class='ocrx_word' id='word_1_879' title='bbox 3211 3840 3340 3880; x_wconf 89' lang='lat' dir='ltr'><strong>sono</strong></span> <span class='ocrx_word' id='word_1_880' title='bbox 3366 3827 3523 3882; x_wconf 86' lang='lat' dir='ltr'><strong>Pater</strong></span> 
     </span>
    </p>
   </div>
   <div class='ocr_carea' id='block_1_100' title="bbox 1978 3910 3520 3979">
    <p class='ocr_par' dir='ltr' id='par_1_100' title="bbox 1978 3910 3520 3979">
     <span class='ocr_line' id='line_1_100' title="bbox 1978 3910 3520 3979; baseline 0.005 -16"><span class='ocrx_word' id='word_1_881' title='bbox 1978 3911 2111 3966; x_wconf 84' lang='lat' dir='ltr'><strong>Filio</strong></span> <span class='ocrx_word' id='word_1_882' title='bbox 2150 3910 2398 3979; x_wconf 87' lang='lat' dir='ltr'><strong>loquitur,</strong></span> <span class='ocrx_word' id='word_1_883' title='bbox 2430 3919 2489 3963; x_wconf 92' lang='lat' dir='ltr'><strong>ut</strong></span> <span class='ocrx_word' id='word_1_884' title='bbox 2529 3911 2694 3965; x_wconf 87' lang='lat' dir='ltr'><strong>Filius</strong></span> <span class='ocrx_word' id='word_1_885' title='bbox 2739 3914 3041 3968; x_wconf 88' lang='lat' dir='ltr'><strong>mandatum</strong></span> <span class='ocrx_word' id='word_1_886' title='bbox 3079 3914 3253 3969; x_wconf 75' lang='lat' dir='ltr'><strong>Patris</strong></span> <span class='ocrx_word' id='word_1_887' title='bbox 3300 3917 3520 3971; x_wconf 88' lang='lat' dir='ltr'><strong>audiat:</strong></span> 
     </span>
    </p>
   </div>
   <div class='ocr_carea' id='block_1_101' title="bbox 1978 3998 3524 4078">
    <p class='ocr_par' dir='ltr' id='par_1_101' title="bbox 1978 3998 3524 4078">
     <span class='ocr_line' id='line_1_101' title="bbox 1978 3998 3524 4078; baseline 0.006 -23"><span class='ocrx_word' id='word_1_888' title='bbox 1978 4003 2115 4056; x_wconf 91' lang='lat' dir='ltr'><strong>sicut</strong></span> <span class='ocrx_word' id='word_1_889' title='bbox 2157 4002 2296 4057; x_wconf 82' lang='lat' dir='ltr'><strong>ﬁlius</strong></span> <span class='ocrx_word' id='word_1_890' title='bbox 2339 4002 2568 4057; x_wconf 90' lang='lat' dir='ltr'><strong>hominis</strong></span> <span class='ocrx_word' id='word_1_891' title='bbox 2614 3998 2693 4058; x_wconf 84' lang='lat' dir='ltr'><strong>ab</strong></span> <span class='ocrx_word' id='word_1_892' title='bbox 2721 4005 2933 4060; x_wconf 89' lang='lat' dir='ltr'><strong>homine</strong></span> <span class='ocrx_word' id='word_1_893' title='bbox 2966 4006 3159 4061; x_wconf 83' lang='lat' dir='ltr'><strong>audire</strong></span> <span class='ocrx_word' id='word_1_894' title='bbox 3203 4007 3369 4072; x_wconf 87' lang='lat' dir='ltr'><strong>solet,</strong></span> <span class='ocrx_word' id='word_1_895' title='bbox 3396 4010 3524 4078; x_wconf 89' lang='lat' dir='ltr'><strong>quid</strong></span> 
     </span>
    </p>
   </div>
   <div class='ocr_carea' id='block_1_102' title="bbox 1979 4090 3523 4154">
    <p class='ocr_par' dir='ltr' id='par_1_102' title="bbox 1979 4090 3523 4154">
     <span class='ocr_line' id='line_1_102' title="bbox 1979 4090 3523 4154; baseline 0.008 -12"><span class='ocrx_word' id='word_1_896' title='bbox 1979 4090 2133 4143; x_wconf 88' lang='lat' dir='ltr'><strong>Pater</strong></span> <span class='ocrx_word' id='word_1_897' title='bbox 2162 4090 2375 4143; x_wconf 75' lang='lat' dir='ltr'><strong>mandet</strong></span> <span class='ocrx_word' id='word_1_898' title='bbox 2414 4091 2508 4144; x_wconf 89' lang='lat' dir='ltr'><strong>illi.</strong></span> <span class='ocrx_word' id='word_1_899' title='bbox 2543 4111 2561 4142; x_wconf 71' lang='grc' dir='ltr'>ι</span> <span class='ocrx_word' id='word_1_900' title='bbox 2598 4092 2701 4146; x_wconf 88' lang='lat' dir='ltr'><strong>Sed</strong></span> <span class='ocrx_word' id='word_1_901' title='bbox 2738 4094 2924 4147; x_wconf 90' lang='lat' dir='ltr'><strong>unicus</strong></span> <span class='ocrx_word' id='word_1_902' title='bbox 2970 4095 3136 4151; x_wconf 87' lang='lat' dir='ltr'><strong>Filius</strong></span> <span class='ocrx_word' id='word_1_903' title='bbox 3170 4104 3253 4152; x_wconf 91' lang='lat' dir='ltr'><strong>est</strong></span> <span class='ocrx_word' id='word_1_904' title='bbox 3294 4099 3523 4154; x_wconf 76' lang='lat' dir='ltr'><strong>Verbum</strong></span> 
     </span>
    </p>
   </div>
   <div class='ocr_carea' id='block_1_103' title="bbox 1978 4178 3523 4247">
    <p class='ocr_par' dir='ltr' id='par_1_103' title="bbox 1978 4178 3523 4247">
     <span class='ocr_line' id='line_1_103' title="bbox 1978 4178 3523 4247; baseline 0.007 -17"><span class='ocrx_word' id='word_1_905' title='bbox 1978 4178 2152 4232; x_wconf 88' lang='lat' dir='ltr'><strong>Patris</strong></span> <span class='ocrx_word' id='word_1_906' title='bbox 2196 4188 2251 4232; x_wconf 90' lang='lat' dir='ltr'><strong>et</strong></span> <span class='ocrx_word' id='word_1_907' title='bbox 2288 4180 2545 4247; x_wconf 84' lang='lat' dir='ltr'><strong>sapientia</strong></span> <span class='ocrx_word' id='word_1_908' title='bbox 2580 4179 2754 4234; x_wconf 89' lang='lat' dir='ltr'><strong>Patris</strong></span> <span class='ocrx_word' id='word_1_909' title='bbox 2779 4195 2792 4233; x_wconf 93' lang='lat'><strong>:</strong></span> <span class='ocrx_word' id='word_1_910' title='bbox 2816 4182 2869 4235; x_wconf 92' lang='lat' dir='ltr'><strong>in</strong></span> <span class='ocrx_word' id='word_1_911' title='bbox 2904 4181 2993 4236; x_wconf 92' lang='lat' dir='ltr'><strong>illo</strong></span> <span class='ocrx_word' id='word_1_912' title='bbox 3017 4193 3139 4239; x_wconf 90' lang='lat' dir='ltr'><strong>sunt</strong></span> <span class='ocrx_word' id='word_1_913' title='bbox 3166 4187 3339 4240; x_wconf 89' lang='lat' dir='ltr'><strong>omnia</strong></span> <span class='ocrx_word' id='word_1_914' title='bbox 3369 4203 3523 4241; x_wconf 87' lang='lat' dir='ltr'><strong>man-</strong></span> 
     </span>
    </p>
   </div>
   <div class='ocr_carea' id='block_1_104' title="bbox 1978 4269 3522 4343">
    <p class='ocr_par' dir='ltr' id='par_1_104' title="bbox 1978 4269 3522 4343">
     <span class='ocr_line' id='line_1_104' title="bbox 1978 4269 3522 4343; baseline 0.005 -20"><span class='ocrx_word' id='word_1_915' title='bbox 1978 4270 2100 4324; x_wconf 83' lang='lat' dir='ltr'><strong>data</strong></span> <span class='ocrx_word' id='word_1_916' title='bbox 2126 4270 2317 4323; x_wconf 87' lang='lat' dir='ltr'><strong>Patris.</strong></span> <span class='ocrx_word' id='word_1_917' title='bbox 2342 4269 2520 4337; x_wconf 80' lang='lat' dir='ltr'><strong>Neque</strong></span> <span class='ocrx_word' id='word_1_918' title='bbox 2542 4270 2681 4322; x_wconf 90' lang='lat' dir='ltr'><strong>enim</strong></span> <span class='ocrx_word' id='word_1_919' title='bbox 2710 4270 3012 4324; x_wconf 88' lang='lat' dir='ltr'><strong>mandatum</strong></span> <span class='ocrx_word' id='word_1_920' title='bbox 3038 4272 3213 4328; x_wconf 89' lang='lat' dir='ltr'><strong>Patris</strong></span> <span class='ocrx_word' id='word_1_921' title='bbox 3241 4275 3522 4343; x_wconf 82' lang='lat' dir='ltr'><strong>aliquando</strong></span> 
     </span>
    </p>
   </div>
   <div class='ocr_carea' id='block_1_105' title="bbox 1980 4360 3522 4433">
    <p class='ocr_par' dir='ltr' id='par_1_105' title="bbox 1980 4360 3522 4433">
     <span class='ocr_line' id='line_1_105' title="bbox 1980 4360 3522 4433; baseline 0.003 -18"><span class='ocrx_word' id='word_1_922' title='bbox 1980 4363 2144 4415; x_wconf 82' lang='lat' dir='ltr'><strong>Filius</strong></span> <span class='ocrx_word' id='word_1_923' title='bbox 2188 4360 2433 4421; x_wconf 86' lang='lat' dir='ltr'><strong>nescivit,</strong></span> <span class='ocrx_word' id='word_1_924' title='bbox 2460 4366 2519 4411; x_wconf 88' lang='lat' dir='ltr'><strong>ut</strong></span> <span class='ocrx_word' id='word_1_925' title='bbox 2562 4374 2681 4412; x_wconf 89' lang='lat' dir='ltr'><strong>eum</strong></span> <span class='ocrx_word' id='word_1_926' title='bbox 2723 4374 2938 4413; x_wconf 89' lang='lat' dir='ltr'><strong>necesse</strong></span> <span class='ocrx_word' id='word_1_927' title='bbox 2984 4369 3125 4414; x_wconf 90' lang='lat' dir='ltr'><strong>esset</strong></span> <span class='ocrx_word' id='word_1_928' title='bbox 3169 4378 3233 4415; x_wconf 78' lang='lat' dir='ltr'><strong>ex</strong></span> <span class='ocrx_word' id='word_1_929' title='bbox 3286 4371 3522 4433; x_wconf 84' lang='lat' dir='ltr'><strong>tempore</strong></span> 
     </span>
    </p>
   </div>
   <div class='ocr_carea' id='block_1_106' title="bbox 1912 4443 3520 4525">
    <p class='ocr_par' dir='ltr' id='par_1_106' title="bbox 1912 4443 3520 4525">
     <span class='ocr_line' id='line_1_106' title="bbox 1912 4443 3520 4525; baseline 0.006 -23"><span class='ocrx_word' id='word_1_930' title='bbox 1912 4443 1958 4502; x_wconf 90' lang='lat' dir='ltr'><strong>D</strong></span> <span class='ocrx_word' id='word_1_931' title='bbox 1982 4457 2175 4509; x_wconf 87' lang='lat' dir='ltr'><strong>habere</strong></span> <span class='ocrx_word' id='word_1_932' title='bbox 2202 4451 2340 4521; x_wconf 85' lang='lat' dir='ltr'><strong>quod</strong></span> <span class='ocrx_word' id='word_1_933' title='bbox 2364 4452 2583 4522; x_wconf 78' lang='lat' dir='ltr'><strong>accepit,</strong></span> <span class='ocrx_word' id='word_1_934' title='bbox 2612 4461 2669 4507; x_wconf 92' lang='lat' dir='ltr'><strong>ut</strong></span> <span class='ocrx_word' id='word_1_935' title='bbox 2690 4455 2952 4508; x_wconf 86' lang='lat' dir='ltr'><strong>nascendo</strong></span> <span class='ocrx_word' id='word_1_936' title='bbox 2978 4456 3261 4525; x_wconf 84' lang='lat' dir='ltr'><strong>acciperet,</strong></span> <span class='ocrx_word' id='word_1_937' title='bbox 3288 4458 3520 4512; x_wconf 77' lang='lat' dir='ltr'><strong>dederit-</strong></span> 
     </span>
    </p>
   </div>
   <div class='ocr_carea' id='block_1_107' title="bbox 1981 4550 3522 4623">
    <p class='ocr_par' dir='ltr' id='par_1_107' title="bbox 1981 4550 3522 4623">
     <span class='ocr_line' id='line_1_107' title="bbox 1981 4550 3522 4623; baseline 0.003 -17"><span class='ocrx_word' id='word_1_938' title='bbox 1981 4567 2082 4623; x_wconf 89' lang='lat' dir='ltr'><strong>que</strong></span> <span class='ocrx_word' id='word_1_939' title='bbox 2120 4552 2194 4605; x_wconf 89' lang='lat' dir='ltr'><strong>illi</strong></span> <span class='ocrx_word' id='word_1_940' title='bbox 2238 4550 2395 4606; x_wconf 88' lang='lat' dir='ltr'><strong>Pater</strong></span> <span class='ocrx_word' id='word_1_941' title='bbox 2438 4552 2699 4622; x_wconf 82' lang='lat' dir='ltr'><strong>gignendo</strong></span> <span class='ocrx_word' id='word_1_942' title='bbox 2726 4566 2770 4618; x_wconf 73' lang='grc' dir='ltr'><strong>υ,</strong></span> <span class='ocrx_word' id='word_1_943' title='bbox 2800 4556 2937 4623; x_wconf 85' lang='lat' dir='ltr'><strong>quod</strong></span> <span class='ocrx_word' id='word_1_944' title='bbox 2987 4572 3089 4611; x_wconf 89' lang='lat' dir='ltr'><strong>non</strong></span> <span class='ocrx_word' id='word_1_945' title='bbox 3137 4558 3399 4611; x_wconf 86' lang='lat' dir='ltr'><strong>haberet:</strong></span> <span class='ocrx_word' id='word_1_946' title='bbox 3431 4560 3522 4612; x_wconf 87' lang='lat' dir='ltr'><strong>sed</strong></span> 
     </span>
    </p>
   </div>
   <div class='ocr_carea' id='block_1_108' title="bbox 1979 4642 3517 4713">
    <p class='ocr_par' dir='ltr' id='par_1_108' title="bbox 1979 4642 3517 4713">
     <span class='ocr_line' id='line_1_108' title="bbox 1979 4642 3517 4713; baseline 0 -14"><span class='ocrx_word' id='word_1_947' title='bbox 1979 4659 2097 4699; x_wconf 89' lang='lat' dir='ltr'><strong>eum</strong></span> <span class='ocrx_word' id='word_1_948' title='bbox 2146 4642 2325 4710; x_wconf 81' lang='lat' dir='ltr'><strong>genuit</strong></span> <span class='ocrx_word' id='word_1_949' title='bbox 2366 4643 2527 4696; x_wconf 85' lang='lat' dir='ltr'><strong>vitam</strong></span> <span class='ocrx_word' id='word_1_950' title='bbox 2573 4644 2872 4699; x_wconf 86' lang='lat' dir='ltr'><strong>habentem.</strong></span> <span class='ocrx_word' id='word_1_951' title='bbox 2923 4644 3070 4699; x_wconf 91' lang='lat' dir='ltr'><strong>Sicut</strong></span> <span class='ocrx_word' id='word_1_952' title='bbox 3118 4647 3359 4713; x_wconf 88' lang='lat' dir='ltr'><strong>superius</strong></span> <span class='ocrx_word' id='word_1_953' title='bbox 3407 4648 3517 4700; x_wconf 89' lang='lat' dir='ltr'><strong>ait:</strong></span> 
     </span>
    </p>
   </div>
   <div class='ocr_carea' id='block_1_109' title="bbox 1982 4730 3519 4795">
    <p class='ocr_par' dir='ltr' id='par_1_109' title="bbox 1982 4730 3519 4795">
     <span class='ocr_line' id='line_1_109' title="bbox 1982 4730 3519 4795; baseline 0.004 -11"><span class='ocrx_word' id='word_1_954' title='bbox 1982 4732 2123 4785; x_wconf 88' lang='lat' dir='ltr'><strong>Sicut</strong></span> <span class='ocrx_word' id='word_1_955' title='bbox 2148 4730 2306 4783; x_wconf 84' lang='lat' dir='ltr'><strong>Pater</strong></span> <span class='ocrx_word' id='word_1_956' title='bbox 2333 4732 2479 4786; x_wconf 85' lang='lat' dir='ltr'><strong>habet</strong></span> <span class='ocrx_word' id='word_1_957' title='bbox 2502 4733 2673 4795; x_wconf 83' lang='lat' dir='ltr'><strong>vitam,</strong></span> <span class='ocrx_word' id='word_1_958' title='bbox 2705 4735 2778 4785; x_wconf 87' lang='lat' dir='ltr'><strong>sic</strong></span> <span class='ocrx_word' id='word_1_959' title='bbox 2809 4732 2946 4786; x_wconf 84' lang='lat' dir='ltr'><strong>dedit</strong></span> <span class='ocrx_word' id='word_1_960' title='bbox 2993 4743 3039 4786; x_wconf 86' lang='lat' dir='ltr'><strong>et</strong></span> <span class='ocrx_word' id='word_1_961' title='bbox 3068 4733 3208 4788; x_wconf 87' lang='lat' dir='ltr'><strong>Filio</strong></span> <span class='ocrx_word' id='word_1_962' title='bbox 3238 4738 3394 4790; x_wconf 83' lang='lat' dir='ltr'><strong>vitam</strong></span> <span class='ocrx_word' id='word_1_963' title='bbox 3422 4738 3519 4789; x_wconf 86' lang='lat' dir='ltr'><strong>ha-</strong></span> 
     </span>
    </p>
   </div>
   <div class='ocr_carea' id='block_1_110' title="bbox 1981 4820 3516 4891">
    <p class='ocr_par' dir='ltr' id='par_1_110' title="bbox 1981 4820 3516 4891">
     <span class='ocr_line' id='line_1_110' title="bbox 1981 4820 3516 4891; baseline 0.003 -18"><span class='ocrx_word' id='word_1_964' title='bbox 1981 4822 2091 4873; x_wconf 89' lang='lat' dir='ltr'><strong>bere</strong></span> <span class='ocrx_word' id='word_1_965' title='bbox 2111 4820 2164 4873; x_wconf 89' lang='lat' dir='ltr'><strong>in</strong></span> <span class='ocrx_word' id='word_1_966' title='bbox 2188 4824 2471 4891; x_wconf 74' lang='lat' dir='ltr'><strong>semetipso,</strong></span> <span class='ocrx_word' id='word_1_967' title='bbox 2501 4822 2552 4874; x_wconf 91' lang='lat' dir='ltr'><strong>id</strong></span> <span class='ocrx_word' id='word_1_968' title='bbox 2573 4830 2652 4875; x_wconf 92' lang='lat' dir='ltr'><strong>est</strong></span> <span class='ocrx_word' id='word_1_969' title='bbox 2675 4822 2852 4891; x_wconf 79' lang='lat' dir='ltr'><strong>genuit</strong></span> <span class='ocrx_word' id='word_1_970' title='bbox 2882 4821 3092 4890; x_wconf 88' lang='lat' dir='ltr'><strong>Filium,</strong></span> <span class='ocrx_word' id='word_1_971' title='bbox 3128 4826 3289 4879; x_wconf 89' lang='lat' dir='ltr'><strong>vitam</strong></span> <span class='ocrx_word' id='word_1_972' title='bbox 3316 4828 3516 4880; x_wconf 81' lang='lat' dir='ltr'><strong>haben-</strong></span> 
     </span>
    </p>
   </div>
   <div class='ocr_carea' id='block_1_111' title="bbox 1983 4911 3520 4980">
    <p class='ocr_par' dir='ltr' id='par_1_111' title="bbox 1983 4911 3520 4980">
     <span class='ocr_line' id='line_1_111' title="bbox 1983 4911 3520 4980; baseline 0.002 -16"><span class='ocrx_word' id='word_1_973' title='bbox 1983 4920 2086 4964; x_wconf 80' lang='lat' dir='ltr'><strong>tem</strong></span> <span class='ocrx_word' id='word_1_974' title='bbox 2110 4911 2161 4963; x_wconf 91' lang='lat' dir='ltr'><strong>in</strong></span> <span class='ocrx_word' id='word_1_975' title='bbox 2189 4913 2470 4980; x_wconf 89' lang='lat' dir='ltr'><strong>semetipso</strong></span> <span class='ocrx_word' id='word_1_976' title='bbox 2496 4930 2507 4964; x_wconf 90' lang='lat'><strong>:</strong></span> <span class='ocrx_word' id='word_1_977' title='bbox 2532 4913 2608 4965; x_wconf 91' lang='lat' dir='ltr'><strong>sic</strong></span> <span class='ocrx_word' id='word_1_978' title='bbox 2627 4911 2753 4965; x_wconf 89' lang='lat' dir='ltr'><strong>dicit</strong></span> <span class='ocrx_word' id='word_1_979' title='bbox 2779 4911 2887 4976; x_wconf 89' lang='lat' dir='ltr'><strong>hic,</strong></span> <span class='ocrx_word' id='word_1_980' title='bbox 2908 4914 3037 4966; x_wconf 86' lang='lat' dir='ltr'><strong>sicut</strong></span> <span class='ocrx_word' id='word_1_981' title='bbox 3060 4916 3358 4969; x_wconf 87' lang='lat' dir='ltr'><strong>mandatum</strong></span> <span class='ocrx_word' id='word_1_982' title='bbox 3382 4916 3520 4967; x_wconf 87' lang='lat' dir='ltr'><strong>dedit</strong></span> 
     </span>
    </p>
   </div>
   <div class='ocr_carea' id='block_1_112' title="bbox 1982 4999 3517 5072">
    <p class='ocr_par' dir='ltr' id='par_1_112' title="bbox 1982 4999 3517 5072">
     <span class='ocr_line' id='line_1_112' title="bbox 1982 4999 3517 5072; baseline 0.004 -21"><span class='ocrx_word' id='word_1_983' title='bbox 1982 5001 2106 5051; x_wconf 83' lang='lat' dir='ltr'><strong>mihi</strong></span> <span class='ocrx_word' id='word_1_984' title='bbox 2147 4999 2322 5055; x_wconf 86' lang='lat' dir='ltr'><strong>Pater.</strong></span> <span class='ocrx_word' id='word_1_985' title='bbox 2350 5003 2415 5056; x_wconf 82' lang='lat' dir='ltr'><strong>Et</strong></span> <span class='ocrx_word' id='word_1_986' title='bbox 2442 5002 2563 5070; x_wconf 91' lang='lat' dir='ltr'><strong>quia</strong></span> <span class='ocrx_word' id='word_1_987' title='bbox 2592 5009 2787 5054; x_wconf 73' lang='lat' dir='ltr'><strong>mterna</strong></span> <span class='ocrx_word' id='word_1_988' title='bbox 2819 5003 2928 5071; x_wconf 91' lang='lat' dir='ltr'><strong>ipsa</strong></span> <span class='ocrx_word' id='word_1_989' title='bbox 2956 5006 3221 5068; x_wconf 86' lang='lat' dir='ltr'><strong>nativitas,</strong></span> <span class='ocrx_word' id='word_1_990' title='bbox 3252 5020 3517 5072; x_wconf 88' lang='lat' dir='ltr'><strong>nunquam</strong></span> 
     </span>
    </p>
   </div>
   <div class='ocr_carea' id='block_1_113' title="bbox 1982 5081 3516 5160">
    <p class='ocr_par' dir='ltr' id='par_1_113' title="bbox 1982 5081 3516 5160">
     <span class='ocr_line' id='line_1_113' title="bbox 1982 5081 3516 5160; baseline 0.004 -19"><span class='ocrx_word' id='word_1_991' title='bbox 1982 5106 2083 5149; x_wconf 89' lang='lat' dir='ltr'><strong>non</strong></span> <span class='ocrx_word' id='word_1_992' title='bbox 2109 5088 2207 5143; x_wconf 80' lang='lat' dir='ltr'><strong>fuit</strong></span> <span class='ocrx_word' id='word_1_993' title='bbox 2232 5091 2414 5153; x_wconf 83' lang='lat' dir='ltr'><strong>Filius,</strong></span> <span class='ocrx_word' id='word_1_994' title='bbox 2438 5091 2524 5159; x_wconf 88' lang='lat' dir='ltr'><strong>qui</strong></span> <span class='ocrx_word' id='word_1_995' title='bbox 2550 5097 2629 5143; x_wconf 87' lang='lat' dir='ltr'><strong>est</strong></span> <span class='ocrx_word' id='word_1_996' title='bbox 2654 5081 2761 5143; x_wconf 59' lang='lat' dir='ltr'><strong>viti</strong></span> <span class='ocrx_word' id='word_1_997' title='bbox 2787 5106 2801 5143; x_wconf 88' lang='lat'><strong>:</strong></span> <span class='ocrx_word' id='word_1_998' title='bbox 2826 5101 2879 5146; x_wconf 91' lang='lat' dir='ltr'><strong>et</strong></span> <span class='ocrx_word' id='word_1_999' title='bbox 2909 5095 3046 5148; x_wconf 88' lang='lat' dir='ltr'><strong>sicut</strong></span> <span class='ocrx_word' id='word_1_1000' title='bbox 3067 5104 3147 5149; x_wconf 80' lang='lat' dir='ltr'><strong>est</strong></span> <span class='ocrx_word' id='word_1_1001' title='bbox 3170 5096 3275 5147; x_wconf 84' lang='lat' dir='ltr'><strong>vita</strong></span> <span class='ocrx_word' id='word_1_1002' title='bbox 3297 5102 3516 5160; x_wconf 59' lang='lat' dir='ltr'><strong>aeterna,</strong></span> 
     </span>
    </p>
   </div>
   <div class='ocr_carea' id='block_1_114' title="bbox 1981 5180 3516 5251">
    <p class='ocr_par' dir='ltr' id='par_1_114' title="bbox 1981 5180 3516 5251">
     <span class='ocr_line' id='line_1_114' title="bbox 1981 5180 3516 5251; baseline 0.003 -18"><span class='ocrx_word' id='word_1_1003' title='bbox 1981 5180 2058 5233; x_wconf 90' lang='lat' dir='ltr'><strong>sic</strong></span> <span class='ocrx_word' id='word_1_1004' title='bbox 2086 5190 2167 5234; x_wconf 92' lang='lat' dir='ltr'><strong>est</strong></span> <span class='ocrx_word' id='word_1_1005' title='bbox 2196 5182 2282 5249; x_wconf 90' lang='lat' dir='ltr'><strong>qui</strong></span> <span class='ocrx_word' id='word_1_1006' title='bbox 2310 5190 2462 5234; x_wconf 90' lang='lat' dir='ltr'><strong>natus</strong></span> <span class='ocrx_word' id='word_1_1007' title='bbox 2489 5188 2587 5243; x_wconf 90' lang='lat' dir='ltr'><strong>est,</strong></span> <span class='ocrx_word' id='word_1_1008' title='bbox 2618 5182 2728 5235; x_wconf 82' lang='lat' dir='ltr'><strong>vita</strong></span> <span class='ocrx_word' id='word_1_1009' title='bbox 2756 5192 2972 5237; x_wconf 63' lang='lat' dir='ltr'><strong>aeterna.</strong></span> <span class='ocrx_word' id='word_1_1010' title='bbox 3006 5185 3077 5238; x_wconf 87' lang='lat' dir='ltr'><strong>lta</strong></span> <span class='ocrx_word' id='word_1_1011' title='bbox 3108 5195 3161 5238; x_wconf 88' lang='lat' dir='ltr'><strong>et</strong></span> <span class='ocrx_word' id='word_1_1012' title='bbox 3193 5185 3516 5251; x_wconf 85' lang='lat' dir='ltr'><strong>mandatum,</strong></span> 
     </span>
    </p>
   </div>
   <div class='ocr_carea' id='block_1_115' title="bbox 1986 5268 3521 5337">
    <p class='ocr_par' dir='ltr' id='par_1_115' title="bbox 1986 5268 3521 5337">
     <span class='ocr_line' id='line_1_115' title="bbox 1986 5268 3521 5337; baseline 0.003 -14"><span class='ocrx_word' id='word_1_1013' title='bbox 1986 5286 2087 5323; x_wconf 92' lang='lat' dir='ltr'><strong>non</strong></span> <span class='ocrx_word' id='word_1_1014' title='bbox 2114 5271 2253 5337; x_wconf 77' lang='lat' dir='ltr'><strong>quod</strong></span> <span class='ocrx_word' id='word_1_1015' title='bbox 2300 5268 2461 5321; x_wconf 82' lang='lat' dir='ltr'><strong>Filius</strong></span> <span class='ocrx_word' id='word_1_1016' title='bbox 2489 5285 2591 5323; x_wconf 91' lang='lat' dir='ltr'><strong>non</strong></span> <span class='ocrx_word' id='word_1_1017' title='bbox 2622 5272 2831 5335; x_wconf 80' lang='lat' dir='ltr'><strong>habc&#39;at,</strong></span> <span class='ocrx_word' id='word_1_1018' title='bbox 2864 5272 3022 5328; x_wconf 85' lang='lat' dir='ltr'><strong>Pater</strong></span> <span class='ocrx_word' id='word_1_1019' title='bbox 3051 5274 3223 5337; x_wconf 86' lang='lat' dir='ltr'><strong>dedit;</strong></span> <span class='ocrx_word' id='word_1_1020' title='bbox 3263 5276 3354 5327; x_wconf 88' lang='lat' dir='ltr'><strong>sed</strong></span> <span class='ocrx_word' id='word_1_1021' title='bbox 3384 5273 3521 5328; x_wconf 88' lang='lat' dir='ltr'><strong>sicut</strong></span> 
     </span>
    </p>
   </div>
   <div class='ocr_carea' id='block_1_116' title="bbox 1986 5358 3520 5433">
    <p class='ocr_par' dir='ltr' id='par_1_116' title="bbox 1986 5358 3520 5433">
     <span class='ocr_line' id='line_1_116' title="bbox 1986 5358 3520 5433; baseline 0.005 -20"><span class='ocrx_word' id='word_1_1022' title='bbox 1986 5361 2109 5419; x_wconf 80' lang='lat' dir='ltr'><strong>dixi,</strong></span> <span class='ocrx_word' id='word_1_1023' title='bbox 2144 5360 2202 5411; x_wconf 85' lang='lat' dir='ltr'><strong>in</strong></span> <span class='ocrx_word' id='word_1_1024' title='bbox 2244 5358 2496 5427; x_wconf 88' lang='lat' dir='ltr'><strong>sapientia</strong></span> <span class='ocrx_word' id='word_1_1025' title='bbox 2524 5358 2719 5427; x_wconf 87' lang='lat' dir='ltr'><strong>Patris,</strong></span> <span class='ocrx_word' id='word_1_1026' title='bbox 2763 5365 2901 5433; x_wconf 90' lang='lat' dir='ltr'><strong>quod</strong></span> <span class='ocrx_word' id='word_1_1027' title='bbox 2942 5373 3025 5417; x_wconf 89' lang='lat' dir='ltr'><strong>est</strong></span> <span class='ocrx_word' id='word_1_1028' title='bbox 3052 5364 3279 5417; x_wconf 84' lang='lat' dir='ltr'><strong>Verbum</strong></span> <span class='ocrx_word' id='word_1_1029' title='bbox 3322 5363 3520 5432; x_wconf 86' lang='lat' dir='ltr'><strong>Patris,</strong></span> 
     </span>
    </p>
   </div>
   <div class='ocr_carea' id='block_1_117' title="bbox 1985 5446 3273 5521">
    <p class='ocr_par' dir='ltr' id='par_1_117' title="bbox 1985 5446 3273 5521">
     <span class='ocr_line' id='line_1_117' title="bbox 1985 5446 3273 5521; baseline 0.003 -19"><span class='ocrx_word' id='word_1_1030' title='bbox 1985 5449 2160 5503; x_wconf 90' lang='lat' dir='ltr'><strong>omnia</strong></span> <span class='ocrx_word' id='word_1_1031' title='bbox 2190 5446 2432 5501; x_wconf 88' lang='lat' dir='ltr'><strong>mandata</strong></span> <span class='ocrx_word' id='word_1_1032' title='bbox 2467 5459 2589 5504; x_wconf 92' lang='lat' dir='ltr'><strong>sunt</strong></span> <span class='ocrx_word' id='word_1_1033' title='bbox 2614 5451 2805 5506; x_wconf 89' lang='lat' dir='ltr'><strong>Patris.</strong></span> <span class='ocrx_word' id='word_1_1034' title='bbox 2838 5452 3086 5521; x_wconf 89' lang='lat' dir='ltr'><strong>Sequitur</strong></span> <span class='ocrx_word' id='word_1_1035' title='bbox 3104 5453 3273 5507; x_wconf 90' lang='lat' dir='ltr'><strong>enim:</strong></span> 
     </span>
    </p>
   </div>
   <div class='ocr_carea' id='block_1_118' title="bbox 1984 5541 3521 5688">
    <p class='ocr_par' dir='ltr' id='par_1_118' title="bbox 1984 5541 3521 5688">
     <span class='ocr_line' id='line_1_118' title="bbox 1984 5541 3521 5688; baseline 0.005 -68"><span class='ocrx_word' id='word_1_1036' title='bbox 1984 5566 2144 5645; x_wconf 74' lang='lat' dir='ltr'><strong>habet</strong></span> <span class='ocrx_word' id='word_1_1037' title='bbox 2167 5563 2386 5688; x_wconf 75' lang='lat' dir='ltr'><strong>adecepit,</strong></span> <span class='ocrx_word' id='word_1_1038' title='bbox 2415 5573 2475 5620; x_wconf 91' lang='lat' dir='ltr'><strong>ut</strong></span> <span class='ocrx_word' id='word_1_1039' title='bbox 2499 5567 2761 5622; x_wconf 85' lang='lat' dir='ltr'><strong>nascendo</strong></span> <span class='ocrx_word' id='word_1_1040' title='bbox 2789 5569 3067 5634; x_wconf 73' lang='lat' dir='ltr'><strong>acceperit,</strong></span> <span class='ocrx_word' id='word_1_1041' title='bbox 3099 5541 3404 5638; x_wconf 65' lang='lat' dir='ltr'><strong>dederitun</strong></span> <span class='ocrx_word' id='word_1_1042' title='bbox 3447 5573 3521 5626; x_wconf 89' lang='lat' dir='ltr'><strong>illi</strong></span> 
     </span>
     <span class='ocr_line' id='line_1_119' title="bbox 1984 5649 2298 5688; baseline -0.01 0"><span class='ocrx_word' id='word_1_1043' title='bbox 1984 5650 2171 5688; x_wconf 71' lang='lat' dir='ltr'><strong>aranea</strong></span> <span class='ocrx_word' id='word_1_1044' title='bbox 2208 5649 2257 5687; x_wconf 91' lang='grc' dir='ltr'><strong>ο.</strong></span> <span class='ocrx_word' id='word_1_1045' title='bbox 2282 5654 2298 5685; x_wconf 72' lang='grc' dir='ltr'><strong><em>ι</em></strong></span> 
     </span>
    </p>
   </div>
   <div class='ocr_carea' id='block_1_119' title="bbox 1983 5649 2298 5705">
    <p class='ocr_par' dir='ltr' id='par_1_119' title="bbox 1983 5649 2298 5705">
     <span class='ocr_line' id='line_1_120' title="bbox 1983 5649 2298 5705; baseline -0.003 -19"><span class='ocrx_word' id='word_1_1046' title='bbox 1983 5649 2257 5705; x_wconf 78' lang='lat' dir='ltr'><strong>gignendo.</strong></span> <span class='ocrx_word' id='word_1_1047' title='bbox 2282 5654 2298 5685; x_wconf 72' lang='grc' dir='ltr'><strong><em>ι</em></strong></span> 
     </span>
    </p>
   </div>
  </div>
