4266 6212
1282 329 1684 384 ΕΧΕϋΕΤΙΟΑ.
1723 350 1788 368 -ἀ
1825 328 2167 383 CUMMENT.
2209 329 2270 382 IN
2309 329 2495 385 JOA‘N.
2523 362 2588 370 —
2616 331 2739 384 LIB.
2782 330 2861 384 Vl.

3556 333 3655 387 926

497 448 677 503 terest,
701 439 1011 508 quibusnam
1035 451 1215 491 earum
1255 450 1403 492 mens
1441 439 1670 491 humana
1702 439 2014 501 consentiat,
2049 445 2088 497 Α
2118 451 2218 493 tus.
2249 439 2518 505 Quomodo
2545 449 2828 507 utmmque
2853 449 2908 493 et
2945 441 3167 495 mundus
3193 449 3353 504 totus,
3399 450 3572 497 tamen
3599 452 3656 498 et

498 529 674 582 divino
712 527 908 582 auxilio
949 526 1030 580 vel
1072 527 1277 581 deserta
1321 541 1416 594 per
1442 527 1705 589 meritum,
1735 525 1816 577 vel
1844 523 2019 591 adjuta

497 632 593 691 per
611 616 853 686 gratiam.
875 636 892 668 ι
927 613 1054 670 Sine
1079 616 1179 669 ﬁde
1201 615 1437 685 proditor
1460 615 1557 669 iste
1587 615 1731 668 venit
1753 615 1817 667 ad
1845 615 2022 667 convi-

497 708 658 771 vium,
687 721 792 760 non
817 696 1036 760 credens
1060 706 1222 759 Deum
1249 697 1384 767 esse,
1405 718 1562 774 quem
1599 704 1803 757 tradere
1826 706 2023 773 cogita-

499 795 608 847 bat.
641 811 661 845 ι
695 793 981 849 Videbatur
1018 801 1070 851 et
1113 792 1430 846 tolerabatur
1464 809 1477 843 :
1515 792 1567 848 in
1609 807 1672 845 eo
1713 807 1867 863 quem
1912 791 2020 848 falli

495 881 741 951 putabat,
766 879 1072 944 fallebatur;
1104 899 1122 931 ι
1161 879 1313 949 cujus
1339 880 1538 937 malitia
1562 880 1766 932 bonitas
1793 879 1884 934 Dei
1911 889 2024 933 ute-

497 972 651 1024 batur
680 973 745 1025 ad
766 970 987 1027 salutem
1014 970 1253 1025 aliorum.

564 1060 723 1113 Vens.
749 1061 802 1113 5.
826 1088 897 1099 -
921 1077 940 1109 ‹
977 1057 1157 1114 Sciens
1186 1058 1307 1128 quia
1350 1059 1522 1112 omnia
1548 1057 1688 1110 dedit
1715 1057 1762 1111 ei
1787 1055 1946 1112 Pater
1969 1058 2023 1109 in

494 1161 692 1200 manus.
740 1147 877 1214 Ergo
901 1155 955 1200 et
993 1146 1159 1217 ipsum
1197 1145 1524 1200 traditorcm.
1561 1144 1704 1199 .Nam
1745 1145 1788 1199 si
1818 1160 1939 1199 eum
1971 1146 2022 1198 in

495 1234 736 1288 manibus
777 1250 881 1293 non
927 1234 1171 1296 haberet,
1213 1248 1316 1289 non
1346 1232 1527 1301 utique
1571 1233 1662 1288 illo
1704 1240 1938 1289 uteretur
1966 1240 2024 1287 ut

496 1319 668 1374 vellet.
711 1319 922 1374 Sciebat
949 1320 1088 1375 enim
1120 1320 1370 1389 Dominus
1393 1320 1518 1388 quid
1543 1319 1741 1374 faceret
1767 1335 1862 1388 pro
1887 1319 2022 1372 ami-

493 1410 587 1472 cis,
622 1410 712 1480 qui
756 1410 1019 1480 patienter
1063 1411 1309 1464 utebatur
1349 1409 1598 1463 inimicis.
1649 1409 1826 1464 Sciens
1868 1409 2023 1462 etiam

493 1504 611 1570 quia
635 1520 668 1558 a
691 1501 797 1557 Deo
822 1504 993 1568 exivit,
1018 1512 1064 1555 et
1093 1503 1160 1556 ad
1181 1503 1342 1555 Deum
1361 1502 1500 1555 vadit
1524 1515 1541 1552 :
1563 1515 1660 1554 nec
1687 1500 1871 1565 Deum,
1901 1515 2023 1558 cum

493 1590 611 1644 inde
628 1591 828 1654 exiret;
854 1605 953 1647 nec
974 1606 1072 1646 nos
1093 1591 1362 1654 deserens,
1380 1605 1499 1643 cum
1519 1589 1730 1642 rediret.
1749 1587 1931 1659 (Vens.
1946 1587 2022 1658 4.)

494 1675 665 1747 Surgit
701 1695 733 1730 a
763 1694 937 1743 cinna,
966 1687 1014 1731 et
1046 1680 1186 1747 ponit
1231 1679 1526 1730 vestimenta
1570 1694 1684 1729 sua.
1731 1676 2025 1733 Locuturus

2117 531 2276 600 pedes
2301 531 2348 585 ei
2386 532 2590 584 lavandi
2632 539 2772 594 sunt,
2794 551 2811 584 ι
2841 532 2944 585 nisi
2972 533 3094 599 quia
3137 533 3366 586 mundus
3404 541 3543 588 totus
3575 542 3658 590 est

2119 620 2171 672 in
2197 620 2402 674 lavacro
2423 621 2587 673 sancti
2619 619 2971 687 baptismatis,
2989 620 3179 673 lterum
3201 618 3412 687 pulvere
3431 627 3655 675 terrenae

2119 707 2455 759 habitationis
2476 706 2803 760 sordidatur?
2824 705 2973 761 Unde
2990 716 3040 760 et
3061 722 3278 761 necesse
3298 708 3655 762 habetiterum

2121 793 2282 847 lavari
2331 809 2426 861 per
2466 795 2688 863 gratiam
2732 792 2971 864 [lavacri]
3023 793 3213 849 divina:
3257 794 3487 862 pietatis,
3538 796 3674 852 licet.

2118 881 2264 948 prius
2307 883 2489 936 eadem
2534 883 2700 950 gratia
2743 890 2884 936 esset
2915 891 3057 938 totus
3085 885 3396 946 mundatus,
3424 886 3658 953 apostolo

2119 967 2319 1021 Joanne
2343 977 2625 1022 attestante
2650 988 2662 1022 :
2685 970 2744 1023 Si
2772 970 3052 1024 dixerimus
3091 973 3211 1042 quia
3250 981 3512 1040 peccatum
3556 991 3655 1026 non

2119 1056 2380 1118 habemus,
2406 1072 2497 1110 nos
2522 1057 2658 1124 ipsos
2686 1057 2994 1124 decipimus,
3019 1066 3065 1110 et
3086 1059 3272 1110 veritas
3299 1058 3352 1111 in
3385 1058 3525 1110 nobis
3552 1075 3653 1112 non

2119 1153 2193 1197 est
2222 1144 2273 1214 (1
2295 1143 2454 1197 'Joan.
2477 1160 2518 1208 ι,
2540 1144 2615 1215 8).
2643 1163 2661 1195 ι
2693 1144 2937 1210 Quotidie
2962 1146 3122 1215 igitur
3139 1146 3300 1214 pedes
3320 1145 3457 1198 lavat
3483 1145 3656 1207 nobis,

2118 1232 2208 1301 qui
2237 1233 2537 1300 interpellat
2563 1247 2661 1301 pro
2685 1233 2837 1286 nobis
2860 1250 2872 1285 :
2896 1241 2950 1286 et
2985 1233 3219 1301 quotidie
3261 1247 3359 1286 nos
3392 1247 3524 1301 opus
3559 1234 3656 1285 ha-

2119 1321 2262 1384 bere,
2291 1327 2350 1373 ut
2392 1321 2553 1389 pedes
2592 1321 2850 1383 lavemus,
2901 1321 2954 1375 in
2983 1323 3094 1391 ipsa
3123 1322 3363 1376 oratione
3389 1322 3655 1374 Dominiea

2120 1407 2446 1470 conﬁtemur,
2469 1423 2587 1461 eum
2609 1409 2858 1475 dicimus:
2875 1391 3085 1462 Dimitie
3105 1410 3248 1463 nobis
3267 1409 3436 1463 debita
3460 1419 3654 1470 nostra,

2120 1503 2249 1556 sicut
2272 1512 2318 1556 et
2331 1519 2422 1556 nos
2437 1503 2740 1555 dimittimus
2755 1501 2909 1571 593
2925 1501 3233 1554 debitoribus
3250 1502 3436 1554 nostris
3449 1501 3661 1571 (Matth.

2080 1627 2082 1630 τ
2121 1607 2194 1653 vt,
2227 1591 2332 1660 12).
2377 1611 2396 1642 ι
2423 1591 2489 1645 Et
2518 1607 2606 1644 vos
2650 1591 2827 1644 mundi
2870 1593 3017 1653 estis,
3043 1589 3130 1642 sed
3156 1606 3255 1642 non
3286 1605 3476 1643 omnes.
3512 1590 3660 1654 Quod

2120 1677 2439 1746 evangelista
2476 1679 2817 1746 sequentibus
2843 1679 3020 1732 verbis
3053 1677 3312 1746 exposuit.
3340 1676 3459 1731 Ideo
3481 1685 3660 1732 trans-

494 1766 806 1835 evangelista
850 1767 914 1821 de
958 1777 1103 1821 tanta
1150 1767 1353 1821 Domini
1394 1766 1705 1827 humilitate,
1734 1765 1880 1832 prius
1907 1764 2021 1833 ejus
2055 1753 2093 1809 Β
2123 1781 2305 1820 eamus
2328 1767 2392 1819 ad
2420 1773 2628 1819 caetera.

494 1852 850 1908 celsitudinem
878 1855 1042 1908 voluit
1085 1855 1473 1911 commenlare.
1524 1853 1604 1906 Ad
1657 1855 1756 1906 hoc
1802 1853 2030 1920 pertinet

494 1942 631 2012 quod
652 1943 725 1997 ait
753 1961 764 1994 :
790 1941 964 1999 Sciens
989 1945 1109 2013 quia
1138 1945 1307 1998 omnia
1333 1943 1468 1996 dedit
1491 1943 1537 1994 ei
1563 1940 1722 1994 Pater
1743 1943 1793 1994 in
1823 1959 2025 1998 manus.

495 2030 624 2084 Cum
666 2046 789 2100 ergo
831 2032 879 2090 ei
921 2032 1096 2088 omnia
1143 2032 1368 2085 dedisset
1400 2031 1554 2082 Pater
1593 2030 1891 2092 in'munus,
1921 2046 2026 2088 non

497 2119 588 2174 Dei
635 2120 859 2184 Domini,
890 2123 980 2174 sed
1021 2119 1248 2174 hominis
1294 2120 1428 2172 servi
1485 2119 1720 2186 implevit
1773 2117 2025 2173 cilicium.

497 2212 663 2265 Tanta
707 2221 788 2266 est
833 2212 1024 2280 quippe
1070 2212 1310 2264 humanae
1358 2210 1668 2264 humilitatis
1716 2209 1939 2268 utilitas,
1971 2218 2030 2266 ut

495 2313 610 2356 eam
641 2315 736 2353 suo
763 2302 1151 2358 commendaret
1194 2300 1434 2367 exemplo
1464 2300 1621 2353 etiam
1651 2299 1826 2352 divina
1867 2302 1942 2353 sui
1965 2299 2026 2356 li-

499 2390 673 2450 mitas.
694 2409 710 2442 ι
739 2388 829 2444 ενι
840 2391 909 2459 git
935 2406 966 2443 a
993 2405 1130 2443 cana
1150 2427 1164 2451 ,
1191 2387 1458 2444 descendit
1483 2388 1547 2441 de
1576 2388 1908 2452 caelestibus;
1940 2408 2028 2459 ρο-

496 2479 601 2532 suit
645 2479 936 2532 vestimenta
979 2493 1096 2540 sua,
1130 2477 1178 2529 id
1227 2484 1306 2528 est
1349 2475 1684 2543 semetipsum
1717 2475 2023 2531 exinanivit.

498 2573 681 2641 (Vens.
713 2571 790 2639 5.)
820 2570 946 2624 Cum
977 2569 1245 2638 accepisset
1271 2569 1502 2632 linteum,
1528 2569 1797 2636 prwcinxit
1821 2583 1892 2630 se,
1924 2567 2030 2621 for.

496 2674 634 2712 mam
674 2658 812 2712 servi
854 2658 1110 2711 induens..
1140 2656 1294 2709 Mittit
1319 2672 1504 2727 aquam
1533 2657 1586 2710 in
1605 2655 1814 2724 pelvem,
1845 2656 1897 2709 id
1924 2665 2027 2719 est,

497 2749 631 2805 fudit
658 2749 963 2818 sanguinem
993 2763 1143 2803 suum
1172 2747 1222 2806 in
1251 2755 1464 2810 terr-am,
1487 2756 1542 2800 ut
1586 2748 1865 2804 mandaret
1891 2747 1941 2800 in
1972 2761 2028 2801 se

497 2836 820 2894 credentium
855 2835 1072 2905 vestigia
1101 2876 1115 2899 ,
1145 2850 1261 2905 quae
1293 2835 1518 2889 terrenis
1546 2837 1776 2906 peccatis
1819 2836 2028 2890 sordida

497 2925 733 2990 fuerant;
762 2932 816 2978 et
841 2927 1136 2994 extergeret
1160 2925 1319 2978 linteo
1347 2939 1450 2992 quo
1475 2934 1591 2979 erat
1612 2925 1945 2994 praecinctus,
1976 2923 2028 2979 id

497 3022 579 3069 est
600 3013 834 3084 corporis
857 3014 937 3068 sui
958 3013 1117 3067 linteo
1141 3027 1246 3081 quo
1267 3020 1380 3066 erat
1399 3013 1732 3079 prmeinctus,
1746 3020 2026 3081 purgaret:

497 3104 620 3172 quia
656 3073 766 3157 tota
796 3102 881 3155 illa
911 3100 1024 3168 ejus
1058 3073 1234 3169 passio
1253 3140 1266 3163 ,
1295 3073 1472 3153 nostra
1499 3107 1580 3153 est
1602 3073 1873 3169 purgatio:
1892 3101 2025 3155 Dan
2054 3073 2098 3135 ε

498 3190 719 3252 iormam
743 3191 879 3245 servi
908 3191 1128 3260 accepit,
1154 3205 1258 3243 non
1287 3188 1422 3258 quod
1446 3189 1670 3247 habebat
1693 3189 1909 3252 dimisit,
1933 3189 2025 3245 sed

496 3281 636 3352 quod
667 3296 769 3336 non
795 3281 1019 3334 habebat
1041 3279 1343 3347 assumpsit.

566 3371 726 3425 Vens.
754 3369 804 3424 6.
818 3400 887 3410 —
903 3368 1049 3422 Venit
1066 3385 1180 3438 ergo
1202 3369 1269 3422 ad
1293 3367 1548 3424 Simonem
1565 3353 1796 3423 Petrum.
1817 3387 1835 3420 ι
1865 3381 1889 3410 ι
1913 3368 2026 3424 Non

500 3460 571 3511 ita
600 3458 988 3528 intelligendum
1015 3467 1116 3522 est,
1147 3459 1294 3526 quasi
1324 3459 1546 3516 aliorum
1575 3459 1794 3528 pedibus
1817 3459 2024 3523 lavatis,

499 3551 730 3604 venisset
754 3550 819 3602 ad
844 3549 1072 3618 primum
1105 3549 1479 3617 apostolorum,
1507 3550 1599 3604 sed
1625 3550 1746 3618 quia
1775 3550 1898 3604 inde
1917 3549 2026 3617 pri-

499 3656 641 3695 mum
683 3641 858 3709 cmpit.
884 3660 901 3689 ι
935 3641 1056 3694 Iolco
1081 3639 1378 3708 expavescit
1414 3639 1630 3700 Petrus,
1661 3645 1721 3690 ut
1747 3638 1838 3690 Dei
1865 3637 2027 3692 Filius

500 3729 658 3798 pedes
707 3729 755 3781 ei
806 3729 1034 3788 lavaret,
1085 3725 1336 3782 Dominus
1386 3739 1559 3788 servo,
1613 3725 1752 3778 Deus
1802 3724 2023 3777 homini.

505 3836 522 3866 s
556 3816 774 3881 Quando
824 3831 950 3885 ergo
991 3815 1148 3884 pedes
1190 3814 1567 3883 discipulorum
1618 3814 1794 3869 lavare
1842 3816 2025 3884 cmpit,

500 3906 641 3959 venit
665 3905 729 3959 ad
752 3920 870 3958 eum
899 3920 928 3960 a
957 3919 1059 3973 quo
1082 3905 1258 3973 cmpit,
1283 3904 1334 3957 id
1359 3914 1438 3958 est
1460 3905 1523 3959 ad
1553 3904 1768 3961 Petrqu
1793 3923 1806 3958 :
1829 3916 1883 3960 et
1906 3915 2029 3961 tunc

499 3995 703 4058 Petrus,
734 3994 870 4064 quod
896 3994 1055 4048 etiam
1080 3994 1298 4062 quilibet
1324 4008 1505 4047 eorum
1533 3995 1852 4061 expavisset,
1872 4010 2030 4064 expa-

501 4085 750 4154 vitatque
770 4085 841 4138 ait
863 4103 874 4137 :
895 4084 1126 4146 Domine,
1141 4093 1195 4136 tu
1217 4083 1339 4141 mihi
1365 4083 1506 4138 lavas
1526 4083 1674 4152 pedes
1688 4084 1713 4136 Ρ
1732 4104 1749 4136 ι
1769 4084 1844 4137 Tu
1871 4085 2025 4147 Deus,

499 4188 597 4243 ego
622 4173 807 4237 homo;
837 4181 893 4226 tu
937 4173 1207 4236 Dominus,
1236 4188 1332 4242 ego
1356 4187 1569 4238 servus;
1602 4182 1656 4227 tu
1688 4173 2026 4242 Redemptor,

497 4278 597 4332 ego
643 4271 905 4330 peccator.
955 4263 1136 4332 (Vens.
1167 4261 1240 4331 7.)
1289 4260 1438 4326 Quod
1471 4278 1561 4330 ego
1597 4263 1756 4330 facio,
1783 4271 1837 4315 tu
1867 4263 2029 4315 nescis

498 4350 649 4409 modo
683 4363 700 4399 :
732 4349 857 4402 scies
901 4360 1068 4400 autem
1109 4358 1298 4416 postea.
1357 4348 1520 4418 Hujus
1555 4348 1676 4402 facti
1723 4349 2027 4417 mysterium

500 4441 722 4495 necdum
749 4437 1015 4504 intelligis,
1043 4437 1134 4489 sed
1161 4445 1338 4503 postea
1365 4435 1722 4492 intellecturus
1753 4435 1879 4501 eris,
1903 4436 2027 4503 quia

498 4515 543 4593 si
563 4543 609 4586 te
634 4549 733 4586 non
757 4531 944 4593 lavero,
960 4547 1060 4583 non
1076 4528 1276 4582 habebis
1297 4537 1489 4597 partem
1517 4544 1729 4580 mecum.
1749 4527 1933 4598 (Vens.
1950 4525 2029 4596 8.)

502 4621 643 4676 Dixit
667 4630 835 4672 autem
864 4617 1047 4673 Petrus
1073 4633 1090 4670 :
1119 4618 1236 4672 Non
1261 4616 1454 4671 lat'abis
1479 4617 1604 4669 mihi
1626 4617 1776 4687 pedes
1804 4620 1858 4671 in
1882 4627 2032 4671 a'ter—

501 4727 640 4763 num.
686 4708 967 4782 [Eternum-
985 4747 999 4771 ,
1023 4724 1120 4775 pro
1148 4716 1411 4782 nupquam
1453 4706 1629 4778 posuit
1655 4726 1666 4762 :
1695 4709 1787 4763 sed
1816 4709 2031 4762 territus

502 4798 836 4867 responsione
872 4795 1077 4850 Domini
1121 4795 1387 4873 subiunxit
1420 4812 1433 4849 :
1466 4797 1658 4866 (Vens.
1705 4798 1770 4867 9)
1813 4798 2028 4850 Domine

501 4905 600 4941 non
641 4896 837 4941 tantum
862 4885 1030 4956 pedes,
1056 4885 1146 4939 sed
1171 4895 1218 4938 et
1238 4895 1406 4954 caput,
1436 4895 1483 4938 et
1521 4904 1724 4939 manus.
1758 4905 1776 4937 ι
1808 4887 2027 4952 Quando

501 4975 712 5042 quidem
749 4974 826 5028 sic
868 4963 1106 5037 minaris,
1128 4971 1342 5025 lavanda
1370 4972 1462 5025 tibi
1488 4987 1603 5026 mea
1637 4975 1890 5037 membra,
1921 4989 2028 5028 non

501 5061 669 5114 solum
710 5063 816 5121 ima
850 5079 952 5116 non
987 5062 1260 5124 subtraho,
1285 5076 1466 5113 verum
1497 5061 1654 5114 etiam
1695 5062 1864 5129 prima
1905 5064 2026 5116 sub-

499 5158 696 5204 sterno.
743 5149 855 5204 Non
881 5150 1030 5221 ιιι..
1058 5151 1153 5223 Ne]
1179 5152 1304 5205 mihi
1339 5163 1499 5217 neges
1523 5152 1828 5220 capiendam
1855 5161 2028 5208 tecum

499 5248 733 5312 partem,
761 5239 956 5294 nullam
1001 5242 1092 5294 tibi
1143 5257 1272 5312 nego
1315 5232 1622 5295 abluendam
1662 5241 1764 5295 mei
1794 5243 2033 5313 corporis

499 5339 724 5404 partem.
768 5329 1054 5397 Respondit
1078 5328 1230 5383 Jesus
1267 5348 1280 5382 :
1311 5331 1492 5401 (Vens.
1525 5329 1610 5402 10)
1639 5328 1739 5395 Qui
1779 5330 1911 5386 lotus
1936 5342 2029 5396 est,

502 5435 602 5476 non
629 5420 776 5473 liabet
810 5434 934 5486 opus
980 5417 1077 5474 nisi
1110 5417 1258 5485 pedes
1283 5418 1473 5482 lavare,
1495 5419 1584 5473 sed
1607 5429 1678 5473 est
1703 5421 1924 5478 mundus
1957 5431 2033 5476 to-

572 5605 594 5633 ι
634 5593 705 5644 Ex
738 5593 791 5645 S.
824 5592 981 5664 Aug,
1009 5603 1138 5654 tract
1189 5610 1291 5657 LVI,
1322 5607 1466 5646 num.
1503 5592 1602 5646 14.

2192 1858 2348 1912 Vens.
2380 1857 2461 1910 l2.
2487 1887 2556 1894 —
2581 1854 2858 1926 Postquam
2893 1873 3012 1925 ergo
3046 1855 3166 1913 lavit
3198 1857 3348 1927 pedes
3376 1872 3579 1922 eorum,
3608 1857 3662 1910 id

2124 1956 2225 2012 est,
2257 1948 2470 2025 impleta
2493 1948 2866 2016 redemptionis
2888 1957 3080 2025 nostrte
3098 1949 3407 2018 purgatione
3424 1964 3521 2019 per
3547 1963 3669 2002 san-

2124 2021 2298 2104 guinis
2325 2037 2405 2090 sui
2433 2035 2778 2104 elfusionem,‘
2807 2038 2998 2105 accepit
3030 2021 3322 2091 vestimenta
3351 2055 3467 2102 sua,
3513 2037 3670 2091 tertio

2124 2121 2209 2174 die
2229 2121 2294 2174 de
2315 2121 2556 2190 sepulcro
2587 2137 2887 2191 resurgens,
2909 2131 2963 2176 et
2989 2125 3175 2177 eodem
3196 2139 3417 2193 corpore
3436 2129 3539 2192 quo
3559 2138 3670 2177 mo-

2124 2211 2358 2265 riebatur
2386 2213 2438 2266 in
2468 2224 2658 2276 cruce,
2689 2214 3001 2269 immortalis
3034 2213 3204 2268 factus
3237 2223 3321 2268 est
3350 2223 3405 2268 et
3425 2215 3663 2270 vestitus.

2126 2300 2191 2357 Et
2216 2318 2331 2354 cum
2353 2302 2660 2356 recubuisset
2683 2305 2888 2368 iterum,
2908 2303 3146 2358 ascendit
3165 2303 3218 2357 in
3237 2302 3449 2367 etelum,
3471 2303 3522 2355 in
3544 2304 3668 2356 dex-

2126 2401 2239 2446 tera
2267 2391 2360 2444 Dei
2389 2391 2598 2454 sedens,
2635 2401 2690 2446 et
2717 2393 2768 2446 in
2804 2393 3079 2463 majestate
3114 2400 3348 2463 paterna:
3379 2391 3668 2446 divinitatis

2126 2478 2458 2542 recumbens,
2488 2482 2623 2534 unde
2650 2482 2841 2535 iterum
2861 2491 3114 2536 venturus
3140 2491 3242 2547 est,
3265 2483 3505 2552 judicare
3524 2484 3671 2537 vivos

2124 2576 2179 2620 et
2213 2579 2467 2621 mortuos.
2513 2567 2765 2636 Sequitur
2807 2570 2986 2623 enim:
3026 2570 3172 2624 Dixit
3206 2573 3279 2624 eis
3301 2585 3319 2622 :
3361 2571 3515 2625 Scitis
3545 2573 3669 2640 quid

2126 2657 2330 2728 fecerim
2369 2657 2504 2710 vobis
2527 2657 2551 2710 .’
2573 2657 2684 2713 Hoc
2719 2659 2858 2712 enim
2902 2661 2977 2713 ait
3020 2660 3158 2730 quod
3197 2669 3318 2713 ante
3344 2661 3674 2729 przemiserat

2129 2745 2276 2817 [Ms.,
2307 2747 2682 2819 promiserat],
2732 2749 2855 2804 dum
2901 2750 3059 2804 Petro
3104 2749 3338 2820 apostolo
3365 2749 3669 2817 respondit:

2129 2835 2279 2901 Quod
2298 2853 2389 2906 ego
2415 2836 2568 2903 facio,
2593 2839 2756 2891 nescis
2777 2840 2948 2902 modo,
2969 2841 3096 2893 scies
3115 2849 3284 2893 autem
3305 2849 3497 2908 postea.
3521 2837 3673 2892 Nunc

2127 2933 2209 2979 est
2240 2926 2365 2981 illud
2391 2929 2695 2995 post,un
2717 2937 2840 2982 ante
2863 2929 3123 2996 promisit.
3249 2927 3252 2930 ’

2198 3015 2354 3070 Vens.
2390 3015 2473 3068 l5.
2497 3013 2721 3093 -—‘~.\Vos
2748 3018 2937 3072 vocatis
2970 3032 3049 3068 me
3087 3016 3304 3070 Domine
3328 3025 3375 3070 et
3406 3018 3669 3086 magister,

2125 3111 2173 3155 et
2201 3103 2324 3156 bene
2366 3103 2556 3158 dicitis.
2587 3101 2815 3172 Utique,
2853 3105 2975 3174 quia
3001 3121 3186 3159 verum
3214 3106 3387 3161 dicitis
3410 3145 3425 3171 ,
3455 3123 3568 3160 sum
3597 3115 3673 3160 et-

2125 3193 2277 3249 enim.
2306 3192 2420 3248 Non
2449 3196 2761 3265 arrogantiae
2776 3204 2918 3267 typo,
2941 3197 3034 3252 sed
3053 3197 3293 3252 veritatis
3319 3196 3572 3266 obsequio
3593 3196 3675 3252 di-

2128 3278 2224 3343 xit,
2249 3295 2338 3349 ego
2373 3296 2487 3333 sum
2515 3293 2538 3331 :
2575 3281 2754 3351 (Vens.
2781 3280 2880 3354 KH)
2911 3280 2971 3336 Si
2990 3297 3110 3351 ergo
3131 3283 3222 3350 ego
3244 3281 3344 3334 lari
3373 3291 3560 3335 restros
3587 3298 3674 3351 pe-

2125 3367 2234 3432 des,
2264 3368 2513 3422 Dominus
2535 3378 2582 3422 et
2608 3357 2870 3438 magister,
2894 3380 2942 3423 et
2968 3388 3054 3424 eos
3081 3371 3270 3425 debetis
3302 3371 3435 3423 alter
3461 3372 3673 3424 alterius

2128 3451 2302 3506 lavare
2336 3455 2503 3522 pedes.
2536 3455 2592 3509 Si
2630 3471 2728 3524 ego
2756 3441 2896 3510 Deus
2923 3468 2976 3513 et
3015 3458 3270 3513 Dominus
3313 3460 3488 3513 dimisi
3524 3459 3675 3513 vobis

2127 3549 2342 3607 peccata
2366 3550 2561 3605 vestra,
2593 3551 2790 3610 quanto
2815 3541 2985 3612 magis
3011 3553 3066 3596 et
3091 3560 3185 3598 vos
3207 3545 3409 3600 debetis
3436 3547 3571 3600 alter
3599 3546 3675 3599 al-

2128 3630 2295 3685 terius
2321 3640 2535 3698 peeeata
2561 3632 2868 3686 dimittere?
2900 3650 2917 3682 ι
2951 3633 3066 3688 bEt
3093 3634 3193 3688 hoc
3224 3644 3308 3688 est
3351 3638 3491 3703 quod
3535 3636 3674 3703 Apo-

2126 3719 2290 3772 stolus
2316 3721 2423 3777 ait:
2464 3720 2720 3774 Donantes
2759 3721 3152 3791 nobismetipsis,
3189 3724 3234 3776 si
3274 3725 3388 3794 quis
3431 3725 3673 3778 adiersus

2127 3809 2345 3881 aliquem
2373 3810 2518 3864 habet
2546 3809 2748 3880 culpam
2773 3808 2991 3880 (Coloss.
3020 3829 3096 3874 ιιι,
3126 3813 3237 3884 15),
3262 3797 3406 3868 sicut
3419 3823 3474 3868 et
3497 3816 3673 3868 1)οωὶ-

2128 3917 2226 3955 nus
2261 3901 2475 3956 donavit
2499 3900 2676 3964 nobis,
2725 3902 2796 3955 ita
2824 3909 2880 3954 et
2904 3917 2999 3956 nos
3023 3902 3219 3974 μυσί,
3251 3904 3465 3959 donavit
3487 3904 3670 3969 vobis,

2128 3992 2201 4046 ita
2225 4001 2280 4045 et
2296 3991 2432 4063 vos].
2458 3993 2685 4047 Invicem
2721 3993 2895 4061 itaque
2921 3994 3070 4048 nobis
3097 3995 3287 4050 delicta
3318 3997 3592 4062 donemus,
3618 4005 3674 4051 et

2128 4097 2225 4150 pro
2246 4083 2438 4136 nostris
2462 4083 2666 4138 delictis
2705 4085 2929 4138 invicem
2968 4101 3217 4151 oremus;
3251 4093 3406 4156 anque
3446 4089 3515 4141 ita
3543 4103 3672 4157 quo-

2127 4169 2407 4223 dummodo
2445 4171 2669 4224 invicem
2722 4173 2883 4238 pedes
2921 4179 3129 4226 nostros
3165 4160 3406 4228 lavamus
3447 4173 3583 4245 [ιιι.
3627 4185 3677 4230 et

2132 4256 2286 4324 Aug.,
2314 4257 2591 4326 lavemus].
2622 4277 2640 4308 ι
2669 4256 2815 4310 licet
2832 4265 2885 4309 et
2908 4258 3009 4310 hoc
3025 4261 3374 4328 corporaliter
3395 4263 3676 4318 charitatis

2127 4347 2318 4409 oﬂicio,
2347 4357 2403 4401 et
2446 4347 2758 4401 humilitatis
2785 4349 3026 4417 exemplo
3051 4349 3313 4418 aliquibus
3356 4350 3558 4404 utiliter
3593 4352 3670 4406 fa-

2128 4451 2248 4491 cere
2290 4435 2520 4504 placeat,
2569 4445 2743 4490 tamen
2779 4437 3086 4508 spiritaliter
3128 4439 3179 4492 in
3227 4440 3386 4494 corde
3427 4441 3672 4495 omnibus

2129 4527 2385 4595 agendum
2410 4534 2511 4591 est,
2532 4534 2592 4579 ut
2610 4527 2786 4581 debita
2816 4537 2994 4582 nostra
3021 4530 3072 4584 in
3098 4529 3322 4584 invicem
3350 4531 3678 4585 dimittamus

2130 4617 2300 4679 nobis,
2329 4616 2467 4670 sicut
2493 4633 2523 4670 a
2550 4616 2657 4672 Deo
2689 4628 2870 4673 nostro
2897 4620 3049 4674 nobis
3069 4620 3245 4677 debita
3266 4622 3458 4677 dimitti
3488 4624 3674 4693 depre-

2129 4720 2329 4761 camur.
2356 4703 2608 4776 Sequitur
2631 4709 2802 4761 enim:

2655 4819 2875 4908 CAPUT
2913 4820 3143 4877 xxxm.
3167 4888 3187 4895 π

2135 4927 2252 4980 Non
2276 4945 2381 5002 esse
2411 4946 2606 5002 servum
2633 4929 2877 5002 majorem
2917 4930 3126 5002 domino
3154 4933 3346 5002 dicens,
3378 4941 3493 5002 post
3530 4940 3671 4986 testi-
3715 4940 3718 4949 '

2199 4997 2426 5049 monium
2454 4997 2728 5066 Scriptura:
2767 5014 2799 5049 a
2842 4997 2982 5051 Iuda
3023 5017 3076 5053 se
3120 4997 3423 5054 tradendum
3467 5001 3671 5054 intincts

2198 5067 2346 5138 panis
2376 5068 2692 5138 porrectioue
2727 5066 3016 5134 signiﬁcat;
3051 5079 3098 5122 et
3129 5070 3404 5134 discipulos
3428 5069 3672 5138 multipli-

2201 5135 2326 5186 citer
2351 5135 2667 5188 exhortatur.

2204 5244 2358 5297 Vens.
2396 5243 2477 5306 l6,
2510 5243 2588 5294 l7.
2621 5272 2689 5280 ——
2718 5242 2896 5306 Amen,
2925 5262 3070 5298 amen
3095 5247 3208 5299 dico
3235 5245 3368 5298 vobis
3390 5257 3408 5294 .'
3451 5243 3569 5297 Non
3597 5255 3670 5297 est

2128 5350 2301 5386 servus
2327 5332 2496 5397 major
2525 5329 2733 5385 domino
2767 5348 2890 5396 suo,
2934 5349 3092 5403 neque
3120 5331 3378 5402 apostolus
3419 5332 3590 5400 major
3613 5348 3672 5385 eo

2129 5422 2216 5488 qui
2245 5421 2379 5472 misit
2415 5417 2579 5470 illum.
2608 5417 2663 5471 Si
2689 5413 2804 5472 lucc
2825 5422 2966 5474 scitis
2985 5462 2999 5486 ,
3028 5419 3161 5474 beati
3187 5420 3327 5473 eritis
3368 5420 3411 5472 si
3451 5418 3669 5487 feceritis

2097 5635 2099 5637 ,
2202 5593 2228 5630 ι»
2256 5592 2326 5644 Ex
2360 5588 2416 5644 S.
2449 5590 2604 5661 Aug.,
2637 5599 2792 5647 tract.
2820 5609 2968 5658 Lvm,
2993 5608 3137 5647 num.
3163 5592 3213 5645 5.
