4266 6200
641 404 740 460 927

1471 388 1529 440 Β.
1569 385 1628 439 1³.
1670 380 1886 435 Λ1.Β1Ν1
1926 375 2052 429 Slil}
2107 368 2374 425 ALCLINI
2412 362 2685 443 GFERUM
2726 358 2898 415 PARS
2934 356 2995 412 11.

3636 348 3825 406 νθξθ

640 525 720 566 σας
755 529 771 560 ι
810 522 832 548 ι
860 505 969 561 Hoc
998 504 1115 558 ideo
1143 488 1291 559 dixit,
1322 499 1444 566 quia
1483 495 1687 548 laverat
1714 506 1777 558 pe
1797 490 1872 542 'cs
1900 480 2184 551 discipulo-
2215 484 2256 537 Α
2287 474 2384 527 fuit
2405 470 2687 540 unicuique
2711 485 2801 523 sua
2823 456 3169 529 conscientia,
3189 464 3281 519 sed
3300 464 3514 519 alterius
3537 464 3822 534 incognita.

642 616 783 665 rem,
805 596 1058 666 magister
1082 590 1397 647 humilitatis
1412 596 1468 641 et
1496 585 1657 638 verto
1693 591 1749 635 et
1774 575 2014 655 exemplo
2037 592 2049 626 :
2083 595 2099 625 ι
2130 580 2189 626 ιιι

641 662 802 743 verbo
829 694 886 740 et
897 662 1152 750 exemplo
1178 694 1273 734 eos
1295 678 1583 731 instrueret
1606 673 1660 725 in
1686 666 1964 724 cltaritatis
1996 662 2186 717 cilicio.

643 778 825 845 (Vsus.
859 772 967 840 18.)
1000 771 1123 824 Non
1164 768 1227 820 de
1255 766 1391 821 robis
1422 763 1654 818 omnibus
1682 759 1820 820 dico,
1852 756 1903 809 id
1942 763 2054 815 est,
2086 768 2188 806 non

644 842 739 919 vos
764 877 950 918 omnes
972 860 1155 913 beatos
1195 857 1334 913 dico.
1374 854 1485 922 Ego
1512 853 1619 905 scio
1653 863 1781 919 quos
1818 845 2081 914 elegerint,
2124 842 2191 895 ad

647 957 783 1008 hanc
806 950 1205 1010 beatitudinem,
1235 951 1293 1001 ut
1316 956 1556 999 meorum
1579 940 1686 995 sint
1720 949 1975 1007 sequaces
1995 946 2193 1001 prame-

645 1056 877 1113 ptorum.
908 1040 1008 1095 Sed
1047 1048 1101 1091 ut
1132 1036 1407 1106 impleatur
1434 1032 1740 1101 Scriptura:
1780 1025 1884 1092 Qui
1920 1022 2194 1113 manducet

644 1111 827 1204 praem
857 1146 1075 1194 mecum,
1105 1126 1286 1181 lerabit
1309 1135 1488 1180 contra
1510 1138 1589 1185 me
1614 1119 1913 1173 calcaneum
1938 1124 2110 1167 suum.
2140 1111 2198 1165 Id

645 1200 759 1284 est»,
797 1218 1033 1284 ,calcahit
1058 1229 1142 1270 me
1180 1213 1337 1284 [Aug.
1358 1252 1374 1273 ,
1405 1207 1738 1266 eoneulcahit
1756 1202 1892 1274 'me).
1917 1200 2204 1258 Mandueat

646 1324 860 1379 panem,
905 1321 1007 1360 non
1034 1304 1099 1358 ad
1138 1303 1362 1357 salutem
1406 1299 1529 1362 sibi,
1566 1295 1661 1352 sed
1685 1294 1753 1349 ad
1789 1303 2037 1362 pmnam:
2074 1287 2199 1355 quia

648 1376 1011 1456 nuinslucavit,
1049 1399 1106 1445 ut
1145 1390 1336 1443 lateret
1372 1386 1642 1456 proditor,
1681 1397 1783 1436 non
1825 1387 1884 1433 ut
1920 1376 2203 1449 proliceret

648 1494 875 1539 amator.
924 1480 1073 1547 Quid.
1087 1487 1169 1535 est
1195 1479 1335 1548 quod
1372 1477 1482 1531 alio
1519 1475 1637 1529 loco
1680 1472 1844 1527 dicit:
1890 1469 2075 1523 Nonne
2109 1482 2200 1548 ego

648 1562 734 1627 ros
760 1572 1031 1627 duodecim
1051 1570 1200 1639 elegi.
1214 1578 1261 1622 et
1281 1582 1415 1620 unus
1430 1580 1497 1618 ea:
1522 1563 1658 1618 vobis
1676 1558 1914 1615 diabolus
1933 1567 2005 1611 est
2023 1547 2198 1627 (John.

651 1683 727 1719 vi.
758 1664 882 1734 7|)!
907 1671 963 1718 et
987 1663 1073 1716 hic
1094 1661 1249 1715 dicit:
1276 1657 1388 1727 Ego
1408 1658 1518 1710 scio
1538 1669 1665 1725 quos
1692 1649 1969 1721 elegerint?
1994 1647 2205 1734 Electus

650 1760 735 1807 est
763 1733 847 1806 ille
873 1748 1055 1812 ludas,
1083 1763 1185 1801 non
1212 1746 1276 1800 ad
1300 1743 1702 1801 beatitudinem,
1728 1738 1821 1793 sed
1848 1738 1915 1790 ad
1950 1733 2202 1805 proditio-

2359 562 2515 616 Vsus.
2549 560 2638 612 23.
2679 557 2733 611 ,——‘
2756 556 2896 629 [Erat
2924 563 3095 607 autem
3124 553 3413 625 recumbens
3437 570 3571 608 unus
3589 569 3654 607 ex
3671 553 3828 607 disci-

2283 652 2419 722 pulis
2442 651 2556 720 eius
2592 644 2646 702 iu
2669 628 2784 701 sinu
2810 646 2969 710 Jesu,
3007 660 3156 715 quem
3185 642 3425 712 diligebat
3462 634 3633 697 Iesus.
3678 642 3827 708 Quod

2286 739 2513 805 dixerat,
2539 741 2595 793 in
2619 740 2757 800 sinu,
2788 736 2947 808 paulo
2967 737 3090 805 post
3112 733 3272 796 dicit,
3308 749 3461 804 super
3481 743 3655 803 pectus
3680 732 3827 786 Jesu.

2286 831 2403 902 Ipse
2445 840 2528 884 εει
2565 827 2827 889 Joannes,
2861 824 3023 893 cujus
3045 832 3128 879 est
3152 822 3252 877 hoc
3278 821 3649 892 Evangelium,
3693 821 3830 876 sicut

2288 932 2473 994 postea
2498 918 2887 976 manifestatur.
2919 915 3047 979 Erat
3081 914 3222 968 enim
3251 913 3363 966 hzec
3396 925 3581 966 eorum
3610 924 3833 964 consue-

2291 1011 2440 1074 tudo,
2454 1009 2543 1077 qui
2558 1021 2741 1062 sacras
2756 1005 2908 1059 nobis
2926 1003 3133 1056 litteras
3146 1000 3531 1063 ministrarum,
3548 1006 3607 1054 ut
3625 998 3834 1069 quando

2291 1102 2361 1156 ab
2384 1099 2560 1170 aliquo
2588 1092 2772 1154 eorum
2800 1096 2976 1149 divina
3002 1090 3322 1146 narrabatur
3348 1092 3591 1157 historia,
3620 1105 3742 1144 cum
3765 1089 3835 1145 ad

2294 1191 2525 1260 seipsum
2552 1188 2774 1250 veniret,
2806 1194 3055 1260 tapquam
3078 1184 3141 1237 de
3168 1181 3275 1235 alio
3296 1180 3639 1249 loqueretur;
3675 1186 3732 1233 et
3757 1179 3839 1233 sic

2295 1294 2354 1333 se
2392 1278 2653 1333 insereret
2696 1267 3013 1330 ordinationi
3056 1269 3248 1342 [Aug.,
3297 1267 3493 1341 ordini]
3518 1267 3839 1323 narrationis

2296 1376 2689 1433 sum,tanquatu
2710 1377 2887 1417 rerum
2907 1368 3175 1431 gestarum
3198 1360 3445 1429 scriptor,
3461 1373 3565 1413 non
3586 1366 3840 1427 tanquam

2298 1456 2383 1509 sui
2406 1455 2575 1524 ipsius
2598 1451 2930 1522 pranlicator.
2953 1447 3074 1517 [Hoc
3109 1446 3235 1502 fecit
3274 1457 3330 1501 et
3367 1448 3555 1505 beatus
3592 1444 3836 1516 Moyses;

2300 1545 2371 1597 ita
2394 1544 2459 1597 de
2490 1558 2548 1597 se
2570 1542 2684 1611 ipso
2711 1548 2959 1608 tanquam
2987 1537 3053 1591 de
3078 1536 3180 1590 alio
3205 1545 3392 1590 concta
3422 1533 3658 1588 narravit
3676 1531 3837 1605 [Add.

2299 1652 2363 1688 ea:
2390 1634 2548 1705 Aug.,
2580 1642 2635 1687 et
2673 1632 2747 1686 ait
2775 1650 2787 1683 :
2819 1630 2951 1685 dixit
2980 1628 3233 1683 Dominus
3273 1626 3339 1680 ad
3380 1624 3617 1696 Moysen]
3643 1624 3839 1694 (Exod.

2304 1742 2381 1791 vr,
2408 1726 2481 1796 1).
2518 1743 2537 1775 ι
2566 1722 2845 1792 Diligebat,
2887 1735 2991 1773 non
3017 1733 3126 1788 prae
3150 1718 3396 1772 omnibus
3418 1730 3579 1791 unum
3600 1754 3614 1779 ,
3644 1714 3737 1769 sed
3766 1712 3842 1768 fa-

756 1802 1122 1908 perlidiam'ob
1146 1835 1369 1909 salutem
1405 1830 1610 1893 mundi,
1636 1815 1742 1883 non
1766 1802 2097 1894 suam,'quia
2120 1825 2202 1878 «ιί-
2234 1815 2276 1873 B
2302 1814 2561 1870 miliarias
2586 1812 2646 1865 in
2673 1810 2920 1864 omnibus
2945 1821 3129 1861 unum.
3172 1803 3428 1870 Quiddam
3458 1804 3509 1856 in
3537 1818 3600 1856 eo
3627 1802 3841 1865 dilexit,

649 1940 794 1985 etum
817 1936 900 1984 est
924 1928 1117 1982 de‘eo:
1157 1924 1343 1979 Melius
1361 1931 1500 1977 esset
1524 1919 1732 1981 homini
1752 1918 1844 1983 illi,
1867 1918 1912 1972 si
1936 1931 2040 1970 non
2074 1914 2201 1968 fuis-

650 2029 735 2075 set
751 2029 908 2074 natus
933 2015 1141 2089 (Matth.
1165 2029 1311 2078 xxvi,
1331 2012 1442 2084 24).
1473 2010 1564 2065 ιειί
1592 2025 1721 2064 vero
1745 2009 1810 2064 de
1834 2006 2028 2076 quibus
2045 2004 2202 2060 modo

650 2109 847 2163 dicitur
876 2104 1025 2178 [Ms.,
1049 2101 1239 2175 dixit];
1265 2101 1376 2173 Ego
1405 2102 1510 2155 scio
1543 2116 1670 2170 quos
1695 2098 1953 2168 elegerim,
1980 2097 2046 2151 ad
2077 2096 2204 2149 bea-

655 2197 936 2251 titudinem
984 2201 1195 2248 aeterna
1220 2192 1402 2262 gloriae
1442 2190 1597 2244 electi
1640 2196 1784 2243 sunt.
1836 2186 2030 2256 (Vens.
2082 2183 2202 2253 19.)

658 2305 675 2336 ι
712 2284 933 2348 Amodo,
962 2283 1153 2353 inquit,
1182 2282 1299 2336 dico
1318 2279 1453 2334 robis
1471 2279 1774 2348 priusquam
1798 2274 1917 2343 fiat,
1945 2282 2001 2326 ut
2025 2272 2204 2326 creda-

654 2377 740 2436 tis,
772 2389 888 2427 cum
914 2371 1109 2440 factum
1134 2370 1308 2439 fuerit,
1344 2367 1467 2437 quia
1494 2382 1585 2438 ego
1624 2380 1757 2417 sum.
1800 2362 1858 2417 1d
1895 2370 2005 2426 est,
2035 2359 2168 2432 [ego
2183 2358 2209 2430 ]ν

655 2479 793 2528 sum,
822 2463 887 2515 de
914 2458 1124 2530 quoilla
1149 2457 1423 2527 Scriptura
1444 2454 1734 2530 prmcessit,
1759 2452 1848 2506 ubi
1869 2451 2069 2505 dictum
2089 2458 2201 2503 cst:

655 2553 757 2617 Qui
783 2528 1058 2605 manducat
1081 2563 1275 2613 mecum
1302 2561 1514 2615 partem,
1534 2528 1715 2597 leuabit
1744 2556 1898 2609 super
1926 2555 2006 2592 me
2030 2537 2203 2591 calca—

658 2657 805 2695 ueum
834 2637 1012 2709 (Psal.
1054 2653 1155 2700 xc,
1188 2620 1297 2705 10).
1344 2653 1364 2686 ι
1397 2633 1579 2706 (Vsus.
1613 2632 1736 2701 20.)
1776 2629 1877 2694 Qui
1918 2629 2122 2697 accipit,
2161 2628 2207 2681 si

655 2732 1031 2802 quem-misero,
1060 2744 1139 2781 me
1159 2728 1343 2795 accipit
1369 2740 1387 2777 :
1424 2725 1515 2796 qui
1540 2733 1711 2777 autent
1737 2739 1815 2775 ine
1835 2721 2041 2790 accipit,
2074 2720 2206 2773 acci-

657 2824 724 2883 pit
754 2837 892 2885 eum,
919 2820 1007 2889 qui
1031 2834 1112 2872 me
1147 2818 1306 2871 misit.
1343 2833 1362 2868 ι
1398 2814 1528 2871 Cum
1559 2814 1674 2867 lucc
1701 2810 1931 2874 dicebat,
1964 2825 2065 2863 non
2091 2810 2208 2864 uni-

660 2922 821 2965 tatem
851 2918 1054 2963 natura:
1091 2909 1291 2971 divisit,
1319 2909 1414 2961 sed
1453 2904 1712 2959 mittentis
1735 2902 2101 2955 auctoritatem
2124 2894 2210 2953 os-

660 3000 844 3055 tendit.
863 2999 954 3054 Sic
979 2999 1159 3068 utique
1179 2996 1362 3068 [Aug.,
1382 2996 1459 3051 sic
1480 2993 1681 3065 itaque]
1710 2993 2069 3060 unusquisque
2088 3006 2207 3045 eum

660 3092 747 3160 qui
770 3099 853 3145 est
878 3089 1090 3151 missus,
1114 3087 1355 3157 accipiat,
1386 3086 1518 3139 utin
1547 3082 1635 3137 illo
1660 3096 1783 3135 eum
1820 3082 1911 3150 qui
1938 3082 2099 3145 misit,
2127 3088 2209 3134 at-
2233 3127 2278 3189 ϐ

662 3179 877 3231 tendat:
914 3176 959 3228 si
984 3189 1111 3244 ergo
1134 3172 1377 3227 attendas
1401 3172 1670 3224 Christum
1695 3171 1747 3222 in
1771 3168 1952 3232 Petro,
1972 3168 2207 3221 invenies

662 3262 903 3331 discipuli
928 3270 1327 3332 prmceptorcm.
1355 3259 1411 3312 Si
1442 3267 1617 3311 autem
1645 3257 1891 3312 attendas
1916 3255 2127 3310 Patrem
2154 3256 2209 3309 in

663 3352 814 3415 Filio,
846 3350 1080 3405 invenies
1110 3349 1371 3419 Unigeniti
1391 3346 1694 3402 Genitorem
1720 3361 1734 3399 :
1761 3361 1824 3400 ac
1849 3347 1929 3401 sic
1951 3345 2004 3399 in
2030 3361 2094 3400 eo
2119 3346 2209 3413 qui

665 3443 858 3496 missus
901 3449 983 3494 est
1020 3440 1136 3493 sine
1183 3436 1288 3490 ullo
1333 3436 1535 3505 accipis
1577 3450 1761 3489 errore
1814 3434 2128 3487 mittentem.
2186 3453 2204 3486 ι

665 3530 847 3597 (Vens.
877 3526 991 3597 2|.)
1021 3524 1153 3579 Cum
1178 3524 1287 3577 lucc
1306 3524 1520 3577 dixisset
1546 3522 1720 3587 Iesus,
1751 3523 1985 3576 turbatus
2010 3532 2083 3576 est
2109 3524 2213 3593 spi-

666 3617 791 3678 ritu,
817 3623 865 3667 et
890 3621 1197 3683 protestatus
1240 3621 1349 3677 est,
1389 3621 1437 3664 ct
1474 3612 1647 3664 dixit:
1692 3611 1882 3673 Amen,
1922 3626 2070 3663 amen
2097 3610 2213 3664 dico

666 3708 823 3770 uobis,
846 3706 969 3775 quia
993 3722 1126 3758 unus
1145 3721 1209 3757 ex
1235 3703 1369 3756 vobis
1389 3703 1554 3756 tradet
1581 3719 1678 3755 me.
1716 3720 1731 3751 ι
1764 3702 1789 3740 ιι
1811 3701 2064 3775 Turliavit
2092 3717 2214 3757 eum

668 3797 946 3850 imminens
966 3794 1142 3864 passio
1163 3800 1215 3845 et
1232 3791 1522 3860 periculum
1545 3774 1931 3861 proximum,et
1946 3790 2216 3844 traditoris

668 3884 972 3953 impendens
992 3897 1198 3945 manus,
1213 3880 1363 3949 cujus
1383 3880 1554 3934 fuerat
1570 3880 1922 3949 prmcognitus
1942 3879 2168 3932 animus.
2191 3898 2210 3930 ι

668 3973 829 4043 594
853 3973 1117 4025 Turbatus
1144 3979 1227 4023 est
1252 3970 1427 4037 itaque
1459 3969 1668 4037 spiritu,
1700 3973 1846 4021 tanto
1884 3966 2085 4020 scelere
2111 3974 2218 4019 tra-

668 4063 872 4117 ditoris.
901 4060 1136 4126 Turbata
1160 4066 1243 4113 est
1269 4060 1320 4112 in
1348 4073 1412 4113 eo
1435 4065 1614 4111 nostra
1655 4056 1961 4117 inﬁrmitas,
1989 4070 2092 4110 non
2121 4071 2215 4110 sua

670 4160 922 4218 potestas.
957 4148 1106 4203 Sicut
1145 4163 1245 4217 pro
1285 4148 1436 4201 nobis
1462 4159 1650 4213 passus
1678 4152 1795 4208 est,
1841 4144 1912 4197 ita
1947 4158 2041 4211 pro
2069 4144 2220 4199 nobis

672 4238 913 4291 turbatus
942 4244 1044 4289 est.
1075 4234 1174 4300 Qui
1202 4248 1329 4304 ergo
1367 4240 1629 4303 potestate
1655 4239 1894 4285 mortuus
1918 4239 2021 4297 est,
2051 4229 2222 4301 [pote-

673 4336 809 4381 state
838 4325 1079 4379 turbatus
1097 4322 1201 4394 est]
1235 4337 1301 4377 ne
1334 4332 1509 4377 nostra
1538 4321 1869 4391 perturbatio
1896 4320 1947 4374 in
1974 4320 2221 4389 despera—

674 4416 868 4468 tionem
898 4414 1091 4466 cadat:
1133 4411 1225 4465 sed
1252 4408 1352 4480 [in]
1391 4410 1784 4464 miserationem
1821 4408 2216 4476 proximorum,
2251 4440 2296 4496 ο

672 4503 755 4557 vel
792 4503 843 4556 in
874 4498 1103 4572 [veram1
1129 4497 1494 4568 pmnitentiam
1535 4504 1872 4564 peccatorum
1913 4502 2218 4548 nostrorum

673 4598 944 4651 vertatur;
978 4601 1101 4659 quia
1140 4585 1280 4639 illius
1304 4583 1630 4652 perturbatio
1668 4591 1847 4637 nostra
1877 4590 1959 4636 est
1981 4581 2224 4636 consola—

675 4679 766 4730 tio.
798 4677 979 4739 Amen,
1006 4691 1154 4728 amen
1182 4672 1297 4725 dico
1322 4672 1478 4734 vobis,
1508 4671 1629 4739 quia
1656 4688 1787 4725 unus
1813 4688 1875 4724 ea:
1901 4671 2037 4724 vobis
2071 4671 2224 4724 hodie

676 4766 840 4817 tradet
870 4780 946 4817 me
996 4780 1014 4813 ι
1041 4772 1062 4799 ε
1083 4761 1230 4816 Unus
1258 4775 1501 4822 numero,
1532 4774 1634 4811 non
1664 4760 1881 4823 merito;
1904 4762 2100 4827 specie,
2118 4776 2220 4814 nou

676 4855 904 4915 virtute;
942 4850 1314 4909 commistione
1356 4847 1646 4915 corporali,
1677 4863 1779 4901 non
1813 4849 2022 4903 vinculo
2061 4850 2210 4920 spiri-

680 4943 806 5005 tali;
846 4945 1025 4995 carnls
1050 4939 1402 5009 adiunctione,
1452 4952 1554 4991 non
1581 4938 1757 4991 cordis
1800 4940 1972 5001 socius
1999 4941 2219 4993 unitate.

679 5032 813 5097 Quid
838 5040 918 5086 est
944 5047 1006 5083 ex
1033 5029 1201 5091 vobis,
1250 5028 1381 5089 nisi,
1425 5042 1490 5081 ex
1527 5028 1675 5081 vobis
1699 5027 1936 5079 exiturus
1976 5038 2087 5091 est,
2134 5027 2223 5096 qui

683 5120 854 5174 tradet
878 5118 1003 5170 me?
1028 5115 1208 5185 (Vens.
1234 5112 1346 5183 22.)
1371 5113 1693 5183 Aspiciebant
1729 5131 1849 5184 ergo
1888 5115 2128 5183 discipuli
2156 5118 2224 5169 ad

682 5211 913 5270 invicem,
944 5208 1236 5259 ha‘sitantes
1256 5202 1319 5256 de
1343 5218 1444 5272 quo
1468 5202 1689 5269 diceret.
1708 5203 1797 5258 Sic
1832 5203 2022 5272 quippe
2062 5204 2113 5257 in
2149 5206 2227 5257 eis

681 5308 797 5351 erat
821 5313 943 5365 erga
981 5297 1287 5366 magistrum
1324 5309 1477 5350 suum
1517 5296 1603 5365 pia
1640 5296 1874 5351 Charitas
1896 5336 1910 5359 ,
1962 5303 2018 5347 ut
2050 5302 2223 5348 tamen

683 5401 773 5441 eos
797 5391 1023 5443 humana
1063 5387 1373 5442 alterutrum
1412 5389 1475 5443 de
1501 5387 1669 5441 altero
1707 5386 1979 5441 simularet
2008 5383 2146 5456 [11s.
2178 5396 2223 5438 et

686 5483 841 5549 Anq,
881 5481 1100 5535 alterum
1140 5479 1202 5534 de
1232 5480 1397 5535 altero
1425 5478 1740 5549 stimularet]
1768 5478 2059 5533 infirmitas.
2092 5476 2223 5531 Nota

760 5627 779 5650 θ
816 5616 884 5666 liv
918 5615 972 5665 S.
1009 5616 1160 5683 .\ng..
1188 5620 1343 5666 tract.
1375 5628 1481 5674 In,
1510 5611 1786 5683 nnmaI—S.

761 5688 783 5721 ετ
822 5685 888 5735 liv
924 5700 984 5732 (Ὅ
1009 5680 1123 5744 ἐειῐ,
1160 5692 1314 5736 llud.
1350 5699 1432 5747 rx,
1467 5697 1607 5736 num,
1654 5680 1697 5730 l.

2299 1904 2439 1974 quod
2468 1904 2521 1957 in
2545 1902 2666 1956 aliis
2686 1915 2789 1954 non
2820 1897 3023 1963 dilexit,
3051 1897 3102 1951 id
3130 1902 3231 1958 est,
3258 1901 3318 1949 ut
3340 1900 3436 1964 per
3457 1908 3641 1963 parem
3669 1901 3843 1955 trans-

2300 1996 2401 2050 iret
2425 1993 2514 2067 [ex
2539 1994 2640 2048 hac
2660 1992 2789 2053 vita,
2812 2003 2915 2044 non
2934 2002 3030 2057 per
3056 1984 3353 2056 passionem
3377 1982 3575 2055 finiret]
3606 1985 3742 2039 hanc
3765 1986 3846 2037 vi—

2300 2094 2429 2137 tam.
2478 2082 2545 2141 In
2580 2082 2698 2135 sinu
2724 2077 2881 2140 Jesu,
2907 2076 2961 2129 id
2985 2084 3093 2138 est,
3126 2075 3178 2127 in
3206 2079 3413 2128 secreto
3434 2111 3453 2143 ,
3487 2070 3553 2124 de
3579 2086 3686 2140 quo
3717 2070 3844 2124 illud

2301 2171 2543 2225 mirabile
2567 2175 2623 2223 et
2643 2166 2888 2222 omnibus
2906 2162 3115 2219 saeculis
3148 2160 3444 2215 inauditum
3471 2160 3733 2214 eructavit
3759 2176 3844 2212 sa-

2303 2268 2675 2317 cramentum:
2711 2256 2777 2310 In
2802 2256 3052 2326 principio
3081 2262 3189 2307 erat
3238 2251 3491 2316 Verbum,
3529 2260 3577 2305 et
3622 2250 3845 2305 Verbum

2301 2361 2410 2406 erat
2439 2349 2577 2420 apud
2600 2348 2782 2411 Deum,
2810 2356 2857 2402 et
2892 2345 3030 2400 Deus
3056 2355 3165 2400 erat
3201 2343 3441 2397 Verbum.
3763 2395 3793 2409 ν,
3834 2394 3837 2395 ν

2372 2443 2529 2497 Vsus.
2556 2439 2643 2493 2i.
2664 2467 2737 2478 ——
2764 2455 2783 2487 ι
2817 2434 2997 2490 Innuit
3023 2443 3194 2487 autem
3217 2432 3337 2487 huic
3359 2432 3542 2486 Simon
3568 2428 3774 2492 Petrus,
3798 2442 3847 2484 et

2303 2516 2425 2586 dicit
2451 2534 2517 2585 ei.
2544 2529 2813 2583 lnnuendo
2832 2524 2977 2589 dicit,
3008 2539 3111 2579 non
3138 2522 3397 2593 loquendo
3420 2539 3433 2584 ;
3473 2520 3847 2591 signiﬁcando,

2304 2637 2409 2675 non
2434 2618 2687 2674 sonando.
2719 2614 2855 2682 Quid
2884 2614 3015 2669 dicit
3038 2612 3342 2667 innuendo?
3379 2610 3529 2676 Qqu
3566 2610 3805 2679 sequitur
3831 2628 3843 2660 :

2306 2711 2434 2776 Quis
2461 2720 2555 2775 est,
2580 2710 2642 2764 de
2665 2724 2765 2778 quo
2789 2707 2955 2761 dicit?
2977 2704 3099 2759 litae
3124 2704 3282 2758 verba
3305 2702 3495 2756 Petrus
3520 2700 3719 2754 innuit:
3744 2715 3847 2753 non

2305 2817 2435 2857 sono
2464 2801 2633 2864 vocis,
2652 2798 2745 2864 sed
2769 2806 2915 2851 motu
2935 2794 3173 2863 corporis
3196 2793 3348 2847 dixit.
3378 2792 3562 2863 (Vnus.
3589 2790 3703 2861 25.)
3737 2789 3855 2844 Ita-

2304 2908 2401 2961 que
2428 2906 2542 2943 cum
2574 2887 2880 2943 recubuisset
2920 2883 3007 2938 ille
3049 2899 3205 2953 supra
3236 2891 3409 2953 pectus
3436 2879 3583 2933 Jesu.
3632 2878 3733 2955 Hie
3769 2886 3853 2932 est

2306 2981 2490 3048 utique
2512 2976 2741 3047 pectoris
2775 2976 2940 3038 sinus,
2971 2972 3240 3043 sapientiae
3264 2976 3545 3025 secretum.
3585 2967 3721 3021 Dicit
3761 2969 3848 3020 ei:

2307 3070 2542 3133 Domine,
2568 3067 2682 3137 quis
2702 3075 2775 3119 est
2798 3064 2906 3135 [qui
2929 3064 3095 3117 tradet
3127 3061 3233 3133 te]?
3273 3061 3454 3130 (Vens.
3482 3059 3595 3130 26.)
3622 3058 3850 3129 Respon-

2309 3159 2384 3211 dit
2409 3157 2455 3209 ei
2474 3156 2623 3209 Jcsus
2646 3168 2663 3204 :
2702 3152 2800 3205 Ille
2824 3160 2916 3215 est,
2942 3152 3027 3203 cui
3048 3150 3317 3203 intinctam
3340 3163 3523 3215 partem
3554 3162 3852 3217 porrexero.

2309 3246 2374 3299 Et
2414 3261 2530 3297 cum
2557 3243 2846 3297 intinxisset
2873 3254 3054 3309 panem
3076 3278 3091 3304 ,
3121 3236 3261 3291 dedit
3288 3236 3443 3291 Judte
3481 3234 3679 3291 Simoni
3717 3234 3850 3289 Sca-

2310 3336 2509 3389 riothis.
2535 3332 2661 3387 Post
2704 3346 2919 3401 partem,
2949 3342 3069 3384 tunc
3105 3328 3330 3383 introivit
3355 3328 3409 3382 iu
3432 3326 3577 3382 illum
3606 3325 3850 3381 Satanas.

2309 3426 2605 3493 Expressus
2636 3431 2721 3475 est
2761 3420 3013 3483 traditor,
3057 3417 3268 3471 nudata:
3304 3425 3427 3473 sunt
3455 3416 3671 3471 latebrae
3709 3424 3855 3469 tene-

2308 3518 2527 3571 brarum
2552 3532 2566 3566 :
2593 3512 2790 3566 bonum
2810 3518 2892 3565 est
2914 3508 3052 3579 quod
3077 3508 3279 3577 accepit
3303 3548 3318 3570 ,
3361 3506 3450 3561 sed
3479 3506 3618 3561 malo
3644 3521 3740 3561 suo
3766 3521 3855 3559 ac—

2309 3605 2473 3673 cepit,
2492 3603 2616 3672 quia
2640 3600 2775 3655 male
2788 3599 2991 3654 bonum.
3006 3597 3172 3652 malus
3192 3596 3414 3664 accepit.
3428 3616 3446 3647 ι
3475 3614 3492 3646 ι
3514 3596 3537 3633 ἀ
3559 3594 3689 3648 llinc
3710 3595 3856 3648 enim

2310 3695 2531 3750 docetur
2550 3707 2708 3761 quam
2732 3691 3012 3761 diligenter
3030 3688 3182 3742 nobis
3199 3688 3490 3742 cavendum
3509 3686 3598 3749 sit,
3619 3687 3696 3740 sic
3718 3683 3856 3737 male

2313 3787 2553 3854 accipere
2580 3784 2795 3838 bonum.
2824 3777 3039 3833 Multum
3077 3778 3270 3846 quippe
3311 3778 3551 3833 interest.
3598 3791 3702 3831 non
3728 3775 3857 3844 quid

2314 3874 2556 3943 accipiat,
2588 3870 2683 3926 sed
2703 3869 2823 3938 quis
2844 3867 3068 3937 accipiat
3091 3884 3103 3918 ε
3134 3881 3232 3919 nec
3254 3865 3408 3933 quale
3429 3866 3497 3919 sit
3518 3865 3659 3935 quod
3678 3864 3854 3928 datur,

2315 3960 2407 4015 sed
2436 3958 2607 4029 qualis
2636 3957 2704 4012 sit
2725 3956 2836 4026 ipse
2861 3955 2944 4010 eui
2971 3956 3142 4010 datur.
3173 3953 3393 4017 Intravit
3422 3968 3550 4024 ergo
3568 3963 3687 4023 post
3715 3954 3857 4009 hunc

2316 4065 2504 4121 panem
2536 4048 2764 4102 Satanas
2791 4046 2845 4100 in
2888 4043 3093 4099 Domini
3127 4044 3467 4108 traditorem,
3517 4052 3577 4096 ut
3619 4043 3717 4097 sibi
3741 4042 3855 4109 jam

2316 4140 2569 4194 traditum
2599 4137 2802 4207 plenius
2825 4134 3137 4203 possideret,
3176 4134 3230 4188 in
3258 4148 3413 4203 quem
3456 4134 3604 4200 prius
3627 4133 3859 4186 intrave-

2319 4238 2420 4293 rat,
2449 4235 2508 4281 ut
2535 4226 2818 4293 deciperet.
2857 4243 2875 4274 ι
2906 4223 3067 4278 Auxit
3091 4222 3232 4276 enim
3258 4228 3533 4290 peceatum
3559 4220 3861 4274 traditionis

2317 4317 2656 4387 przesumptio
2682 4314 3017 4377 sacramenti,
3044 4326 3163 4367 cum
3191 4311 3419 4366 hominis
3453 4311 3640 4381 ingrati
3665 4310 3859 4366 intras.

2319 4416 2400 4461 set
2441 4406 2593 4476 panis
2637 4405 2689 4458 in
2730 4410 2991 4466 ventrem,
3019 4402 3188 4457 hostis
3223 4401 3276 4455 in
3318 4409 3585 4455 mentem:
3618 4400 3861 4455 fortassis

2320 4510 2415 4562 per
2439 4493 2588 4563 panis
2616 4492 3006 4554 intinctionem,
3046 4489 3186 4543 illius
3229 4487 3530 4556 signiﬁcans
3569 4488 3855 4545 lietionem.

2320 4586 2410 4653 qui
2435 4584 2589 4638 fictus
2617 4582 2683 4636 ad
2708 4596 2912 4636 caenam
2938 4579 3079 4634 venit
3117 4578 3338 4643 amicus,
3367 4587 3421 4632 et
3455 4575 3620 4632 falsus
3655 4578 3719 4632 ad
3748 4593 3863 4633 ma-

2320 4662 2543 4743 gistrum
2569 4668 2759 4741 [vadit]
2784 4667 3086 4738 discipulus.

2397 4782 2415 4814 ι
2454 4762 2603 4827 Quod
2624 4761 2777 4829 facis,
2806 4761 2890 4831 fac
2909 4762 3080 4814 citius.
3110 4759 3222 4813 Non
3246 4758 3494 4829 prmcepit
3522 4757 3746 4820 facinus,
3768 4757 3862 4810 sed

2322 4850 2564 4921 praedixit
2583 4847 2730 4904 Juda:
2751 4848 2967 4911 malum,
2990 4847 3142 4901 nobis
3158 4845 3375 4900 bonum.
3396 4844 3533 4912 Quid
3551 4844 3693 4898 enim
3713 4841 3864 4898 Iuda

2319 4938 2491 5008 pejus,
2516 4946 2570 4991 et
2598 4937 2724 5006 quid
2753 4934 2905 4991 nobis
2944 4933 3149 4999 melius,
3189 4950 3348 5004 quam
3374 4932 3599 4987 traditus
3620 4930 3866 4986 Christus

2322 5029 2390 5081 ab
2418 5028 2549 5081 illo?
2582 5025 2745 5081 Citius
2779 5039 2795 5075 :
2826 5024 2926 5079 hoc
2954 5022 3195 5094 [verbum
3220 5013 3343 5094 hoc]
3364 5033 3443 5077 est
3462 5020 3579 5091 plus
3602 5023 3774 5091 parati
3794 5024 3865 5078 ad

2322 5118 2641 5184 passionem,
2668 5127 2827 5182 quam
2854 5114 2971 5170 irati
3003 5116 3069 5170 ad
3097 5115 3401 5169 vindictam.
3433 5111 3545 5167 Non
3582 5114 3725 5169 enim
3751 5122 3865 5167 tam

2323 5207 2389 5260 ad
2413 5205 2699 5275 perniciem
2733 5205 2916 5279 perﬁdi
2941 5204 3201 5259 saeviendo
3226 5205 3389 5267 dixit,
3420 5219 3580 5272 quam
3617 5204 3683 5257 ad
3720 5204 3865 5256 salu-

2327 5303 2430 5347 tem
2454 5292 2686 5348 ﬁdelium
2715 5292 3033 5356 festinando,
3059 5292 3195 5362 quod
3222 5292 3375 5362 facis,
3413 5292 3496 5360 fac
3527 5284 3720 5344 citius:
3756 5307 3862 5346 non
3894 5317 3899 5321 -

2328 5386 2449 5451 quia
2480 5384 2531 5438 in
2561 5393 2647 5438 tua
2670 5392 2929 5453 potestate
2953 5391 3051 5451 est,
3078 5398 3234 5451 quem
3258 5383 3467 5444 tradas,
3498 5381 3587 5436 sed
3613 5381 3735 5449 quia
3760 5382 3864 5437 hoc

2329 5472 2441 5524 vult
2466 5474 2551 5539 qui
2579 5472 2753 5525 omnia
2779 5478 2967 5538 potest.
2998 5472 3189 5540 (Vens.
3236 5471 3336 5532 28,
3375 5468 3497 5538 29..)
3540 5467 3651 5524 Hoc
3691 5481 3867 5523 autem

2403 5617 2420 5639 τ
2454 5606 2525 5656 liv
2552 5604 2605 5658 S.
2637 5602 2944 5671 Augustino,
2979 5608 3133 5655 tract.
3166 5591 3282 5661 Lvt,‘
3304 5601 3587 5671 nnm.2-6.

2401 5674 2422 5710 ’ἶ
2454 5674 2525 5725 1er
2557 5674 2758 5734 eodem,
2790 5680 2939 5723 tract.
2976 5687 3102 5731 ml,
3136 5686 3276 5723 num.
3316 5672 3357 5735 l,
3384 5671 3436 5734 2,
3476 5674 3515 5731 5,
3547 5671 3596 5721 5.
