4152 6200
350 311 451 367 919

1146 302 1541 359 EXECETICA.
1587 331 1644 339 »ι
1691 295 2036 351 ιιυιιιικκϊ.
2081 294 2140 346 IN
2177 295 2360 348 ΜΛΝ.

2507 299 2625 350 Liif.
2681 302 2752 348 \t.
3433 293 3532 347 930

349 438 494 478 nemo
518 421 638 474 sciri
679 415 1346 484 discumbentium,adquid
1365 413 1552 466 dixerit
1571 413 1636 463 ei.
1662 408 1883 474 Quidam
1915 415 1955 466 Α
1988 419 2162 461 autem
2194 408 2409 463 dixisset
2471 409 2619 461 Nam
2651 409 2963 475 clari/Scalas
2996 419 3064 459 est
3096 405 3261 458 lilia:
3291 409 3534 471 Iwminis.

349 516 482 568 enim
523 512 769 581 putabant
793 509 914 578 quia
943 509 1135 560 (oculos
1163 507 1372 559 habebat
1413 504 1600 562 ludas,
1636 503 1756 568 quia
1805 498 1887 548 tli—

346 607 502 660 xisset
532 605 579 656 ei
607 602 795 656 Iesus:
823 600 948 654 Eme
972 617 1034 652 ea
1060 613 1173 668 [μιαν
1202 613 1327 667 Opus
1351 604 1466 650 sunt
1491 593 1630 645 nobis
1660 591 1726 642 ad
1754 589 1886 640 diem

348 698 555 764 festina,
581 703 669 747 aut
707 701 761 744 ut
787 692 955 760 egenis
998 688 1194 757 aliquid
1229 687 1394 739 daret.
1425 682 1665 737 Habebat
1687 693 1812 747 ergo
1837 685 1890 728 et

351 787 603 839 Dominus
631 782 848 842 loculos,
874 790 928 833 et
953 793 983 831 a
1010 778 1250 831 ﬁdelibus
1274 774 1447 829 oblata
1470 781 1809 827 conservans,
1836 773 1891 817 ct

350 887 566 928 suorum
596 868 1002 924 necessitatibus
1024 875 1072 918 et
1095 865 1214 917 aliis
1234 861 1583 930 indigentibus
1603 853 1884 910 tribuebat.

353 961 500 1016 Tunc
524 961 753 1029 primum
774 955 1145 1010 ecclesiasticae
1180 951 1412 1020 pecunia:
1442 947 1608 1001 forma
1631 954 1712 998 est
1741 943 1890 996 insti-

354 1058 484 1110 tuta,
513 1049 600 1100 ubi
633 1046 1058 1113 intelligeremus,
1087 1043 1225 1109 quod
1253 1037 1500 1109 przecepit
1524 1051 1626 1090 non
1653 1033 1889 1101 cogitan-

349 1139 474 1190 dum
502 1150 622 1189 esse
665 1135 730 1188 de
755 1131 988 1187 crastino
1014 1130 1031 1199 (
1053 1129 1234 1181 Matth.
1263 1142 1312 1179 vr
1335 1166 1349 1189 ,
1389 1125 1456 1180 54
1471 1135 1489 1194 )
1511 1165 1526 1187 ,
1559 1139 1662 1176 non
1695 1122 1760 1175 ad
1791 1123 1891 1173 hoc

352 1225 516 1278 fuisse
535 1231 875 1292 praeceptum,
907 1227 962 1272 ut
987 1217 1116 1270 nihil
1142 1215 1372 1284 pecunire
1398 1220 1701 1267 servaretur
1721 1225 1750 1262 a
1769 1224 1890 1262 san-

346 1305 482 1375 ctis;
524 1312 616 1365 sed
644 1325 709 1364 ne
740 1310 845 1362 Deo
870 1321 966 1374 pro
994 1305 1091 1360 ista
1116 1305 1406 1365 serviatur,
1443 1310 1500 1354 et
1540 1308 1753 1368 prapter
1779 1299 1890 1350 iuo-

350 1402 451 1472 pia:
472 1402 712 1454 timorem
730 1397 935 1468 jnstitia
966 1397 1257 1450 deseratur.
1293 1411 1312 1445 ι

417 1487 574 1556 595
606 1487 762 1539 Vens.
795 1484 881 1537 50.
905 1512 972 1522 —
995 1481 1124 1534 Cum
1151 1490 1320 1533 autem
1347 1479 1618 1546 accepisset
1647 1475 1732 1527 ille
1761 1475 1885 1527 buc-

342 1578 548 1639 ellam,
578 1576 702 1629 exiit
729 1576 995 1637 continuo,
1034 1581 1144 1626 erat
1178 1581 1349 1624 autem
1376 1584 1496 1621 nox.
1543 1568 1670 1621 Erat
1712 1574 1887 1620 autem

349 1668 462 1736 ipse
489 1682 614 1730 nox,
643 1667 732 1734 qui
761 1666 921 1726 exiit,
952 1672 1008 1717 et
1046 1662 1185 1715 ﬁlius
1212 1661 1549 1713 tenebrarum
1572 1696 1587 1721 ,
1631 1667 1687 1711 et
1727 1670 1886 1724 opera

1988 514 2016 550 a
2041 497 2262 565 'junsit:
2306 498 2372 550 Et
2412 498 2551 552 Deus
2581 499 2894 566 clari/iratus
2942 509 3011 550 est
3050 499 3098 548 in
3129 514 3206 549 eo.
3241 497 3354 563 Ipsa
3393 501 3534 551 enim

1986 598 2067 643 est
2098 589 2408 643 clariﬁcatio
2435 590 2551 642 Filii
2581 590 2828 653 hominis,
2861 597 2917 641 ut
2955 590 3089 641 Deus
3118 587 3438 641 clariiicetur
3483 591 3534 642 in

1987 693 2068 730 eo.
2105 677 2217 731 Non
2240 680 2383 732 enim
2418 681 2526 747 ipse
2551 680 2600 732 in
2628 679 2801 746 scipso
2828 677 3008 749 [Aug..
3039 679 3082 730 si
3112 679 3252 752 enim
3290 693 3392 730 non
3425 680 3535 745 ipse

1989 769 2040 820 in
2067 768 2282 838 seipso],
2316 770 2406 821 sed
2448 768 2584 820 Deus
2618 770 2667 820 in
2699 770 2786 821 illo
2827 769 3173 828 clariﬁcatur,
3227 777 3346 820 tunc
3391 769 3533 818 illum
3597 758 3604 766 ’

1987 856 2126 912 Deus
2148 859 2200 909 in
2225 873 2280 910 sc
2300 858 2577 911 clariﬁcat.
2598 859 2832 925 Denique
2857 868 3103 924 tanquam
3127 859 3223 910 ista
3246 873 3532 924 exponens.

1987 943 2226 1014 adjungit
2254 955 2308 998 ct
2335 948 2496 1000 dicit:
2543 946 2598 998 Si
2635 947 2774 999 Deus
2805 946 3119 1012 clari/iratus
3147 957 3218 997 est
3262 947 3312 997 in
3354 962 3438 1001 eo.
3489 956 3535 996 et

1985 1032 2125 1085 Deus
2153 1033 2455 1101 ciari/irabit
2496 1052 2612 1087 eum
2651 1037 2706 1088 in
2747 1035 3030 1102 semetipso.
3067 1033 3175 1086 Hoc
3195 1043 3297 1095 est,
3327 1036 3370 1085 si
3400 1033 3535 1085 Deus

1986 1121 2300 1189 clari/iectus
2322 1134 2392 1176 est
2415 1125 2467 1175 in
2495 1141 2573 1186 eo,
2605 1125 2694 1192 qui
2725 1139 2826 1176 non
2853 1124 2996 1176 venit
3023 1121 3195 1177 facere
3217 1123 3534 1174 voluntatem

1986 1226 2152 1271 suam.
2179 1213 2270 1266 sed
2299 1213 2617 1266 voluntatem
2643 1213 2757 1278 ejus
2781 1214 2870 1281 qui
2895 1213 3033 1266 misit
3057 1228 3176 1264 cum
3206 1231 3216 1263 :
3244 1212 3421 1280 (Vens.
3447 1211 3534 1278 39.)

1988 1300 2055 1353 Et
2081 1301 2221 1355 Deus
2259 1301 2565 1369 clariﬁcabit
2593 1319 2709 1354 eum
2736 1304 2789 1354 in
2828 1304 3114 1370 semetipso,
3140 1310 3196 1352 ut
3227 1311 3413 1352 natura
3441 1300 3534 1351 iiu-

1987 1404 2165 1452 mana,
2182 1390 2233 1442 in
2255 1406 2357 1457 qua
2382 1398 2465 1442 est
2493 1390 2656 1444 Filius
2679 1391 2926 1453 hominis,
2946 1407 3062 1458 quae
3087 1406 3114 1442 a
3148 1389 3320 1444 Verbo
3338 1399 3534 1442 aeterno

1985 1487 2227 1544 suscepta
2272 1487 2383 1540 est,
2430 1479 2590 1530 etiam
2620 1479 2904 1532 immortali
2948 1479 3243 1530 :eternitatc
3288 1479 3532 1530 donetur.

1987 1564 2052 1616 Et
2072 1567 2335 1630 continuo,
2367 1569 2554 1634 inquit,
2583 1568 2886 1635 clariﬁcabit
2915 1585 3028 1619 eum
3053 1581 3068 1615 :
3095 1568 3532 1620 resurrectionem

1984 1654 2188 1708 scilicet
2213 1671 2385 1718 suam,
2417 1672 2520 1709 non
2550 1658 2687 1711 sicut
2717 1666 2950 1709 nostram
2981 1657 3030 1709 in
3062 1657 3163 1709 line
3198 1657 3372 1710 seculi
3397 1697 3412 1718 ,
3443 1658 3535 1708 sml

348 1755 548 1809 faciens
585 1753 940 1808 tenebrarum.
968 1751 1142 1804 Exivit
1175 1762 1300 1817 ergo
1324 1748 1391 1800 ad
1427 1762 1535 1800 suae
1577 1745 1887 1814 perditionis
1918 1739 1960 1796 Β
1988 1744 2239 1798 continuo
2284 1743 2512 1797 futuram
2538 1785 2552 1808 ,
2609 1747 2706 1798 hac
2762 1748 3100 1800 attestationc
3145 1748 3456 1826 prmdiccns.
3512 1766 3528 1795 ι

351 1845 721 1907 ministerium,
749 1851 804 1896 et
837 1842 905 1895 ad
944 1850 1138 1894 nostra:
1164 1838 1350 1892 salutis
1375 1835 1841 1908 [dispensationem
1867 1852 1880 1898 ;

350 1949 453 1987 non
473 1941 667 1986 nostra
696 1929 904 1999 salutis]
932 1927 1373 1988 considerazionc,
1397 1926 1487 1978 sed
1517 1939 1625 1977 sua:
1651 1924 1884 1992 negatio-

347 2023 429 2076 nis
469 2021 619 2093 μίση
667 2018 1058 2090 negotiationis]
1105 2017 1412 2071 intentione.
1465 2015 1598 2068 llinc
1641 2014 1887 2082 impletur

330 2112 485 2178 quod
513 2109 786 2162 Psalmista
818 2108 892 2160 ait
918 2125 929 2158 :
971 2106 1091 2158 Dies
1119 2105 1221 2157 diei
1240 2113 1436 2156 eructat
1467 2101 1688 2163 uerbum,
1709 2101 1759 2152 id
1782 2109 1882 2162 est,

349 2199 593 2254 Christus
623 2196 892 2266 discipulis
911 2195 1185 2266 promebat
1208 2195 1422 2246 verbum
1448 2190 1665 2244 salutis:
1698 2189 1764 2241 Et
1787 2206 1887 2242 no.1:

347 2291 482 2343 nocti
506 2289 697 2340 indicat
723 2287 986 2348 scientiam
1015 2283 1184 2354 (Psal.
1212 2299 1362 2344 xvnt,
1389 2282 1478 2351 5),
1521 2281 1571 2334 id
1596 2289 1697 2343 est,
1725 2279 1888 2332 Judas

347 2372 538 2430 Judzeis
561 2374 845 2444 proditoris
874 2371 1024 2441 Illa,
1054 2365 1385 2439 proditionis]
1427 2368 1680 2421 malitiam
1707 2375 1887 2420 osten-

349 2466 444 2518 dit.
469 2464 638 2527 ,Nunc
665 2463 862 2531 majore
904 2460 1192 2514 intentione
1225 2459 1382 2510 verba
1413 2454 1618 2509 Domini
1651 2454 1889 2508 conside-

352 2552 514 2605 randa
539 2559 680 2614 sunt,
710 2565 828 2618 quae
853 2549 964 2617 ipsa
993 2555 1146 2600 nocte
1177 2554 1298 2600 ante
1337 2543 1670 2596 traditionem
1710 2556 1887 2593 coram

350 2638 642 2708 [Hs.,ante
668 2637 963 2690 traditionis
1001 2631 1208 2701 horam]
1249 2630 1516 2699 discipulis
1553 2629 1891 2696 singulariter

351 2726 679 2793 loquebatur.
717 2721 1126 2775 Profundissima
1171 2727 1292 2773 sunt
1336 2719 1389 2771 in
1433 2719 1733 2786 mysteriis;
1774 2717 1890 2769 ideo

355 2813 441 2866 ubi
473 2813 692 2865 multum
714 2811 1049 2864 laboraturus
1069 2818 1147 2862 est
1170 2808 1483 2875 disputator,
1513 2820 1616 2859 non
1639 2806 1890 2858 remissus

352 2918 468 2957 esse
494 2905 646 2957 debet
686 2903 912 2955 auditor.
949 2900 1119 2954 Altius
1155 2897 1530 2952 consideranda
1573 2903 1695 2948 sunt
1732 2894 1890 2947 Altis-

354 2989 473 3042 sitni
499 2987 659 3053 "dicta,
689 2989 777 3058 qui
805 2989 1036 3043 occultat
1056 2995 1457 3055 ut-quaaramus,
1492 2992 1548 3038 et
1589 2982 1891 3037 manifestat

1985 1832 2164 1901 (Vens.
2198 1834 2308 1905 55.)
2355 1833 2569 1898 Filioli,
2597 1837 2764 1887 adhuc
2803 1837 3058 1888 modicum
3100 1837 3354 1888 rohiscum
3399 1853 3529 1886 simi.

1983 1923 2114 1977 Cum
2151 1935 2326 1977 autem
2363 1927 2604 1992 prmdixit
2647 1926 2711 1978 de
2752 1925 3128 1979 clarilicationc
3178 1925 3338 1978 futuri
3389 1926 3533 1991 regni

1988 2013 2090 2076 sui,
2118 2022 2170 2066 et
2192 2013 2256 2066 de
2279 2014 2656 2067 clariﬁcatione
2688 2015 3089 2066 resurrectionis
3114 2029 3241 2076 suae,
3272 2028 3389 2081 qua:
3413 2029 3529 2066 mox

1986 2101 2163 2155 futura
2196 2115 2310 2156 erat
2338 2121 2350 2166 ;
2395 2123 2412 2154 ι
2456 2105 2480 2142 b
2514 2120 2578 2156 ne
2606 2113 2851 2172 putarent
2875 2119 3001 2172 ergo
3021 2105 3156 2170 quod
3186 2103 3260 2155 sic
3288 2117 3406 2154 eum
3427 2101 3531 2154 cla-

1985 2190 2284 2244 riﬁcaturus
2313 2200 2453 2244 esset
2473 2192 2631 2254 Deus,
2659 2200 2716 2244 nt
2744 2207 2846 2244 non
2877 2193 2954 2244 eis
2975 2191 3378 2259 coniungeretur
3403 2190 3534 2241 ulte-

1987 2280 2097 2332 rius
2121 2293 2182 2332 ea
2208 2280 2628 2342 conversatione,
2672 2296 2774 2346 qua
2824 2281 2874 2332 in
2923 2289 3063 2332 terra
3107 2288 3222 2331 erat
3263 2293 3380 2331 cum
3411 2279 3531 2342 eis;

1985 2369 2173 2434 adhuc,
2205 2370 2392 2437 inquit,
2421 2369 2675 2421 modicum
2704 2369 2957 2422 vobiscum
2983 2387 3094 2423 sum
3118 2387 3136 2434 ;
3178 2379 3423 2437 tanquam
3453 2367 3533 2422 di-

1984 2465 2165 2510 ceret:
2197 2457 2456 2510 Continuo
2483 2458 2695 2525 quidem
2735 2462 3121 2512 resurrectione
3159 2457 3526 2519 clariﬁcabor,

1986 2561 2088 2598 non
2117 2554 2289 2600 tamen
2317 2547 2567 2600 continuo
2594 2560 2909 2601 ascensurus
2933 2549 2983 2601 in
3007 2549 3219 2610 cmium,
3246 2549 3336 2602 sed
3362 2549 3529 2600 adhuc

1987 2633 2239 2686 modicum
2270 2635 2522 2687 vobiscum
2563 2649 2715 2687 sum:
2764 2655 2782 2685 ι
2835 2636 3136 2704 signiﬁcans
3183 2637 3529 2704 quadraginta

1987 2723 2118 2784 dies,
2149 2725 2337 2791 quibus
2365 2733 2478 2777 erat
2505 2739 2623 2777 cum
2652 2724 2940 2792 discipulis,
2979 2727 3303 2792 temporibus
3337 2741 3526 2799 oppor-

1988 2811 2131 2862 tunis
2155 2826 2412 2878 apparens
2443 2812 2560 2864 illis.
2585 2811 2764 2865 Potest
2785 2821 2956 2864 tamen
2983 2813 3217 2880 intelligi,
3247 2815 3386 2882 quod
3410 2829 3528 2881 par-

1988 2912 2106 2950 vum
2138 2907 2344 2965 tempus
2370 2898 2509 2952 illius
2538 2901 2895 2953 tantummodo
2925 2902 3112 2963 noctis,
3137 2917 3303 2968 usque
3324 2903 3388 2955 ad
3409 2918 3526 2970 pas-

1988 2986 2149 3040 sionis
2187 2987 2368 3040 horam
2405 3003 2524 3041 cum
2551 2989 2820 3056 discipulis
2848 3004 2905 3042 se
2929 3005 3065 3043 esse.
3109 3002 3130 3028 ε
3174 3011 3192 3040 ι
3231 2991 3321 3044 Est
3349 3000 3403 3045 et
3427 2991 3530 3046 alia

355 3085 412 3129 ut
441 3077 788 3132 inveniamus.
815 3077 928 3145 Ipse
957 3085 1037 3130 est
1062 3075 1151 3143 qui
1179 3073 1396 3135 claudit,
1421 3081 1476 3126 et
1499 3071 1668 3139 aperit
1693 3089 1706 3122 :
1747 3071 1887 3126 clau-
1911 3061 1956 3121 C
1988 3074 2162 3126 divina
2187 3077 2484 3142 prmsentia,
2509 3078 2750 3130 sensibus
2781 3078 2960 3144 ignota
2985 3079 3315 3140 mortalibus.
3338 3082 3403 3134 de
3425 3097 3528 3149 qua

355 3166 432 3218 dit
459 3174 517 3219 ut
537 3181 863 3233 qwramus:
889 3163 1058 3232 aperit
1085 3170 1141 3215 ut
1166 3160 1510 3222 inveniamus,
1534 3169 1589 3212 ut
1613 3159 1891 3227 inquisitor

354 3254 582 3308 fructum
619 3254 843 3321 accipiat
865 3252 1073 3306 sudoris
1104 3251 1220 3313 sui;
1257 3259 1311 3303 et
1345 3250 1565 3318 largitor
1599 3248 1806 3302 laudem
1837 3256 1891 3301 et

357 3343 558 3412 gratias
585 3342 833 3395 bonitatis
853 3356 961 3393 sua:
987 3341 1196 3410 habeat,

424 3431 580 3485 Vsus.
596 3432 680 3484 5|.
694 3460 762 3468 —
776 3430 915 3482 Dixit
930 3428 961 3480 Ι
967 3445 1080 3481 esus
1099 3443 1114 3478 :
1134 3421 1284 3496 unc
1300 3427 1615 3495 clariﬁcatus
1633 3437 1704 3480 est
1721 3426 1888 3481 Filius

355 3522 602 3582 hominis,
634 3529 682 3571 et
727 3520 864 3571 Deus
899 3519 1214 3579 clariﬁcatus
1252 3527 1325 3571 est
1365 3519 1419 3569 in
1462 3535 1539 3571 eo.
1574 3517 1671 3571 Hic
1692 3517 1889 3586 aliquid

358 3623 601 3677 magnum
641 3606 897 3674 signiﬁcat
927 3607 979 3658 in
1011 3588 1112 3658 hac"
1143 3605 1538 3658 clariﬁcatione.
1589 3622 1606 3654 ι
1660 3617 1684 3644 ι
1715 3605 1892 3659 Exivit

357 3695 536 3759 ludas,
560 3705 613 3749 et
633 3694 947 3748 clariﬁcatus
973 3703 1053 3747 est
1082 3693 1235 3747 Jesus
1258 3709 1272 3758 ;
1311 3695 1439 3746 exiit
1475 3693 1614 3748 [ilius
1641 3696 1892 3763 perditio-

359 3787 460 3847 nis,
487 3793 539 3838 et
559 3783 876 3838 clariﬁcatus
896 3793 976 3837 est
998 3783 1159 3860 filius
1184 3783 1427 3836 hominis.
1453 3783 1690 3836 Eseunte
1714 3785 1891 3852 itaque

361 3873 631 3926 immundo
663 3887 847 3925 omnes
886 3869 1065 3924 mundi
1094 3879 1590 3947 remanserunthet
1632 3887 1753 3926 cum
1795 3888 1893 3926 suo

361 3962 668 4015 mundatore
697 3968 1020 4013 manserunt.
1050 3959 1175 4012 Tale
1203 3958 1398 4026 aliquid
1424 3961 1547 4024 erit,
1577 3975 1695 4013 cum
1722 3962 1895 4015 victus

360 4067 390 4104 ιι
418 4050 627 4118 Christo
650 4048 869 4102 transiet
893 4046 1068 4117 [Aug.,
1103 4045 1389 4116 transierit]
1435 4047 1520 4100 hic
1555 4047 1800 4111 mundus,
1839 4056 1892 4101 et

359 4155 513 4194 nemo
539 4140 590 4192 in
625 4137 812 4207 populo
839 4135 1036 4190 Christi
1062 4135 1349 4189 remanebit
1373 4136 1707 4190 immundus:
1749 4152 1890 4200 cum,

359 4231 576 4284 zizaniis
603 4244 632 4281 a
659 4228 833 4281 tritico
865 4227 1153 4294 separatis,
1174 4227 1302 4294 justi
1346 4225 1613 4295 fulgebunt
1653 4227 1789 4281 sicut
1815 4227 1892 4284 sol

361 4321 414 4374 in
453 4333 614 4387 regno
656 4317 828 4369 Patris
855 4317 935 4369 sui
967 4315 1175 4383 (Matth.
1208 4331 1325 4378 xm,
1361 4315 1469 4384 45).
1509 4334 1528 4365 ι
1563 4316 1637 4369 De
1662 4317 1757 4368 hac
1785 4316 1891 4368 cla-

364 4375 650 4462 riﬁcaiione
675 4404 849 4457 futura
877 4375 1178 4457 sanctorum
1194 4375 1490 4464 locuturus,
1519 4404 1679 4456 verbo
1702 4411 1892 4470 prmte—
1922 4375 1968 4430 θ

365 4497 450 4547 riti
478 4495 722 4562 temporis
747 4503 828 4546 est
856 4507 980 4545 usus
1005 4508 1019 4556 ;
1059 4492 1180 4558 quia
1206 4491 1342 4558 quod
1365 4489 1595 4542 futurum
1623 4491 1676 4542 in
1698 4490 1894 4543 sanctis

365 4592 464 4643 est,
497 4583 594 4633 hoc
620 4583 671 4633 in
697 4581 1154 4648 pnedestinationc
1183 4578 1274 4631 Dei
1315 4578 1510 4632 factum
1541 4594 1657 4632 esse
1679 4579 1888 4632 dicitur.

372 4691 389 4722 ι
430 4671 578 4724 Nunc
606 4671 913 4736 clariﬁcatus
941 4680 1012 4726 est
1044 4670 1211 4722 Filius
1249 4671 1502 4732 hominis;
1535 4679 1780 4738 tanquam
1809 4672 1890 4723 di-

367 4769 511 4815 ceret
537 4779 546 4810 :
589 4759 721 4811 Ecce
750 4758 802 4809 in
829 4758 910 4810 illa
938 4773 1051 4811 mea
1089 4758 1466 4812 clariﬁcatione
1503 4759 1628 4826 quid
1656 4759 1778 4821 erit,
1805 4760 1891 4811 ubi

369 4851 623 4903 malorum
662 4846 834 4899 nullus
877 4847 997 4898 erit.
1030 4847 1124 4900 Hic
1151 4857 1326 4900 autem
1358 4847 1534 4916 [Aug.,
1567 4846 1654 4900 Sic
1696 4848 1894 4915 autem]

370 4956 470 4992 non
501 4948 581 4991 est
601 4938 795 4990 dictum
822 4953 832 4986 :
864 4934 1007 4986 Nunc
1033 4935 1318 5001 signiﬁcata
1357 4945 1437 4989 est
1477 4935 1781 4988 clariﬁcatio
1806 4934 1903 4987 ﬁlii

371 5027 595 5078 hominis
618 5042 631 5088 ;
670 5025 760 5078 sed
784 5025 976 5077 dictum
998 5032 1097 5082 est,
1123 5022 1272 5075 Nunc
1297 5025 1607 5091 clari/icatus
1634 5036 1704 5077 est
1730 5023 1897 5076 Filius

369 5116 585 5171 hominis
611 5129 628 5164 :
656 5115 1090 5180 quemadmodum
1127 5128 1226 5164 non
1263 5122 1343 5164 est
1375 5115 1568 5166 dictum
1599 5133 1608 5165 :
1651 5114 1804 5166 Petra
1831 5114 1900 5165 si-

370 5206 651 5271 gniﬁcabat
675 5202 960 5265 Christum,
1000 5204 1110 5265 sed,
1143 5200 1288 5253 Petra
1333 5213 1440 5253 erat
1487 5200 1736 5256 Christus.
1766 5204 1894 5257 Cum

442 5369 466 5395 ι
496 5355 572 5409 Ex
601 5357 802 5415 eodem,
838 5359 992 5405 tract.
1022 5367 1169 5415 uin,
1197 5368 1336 5405 num.
1365 5352 1416 5414 2,
1449 5354 1498 5404 5.

445 5425 470 5462 ⁵
500 5423 573 5476 Ex
604 5426 807 5483 eoJem,
836 5428 988 5473 tract.
1017 5433 1153 5478 μιν,
1187 5436 1327 5472 num.
1356 5421 1482 5472 ιρι.

446 5506 467 5531 ο
509 5493 676 5550 Locus
712 5491 923 5544 mutilus
956 5499 1060 5559 tam
1100 5488 1311 5559 in_Edit.
1346 5503 1502 5557 quam
1533 5490 1678 5550 Mss,
1709 5495 1796 5559 qui
1828 5495 1898 5546 ita

379 5561 617 5616 fortassis
643 5561 843 5614 restitui
870 5558 1064 5627 possit:
1101 5577 1116 5606 ι
1150 5556 1320 5609 Potest
1347 5556 1518 5626 tamen
1551 5556 1761 5629 intelligi
1781 5578 1901 5630 par-

1988 3160 2112 3212 item
2135 3162 2291 3214 dicit:
2323 3161 2450 3214 Ecce
2475 3180 2564 3232 ego
2593 3163 2843 3216 vobiscum
2866 3182 3000 3228 sum,
3029 3183 3185 3235 usque
3204 3167 3272 3218 ad
3297 3184 3529 3220 consum-

1985 3249 2260 3302 mationem
2287 3251 2465 3303 strculi
2496 3251 2704 3318 (Matth.
2736 3268 2923 3313 xxvnt,
2969 3252 3076 3320 20).
3121 3252 3229 3306 lloc
3257 3263 3408 3308 certe.
3428 3270 3530 3307 non

1985 3347 2085 3401 est,
2116 3339 2282 3391 adhuc
2310 3341 2565 3394 modicum
2595 3341 2852 3393 vobiscum
2895 3359 3052 3406 sum;
3087 3361 3105 3394 ι
3147 3343 3239 3396 sed
3266 3353 3344 3397 cst
3371 3346 3532 3395 modi-

1986 3443 2102 3477 cum
2129 3427 2403 3489 vobiscum,
2435 3427 2515 3478 vel
2545 3437 2667 3480 ante
2685 3429 2946 3496 passionis
2966 3431 3174 3493 horam,
3200 3431 3281 3484 vel
3311 3441 3428 3498 post
3452 3447 3534 3491 re—

1987 3517 2368 3569 surrectionem
2415 3533 2579 3585 usque
2613 3520 2677 3570 ad
2717 3520 3042 3592 ascensionis
3071 3521 3312 3590 gloriam.
3346 3540 3364 3570 (
3399 3521 3532 3588 Quid

1987 3612 2068 3657 est
2088 3606 2226 3672 quod
2251 3613 2369 3671 post
2392 3607 2828 3660 resurrectionem
2851 3609 2954 3662 alio
2975 3609 3089 3662 loco
3109 3610 3241 3663 dixit
3263 3603 3533 3678 discipulis

1987 3693 2131 3745 Suis:
2175 3691 2299 3744 lla'c
2333 3702 2452 3744 sunt
2500 3694 2646 3768 verba
2664 3710 2779 3761 quia
2819 3695 3020 3747 locutus
3047 3713 3164 3749 sum
3203 3697 3370 3760 vobis,
3414 3715 3530 3750 cum

1988 3781 2155 3832 adhuc
2173 3796 2329 3832 essent
2352 3779 2510 3850 596
2537 3781 2787 3833 vobiscum
2810 3781 2956 3852 (Luc.
2983 3799 3126 3847 xxiv,
3150 3785 3258 3852 44),
3288 3786 3388 3841 nisi
3409 3801 3529 3840 cum

1988 3871 2159 3924 adhuc
2201 3886 2372 3924 essem
2413 3871 2465 3924 in
2492 3886 2650 3925 carne
2677 3873 2906 3933 mortali,
2940 3874 2992 3925 in
3020 3889 3121 3940 qua
3163 3877 3294 3927 estis
3317 3885 3371 3929 et
3395 3878 3531 3929 vos?

1989 3961 2138 4014 Tune
2166 3961 2328 4026 enim,
2357 3975 2476 4014 cum
2507 3961 2618 4013 haec
2645 3961 2864 4023 diceret,
2897 3961 2948 4014 in
2971 3962 3152 4015 eadem
3175 3979 3335 4017 carne
3360 3965 3530 4019 susci-

1990 4054 2097 4098 tata
2121 4046 2298 4116 [Aug.,
2330 4047 2692 4119 resuscitatus]
2722 4059 2856 4111 erat.
2882 4050 2972 4104 sed
2997 4067 3116 4104 cum
3141 4053 3244 4106 illis
3275 4054 3326 4106 in
3347 4055 3529 4107 eadem

1992 4136 2307 4188 mortalitate
2331 4134 2438 4202 jam
2473 4153 2575 4190 non
2602 4147 2733 4191 erat.

2059 4243 2301 4308 Qucritis
2331 4261 2425 4304 me,
2455 4255 2502 4297 et
2535 4245 2666 4296 sicut
2701 4246 2810 4297 dixi
2852 4247 3071 4306 Judtris,
3118 4264 3221 4314 quo
3252 4265 3342 4316 ego
3380 4249 3530 4314 mdo,

1990 4347 2074 4383 vos
2101 4346 2200 4382 non
2227 4332 2432 4397 potestis
2458 4331 2653 4382 renire:
2689 4341 2734 4383 et
2763 4333 2876 4384 dico
2906 4334 3040 4386 vobis
3071 4337 3240 4387 modo.
3287 4336 3393 4390 llnc
3426 4349 3530 4404 est,

1992 4420 2147 4473 modo
2170 4435 2272 4473 non
2307 4421 2543 4485 potestis.
2584 4419 2778 4475 Judzeis
2816 4431 2990 4476 autem
3016 4440 3135 4478 cum
3168 4427 3280 4481 ha:c
3307 4429 3528 4491 diceret,

1993 4523 2094 4560 non
2135 4509 2361 4568 addidit,
2393 4509 2562 4561 modo.
2595 4509 2683 4561 In“
2723 4511 2896 4578 itaque
2937 4529 3041 4566 non
3089 4523 3330 4580 poterant
3357 4517 3532 4568 venire

1993 4607 2138 4660 tunc,
2169 4613 2274 4664 quo
2303 4598 2388 4650 illo
2415 4599 2538 4659 ibat,
2575 4600 2665 4651 sed
2692 4610 2936 4666 poterant
2963 4611 3161 4668 postea.
3191 4603 3413 4670 Ideoque
3438 4603 3524 4656 do-

1992 4703 2118 4741 cens
2143 4703 2254 4750 eos,
2281 4689 2544 4754 quomodo
2571 4674 2738 4740 idcinei
2777 4704 2893 4742 esse
2920 4702 3134 4756 possent
3163 4708 3400 4761 pergere,
3428 4711 3532 4762 quo

1994 4776 2080 4828 ille
2107 4785 2249 4828 auter
2277 4777 2448 4828 ‘deliat
2489 4793 2499 4825 ε
2529 4777 2709 4842 (Vens.
2736 4777 2823 4839 '54)
2857 4776 3182 4842 Mandatum,
3213 4782 3398 4848 inquit,
3437 4800 3529 4836 no-

1995 4881 2109 4914 vum
2147 4863 2212 4914 do
2243 4862 2400 4923 vobis,
2437 4873 2490 4913 ut
2532 4863 2755 4930 diligatis
2795 4867 3024 4918 invicem.
3070 4867 3129 4920 ili
3165 4879 3287 4921 sunt
3321 4885 3533 4937 gressus

1996 4949 2183 5016 quibus
2230 4950 2525 5016 sequendus
2567 4963 2647 5004 est
2689 4953 2966 5015 Christus;
3018 4975 3033 5004 ι
3082 4956 3180 5009 hoc
3229 4959 3528 5012 mandatum

1995 5038 2287 5090 cbaritatis.
2323 5057 2339 5086 ι
2376 5039 2399 5077 δ
2433 5039 2647 5091 lnnovat
2674 5043 2864 5108 quippe
2893 5044 3211 5106 audientem,
3253 5046 3332 5098 vel
3359 5051 3533 5114 potius

1995 5128 2344 5190 obedientem,
2373 5145 2471 5181 non
2498 5131 2688 5186 omnis.
2721 5132 2810 5182 sed
2846 5133 2943 5182 ista
2971 5128 3212 5195 dilectio,
3241 5152 3397 5204 quam
3433 5139 3528 5191 Do-

2000 5217 2188 5279 minus,
2219 5227 2275 5268 ut
2300 5233 2326 5268 a
2358 5218 2554 5292 carnali
2582 5219 3230 5288 dilectionedistingueret
3250 5264 3264 5286 ,
3294 5223 3491 5276 addidit
3520 5242 3528 5274 τ

1999 5381 2120 5418 vum
2151 5375 2362 5446 tempus.
2383 5365 2519 5419 illius
2551 5371 3126 5446 tantummodo__noctis,
3159 5385 3322 5440 usque
3345 5373 3408 5426 ad
3438 5372 3532 5430 ho.

2002 5447 2112 5506 ram
2125 5435 2412 5506 passionis,
2440 5451 2542 5502 quo
2566 5454 2681 5489 cum
2706 5437 2973 5506 discipulis
3001 5448 3157 5491 es~ct.
3190 5459 3206 5489 ι

2067 5505 2089 5540 ἀ
2122 5501 2194 5556 Ex
2228 5501 2282 5556 S.
2317 5503 2427 5571 Aug
2456 5501 2469 5564 ζ
2500 5516 2653 5558 tract.
2687 5524 2798 5570 ιιιν,
2831 5501 2970 5558 num.
3004 5507 3052 5569 1,
3078 5506 3130 5558 Ξ.
