4266 6192
582 270 719 373 ’θιιι

619 421 765 481 Sicut
791 424 949 479 dilexi
976 442 1077 479 eos.
1113 424 1336 480 Dilectio
1380 427 1481 481 ista
1508 443 1604 483 nos
1641 422 1873 495 innovat,
1901 440 1959 485 ut
1980 431 2151 486 simus
2177 432 2222 489 Δ
2317 474 2321 482 ,

618 514 860 571 homines
881 515 1023 580 novi,
1040 515 1132 570 sed
1155 516 1389 571 hmredes
1417 517 1739 574 Testamenti
1761 519 1912 575 Novi.
1928 520 2051 575 Hac
2069 520 2148 575 di-

616 604 773 662 lectio
792 603 1039 676 populum
1064 619 1255 659 novum
1291 604 1489 676 colligit
1511 605 1741 662 Christo.
1778 628 1796 660 ι
1831 607 1954 663 llaec
1976 616 2030 664 et
2054 625 2148 663 an-

566 746 569 749 .
617 692 791 762 tiquos
826 690 1010 746 Patres
1042 690 1343 756 innovabat,
1368 699 1429 746 ut
1452 701 1631 747 essent
1655 693 1707 748 in
1734 692 2000 749 Christum
2026 708 2146 766 cre-

612 783 829 845 dentes,
867 780 958 851 qui
982 787 1233 835 venturus
1265 787 1382 834 erat
1412 781 1671 845 redimere
1712 797 1823 837 eos.
1864 800 1884 834 ι
1916 782 2146 837 Audiant

611 872 753 926 enim
779 877 937 938 atque
963 868 1296 924 custodiant:
1337 867 1643 928 laudatum
1670 886 1854 923 nouum
1879 870 1945 923 do
1973 870 2141 935 vobis,

617 969 672 1011 ut
709 972 793 1012 eos
828 956 1040 1010 invicem
1078 954 1305 1025 diligatis
1350 974 1369 1007 ι
1415 970 1599 1011 omnes
1624 957 1716 1025 qui
1742 957 1923 1011 volunt
1949 954 2145 1012 fratres

1459 317 1520 371 Β.
1556 319 1614 373 F.
1656 321 1872 375 ALBlNl
1910 321 2037 381 SEU
2075 320 2340 376 ALCL’lNi
2377 323 2648 378 GPEREM
2684 327 2858 382 PARS
2894 329 2953 382 ll.

610 1062 726 1103 csse
748 1048 886 1103 unici
903 1046 1023 1101 Filii
1042 1047 1154 1108 Dei,
1181 1046 1271 1115 qui
1292 1045 1520 1116 seipsum
1544 1045 1600 1100 in
1618 1047 1720 1102 hac
1738 1046 2018 1102 dilectione
2035 1055 2145 1102 tra-
2184 1084 2191 1092 -

608 1136 740 1191 didit
763 1151 859 1206 pro
895 1136 1067 1191 nobis.
1104 1134 1234 1189 Nam
1267 1144 1320 1191 et
1346 1136 1401 1189 in
1438 1137 1538 1191 hoc
1564 1136 1815 1191 mandato
1838 1136 1965 1191 illud
1993 1151 2142 1191 man-

608 1226 788 1281 datum
828 1234 938 1292 est,
975 1226 1115 1296 quod
1150 1226 1299 1295 prius
1339 1226 1583 1293 ponitur:
1631 1225 1824 1296 Diliges
1864 1226 2140 1280 Dominum

608 1312 773 1368 Deum
798 1321 1045 1397 tuum\e.s
1082 1321 1187 1397 toto
1206 1312 1359 1383 corde
1391 1321 1511 1374 tuo.
1545 1310 1615 1382 [et
1636 1328 1700 1366 ea:
1726 1322 1833 1366 tota
1868 1312 2139 1385 πίασμα

604 1409 713 1455 tota
737 1410 902 1454 mente
919 1396 1010 1453 tua
1029 1396 1238 1471 (lauit.
1264 1414 1396 1464 xxii,
1418 1399 1508 1463 59,
1538 1398 1666 1470 seq.)
1689 1414 1705 1453 :
1741 1419 1759 1450 ι
1791 1401 1883 1455 sed
1902 1401 2035 1456 bene
2061 1401 2141 1455 in-

604 1486 957 1559 telligentibus
984 1495 1266 1555 utrumque
1282 1487 1555 1541 invenitur
1572 1488 1627 1542 in
1663 1487 1902 1558 singulis.
1935 1489 2065 1543 Nam
2085 1497 2139 1543 et

529 1592 532 1594 ‘
603 1576 694 1646 qui
722 1576 888 1646 diligit
915 1575 1099 1641 Deum,
1147 1591 1253 1630 non
1293 1590 1415 1630 eum
1459 1583 1630 1644 potest
1658 1578 1907 1633 cohibere
1947 1578 2136 1648 praeci-

602 1665 853 1735 pientem,
874 1674 933 1719 ut
957 1681 1061 1721 non
1081 1665 1262 1736 diligat
1281 1666 1578 1735 proximum
1601 1667 1779 1739 [Aug.,
1803 1679 2137 1725 contemnere

3678 338 3780 392 932

2674 436 2830 507 597
2864 438 3084 495 CAPUT
3118 441 3341 496 χχχιι.

2247 538 2369 622 Non
2412 544 2643 624 turbetur
2679 563 2786 624 cor”
2809 558 3053 624 oestrum,
3090 550 3501 624 ait_discipulis._
3525 552 3636 624 Ego
3662 573 3772 624 eum

2310 610 2412 675 ria,
2452 613 2656 681 veritas,
2688 624 2749 681 et,
2775 617 2899 668 rita.
2944 610 3047 681 Qui
3092 619 3226 672 ridet
3273 610 3368 679 me.
3417 621 3553 680 videt
3572 610 3641 676 ἐι
3670 622 3775 677 Ρα-

2310 686 2455 762 trem.
2474 679 2604 762 “Ego
2646 683 2700 735 in
2732 680 2907 762 Patre,
2936 679 2983 738 ei
3014 684 3270 762 Fateris
3291 703 3390 742 me.
3430 679 3776 762 Quodcunque

2307 747 2554 813 petieritis
2578 749 2633 803 iu
2660 752 2862 804 nomine
2888 747 3018 817 meo,
3046 756 3141 808 ltoc
3165 756 3377 823 faciam.
3434 747 3468 753 ά
3689 747 3703 762 ’
3824 764 3825 767 “

2306 856 2483 913 (ΞΑνιιτ
2504 874 2615 927 xlv,
2643 861 2804 916 Vsus.
2829 862 2891 916 l.’
2907 892 2980 905 —
3006 864 3129 919 Non
3163 866 3393 920 turbetur
3416 885 3506 922 cor
3530 881 3772 925 uestrum.

2239 943 2458 1000 Creditis
2485 948 2540 1000 iu
2593 948 2780 1013 Deum,
2806 960 2854 1004 et
2872 952 2930 1005 iu
2968 968 3049 1005 me
3081 954 3289 1007 credite.
3325 972 3344 1005 ι
3381 956 3410 996 δ
3449 955 3527 1011 Ne
3548 968 3774 1020 mortem

2239 1041 2489 1102 tanquam
2533 1034 2773 1091 homines
2805 1039 3050 1094 timerent
3077 1038 3263 1111 [Beda,
3306 1057 3373 1097 ne
3416 1054 3642 1101 mortem
3671 1047 3775 1101 sibi

2239 1131 2487 1192 tanquam
2539 1125 2738 1180 homini
2789 1128 3079 1201 timerent],
3128 1138 3185 1185 et
3235 1131 3356 1186 ideo
3408 1133 3773 1200 turbarentur,

2236 1212 2537 1267 consolatur
2587 1228 2700 1279 eos,
2748 1217 2909 1271 etiam
2960 1218 3124 1273 Deum
3174 1234 3232 1273 se
3281 1235 3399 1275 esse
3445 1230 3770 1278 contestans.

2236 1298 2576 1370 Consequens
2605 1312 2690 1359 est
2720 1306 2881 1368 enim,
2910 1315 2970 1361 ut
3006 1308 3052 1362 si
3079 1308 3132 1362 in
3170 1309 3335 1363 Deum
3378 1312 3617 1376 creditis,
3645 1323 3700 1367 et
3719 1314 3776 1367 in

2235 1408 2321 1447 me
2364 1396 2582 1451 credere
2611 1396 2883 1453 debeatis:
2936 1400 3075 1468 quod
3116 1416 3220 1455 non
3247 1412 3388 1457 esset
3423 1418 3773 1474 consequens,

2236 1482 2282 1535 si
2310 1481 2556 1538 Christus
2595 1500 2697 1539 non
2723 1497 2863 1542 esset
2884 1488 3040 1543 Deus.
3080 1509 3100 1542 ι

2307 1570 2463 1626 Vens.
2492 1572 2546 1625 2.
2585 1604 2653 1613 —-
2702 1573 2767 1627 In
2796 1576 2949 1630 domo
2976 1575 3151 1631 Patris
3177 1579 3278 1631 mei
3320 1596 3609 1634 mansiones
3639 1582 3779 1635 mulc

2235 1668 2298 1714 to;
2328 1670 2467 1714 sunt.
2506 1660 2639 1727 Quia
2686 1665 2874 1717 merita
2910 1680 3093 1720 eorum
3141 1665 3293 1738 μη,
3340 1669 3665 1741 sanctorum]
3694 1670 3774 1724 di-

601 1752 990 1823 prtecipientem
1010 1794 1025 1818 ,
1056 1760 1113 1808 ut
1126 1741 1319 1824 diligat
1344 1736 1665 1827 proximum]
1691 1736 1719 1821 ς’
1742 1767 1795 1812 et
1828 1758 1917 1826 qui
1954 1766 2136 1813 sancte
2164 1736 2212 1800 Β
2235 1763 2387 1803 versa
2412 1758 2555 1813 sunt.
2604 1750 2723 1805 ideo
2746 1752 2799 1805 in
2838 1752 2995 1807 domo
3052 1736 3227 1809 Patris
3273 1756 3571 1811 mansiones
3596 1736 3775 1813 multa

600 1850 759 1911 atque
779 1843 1084 1912 spiritaliter
1105 1843 1276 1915 diligit
1292 1845 1609 1913 proximum,
1634 1846 1763 1915 quid
1788 1846 1841 1900 in
1860 1861 1925 1901 eo
1945 1847 2134 1917 diligit,

601 1934 706 1989 nisi
750 1934 1029 1989 Dominum
1061 1932 1241 2005 [Aug.,
1271 1933 1500 2006 Deum]?
1525 1935 1639 2005 ipsa
1676 1944 1757 1989 est
1794 1935 2007 1990 dilectio
2025 1976 2041 2000 ,
2070 1937 2137 1991 ab

599 2023 743 2076 omni
756 2022 1017 2077 mundana
1031 2022 1306 2089 dilectione
1324 2024 1573 2089 discreta,
1592 2040 1749 2094 quam
1770 2026 2138 2097 distinguendo

600 2109 802 2165 addidit
823 2110 1075 2165 Dominus
1099 2128 1112 2164 :
1154 2109 1298 2165 Sicut
1319 2110 1478 2165 dilexi
1506 2129 1612 2166 eos.
1661 2132 1679 2165 ι

675 2218 694 2250 t
726 2212 751 2240 ι
780 2198 911 2254 Cum
940 2199 1191 2254 Dominus
1217 2198 1369 2255 Jesus
1394 2208 1629 2255 sanctam
1659 2202 2011 2269 dilectionem,
2033 2219 2135 2274 qua

601 2303 660 2345 se
678 2288 902 2344 invicem
936 2289 1234 2360 diligerent,
1269 2290 1537 2360 discipulis
1560 2293 1984 2358 commendaret,
2012 2294 2135 2348 dicit

599 2377 647 2430 ei
672 2374 850 2430 Simon
876 2372 1063 2429 Petrus
1085 2388 1104 2426 :
1129 2374 1366 2441 Domine,
1394 2393 1493 2446 quo
1514 2378 1655 2431 vadis
1671 2377 1698 2430 .’
1719 2377 1810 2433 Sic
1835 2379 2015 2448 utique
2036 2381 2135 2436 hoc

600 2466 734 2520 dixit
750 2465 1002 2537 magistro
1021 2465 1323 2536 discipulus,
1344 2475 1400 2521 et
1416 2467 1637 2524 Domino
1657 2483 1862 2531 servus.
1885 2478 2134 2540 tanquam

599 2554 747 2621 sequi
777 2560 1010 2622 paratus.
1039 2553 1327 2622 Propterea
1352 2555 1544 2626 quippe
1584 2556 1869 2623 Dominus,
1896 2559 1985 2627 qui
2022 2558 2135 2628 ejus

601 2640 833 2693 animum
858 2640 1018 2703 vidit,
1045 2655 1208 2709 quare
1243 2642 1347 2696 hoc
1389 2642 1822 2714 interrogaret-it,
1865 2644 1945 2701 sic
1978 2645 2027 2699 ei
2052 2661 2135 2701 re-

601 2729 809 2799 spondit
853 2746 867 2782 :
908 2730 1088 2800 (Vsus.
1130 2730 1219 2802 36)
1260 2731 1373 2798 Quo
1411 2750 1503 2804 ego
1530 2735 1660 2790 vado
1681 2776 1697 2801 ,
1734 2752 1835 2791 non
1873 2748 2014 2808 potes
2054 2754 2134 2793 me

600 2816 751 2873 modo
774 2821 915 2889 sequi
939 2834 959 2883 ;
996 2827 1243 2889 tanquam
1266 2821 1501 2877 diceret:
1540 2822 1763 2894 Propter
1796 2827 1936 2894 quod
1965 2828 2131 2881 inter-

599 2920 772 2978 rogas,
797 2922 901 2962 nou
925 2913 1077 2976 potes
1100 2910 1273 2964 modo.
1303 2909 1419 2963 Non
1448 2910 1542 2974 ait,
1568 2926 1673 2965 non
1700 2920 1850 2981 potes
1873 2929 1888 2977 ;
1915 2912 2006 2968 sed
2031 2929 2133 2967 non

597 3003 737 3065 potes
772 2994 963 3060 modo;
996 2994 1293 3050 dilationem
1334 2997 1535 3061 intulit,
1571 3012 1673 3052 non
1719 3012 1866 3068 spem
1894 3000 2039 3065 tulit,
2079 3009 2133 3053 et

598 3083 835 3137 eamdem
863 3097 1029 3153 spem,
1056 3098 1212 3152 quam
1241 3098 1343 3137 non
1371 3084 1509 3150 tulit,
1547 3086 1639 3140 sed
1665 3087 1837 3155 potius
1859 3087 2021 3151 dedit,
2049 3103 2132 3142 se-

600 3174 781 3244 quenti
802 3180 931 3227 m
954 3173 1203 3237 ﬁrmavit,
1228 3174 1466 3229 addendo
1486 3182 1642 3243 atque
1665 3176 1917 3231 dicendo:
1946 3175 2130 3247 Seque-

602 3265 673 3317 ris
692 3270 860 3315 autem
882 3269 1072 3330 postea.
1096 3260 1276 3331 (Vsus.
1298 3260 1407 3332 5'1.)
1432 3259 1703 3332 Respondit
1728 3263 1938 3317 Petrus:
1961 3263 2132 3329 Quare

597 3362 644 3406 te
686 3364 788 3404 non
822 3364 1025 3418 possunt
1068 3349 1209 3418 sequi
1246 3346 1442 3401 modo!
1475 3350 1699 3403 animam
1745 3366 1907 3404 meam
1947 3366 2039 3421 pro
2084 3360 2131 3405 te

598 3452 801 3506 ponant.
822 3435 957 3501 Quid
980 3435 1033 3489 in
1053 3434 1229 3488 animo
1256 3433 1368 3502 ejus
1392 3443 1531 3489 esset
1552 3436 2127 3505 cupiditatis,videbat;

598 3524 727 3594 quid
751 3538 879 3578 vero
923 3522 1159 3593 [virium]
1192 3537 1296 3576 non
1335 3522 1562 3578 videbat.
1603 3526 1936 3580 Voluntstem
1980 3542 2128 3583 suam

594 3612 827 3680 iactabat
852 3611 1113 3674 inﬁmus,
1141 3610 1232 3664 sed
1258 3610 1559 3667 intendebat
1586 3610 1734 3683 [Ms.,
1756 3614 2126 3683 impendebat;

600 3699 730 3770 Aug.
752 3740 767 3765 ,
807 3696 1136 3772 inspiciebat]
1174 3698 1525 3755 valetudinem
1565 3703 1834 3768 medicus;
1875 3704 1972 3758 iste
2004 3720 2128 3775 pro-

601 3789 856 3851 mittebat,
886 3788 973 3842 iile
998 3790 1391 3858 pramoseebaL;
1430 3789 1522 3859 qui
1542 3788 1832 3854 nesciebat,
1859 3792 2122 3854 audebat;

598 3886 653 3931 et
675 3877 764 3946 qui
796 3876 1123 3945 prtesciebat,
1152 3877 1389 3931 docebat.
1423 3896 1443 3928 s
1479 3876 1667 3946 (Vsus.
1694 3877 1817 3947 38.)
1852 3875 2126 3947 Respondit

597 3965 783 4019 Iesus:
822 3965 1055 4016 Animam
1081 3972 1337 4033 tuant‘pro
1362 3978 1443 4015 me
1467 3979 1619 4031 pones
1637 3963 1661 4014 2
1677 3962 1825 4028 Quod
1844 3964 2123 4031 promittis,

601 4053 756 4107 modo
780 4064 883 4105 non
910 4058 1077 4119 potes.
1104 4050 1258 4105 Prius
1280 4057 1361 4105 est
1380 4050 1554 4104 anima
1575 4065 1672 4121 pro
1695 4060 1747 4105 te
1782 4053 2040 4120 ponenda,
2067 4060 2128 4106 ut

598 4141 766 4213 possis
791 4148 972 4209 postea
1006 4141 1231 4194 animam
1260 4148 1401 4193 tuam
1427 4154 1523 4209 pro
1552 4155 1633 4193 me
1659 4154 1875 4208 ponere.
1927 4158 1945 4191 ι
1990 4140 2127 4206 Quid

596 4236 800 4286 tantum
838 4230 1152 4299 praesumis?
1179 4230 1310 4295 Quid
1348 4228 1412 4283 de
1437 4238 1488 4285 te
1527 4231 1728 4285 sentis?
1755 4229 1890 4295 Quid
1924 4244 2042 4285 esse
2076 4240 2127 4287 lc

598 4318 811 4372 credis?
837 4318 971 4371 Audi
992 4318 1115 4385 quid
1142 4319 1251 4373 sis:
1289 4318 1471 4383 Amen,
1499 4335 1648 4373 astteu
1685 4320 1799 4373 dico
1832 4320 1923 4373 tibi
1941 4333 1961 4371 :
2004 4320 2124 4375 Non

597 4404 820 4458 cantabit
861 4404 1055 4472 gallus,
1090 4406 1248 4459 donec
1274 4421 1351 4458 me
1391 4416 1467 4458 ter
1499 4423 1667 4475 ueges.
1698 4409 1832 4464 Ecce
1863 4410 2125 4476 quomodo

600 4490 760 4563 [tibi]
785 4492 893 4548 cito
918 4492 1212 4561 apparebis,
1242 4491 1330 4560 qui
1353 4505 1541 4561 magna
1568 4493 1819 4561 loqueris,
1849 4508 1905 4549 et
1930 4499 1983 4549 te
2004 4511 2127 4564 par-

601 4581 991 4636 vulumnescis.
1020 4581 1120 4647 Qui
1144 4581 1271 4635 mihi
1298 4581 1564 4649 promittis
1604 4590 1824 4636 mortem
1856 4591 2018 4649 tuam,
2047 4591 2127 4639 ter

599 4666 817 4737 negabis
853 4668 1011 4720 vitam
1054 4676 1214 4723 tuam.
1257 4667 1387 4722 Nam
1424 4658 1657 4724 timendo
1698 4679 1923 4726 mortem
1951 4674 2129 4729 carnis

598 4763 720 4820 tum,
749 4764 970 4809 mortem
997 4755 1149 4810 dabis
1165 4756 1355 4812 anima:
1380 4764 1502 4812 tuae.
1532 4758 1737 4824 Quanta
1756 4760 1896 4813 enim
1922 4769 2003 4814 est
2019 4763 2124 4815 vita

598 4844 836 4899 conﬁteri
854 4844 1139 4908 Christum,
1156 4852 1302 4898 tanta
1323 4860 1465 4901 mors
1482 4856 1564 4901 est
1584 4863 1775 4918 negare
1791 4850 2077 4905 Christum.
2100 4871 2119 4903 ι

598 4932 729 4986 Hinc
749 4934 1032 4988 admonere
1060 4942 1285 5003 Oportet,
1299 4949 1366 4987 ne
1390 4936 1507 5002 quis
1534 4936 1597 4989 de
1618 4937 1727 4992 suis
1741 4940 1943 4995 viribus
1961 4942 2124 4997 conli-

600 5024 704 5085 dat,
736 5024 857 5077 dum
886 5026 951 5079 ad
980 5026 1135 5079 unius
1171 5026 1375 5080 ancilla:
1417 5041 1598 5081 vocem
1646 5036 1789 5083 tanta
1818 5032 2005 5087 titubat
2033 5048 2125 5088 co-

598 5110 773 5161 lumna
799 5126 813 5173 ;
852 5126 951 5165 nec
978 5112 1043 5167 de
1071 5114 1182 5168 suis
1206 5114 1482 5183 desperare
1506 5118 1752 5184 peccatis.
1778 5117 1909 5172 Nam
1934 5120 2123 5178 Petrus

600 5205 836 5251 mortuus
878 5204 960 5252 est
1002 5203 1257 5268 negando,
1302 5204 1493 5259 revixit
1524 5204 1811 5272 plorando;
1850 5215 2121 5275 mortuus,

599 5287 717 5351 quia
743 5287 968 5354 superbe
990 5286 1103 5355 ipse
1129 5295 1473 5362 praesumpsit,
1507 5296 1697 5349 revixit
1717 5304 1890 5369 autem
1916 5299 2125 5353 humili-

599 5381 680 5424 ter
704 5373 979 5440 plorando,
1012 5375 1134 5441 quia
1154 5375 1376 5447 benigne
1403 5384 1632 5450 respexit
1658 5398 1777 5437 eum
1810 5384 1977 5452 pictas
2011 5382 2123 5440 Sal.

599 5461 810 5513 vatoris.
836 5461 1085 5530 Sequitur
1117 5463 1254 5517 enim
1274 5482 1286 5517 :

664 5580 689 5607 ι
717 5566 786 5620 Et
818 5567 872 5621 S.
898 5570 1054 5641 Aug,
1089 5580 1238 5627 tract.
1272 5589 1421 5639 vat,
1448 5592 1591 5631 num.
1624 5580 1671 5631 l.

2154 4365 2202 4426 Ι)

2234 1846 2376 1891 sunt.
2436 1855 2455 1888 ι
2490 1837 2673 1899 Nullus
2695 1855 2880 1894 eorum
2925 1842 3241 1898 aiienabitur
3267 1843 3334 1898 ab
3370 1844 3456 1899 illa
3484 1845 3661 1911 domo,
3682 1846 3772 1902 ubi

2235 1926 2559 1980 mansionem
2578 1943 2673 1996 pro
2699 1944 2793 1983 suo
2821 1932 3041 1999 quisque
3061 1942 3377 2002 accepturus
3397 1944 3481 1988 est
3499 1937 3711 1992 merito.
3744 1955 3765 1989 ι

2232 2014 2354 2070 ideo
2382 2032 2485 2071 non
2515 2018 2757 2089 turbetur
2772 2035 2873 2093 cor
2897 2030 3149 2075 vestrum.
3199 2023 3330 2077 Nam
3358 2040 3495 2079 unus
3518 2026 3774 2081 denarius

2232 2108 2473 2160 omnibus
2501 2108 2554 2161 in
2592 2109 2748 2163 vinea
2774 2110 3138 2167 laborantibus
3187 2114 3361 2178 datur,
3386 2114 3439 2169 id
3472 2124 3575 2179 est,
3598 2116 3770 2170 omni-

2232 2195 2332 2249 bus
2361 2196 2413 2248 in
2450 2194 2683 2250 Ecclesia
2730 2212 2828 2265 per
2876 2199 3033 2253 ﬁdem
3078 2198 3437 2256 laborantibus
3482 2203 3590 2256 vita
3616 2194 3773 2259 datur

2232 2291 2450 2337 aeterna.
2494 2303 2513 2335 ι
2550 2285 2655 2339 Sed
2698 2286 2875 2341 multa;
2913 2289 3245 2355 mansiones,
3286 2291 3525 2346 diversas
3553 2292 3771 2347 merito-

2233 2386 2351 2425 rum
2381 2372 2433 2425 in
2464 2388 2566 2429 uua
2591 2375 2700 2427 vita
2744 2384 2939 2434 aeterna
2986 2378 3288 2447 signiﬁcant
3313 2379 3614 2449 dignitates,
3641 2382 3769 2435 erit-

2232 2474 2334 2529 que
2362 2459 2545 2532 [Deus]
2590 2463 2769 2517 omnia
2806 2464 2858 2517 in
2889 2466 3155 2531 omnibus,
3203 2468 3327 2535 quia
3368 2468 3511 2540 Deus
3532 2470 3771 2525 charitas

2231 2558 2330 2622 est.
2361 2549 2451 2602 Sic
2475 2550 2618 2603 enim
2665 2552 2887 2622 quisque
2934 2553 3097 2607 etiam
3135 2554 3246 2622 ipse
3271 2555 3451 2620 habet,
3478 2571 3598 2611 cum
3625 2567 3771 2612 amat

2232 2620 2481 2694 in'altero
2506 2641 2647 2709 quod
2673 2642 2784 2710 ipse
2804 2620 2912 2697 non
2956 2643 3134 2709 habet,
3154 2620 3289 2713 quia
3315 2655 3498 2715 regnat
3522 2647 3574 2700 in
3599 2648 3769 2702 omnia

2229 2729 2329 2783 bus
2382 2730 2557 2785 unitas
2606 2732 2898 2786 cbaritatis.
2948 2752 2966 2785 ι
3009 2731 3312 2801 Sequitur:
3362 2732 3420 2788 Si
3444 2751 3546 2805 quo
3597 2737 3769 2789 minus

2229 2819 2471 2872 dixissem
2496 2819 2655 2883 vobis,
2679 2823 2802 2890 quia
2828 2822 2957 2874 vado
2983 2838 3169 2891 parare
3207 2823 3347 2875 vobis
3370 2822 3556 2877 locum.
3584 2822 3641 2877 Si
3669 2823 3767 2878 ali-

2230 2903 2376 2966 cubi,
2419 2903 2565 2977 [nisi]
2597 2906 2649 2958 in
2704 2906 2861 2960 domo
2922 2907 3094 2961 Patris
3136 2910 3434 2965 mansiones
3485 2910 3768 2967 multmes-

2230 3002 2366 3056 sent,
2392 2994 2641 3049 dixissem
2676 2996 2853 3064 utique
2880 2997 3047 3051 vobis.
3079 2983 3185 3052 Sed
3206 3000 3354 3053 modo
3402 3000 3534 3055 uado
3581 3018 3768 3071 parare

2233 3084 2368 3136 vobis
2398 3083 2585 3137 locum.
2629 3083 2921 3156 [Quomodo
2950 3088 3015 3141 ad
3055 3087 3171 3141 illas
3204 3090 3505 3143 mansiones
3533 3091 3764 3145 membra

2232 3170 2617 3239 pervenissent,
2664 3173 2708 3226 si
2756 3182 2913 3240 caput
2966 3189 3068 3226 non
3120 3175 3517 3243 pnecessisset?
3550 3176 3767 3233 Paravit

2232 3260 2384 3313 nobis
2414 3258 2631 3330 locum],
2673 3261 2796 3315 dum
2823 3276 2921 3331 pro
2946 3263 3109 3317 nobis
3145 3273 3388 3319 mortuus
3412 3274 3493 3320 est
3514 3273 3567 3320 et
3588 3282 3765 3321 resur-

2233 3348 2389 3411 rexit,
2419 3348 2524 3401 imo
2546 3357 2599 3402 et
2620 3350 2859 3419 ascendit
2889 3350 2941 3403 in
2969 3349 3131 3404 oculos
3157 3366 3173 3403 :
3204 3350 3315 3405 huic
3349 3352 3525 3405 omnia
3552 3367 3648 3421 pro
3672 3344 3769 3407 no-

2230 3434 2313 3489 bis
2336 3434 2479 3501 iecit,
2508 3444 2569 3490 ut
2590 3436 2743 3490 nobis
2760 3448 2972 3507 pararet
2996 3439 3167 3493 locum
3201 3440 3253 3493 iu
3276 3455 3440 3510 regno
3461 3440 3635 3496 Patris
3660 3442 3763 3497 sui.

2230 3524 2410 3587 (Vsus.
2442 3523 2519 3594 3.)
2558 3523 2624 3577 Et
2648 3525 2696 3577 si
2738 3524 2932 3589 abiero,
2961 3535 3010 3579 et
3033 3543 3386 3598 praporaoero
3412 3530 3548 3584 vobis
3572 3531 3763 3597 locutu,

2229 3610 2408 3665 iterum
2445 3613 2643 3665 veniam
2670 3612 2737 3665 ad
2763 3630 2866 3667 ros.
2914 3614 2970 3667 Si
3016 3617 3196 3671 abiero
3242 3633 3341 3687 per
3360 3621 3535 3675 carnis
3577 3620 3767 3675 absen-

2234 3702 2381 3763 tiam,
2404 3701 2609 3755 veniam
2636 3717 2731 3771 per
2763 3703 3051 3757 divinitatis
3074 3709 3430 3773 prmseutiam,
3457 3709 3512 3762 in
3538 3723 3641 3777 qua
3662 3724 3756 3763 vo-

2228 3788 2427 3844 biscum
2456 3806 2549 3845 ero
2590 3806 2757 3858 usque
2786 3792 2835 3845 in
2863 3793 3018 3847 linem
3063 3792 3214 3866 [Ms..
3258 3797 3311 3851 in
3355 3802 3763 3856 consummatio-

2228 3890 2346 3931 nem
2392 3876 2612 3949 szeculi].
2673 3879 2762 3933 νει
2790 3880 2949 3935 etiam
2981 3899 2994 3934 :
3026 3881 3083 3937 Si
3118 3885 3298 3940 abiero
3338 3876 3675 3945 ascendendo
3692 3890 3762 3945 ad

2226 3964 2407 4031 caelos,
2456 3968 2661 4022 veniam
2702 3969 2892 4024 iterum
2937 3972 3176 4041 judicare
3218 3975 3369 4031 vivos
3406 3988 3462 4033 et
3501 3989 3760 4045 mortuos.

2226 4056 2363 4121 quod
2390 4056 2560 4125 angeli
2588 4059 2818 4111 attestati
2850 4068 2975 4113 sunt
3011 4061 3243 4117 dicentes
3273 4082 3285 4117 :
3339 4064 3437 4118 Hie
3479 4066 3758 4139 Iesusigui

2226 4152 2514 4211 assumptus
2534 4152 2606 4197 est
2634 4162 2666 4196 a
2699 4145 2857 4209 nobis,
2897 4147 2973 4199 sic
3013 4150 3196 4213 ueniet,
3224 4154 3647 4219 quemadmodum
3681 4146 3758 4211 ri—

2224 4230 2370 4285 distis
2399 4249 2513 4290 eum
2537 4243 2735 4287 euntem
2758 4236 2813 4287 in
2854 4236 3033 4290 celum
3064 4240 3196 4309 (Act.
3226 4257 3264 4306 ι,
3311 4244 3417 4314 Η).
3460 4245 3712 4316 Sequitur
3741 4267 3754 4302 :

2226 4318 2294 4371 Et
2317 4320 2563 4389 accipiam
2585 4337 2671 4375 vos
2700 4322 2766 4376 ad
2795 4325 3038 4396 meipsum
3062 4344 3080 4381 :
3124 4339 3198 4393 ut,
3222 4330 3309 4385 ubi
3338 4350 3449 4387 sunt
3470 4352 3580 4405 ego,
3602 4346 3650 4390 et
3672 4354 3760 4391 eos

2224 4409 2355 4461 sitis.
2389 4409 2499 4463 Hoc
2541 4419 2642 4475 est,
2664 4415 2802 4479 quod
2833 4414 2884 4467 in
2916 4419 3252 4485 sequentibus
3277 4422 3452 4477 dixit:
3497 4424 3624 4479 Volo
3652 4424 3760 4480 Pa-

2224 4510 2314 4557 ter.
2344 4509 2419 4563 ut,
2444 4500 2531 4553 ubi
2579 4517 2671 4571 ego
2690 4518 2825 4567 sum,
2875 4515 2923 4559 et
2951 4507 3037 4560 isti
3064 4509 3164 4561 sint
3206 4526 3422 4565 mecum.
3465 4513 3647 4583 (Vsus.
3676 4515 3757 4584 ι.)

2225 4585 2290 4637 Et
2319 4603 2419 4655 quo
2444 4603 2535 4655 ego
2561 4587 2715 4652 vado,
2744 4590 2905 4653 scitis,
2934 4602 2982 4645 et
3002 4594 3137 4646 viam
3175 4597 3333 4650 scitis.
3375 4597 3487 4663 Quo
3515 4601 3664 4664 uado,
3700 4602 3756 4658 id

2224 4683 2319 4737 est,
2350 4676 2415 4728 ad
2437 4673 2668 4741 Patrem,
2697 4680 2875 4743 scitis;
2904 4690 2950 4734 et
2992 4683 3147 4747 viam,
3207 4701 3313 4756 qua
3335 4691 3539 4743 venitur
3565 4694 3632 4748 ad
3657 4691 3759 4748 Pa-

2226 4772 2379 4830 trem,
2408 4766 2567 4819 scitis.
2594 4767 2773 4838 (Vns.
2795 4769 2869 4841 5.)
2891 4771 3027 4826 Dicit
3056 4775 3102 4827 ei
3131 4775 3349 4832 Thomas
3370 4795 3387 4833 :
3407 4780 3643 4847 Domine,
3670 4798 3758 4837 tte-

2223 4857 2410 4911 scimus
2441 4874 2541 4928 quo
2582 4861 2748 4926 vadis,
2777 4873 2823 4914 et
2842 4866 3096 4929 quomodo
3114 4882 3382 4937 possumus
3404 4871 3540 4924 sicut
3579 4873 3712 4926 scire
3730 4873 3760 4926 ἵ

2224 4947 2514 5001 Videbatur
2536 4950 2585 5002 ei
2637 4951 2867 5013 nescire,
2898 4956 3037 5020 quod
3066 4954 3311 5012 Christus
3355 4960 3581 5025 convicit
3635 4980 3755 5021 eum

2221 5037 2375 5100 scire,
2400 5038 2523 5091 dum
2551 5038 2663 5092 ait:

2287 5130 2447 5184 Vsus.
2488 5128 2538 5183 6.
2572 5114 2649 5170 -“
2678 5131 2786 5201 Ego
2806 5148 2918 5187 sunt
2944 5138 3050 5200 via,
3075 5146 3122 5190 et
3146 5140 3355 5207 veritas,
3390 5153 3438 5197 et
3461 5147 3581 5199 vita.
3612 5147 3751 5212 Qua-

2221 5220 2264 5272 si
2289 5217 2507 5271 dixisset
2536 5232 2551 5270 :
2578 5217 2633 5272 Si
2656 5235 2739 5273 me
2762 5223 2925 5285 scitis,
2957 5232 3011 5276 et
3038 5226 3175 5279 viam
3205 5230 3387 5295 scitis;
3416 5244 3470 5287 et
3493 5248 3591 5301 ego
3609 5246 3746 5295 sum,

2220 5304 2284 5357 ad
2306 5318 2461 5372 quem
2501 5306 2627 5370 itur,
2664 5307 2715 5359 id
2742 5315 2841 5370 est,
2868 5310 3104 5377 veritas;
3142 5323 3197 5368 et
3231 5332 3327 5387 ego
3371 5332 3486 5372 sum
3536 5318 3663 5379 vita,
3693 5319 3745 5373 in

2221 5407 2321 5459 qua
2345 5393 2495 5445 statis
2520 5390 2653 5462 [ΑΛ.
2683 5394 2898 5465 statur].
2937 5396 2996 5451 Si
3021 5416 3106 5454 Ine
3154 5404 3299 5458 scitis
3330 5412 3385 5457 et
3406 5404 3545 5458 viam
3579 5406 3743 5469 scitis,

2221 5487 2398 5545 etquo
2423 5480 2510 5533 ibo
2533 5480 2702 5543 scitis,
2759 5489 2814 5535 et
2844 5483 2932 5538 ubi
2981 5491 3211 5543 mansuri
3264 5489 3391 5561 [Al.,
3425 5489 3742 5564 manseritis]

2292 5590 2315 5627 δ
2352 5588 2427 5642 Ex
2456 5589 2658 5652 eodem,
2691 5596 2845 5644 tract.
2877 5609 3037 5660 um,
3068 5612 3210 5651 num.
3242 5601 3289 5667 l,
3320 5600 3371 5654 2.
