4266 6272
377 387 477 439 933
1167 366 1564 423 EXEGHHL’A.
1607 394 1663 401 σ-
1704 357 2048 415 (ζΟΜΜΕλΪ.

1871 357 2048 410 ιελίκ
2091 355 2154 407 l.\
2193 352 2378 406 JU.\.\.
2524 352 2644 403 LIB.
2693 284 2770 402 Vi.
3460 345 3556 395 {'35

376 492 549 553 eritis,
576 487 740 542 scitis.
768 484 866 550 Qui
890 483 955 535 ad
978 481 1186 535 Patrem
1202 478 1416 538 vadunt,
1447 488 1541 543 per
1570 487 1654 526 me
1682 469 1913 528 vadunt;
1945 469 1990 524 Α
2020 463 2219 531 majora
2243 478 2401 550 quam
2456 464 2567 530 ipse
2598 461 2746 523 facit,
2786 459 2917 513 dixit
2944 477 3034 513 eos
3069 475 3185 512 esse
3228 459 3461 512 factums
3487 476 3501 520 ;
3540 479 3557 508 ι

380 542 549 647 etqui
572 577 639 630 ad
670 542 879 629 Patth
919 570 1157 633 veniunt,
1202 568 1268 622 ad
1295 581 1379 620 me
1406 542 1639 623 veniunt,
1672 559 1793 627 quia
1824 571 1920 624 ego
2019 555 2111 608 sed
2139 556 2254 607 sine
2303 542 2419 616 illo,
2455 552 2584 605 utin
2635 548 2978 620 sequenti‘us
3007 552 3157 614 dixit,
3211 552 3335 619 quid
3377 560 3561 620 potue-

382 680 434 720 et
462 638 620 721 Pater
655 665 820 717 unum
872 674 1057 713 sumus
1081 674 1094 719 ;
1121 665 1173 710 et
1197 656 1247 709 in
1274 669 1357 707 me
1405 655 1647 709 manent,
1666 645 1787 713 quia
1812 644 1923 698 Ιηιέ
2023 652 2145 696 runt
2160 642 2382 699 facere?
2425 660 2440 690 ι
2480 642 2583 694 Sed
2612 657 2729 709 qnze
2759 651 2882 693 sunt
2922 640 3139 692 tandem
3176 642 3280 693 ista
3324 638 3567 706 majora?

380 764 455 807 est
483 752 586 806 vita
605 760 817 812 (eterna,
846 756 902 799 ut
944 752 1248 814 cognoscant
1276 751 1321 793 te
1341 739 1507 793 solum
1537 750 1709 789 rerum
1740 731 1923 790 Deum,
2024 729 2101 784 An
2130 729 2269 784 forte
2294 730 2432 798 quod
2468 745 2639 797 :egros
2684 730 2814 797 ipsis
2838 730 3254 792 transeuntibus,
3283 730 3443 782 etiam
3475 745 3566 782 eo-

383 853 430 896 et
451 857 595 912 quem
622 839 805 891 misisti
828 833 1004 888 Iesum
1028 830 1288 885 Christum
1316 825 1494 897 (Joan.
1522 838 1652 883 xvu,
1674 820 1749 889 5).
1780 816 1927 872 Unde
2027 836 2140 873 rum
2165 822 2351 876 umbra
2403 822 2620 872 sanabat
2644 819 2666 870 τ
2701 817 2866 883 Majus
2894 829 2974 871 est
3027 818 3166 871 enim
3190 828 3251 895 ut,
3275 825 3421 869 sanet
3453 833 3569 869 nm-

339 966 342 968 η
382 907 597 984 secutus
631 935 713 981 cst
741 909 957 978 dicens:
990 920 1153 974 Nemo
1201 917 1335 971 venit
1363 915 1430 967 ad
1479 911 1686 964 Patrem
1719 908 1818 960 nisi
1841 921 1930 974 per
2027 908 2143 974 bra,
2168 924 2325 976 quam
2355 908 2561 961 timbria
2589 927 2599 959 :
2634 908 2758 961 illud
2782 922 2875 975 per
2901 922 2976 966 se,
3015 908 3113 960 hoc
3167 923 3263 975 per
3289 908 3448 974 ipsos,
3479 907 3568 959 sed

386 1034 482 1069 me.
517 1015 797 1083 Exponens
823 1009 953 1078 quid
976 1008 1066 1068 sit,
1087 1006 1226 1074 quod
1250 1005 1323 1057 ait
1348 1021 1360 1055 :
1408 1000 1518 1069 Ego
1546 1014 1661 1051 sum
1698 996 1801 1053 eia.
1825 1001 1932 1047 sta-
2028 1003 2309 1063 utrumque
2335 995 2465 1063 ipse.
2497 1014 2512 1043 ι
2550 994 2639 1046 \'el
2666 993 2863 1059 majora
2880 1004 3001 1045 sunt
3027 993 3386 1060 apostolorum
3408 1006 3567 1059 opera

387 1104 480 1155 tim
506 1080 824 1169 subjungens
868 1113 880 1148 :
914 1096 1096 1167 (Vens.
1126 1093 1178 1164 7)
1207 1091 1267 1148 Si
1319 1086 1679 1158 cognovissetis
1706 1098 1805 1145 me,
1833 1081 1932 1132 nti—
2033 1081 2084 1134 in
2109 1083 2344 1134 omnium
2389 1084 2623 1149 gentium
2676 1081 2870 1143 salute,
2924 1096 3083 1150 quam
3113 1080 3311 1132 Christi
3343 1088 3571 1133 tantum—

384 1207 483 1259 que
506 1200 551 1243 et
597 1168 807 1241 Patrem
858 1200 1025 1237 meum
1073 1179 1429 1251 cognouissetis
1460 1175 1642 1243 :'quia
1680 1186 1778 1240 ego
1817 1184 1933 1224 sum
2033 1172 2190 1225 modo
2223 1172 2275 1224 in
2323 1172 2491 1225 salute
2536 1171 2855 1231 Judarorum,
2907 1180 2960 1224 et
2991 1171 3089 1223 hoc
3125 1171 3174 1222 in
3206 1168 3578 1238 paucissimis?

391 1257 606 1338 veritas,
663 1276 714 1328 in
740 1286 866 1325 vero
908 1270 1085 1322 Patre.
1122 1266 1189 1320 Et
1232 1264 1415 1318 amodo
1458 1258 1767 1329 cognoscetis
1797 1273 1932 1320 eum,
2035 1259 2234 1312 Tamen
2261 1267 2540 1327 utrumque
2568 1267 2620 1309 et
2650 1259 2734 1311 ille
2762 1258 2901 1315 fecit,
2936 1268 2988 1311 et
3015 1257 3238 1309 salutem
3277 1258 3574 1325 aliquorum

384 1378 434 1417 et
456 1366 653 1419 ridistis
681 1377 815 1415 eum.
858 1360 913 1412 Si
937 1374 1019 1412 me
1058 1355 1364 1426 spiritaliter
1413 1348 1752 1419 cognoscitis,
1781 1355 1835 1400 et
1860 1346 1936 1398 vi-
2037 1347 2282 1402 inJudma
2311 1346 2427 1417 [per
2455 1347 2564 1415 se];
2592 1358 2643 1400 et
2676 1350 2895 1400 salutem
2908 1349 3139 1414 gentium
3172 1362 3264 1414 per
3292 1346 3576 1413 apostolos,

392 1454 560 1516 distis,
598 1451 765 1520 [illum
787 1446 1105 1517 cognoscitis
1133 1454 1184 1498 et
1211 1440 1423 1512 videtis]
1449 1439 1568 1509 quia
1597 1452 1686 1505 ego
1710 1446 1755 1488 et
1781 1433 1937 1486 Pater
2037 1440 2199 1493 sedet
2230 1436 2366 1507 [per]
2394 1437 2523 1488 alios
2537 1452 2745 1504 quoque
2774 1436 3166 1504 prtedicatores.
3195 1435 3340 1487 l’nde
3360 1434 3576 1502 subjun—

392 1559 549 1595 unum
564 1556 762 1601 sumus,
783 1552 945 1589 unum
968 1543 1176 1595 natura,
1192 1548 1295 1586 non
1314 1545 1475 1583 unum
1491 1542 1735 1597 persona.
1752 1525 1934 1593 (Vens.
2040 1528 2136 1588 xit,
2160 1526 2298 1579 etait
2319 1544 2328 1576 :
2352 1523 2452 1587 Qui
2473 1524 2631 1575 credit
2649 1527 2701 1576 in
2725 1540 2817 1584 me,
2844 1539 2994 1585 opera
3016 1540 3130 1591 φαι-
3156 1539 3246 1590 ego
3262 1523 3457 1590 facioet
3481 1524 3585 1591 ipse

392 1632 468 1700 8.)
503 1629 634 1682 Dicit
678 1628 723 1679 ei
755 1623 1047 1693 Philippus,
1077 1623 1174 1675 hoc
1205 1636 1306 1674 non
1336 1618 1667 1686 intelligens:
1700 1614 1935 1673 Domine,
2040 1618 2210 1685 faciet,
2250 1616 2317 1686 [et
2370 1616 2572 1684 majora
2618 1615 2799 1665 norum
2832 1611 3028 1681 faciet].
3068 1630 3084 1660 ι
3129 1624 3148 1649 ε
3182 1612 3293 1664 Non
3339 1627 3443 1679 quo
3474 1626 3583 1664 ma-

393 1699 598 1772 οενιεηάε
625 1716 767 1769 nobis
795 1711 1022 1773 Patrem,
1054 1722 1098 1763 et
1119 1710 1298 1777 sufficit
1331 1706 1493 1758 nobis.
1535 1703 1694 1769 Ωιιθεὶ
1740 1699 1939 1767 aliquid
2035 1706 2120 1772 jor
2148 1708 2214 1759 sit
2244 1707 2495 1774 magistro
2536 1704 2843 1771 discipulus,
2893 1702 2970 1756 vel
3000 1703 3220 1755 Domino
3266 1700 3469 1761 servus,
3505 1702 3583 1753 vel

397 1806 582 1860 melius
600 1814 738 1857 esset
780 1803 939 1854 Pater
968 1811 1125 1867 quam
1154 1797 1337 1861 Filius,
1382 1794 1432 1847 in
1462 1792 1611 1860 cujus
1636 1800 1715 1845 est
1742 1790 1939 1842 visione
1976 1798 2014 1855 Β
2045 1797 2322 1863 adoptatus
2374 1794 2659 1863 unigenito,
2719 1792 2801 1843 vel
2839 1793 2997 1845 homo
3027 1792 3133 1843 Deo
3158 1810 3169 1843 :
3213 1791 3302 1843 sed
3324 1791 3464 1858 quod
3494 1806 3587 1859 per

396 1895 665 1950 sufﬁciens
700 1890 988 1945 beatitudo.
1044 1887 1213 1953 Quam
1253 1901 1433 1939 vocem
1486 1881 1727 1950 discipuli
1759 1879 1941 1932 rcdar—
2044 1887 2159 1940 illos
2190 1885 2345 1957 [ipse]
2374 1885 2681 1954 dignaretur
2703 1886 2886 1938 eadem
2915 1882 3111 1950 majora
3153 1883 3345 1936 facere.
3389 1903 3405 1933 ι
3471 1915 3481 1925 .

397 1984 509 2052 gnit
545 1981 799 2048 magister
826 1978 1007 2029 dicens
1031 1993 1043 2027 :

472 2070 625 2122 Vnus.
654 2068 705 2121 9.
747 2095 815 2105 —-—
867 2064 1029 2116 Tanto
1058 2072 1280 2131 tempore
1322 2061 1578 2114 vobiscum
1612 2073 1747 2118 sum,
1777 2064 1822 2107 et
1845 2071 1946 2106 non

399 2158 701 2228 cognovistis
732 2172 829 2209 me.
864 2153 999 2224 [Non
1025 2152 1346 2221 cognovistis
1390 2147 1495 2220 me]
1531 2162 1649 2201 esse
1676 2147 1727 2199 in
1766 2145 1944 2205 Patre,

397 2256 454 2303 et
480 2247 690 2300 Patrem
718 2245 768 2297 in
798 2259 901 2296 me.
942 2240 1197 2310 Philippe,
1220 2241 1307 2308 qui
1328 2239 1460 2291 ridet
1485 2253 1578 2296 me,
1612 2235 1743 2287 ridet
1765 2243 1809 2284 et
1844 2229 1946 2283 Pa-

400 2344 549 2388 trem.
586 2333 685 2397 Qui
710 2346 794 2385 me
826 2329 1089 2397 intelligit,
1140 2328 1319 2394 utique
1339 2335 1393 2379 et
1432 2325 1639 2377 Patrem
1674 2337 1846 2399 meum
1871 2320 1949 2372 in-

402 2421 607 2491 telligit.
660 2438 677 2472 ι
721 2432 745 2459 ι
783 2418 887 2472 Sed
913 2417 1030 2470 ideo
1059 2416 1312 2484 magister
1332 2411 1643 2479 discipulum
1673 2410 1946 2477 arguebat,

403 2490 649 2578 quoniam
671 2523 761 2562 cor
781 2504 1095 2575 postulantis
1114 2502 1347 2555 videbat.
1379 2500 1651 2566 Tanquam
1673 2498 1813 2549 enim
1842 2510 1948 2549 me-

406 2598 503 2651 lior
530 2598 685 2651 Pater
714 2606 853 2650 esset
892 2610 1051 2663 quam
1102 2592 1286 2654 Filius,
1314 2592 1385 2644 ita
1413 2588 1686 2657 Philippus
1738 2585 1948 2638 Patrem

406 2701 560 2753 nosse
588 2687 834 2752 cupiebat
866 2702 876 2735 :
909 2693 963 2736 et
1009 2683 1126 2735 ideo
1160 2695 1257 2733 nec
1294 2678 1488 2731 Filium
1539 2678 1700 2748 598
1729 2680 1947 2741 sciebat,

403 2790 509 2843 quo
531 2774 715 2828 melius
748 2772 944 2842 aliquid
974 2786 1091 2825 esse
1116 2770 1384 2824 credebat.
1428 2767 1509 2820 Ad
1552 2767 1689 2819 hunc
1738 2782 1950 2833 sensum

371 2861 775 2931 .corrigendum
806 2862 1005 2914 dictum
1026 2867 1142 2913 est:
1187 2858 1287 2923 Qui
1317 2858 1449 2910 videt
1480 2872 1575 2917 me,
1603 2856 1736 2908 videt
1764 2865 1809 2907 et
1844 2853 1951 2908 Pa-

409 2961 555 3002 trem.
586 2949 851 3014 Quomodo
878 2960 933 3001 tu
962 2950 1110 3011 dicis,
1153 2949 1362 3002 ostende
1390 2948 1534 3001 nobis
1578 2944 1787 3001 Patrem
1812 2948 1836 2998 ?
1865 2947 1952 2999 Vi-

408 3040 506 3092 deo
542 3041 804 3108 qnomodo
828 3056 856 3091 a
893 3049 942 3093 te
972 3042 1166 3094 dictum
1194 3058 1205 3092 :
1251 3056 1353 3093 non
1402 3040 1627 3094 alterum
1654 3041 1847 3109 quzcris
1871 3041 1950 3093 vi-

610 3132 621 3143 .
685 3132 695 3143 .
969 3133 978 3141 .
1571 3132 1581 3143 .
2056 3110 2203 3115 “““““’⁷
2228 3110 2734 3128 ““⁷““”’¹⁷Ῠ”τ“”““”
2778 3110 3026 3114 ⁷⁷”““““’⁷’
3053 3110 3200 3130 ι’ίνν
3238 3110 3570 3114 ’“’““⁷”“⁷““”’

410 3132 534 3185 dare
581 3131 825 3189 S'm'lem'
854 3132 943 3183 sed
969 3131 1110 3183 '"um
1136 3140 1290 3199 Ρ¹¹¹³¹⁵
1318 3147 1436 3186 “se
1465 3131 1754 3186 meho'em'
1981 3110 2026 3171 ϐ
2057 3150 2221 3204 secuti
2248 3158 2387 3201 sunt.
2442 3168 2459 3198 ι
2503 3148 2575 3201 lta
2599 3151 2737 3216 quod
2760 3152 2826 3203 ab
2848 3150 2935 3202 illo
2963 3152 3183 3203 audiens
3224 3166 3358 3203 unus
3390 3168 3491 3203 non
3525 3110 3599 3203 fe:

481 3221 755 3274 Vens.10.
795 3232 863 3259 —'—
901 3220 1022 3273 Non
1068 3221 1255 3285 credis,
1300 3223 1421 3292 quia
1469 3237 1559 3290 ego
1611 3222 1663 3272 in
1703 3218 1880 3281 Patre,
1910 3228 1957 3270 et
2056 3242 2166 3302 ρίιν,

1918 3228 1957 3311 ῗτ
2056 3239 2425 3302 ςὶιμῐρεριίιιιι
2468 3241 2639 3299 multi,
2680 3257 2799 3292 cum
2840 3241 3143 3307 loqueretur
3193 3257 3286 3310 per
3316 3244 3603 3311 discipulos

416 3311 571 3363 Pater
596 3312 648 3362 in
676 3328 753 3363 me
776 3310 898 3362 est?
944 3309 1051 3365 Cur
1094 3310 1474 3397 inseparabiles
1512 3310 1795 3379 separatim
1819 3308 1959 3361 desi-
2058 3329 2310 3397 magis,"
2375 3328 2562 3381 bonus_
2585 3379 2595 3391 ‘
2618 3327 2753 3381 Ecce
2808 3328 3003 3395 majora
3057 3308 3205 3383 [δάι’
3228 3308 3546 3397 prmum,“
3576 3350 3603 3382 ﬂ

413 3404 569 3456 deus
597 3401 794 3454 "055°?
826 3399 1024 3455 D’l‘lt‘e
1065 3416 1166 3455 "0“
1195 3392 1455 3471 “(Ianum
1504 3399 1822 3468 ῙἾιίῙίΡΡιηην
1868 3398 1958 3451 Sed
2058 3392 2415 3476 credentibus,
2442 3429 2600 3480 quam
2646 3415 2852 3467 locutus
2890 3392 3273 3469 audientibus:
3319 3438 3337 3468 ι
3374 3420 3465 3470 sed
3504 3421 3602 3471 hoe

346 3537 350 3541 .
415 3492 479 3543 ad
499 3506 590 3544 eos
636 3492 915 3566 pluraliter
966 3492 1241 3560 loquitur:
1293 3488 1472 3552 Verba,
1500 3504 1614 3557 qua?
1666 3504 1754 3556 ego
1781 3488 1961 3557 loquor

1918 3503 1961 3538 π
2060 3516 2152 3567 per
2178 3501 2567 3567 prtedicatores.
2620 3500 2863 3568 Nunquid
2905 3517 3110 3567 omnes,
3165 3507 3252 3571 qui
3301 3508 3519 3571 credunt
3550 3510 3603 3559 in

423 3592 577 3647 tubis,
610 3605 639 3638 a
664 3586 852 3653 meipso
883 3600 983 3635 non
1030 3574 1230 3649 loquor.
1264 3578 1423 3632 Pater
1470 3589 1638 3630 autem
1666 3580 1718 3629 in
1747 3595 1824 3630 me
1853 3594 1961 3629 ma—
2059 3604 2108 3641 ει

1915 3594 1961 3627 α’
2059 3604 2197 3651 eum,
2232 3588 2606 3655 praedicatores
2651 3590 2810 3641 sunt?
2840 3590 3036 3642 Tamen
3086 3593 3233 3651 dicit,
3260 3595 3348 3658 qui
3379 3597 3600 3647 credunt

424 3693 543 3728 nens
570 3677 674 3743 ipse
699 3673 819 3740 facit
844 3685 1015 3738 opera.
1043 3686 1061 3718 ι
1084 3684 1101 3716 ι
1134 3667 1161 3705 δ
1192 3664 1326 3730 Quid
1354 3675 1452 3726 est,
1485 3682 1514 3716 a
1544 3666 1732 3731 meipso
1762 3681 1860 3716 non
1881 3663 1960 3715 lo-
2061 3681 2109 3731 in

1916 3680 1960 3714 ³·-
2061 3681 2113 3731 in
2152 3695 2293 3742 cum,
2325 3694 2485 3745 opera
2536 3680 2709 3731 facere.
2752 3682 2968 3747 majora.
3026 3700 3043 3730 ι
3098 3682 3151 3733 1η
3181 3684 3278 3735 boc
3301 3700 3460 3751 opere
3482 3689 3601 3739 fidei

421 3782 568 3834 quor,
601 3763 699 3816 nisi
726 3777 751 3813 a
788 3760 987 3826 meipso
1013 3771 1117 3810 non
1142 3771 1277 3817 sum,
1309 3754 1399 3823 qui
1434 3753 1661 3820 loquor?
1686 3750 1752 3846 Ei.
1772 3753 1961 3820 quippe
2062 3770 2106 3820 fa

1915 3766 1961 3803 δε
2062 3770 2283 3821 facimus
2339 3785 2497 3835 opera
2562 3768 2777 3830 Christi,
2836 3769 2956 3835 quia
3005 3779 3059 3822 et
3095 3776 3265 3836 ipsum
3304 3750 3518 3825 credere
3552 3775 3600 3825 in

424 3854 607 3909 tribuit
634 3851 773 3921 quod
799 3850 945 3914 facit,
986 3848 1050 3901 de
1078 3860 1183 3915 quo
1238 3852 1323 3899 est
1349 3844 1459 3913 ipse
1488 3844 1584 3911 qui
1607 3840 1752 3896 facit:
1802 3840 1962 3893 Pater
2062 3858 2109 3911 εξ

1919 3856 1962 3893 δι’
2062 3858 2326 3911 Christum
2355 3873 2485 3925 opus
2514 3866 2594 3911 est
2630 3857 2869 3921 Christi;
2922 3858 3161 3911 Christus
3212 3860 3308 3913 hoc
3355 3871 3604 3927 operatur

425 3944 563 3997 εηίῐη
589 3941 728 3993 Deus
777 3952 880 3991 ηοη
935 3943 1017 3988 θεῖ
1037 3935 1102 3987 δε
1147 3932 1359 3999 δίψιοι
1394 3932 1557 3984 Filius
1612 3938 1787 3983 amem
1826 3929 1963 3981 "ws
2064 3948 2114 4000 ιιι
2164 3948 2334 4009 nobis,
2387 3963 2489 3999 non
2544 3947 2723 4012 utique
2766 3949 2878 3999 sine
2918 3947 3085 3999 nobis.
3122 3948 3276 4000 Prius
3330 3964 3427 4015 ego
3471 3950 3605 4001 facio

427 4039 508 4083 θεῖ
531 4028 741 4097 (ιιιῑάειη
786 4024 928 4077 patri
976 4020 1212 4089 ωηυειιίε,
1248 4019 1339 4072 Sed
1395 4017 1459 4070 de
1484 4017 1641 4069 Ρίιῑτθ
1668 4017 1812 4078 Deo;
1845 4016 1961 4105 meo
2063 4037 2388 4103 praivcniens
2434 4035 2658 4102 gratiam
2708 4033 2856 4103 [dfs.,
2893 4035 3094 4096 melius,
3138 4036 3370 4105 gratia];
3420 4038 3607 4091 deinde

430 4122 514 4173 ille
539 4120 696 4181 Deus,
726 4116 817 4170 sed
843 4129 945 4168 non
975 4112 1040 4166 de
1064 4112 1192 4173 θεον
1218 4117 1272 4161 ει
1319 4108 1517 4171 lumen:
1545 4107 1635 4159 5°“
1667 4120 1767 4194 ηοη
1796 4105 1858 4157 (ιθ
1884 4104 1963 4155 lu‘
2062 4133 2113 4176 et
2144 4125 2252 4191 ipse
2283 4123 2437 4175 faciet
2467 4122 2613 4193 [Ms.,
2660 4123 2806 4193 facit]
2852 4124 3178 4191 subsequens
3207 4104 3447 4194 gratiam,
3485 4130 3607 4194 quia

432 4209 606 4261 mine:
638 4207 737 4259 iste
763 4218 891 4258 vero
922 4202 1060 4257 Deus
1115 4199 1179 4252 de
1211 4196 1339 4260 θεον
1370 4196 1544 4248 lumen
1571 4194 1657 4281 di?
1679 4193 1891 4281 “limm-
1940 4212 1956 4242 ³
2062 4227 2159 4281 ego
2189 4210 2345 4273 facio,
2389 4221 2447 4264 ut
2477 4213 2568 4264 liat
2604 4210 2753 4281 [δίδη
2786 4211 2989 4281 faciat].
3038 4213 3163 4276 Quae
3210 4193 3392 4281 Opera,
3426 4193 3526 4269 nisi
3556 4228 3608 4269 ut

431 4294 663 4359 Denique
704 4289 956 4357 adiungit,
986 4297 1038 4339 et
1067 4286 1181 4339 ait:
1230 4284 1409 4355 (Vens.
1446 4282 1528 4344 il,
1566 4279 1669 4349 12.)
1711 4280 1829 4331 Νοη
1856 4296 1963 4332 rre-

435 4378 550 4441 ditis
593 4376 711 4444 quia
738 4391 829 4443 ego
870 4376 923 4426 in
960 4372 1113 4425 Patre
1155 4381 1204 4423 et
1249 4368 1409 4422 Pater
1457 4369 1510 4420 in
1538 4384 1615 4422 me
1656 4368 1781 4418 est?
1817 4366 1957 4418 Atio-

435 4466 553 4529 quin
589 4472 788 4532 propter
816 4478 967 4530 opera
1000 4463 1109 4529 ipsa
1139 4460 1345 4512 credite.
1383 4475 1401 4507 ι
1435 4457 1599 4510 Antea
1639 4456 1809 4510 solum
1839 4456 1962 4509 Phi-

439 4552 628 4618 lippum
662 4550 944 4618 arguebat,
975 4564 1111 4601 nunc
1146 4555 1319 4600 autem
1370 4561 1471 4597 non
1523 4545 1590 4613 ibi
1630 4559 1748 4597 eum
1795 4536 1991 4596 solum‘

440 4641 595 4693 fuisse
623 4640 710 4706 qui
738 4649 879 4693 esset
919 4638 1234 4706 arguendus,
1263 4636 1575 4689 ostenditur.
1610 4632 1825 4700 Propter
1852 4648 1966 4700 ope-

442 4746 497 4782 ra
524 4730 656 4797 ipsa,
684 4726 872 4794 inquit,
911 4727 1116 4788 credite,
1142 4728 1261 4793 quia
1286 4741 1375 4793 ego
1399 4725 1453 4775 in
1484 4721 1641 4775 Patre
1666 4731 1712 4774 et
1734 4719 1893 4773 Pater
1914 4722 1964 4772 in

443 4834 519 4870 me
542 4825 634 4869 est.
686 4814 863 4881 Neque
886 4813 1025 4865 enim
1056 4814 1099 4866 si
1130 4814 1357 4880 separati
1396 4825 1653 4871 essemus,
1701 4810 1968 4876 insepara-

444 4906 619 4958 biliter
637 4902 843 4971 operari
873 4899 974 4952 ulla
1000 4900 1201 4952 ratione
1228 4914 1518 4967 possemus.
1554 4916 1570 4947 ι
1594 4897 1696 4949 Sed
1717 4898 1841 4963 quid
1868 4904 1969 4958 est,

443 4992 580 5059 quod
612 4989 885 5059 sequitur?

517 5077 607 5127 Am
628 5094 693 5137 νη,
756 5092 891 5128 tmen
918 5074 1032 5127 dico
1062 5071 1195 5124 vobis
1226 5074 1349 5138 :qui
1379 5074 1538 5123 credit
1587 5074 1638 5123 in
1670 5088 1768 5131 me,
1820 5085 1969 5137 opera
2074 5071 2589 5141 “"13"”
2622 5071 2694 5141 ""_

449 5181 559 5234 qum
585 5180 674 5231 ego
708 5163 758 5230 fa
796 5166 840 5215 2-0
866 5174 912 5215 et
941 5166 1046 5230 ipse
1075 5162 1245 5228 faciet,
1278 5169 1319 5211 et
1354 5160 1552 5225 majora
1597 5158 1970 5223 [lammina-ﬂ,
2076 5128 2189 5225 ideo
2218 5128 2348 5180 dmt
2398 5146 2408 5178 :
2444 5129 2624 5195 (\tzns.
2680 5126 2759 5189 Η)
2813 5126 2870 5179 St
2926 5129 3050 5195 quid
3101 5132 3346 5195 petierim
3407 5128 3612 5184 Patrem

452 5252 565 5279 mu.“
592 5265 677 5279 ΜΛ
720 5248 783 5279 Μ,
820 5245 1019 5279 unum,
1043 5248 1171 5279 mm,“
1230 5266 1247 5279 _
1291 5246 1402 5279 Nm
1451 5260 1506 5279 οη
1544 5246 1755 5279 "mna,
1790 5259 1971 5279 “MM
2072 5233 2123 5266 in
2153 5218 2352 5268 nomine
2379 5233 2506 5276 meo,
2532 5218 2625 5266 hoc
2648 5215 2853 5279 faciam.
2885 5214 3017 5278 Quid
3040 5225 3141 5274 est,
3172 5216 3222 5267 in
3245 5219 3453 5271 nomine
3476 5234 3611 5277 meo,

449 5252 567 5318 quia
589 5265 677 5317 ego
718 5248 783 5299 ad
810 5245 1020 5301 Patrem
1043 5248 1189 5299 vado.
1230 5266 1247 5296 ι
1291 5246 1403 5299 Non
1451 5260 1506 5297 se
1544 5246 1761 5297 extollat
1790 5259 1972 5297 servus
2072 5233 2127 5313 m.

1925 5259 1972 5296 Is
2072 5233 2123 5266 tn
2153 5234 2352 5268 nomine
2379 5233 2506 5276 ηιεο,
2532 5230 2625 5266 Ιιοε
2648 5230 2853 5279 factam.
2885 5230 3017 5278 υιιιιι
3040 5230 3141 5274 CSI.
3172 5232 3222 5267 In
3245 5232 3453 5271 nomine
3476 5234 3610 5277 meo.

456 5303 925 5401 ;,,per'00m;.:m’
987 5349 1082 5385 nec
1107 5332 1392 5401 discipulus
1418 5345 1573 5398 super
1620 5332 1970 5399 magmmm:
2080 5306 2176 5356 nisi
2212 5306 2261 5357 in
2313 5306 2523 5356 nomine
2587 5303 2916 5355 Salvatoris?
2970 5303 3027 5357 Si
3076 5307 3332 5373 petieritis
3379 5322 3495 5373 qua:
3547 5317 3609 5363 ad

2113 1998 2260 2051 Unde
2311 1996 2506 2064 majora
2566 1994 2738 2048 facere
2783 1986 3089 2062 potuissent,
3152 2010 3271 2046 mox
3314 1995 3580 2053 ostendit;

2044 2087 2225 2139 dicens
2254 2104 2265 2137 :
2302 2085 2402 2149 Qui
2431 2085 2590 2137 credit
2621 2087 2672 2137 in
2725 2101 2824 2146 me,
2853 2100 3025 2151 opera,
3082 2099 3197 2151 qum
3224 2098 3314 2150 ego
3345 2083 3503 2149 facio,
3544 2093 3589 2133 ct

2044 2179 2148 2242 ipse
2178 2176 2350 2241 faciet,
2390 2186 2435 2226 et
2466 2175 2667 2241 majora
2695 2176 2876 2225 horum
2933 2174 3106 2239 faciet,
3164 2174 3416 2224 continuo
3441 2188 3587 2223 seru-

2047 2272 2131 2315 tus
2164 2262 2432 2330 adjunxit:
2462 2261 2598 2324 Quia
2628 2277 2718 2327 ego
2747 2260 2813 2310 ad
2846 2259 3055 2311 Patrem
3088 2261 3237 2311 cado.
3271 2260 3453 2325 (\"tins.
3487 2259 3592 2324 13.)

2049 2350 2113 2403 Et
2138 2352 2476 2420 quodcunque
2502 2351 2747 2418 petieritis
2775 2351 2827 2401 in
2869 2351 3073 2400 nomine
3099 2365 3230 2411 meo,
3260 2350 3354 2399 hoc
3384 2348 3592 2415 facium.

2048 2443 2146 2506 Qui
2171 2440 2307 2492 dixit
2333 2440 2504 2506 faciet,
2542 2445 2658 2506 post
2680 2438 2752 2489 ait
2778 2438 2990 2505 facium,
3045 2445 3294 2504 tanquam
3344 2435 3544 2489 diceret
3581 2450 3593 2485 :

2052 2530 2161 2581 Non
2189 2530 2339 2582 vobis
2390 2528 2489 2580 hoc
2522 2526 2845 2594 impossibile
2907 2526 3168 2588 videatur,
3202 2541 3304 2578 non
3335 2526 3475 2577 enim
3507 2540 3597 2591 po-

2051 2621 2173 2674 terit
2212 2635 2329 2673 esse.
2360 2619 2526 2687 major
2549 2633 2647 2677 me,
2678 2618 2766 2684 qui
2795 2618 2962 2671 credit
2998 2618 3047 2669 in
3078 2634 3179 2671 me.
3226 2618 3348 2671 Ideo
3395 2605 3595 2687 majora

2053 2725 2154 2762 non
2183 2724 2276 2777 per
2302 2724 2358 2761 se
2405 2707 2577 2765 faciet,
2611 2708 2700 2760 sed
2736 2722 2830 2774 per
2858 2721 2960 2768 me,
3012 2708 3133 2774 quia
3166 2708 3217 2759 in
3266 2723 3348 2760 me
3375 2710 3545 2761 credit
3576 2731 3584 2757 ε

2054 2812 2149 2850 nec
2174 2806 2256 2849 est
2306 2795 2532 2849 defectio
2578 2797 2874 2863 potestatis,
2916 2798 3007 2847 sed
3054 2797 3327 2847 miseratio
3358 2796 3592 2863 pietatis.

2056 2887 2209 2941 Dives
2236 2899 2381 2953 ergo,
2421 2886 2510 2953 qui
2537 2886 2603 2935 ab
2626 2898 2691 2936 eo
2721 2884 2939 2938 recessit
2990 2885 3159 2937 tristis
3206 2900 3307 2937 non
3339 2885 3600 2951 recipiens

2053 2977 2214 3029 verba
2273 2974 2458 3027 salutis
2503 2973 2565 3024 ἀ.
2621 2974 2883 3040 Apestolis
2939 2974 3097 3041 igitur
3164 2974 3592 3041 prazdicantilms,

2056 3063 2203 3115 multi
2223 3062 2414 3114 divites
2435 3064 2736 3128 pauperiem
2766 3063 3030 3114 voluntate
3053 3060 3200 3130 [Ms.,
3226 3062 3597 3132 voluntariam]

2064 4318 2125 4354 ex
2162 4302 2324 4368 impio
2364 4300 2539 4365 justus
2582 4300 2716 4351 fiat?
2760 4318 2778 4349 ι
2813 4298 3078 4353 Fortassis
3117 4301 3285 4367 majus
3319 4314 3402 4355 est
3450 4320 3608 4372 opera

1992 4424 2037 4480 ο
2063 4390 2246 4443 salutis
2309 4397 2503 4441 nostra:
2558 4402 2654 4441 nos
2682 4404 2777 4456 per
2813 4390 2983 4455 ipsum
3026 4390 3218 4453 facere,
3270 4408 3425 4461 quam
3452 4398 3608 4448 verba

2063 4477 2247 4531 salutis
2277 4478 2584 4544 prmdicare,
2634 4478 2772 4543 quod
2799 4478 2909 4545 ipse
2939 4478 3062 4533 fecit
3114 4482 3227 4532 sine
3270 4484 3439 4535 nobis.
3477 4485 3608 4536 Dum

2067 4571 2176 4623 lucc
2202 4569 2353 4631 dixit,
2396 4569 2670 4633 sequitur:
2706 4567 2840 4631 Quia
2882 4584 2974 4637 ego
3003 4569 3071 4620 ad
3116 4568 3325 4622 Patrem
3380 4576 3531 4633 rado,
3560 4587 3608 4624 et

2064 4660 2397 4729 quodcunque
2420 4659 2664 4725 petieritis
2693 4659 2745 4708 in
2772 4660 2973 4709 nomine
3002 4660 3130 4717 meo,
3164 4660 3257 4709 hoc
3310 4660 3519 4726 furiam.
3555 4666 3606 4715 In

2070 4759 2150 4810 bis
2174 4756 2347 4809 verbis
2376 4770 2615 4822 magnam
2644 4768 2788 4819 spem
2816 4754 3056 4821 promisit
3082 4758 3378 4809 orantibus.
3416 4778 3431 4807 ι
3468 4774 3486 4797 ιι
3516 4760 3603 4814 δίε

2069 4856 2197 4912 ergo
2238 4846 2471 4911 porrexit
2510 4844 2573 4895 ad
2602 4842 2832 4903 Patrem,
2882 4852 2939 4896 ut
2978 4860 3078 4898 non
3132 4847 3452 4913 relinqueret
3480 4851 3610 4901 indi-

2071 4942 2269 5001 gentes,
2298 4932 2389 4985 sed
2417 4933 2688 4985 exaudiret
2727 4944 2963 4999 petentes
2991 4953 3001 4985 :
3044 4955 3063 4986 ι
3100 4945 3273 4989 tamen
3297 4954 3399 4989 non
3432 4942 3607 4992 omnia

2071 5040 2328 5098 petentes,
2358 5032 2447 5083 sed
2478 5047 2591 5098 qua:
2622 5033 2683 5081 ad
2716 5032 2937 5085 salutem
2968 5035 3232 5098 pertinent
3282 5038 3569 5100 petentium
3600 5054 3609 5086 :

525 5482 546 5541 ξ
586 5469 657 5541 Ex
695 5469 938 5541 S.‘Aug.,
975 5477 1126 5520 tract.
1157 5483 1290 5529 ιλιι,
1329 5484 1471 5541 num.
2144 5475 2169 5512 d

2144 5475 2169 5512 ἀ
2212 5476 2379 5528 Locus
2408 5484 2701 5540 corruptus.
2730 5474 2849 5541 leg.
2886 5476 2939 5527 S.
2973 5478 3127 5541 Aug,
3156 5477 3267 5526 loco
3290 5479 3469 5532 citato.

523 5534 547 5573 ⁵
587 5536 657 5588 Εἰ
681 5534 884 5600 eodem,
915 5546 1062 5589 tract.
1096 5550 1239 5593 LXXI,
1268 5552 1409 5586 num.
1444 5536 1557 5587 1οό.
2152 5556 2172 5579 ε

1554 5575 1557 5585 ν
2152 5556 2172 5579 ε
2216 5544 2285 5594 Ex
2318 5545 2519 5603 eodem,
2550 5534 2701 5594 tract.
2735 5534 2921 5601 nam,
2954 5534 3093 5595 mnu.
3138 5546 3239 5595 i-i.

526 5616 544 5641 ε
587 5604 655 5656 Ex
684 5606 884 5665 eodem,
917 5616 1067 5658 tract.
1097 5620 1258 5663 LXXII,
1284 5619 1427 5654 num.
1464 5606 1511 5667 l,
1543 5605 1591 5655 ἱ.
