4266 6204
615 320 620 324 .
633 263 734 320 955

634 461 825 519 tieritis
878 458 1028 530 [Ms.,
1081 458 1304 528 petitis].
1343 475 1362 506 ι
1414 457 1634 522 Quando
1679 458 1821 510 enim
1883 471 1979 510 nos
2019 457 2161 510 dele—

635 558 784 606 ctant
816 531 977 612 mala,
1021 555 1078 600 et
1102 561 1222 604 non~
1251 545 1512 601 delectam
1557 546 1713 607 bona,
1766 559 1952 612 rogare
1991 546 2166 612 potius

636 638 888 694 debemus
936 637 1120 698 Deum,
1165 643 1224 688 ut
1262 649 1358 688 nos
1412 633 1676 687 delectent
1728 633 1888 696 bona,
1925 646 2081 700 quam
2111 641 2170 685 ut

637 710 991 782 concedantur
1017 723 1172 787 mala,
1202 733 1259 776 ut
1289 723 1548 777 delectent
1585 723 1740 775 mala.
1771 721 1870 786 Qui
1913 735 2037 790 ergo
2057 735 2172 774 cre—

639 814 721 870 dit
745 815 799 868 in
827 830 966 878 eum,
997 811 1344 882 quodcunque
1386 811 1600 880 petierit
1641 812 1694 864 in
1737 810 1948 865 nomine
1991 809 2170 881 [ejus],

639 902 777 974 quod
804 902 1020 971 prodest
1047 901 1152 955 illis
1203 901 1292 968 qui
1323 900 1548 954 credunt
1595 901 1652 954 in
1695 915 1841 963 eum,
1871 899 1975 952 hoc
1995 899 2124 952 facit
2155 913 2170 952 :

641 990 887 1060 quoniam
923 991 1024 1044 hoc
1057 989 1194 1042 sicut
1235 988 1479 1042 Salvator
1503 989 1646 1064 facit.
1679 986 1735 1041 Si
1777 997 1975 1052 autem,
2004 988 2091 1055 qui
2120 989 2174 1041 in

643 1097 763 1134 eum
789 1080 977 1144 credit,
1003 1079 1198 1147 aliquid
1229 1093 1325 1147 per
1347 1079 1700 1147 ignorantiam
1738 1087 1922 1132 contra
1949 1078 2173 1137 salutem

1386 263 1395 328 ξ
1468 262 1526 316 Β.
1663 260 1878 314 Αιλςικι
1919 261 2043 315 Si];
2086 259 2658 336 AlllllelOI’l-llll'll
2698 263 2869 315 PARS
2906 261 2963 316 ll'.

631 372 794 444 599
816 370 1046 425 salutent
1071 339 1337 439 pertinent
1364 371 1532 433 vobis,
1570 371 1618 422 in
1662 371 1872 423 nomine
1925 385 2041 422 meo
2063 384 2155 437 pe-
2189 379 2230 430 Λ
2263 387 2362 423 uou
2387 381 2546 439 potest
2573 372 2818 439 arripere,
2843 389 2962 441 quia
2986 389 3086 425 nou
3103 373 3236 426 l'ttlr‘l
3262 390 3398 435 eum,
3429 389 3516 425 uec
3539 385 3636 426 srtt
3662 393 3805 428 t’ttttt.

3703 267 3807 322 956
3847 310 3849 312 .

2267 457 2514 510 .‘llundum
2543 467 2718 512 autem
2747 460 2974 530 appellat
2999 460 3257 524 homines,
3286 461 3462 516 mundi
3485 461 3641 529 hujus
3667 480 3810 518 anto—

2267 549 2312 600 ri
2332 547 2554 602 deditos.
2593 569 2611 600 ι
2646 549 2870 603 Mundus
2901 566 3027 621 ergo
3055 555 3174 606 eum
3200 553 3442 621 accipere
3485 568 3589 607 non
3615 564 3810 623 potest,

2269 636 2324 689 id
2349 645 2452 700 est,
2475 637 2768 690 mundiales
2795 637 3056 703 homines,
3097 641 3219 708 quia
3248 655 3352 694 non
3397 641 3592 694 habent
3628 641 3806 694 invisi-

2271 724 2407 778 biles
2435 725 2711 778 cbaritatis
2753 726 2956 791 oculos,
2987 726 3178 794 quibus
3227 728 3553 784 solummodo
3583 729 3813 798 Spiritus

2273 823 2487 868 sanctus
2512 815 2680 868 videri
2725 824 2899 884 potest
2948 825 3001 870 ct
3026 817 3170 882 sciri,
3219 826 3273 872 et
3300 818 3512 873 sciendo
3563 819 3801 889 intelligi.

2280 904 2381 958 Vos
2405 914 2583 976 autem
2615 907 2921 975 cognoscetis
2962 921 3100 972 eum,
3121 908 3243 972 quia
3268 908 3408 970 apud
3452 925 3539 962 vos
3573 909 3815 974 manebit,

2275 997 2396 1051 etin
2425 997 2561 1050 vobis
2585 997 2700 1050 erit.
2732 996 2868 1062 Erit,
2900 1005 2961 1050 ut
3004 1005 3215 1052 maneat
3265 998 3318 1052 in
3345 1009 3621 1053 aeternum.
3661 1018 3679 1048 ‹
3713 1001 3815 1053 Do-

2277 1084 2478 1137 minum
2531 1097 2761 1152 namque
2797 1083 3123 1155 Salvatorem
3178 1095 3233 1139 et
3257 1085 3496 1140 inﬁdeles
3547 1096 3670 1140 ante
3699 1103 3821 1155 pas-

645 1189 796 1227 suam
831 1173 982 1242 petit,
1011 1189 1116 1227 non
1168 1174 1220 1226 in
1248 1169 1473 1227 nomine
1492 1171 1798 1226 Salvatoris
1846 1173 2018 1244 petit:
2055 1173 2178 1240 quia
2211 1194 2238 1204 ι
2279 1171 2482 1224 sionem
2512 1171 2564 1224 in
2586 1186 2746 1226 carne
2768 1172 3013 1226 viderunt
3038 1189 3053 1239 ;
3083 1175 3174 1229 sed
3194 1176 3316 1244 quia
3343 1173 3509 1228 Filius
3536 1176 3628 1228 Dei
3659 1185 3818 1237 esset,

644 1263 888 1317 Salvator
913 1263 963 1316 ei
989 1247 1094 1316 me
1129 1263 1250 1328 erit,
1296 1258 1341 1315 si
1367 1263 1506 1330 quod
1536 1261 1650 1328 ejus
1708 1262 1932 1316 salutem
1961 1262 2179 1331 impedit

644 1349 849 1405 fecerit.
889 1349 1046 1404 Novit
1074 1349 1215 1402 enim
1247 1348 1490 1403 Salvator
1511 1350 1698 1404 melius
1727 1349 1854 1418 quid
1881 1351 2033 1405 nobis
2055 1365 2179 1418 pro-

642 1430 762 1492 dest
789 1452 946 1505 quam
973 1436 1302 1506 nosmetipsi.
1333 1437 1453 1492 ldeo
1476 1438 1758 1506 petendum
1782 1445 1868 1491 est
1892 1446 1952 1491 ut
1977 1438 2178 1492 llatvo—

646 1526 822 1582 luntas
843 1525 957 1594 ejus
981 1525 1035 1580 in
1059 1526 1230 1580 nobis.
1269 1545 1289 1577 ι
1322 1525 1584 1580 Continuo
1612 1523 1838 1592 subjecit
1863 1542 1877 1579 :

715 1612 780 1667 Ut
805 1613 1112 1684 gloriﬁcetur
1138 1611 1298 1666 Pater
1320 1615 1374 1666 in
1400 1611 1561 1666 Filio.
1607 1631 1625 1662 ι
1666 1612 1818 1667 Nullo
1843 1613 1998 1667 modo
2022 1613 2181 1682 igitur

2276 1261 2398 1329 quia
2429 1259 2718 1316 Paraelitus
2753 1278 2782 1315 a
2811 1262 2918 1318 Deo
2965 1265 3158 1318 missus
3184 1264 3237 1318 in
3262 1265 3536 1330 mundum,
3584 1281 3687 1320 n0n
3719 1269 3822 1322 nisi

2280 1348 2461 1403 ﬁdeles
2507 1349 2646 1403 scire
2693 1357 3019 1418 potuerunt:
3050 1351 3305 1420 Spiritum
3349 1362 3527 1406 autem
3575 1364 3819 1407 sanctum

2278 1449 2450 1504 neque
2472 1436 2640 1490 oculis
2666 1430 2846 1492 videre
2893 1439 3152 1505 infideles,
3183 1456 3353 1510 neque
3377 1443 3555 1496 animo
3575 1442 3822 1496 valebant

2279 1538 2619 1593 cognoscere,
2647 1525 2768 1594 quia
2794 1541 2897 1580 non
2944 1525 3160 1583 indutus
3187 1529 3514 1584 humanitate
3545 1531 3819 1600 discipulis

2283 1615 2547 1683 apparuit,
2576 1615 2669 1668 sed
2695 1615 2766 1669 ita
2796 1616 2863 1669 ad
2890 1631 2982 1672 eos
3004 1619 3202 1685 venire,
3252 1621 3325 1674 ita
3355 1625 3492 1691 apud
3519 1637 3609 1677 cos
3636 1623 3824 1682 maluit

648 1703 763 1757 sine
795 1694 1140 1781 PatreFilius
1172 1701 1319 1767 facit,
1350 1708 1447 1758 nec
1487 1701 1654 1756 Filius
1677 1703 1794 1756 sine
1821 1701 1998 1756 Patre.
2024 1701 2178 1764 Facit
2207 1699 2512 1767 B'manere,
2538 1711 2597 1756 ut
2621 1703 2675 1756 in
2701 1703 2829 1773 ipsis
2860 1720 3043 1763 comm
3065 1708 3311 1763 cordibus
3337 1710 3690 1780 gratissimam
3713 1712 3817 1767 sibi

651 1805 777 1860 ergo
803 1789 961 1845 Pater
987 1790 1039 1844 in
1071 1789 1224 1854 Filio,
1249 1798 1309 1843 ut
1330 1789 1370 1842 F
1375 1789 1496 1844 ilius
1546 1787 1868 1858 glorificetur
1897 1789 1948 1843 in
1976 1787 2134 1842 Patre
2165 1805 2178 1839 :

650 1890 704 1933 et
733 1879 857 1933 facit
882 1879 1044 1938 Filius
1069 1881 1120 1934 in
1132 1880 1309 1944 Patre,
1336 1886 1395 1932 ut
1418 1878 1575 1933 Pater
1601 1879 1923 1950 glorificctur
1946 1879 1998 1931 in
2029 1877 2181 1940 Filio,

651 1971 812 2036 quani
832 1986 900 2023 -.m
933 1985 1092 2023 unum
1143 1965 1267 2024 sunt
1319 1969 1476 2024 Pater
1521 1979 1575 2024 et
1618 1969 1798 2022 Filius.
1837 1988 1856 2020 ι
1888 1967 2181 2036 Sequitur:

1184 2099 1405 2156 CAPUT
1434 2101 1644 2155 XXXV.

656 2210 989 2278 Diligentibus
1039 2226 1094 2262 se
1137 2209 1420 2278 discipulis,
1466 2209 1806 2278 mandataque
1853 2208 2186 2270 servantibus,

726 2275 1044 2331 Paraclitum
1071 2297 1102 2329 a
1151 2275 1307 2347 Patre
1334 2278 1633 2331 mittendum
1679 2275 1948 2347 promittit,
1975 2292 2189 2347 mansu—

727 2362 937 2414 rumque
986 2361 1099 2398 cum
1142 2346 1220 2414 eis
1243 2347 1296 2397 in
1341 2347 1627 2414 wteru’um;
1661 2344 1812 2414 seque
1865 2361 2039 2414 pacem
2068 2344 2192 2396 dare

723 2415 817 2477 eis,
853 2413 1124 2483 pacemque
1152 2413 1429 2489 relinquere
1454 2413 1739 2483 pollicetur.

729 2527 885 2582 Vsus.
918 2525 1105 2588 15,16.
1141 2541 1210 2564 λ-
1230 2524 1290 2579 Si
1321 2525 1534 2594 diligitis
1556 2542 1653 2588 me,
1681 2523 1924 2576 mandata
1954 2539 2062 2576 utea
2085 2537 2195 2574 ser-

665 2625 793 2679 vate,
815 2625 862 2668 et
887 2631 975 2683 ego
990 2613 1174 2682 rogabo
1198 2611 1429 2678 Patrem,
1452 2622 1500 2666 et
1530 2613 1689 2665 alium
1712 2609 2029 2663 Paraclitum
2056 2609 2194 2662 dabit

662 2702 818 2756 vobis.
857 2700 993 2765 Quid
1041 2707 1123 2754 est
1142 2701 1281 2768 quod
1308 2701 1454 2764 dicit,
1505 2701 1643 2768 quod
1671 2699 2004 2768 diligentibus
2032 2697 2196 2751 Deum

661 2801 715 2846 et
741 2792 1070 2846 servantibus
1107 2791 1351 2845 mandata
1380 2789 1494 2858 ejus
1523 2791 1754 2859 Spiritus
1802 2789 2086 2858 paraelitus
2109 2788 2199 2840 da-

665 2870 830 2946 retur,
863 2883 983 2936 dum
1012 2880 1152 2934 Deus
1176 2881 1318 2949 diligi
1356 2891 1408 2934 et
1434 2882 1678 2934 mandata
1728 2879 1843 2946 ejus
1867 2878 2064 2932 servari
2095 2893 2197 2930 non

663 2979 900 3039 possunt,
928 2969 1028 3024 nisi
1055 2985 1148 3038 per
1178 2969 1431 3037 Spiritum
1461 2978 1698 3022 sanctum
1721 2968 1743 3020 ?
1769 2967 1902 3033 Quid
1929 2975 2010 3020 est
2035 2965 2194 3027 aliud,

2281 1789 2459 1844 sedem
2516 1801 2886 1858 consecraret;
2921 1794 3023 1849 hoc
3076 1791 3159 1850 est
3187 1787 3350 1863 enim,
3402 1786 3541 1868 quad
3569 1800 3680 1852 ait:
3719 1799 3825 1854 Vos

2281 1890 2451 1933 autem
2477 1883 2785 1951 cognosceis
2817 1901 2952 1948 eum,
2983 1887 3105 1954 quia
3134 1888 3272 1956 apud
3298 1905 3386 1943 vos
3433 1891 3674 1955 manebit,
3695 1902 3744 1944 et
3772 1892 3828 1945 in

2281 1971 2422 2024 vobis
2452 1973 2566 2025 erit.
2605 1973 2702 2038 Qui
2729 1983 2906 2027 autem
2937 1975 3270 2031 invisibiliter
3295 1980 3346 2032 in
3372 1980 3474 2033 hac
3517 1981 3622 2034 vita
3649 1992 3829 2035 manet

2285 2073 2402 2110 cum
2457 2058 2656 2124 electis,
2698 2059 2980 2114 visibilitcr
3024 2063 3206 2132 utique
3262 2063 3446 2135 [Beda,
3491 2067 3829 2121 invisibiliter

2286 2145 2488 2217 utique]
2518 2148 2594 2200 eis
2617 2149 2841 2217 gratiam
2870 2165 2978 2204 sua:
3026 2153 3340 2222 cognitionis
3379 2156 3610 2210 exhibet.
3670 2157 3831 2228 ϐω

2289 2238 2470 2307 (Vens.
2498 2237 2603 2305 l8.)
2638 2237 2754 2292 Non
2794 2240 3073 2310 relinquam
3102 2259 3187 2296 vos
3230 2245 3505 2314 orpltanos,
3534 2249 3732 2300 veniam
3758 2247 3832 2302 ad

2294 2343 2400 2379 vos.
2440 2327 2726 2382 Videbatur
2780 2328 3078 2384 inﬁdelibus
3127 2333 3250 2400 quia
3301 2334 3531 2386 moriens
3579 2334 3630 2386 in
3669 2344 3831 2390 cruce

2288 2415 2561 2480 Dominus,
2586 2416 2869 2485 discipulos
2906 2418 3228 2488 relinqueret
3255 2421 3521 2488 orphanm
3549 2439 3563 2484 ;
3603 2424 3698 2476 sed
3721 2418 3826 2477 non

2292 2505 2500 2574 reliquit
2526 2521 2617 2560 eos
2638 2506 2918 2574 orphauos,
2949 2509 3141 2576 quibus
3167 2519 3219 2562 et
3250 2511 3470 2580 prmbuit
3496 2512 3726 2581 seipsum
3753 2513 3828 2565 vi-

2293 2611 2416 2648 vum
2453 2604 2571 2664 post
2620 2597 2919 2665 passionem
2975 2613 3122 2652 suam
3150 2599 3203 2653 in
3257 2600 3435 2654 multis
3486 2603 3828 2671 argumentis,

2294 2699 2388 2751 per
2411 2683 2522 2738 dies
2539 2684 2917 2754 quadraginta;
2947 2694 3002 2740 ct
3029 2696 3148 2754 post
3171 2689 3283 2742 dies
3311 2690 3492 2742 decem
3519 2691 3828 2756 assumptio-

2297 2773 2379 2824 nis
2407 2788 2513 2825 sua:
2541 2771 2770 2840 Spiritus
2794 2775 2962 2826 sancti
2993 2773 3095 2827 illis
3147 2774 3210 2826 de
3237 2774 3372 2828 cmlo
3395 2776 3716 2833 charismata
3743 2777 3833 2828 do-
3930 2829 3940 2837 ,

2297 2863 2480 2926 navit;
2521 2862 2608 2915 ubi
2643 2862 2809 2932 ipsum
2845 2861 3110 2917 Christum
3138 2865 3204 2916 al
3257 2879 3348 2918 eos
3401 2866 3606 2918 venisse
3659 2865 3834 2918 nullus

2303 2952 2528 3006 fidelium
2555 2945 2793 3023 ambigit,
2825 2955 2912 3022 qui
2938 2955 3340 3024 inseparabilem
3385 2967 3582 3011 sanctae
3607 2957 3838 3011 Trinita-

666 3031 765 3114 itisi
791 3068 848 3112 ut
872 3031 958 3127 qui
988 3031 1080 3128 per
1114 3031 1368 3126 Spiritum
1393 3067 1630 3112 sanctum
1657 3057 1828 3126 diligit
1868 3057 2050 3118 Deum,
2089 3071 2197 3109 mc-
2224 3031 2268 3090 ε
2298 3041 2351 3092 li!

2149 3071 2197 3108 ε-
2224 3031 2268 3090 C
2298 3041 2367 3093 tis
2415 3049 2658 3092 naturam
2707 3041 2902 3114 virtute
2923 3051 2978 3094 et
3002 3044 3306 3110 Operatione
3358 3044 3546 3114 Uteris,
3586 3047 3834 3100 virtutem

671 3156 816 3202 retur
836 3147 1094 3216 diligendo
1123 3155 1178 3199 ut
1202 3145 1318 3214 plus
1360 3147 1570 3210 habeat,
1599 3155 1653 3200 et
1673 3146 1791 3214 plus
1822 3145 2063 3199 habendo
2083 3144 2200 3211 plus

670 3234 894 3303 diligat?
936 3253 954 3284 ι
987 3246 1012 3273 ο
1037 3233 1328 3287 Paraclitus
1363 3235 1552 3303 quippe
1602 3233 1899 3287 consolator
1947 3233 2202 3298 interpre-

674 3333 833 3388 tatur,
855 3332 909 3378 et
937 3321 1164 3391 Spiritus
1201 3330 1413 3377 sanctus
1445 3331 1585 3376 recte
1632 3321 1920 3375 Paraclitus
1964 3328 2200 3383 vocatur,

674 3413 798 3482 quia
829 3411 987 3464 corda
1025 3409 1270 3473 fidelium,
1302 3425 1367 3463 ne
1418 3412 1554 3463 inter
1579 3410 1733 3479 hujus
1781 3410 1957 3463 smculi
1987 3411 2203 3462 adversa

674 3498 937 3561 deﬁciant,
991 3497 1220 3551 caelestis
1246 3500 1385 3574 vitae,
1419 3499 1695 3551 desideriis
1724 3498 1961 3551 sublevat
1991 3513 2051 3550 ac
2081 3497 2204 3549 reli-

675 3589 765 3640 cit.
804 3607 820 3638 ι
855 3587 1126 3640 Habebam
1154 3587 1328 3655 itaque
1369 3586 1611 3656 discipuli
1663 3585 1918 3655 Spiritum
1945 3594 2206 3649 sanctum,

677 3680 767 3732 sed
794 3677 998 3732 occulta
1047 3681 1276 3747 quadam
1325 3678 1682 3747 inspiratione,
1730 3693 1825 3747 per
1849 3693 2004 3747 quem
2033 3678 2210 3730 Domi-

679 3784 802 3821 num
824 3768 1128 3836 diligebant,
1165 3769 1257 3821 sed
1295 3768 1524 3822 nondum
1571 3769 1851 3832 habebant,
1880 3769 2014 3822 sicut
2037 3768 2212 3821 Domi-

681 3872 780 3910 nus
803 3856 1161 3925 promittebat.
1194 3856 1473 3910 llabcbant
1497 3857 1758 3923 siquidem
1806 3858 2028 3919 occulte,
2057 3873 2210 3925 quem

683 3953 862 4012 postea
907 3943 1131 4010 quadam
1185 3943 1606 3997 manifestatione
1656 3944 1883 3997 habituri
1939 3955 2091 3998 erant
2121 3965 2131 3997 :
2163 3948 2215 4001 id

682 4043 785 4093 est,
817 4033 939 4086 dum
967 4033 1018 4085 in
1048 4032 1217 4100 igneis
1263 4032 1452 4101 linguis
1501 4035 1663 4096 venit,
1687 4044 1739 4088 et
1765 4037 1897 4088 sedit
1925 4051 2079 4104 super
2103 4051 2213 4101 eos,

685 4133 738 4178 et
764 4124 953 4193 linguis
985 4123 1334 4192 loquebantur
1364 4125 1758 4193 magnificantes
1794 4127 1976 4180 Deum.
2011 4126 2219 4195 Rogabo

689 4213 894 4267 Patrem
953 4223 1208 4277 meum,et
1261 4213 1418 4266 alium
1477 4212 1795 4269 Paraclitum
1856 4217 2002 4270 dabit
2057 4217 2216 4280 vobis,

689 4307 968 4360 ostendens
991 4306 1215 4373 seipsum
1261 4320 1376 4359 esse
1401 4301 1738 4360 Paraclitum.
1776 4326 1792 4357 ι
1832 4307 2103 4361 Habebam
2129 4323 2220 4360 au-

689 4408 792 4451 tem
822 4404 874 4450 et
897 4396 1042 4465 prius
1066 4395 1403 4456 Paraclitum,
1457 4397 1622 4462 ipsum
1658 4398 1896 4449 videlicet
1944 4398 2219 4449 Dominum

695 4500 870 4536 secum
913 4484 965 4536 in
1000 4497 1157 4536 carne
1189 4491 1620 4541 commorantem,
1675 4498 1792 4535 cum
1836 4481 2020 4551 [Beda,
2051 4480 2220 4551 cujus]

694 4585 746 4627 et
775 4575 1140 4628 miraculorum
1176 4573 1451 4628 dulcedine
1499 4582 1551 4625 et
1585 4588 1682 4640 0pc
1725 4573 2125 4640 prredieationis,
2158 4589 2224 4626 ne

695 4671 907 4729 propter
938 4663 1221 4715 inﬁdelium
1260 4662 1676 4730 persecutionem
1720 4661 2066 4713 scandalizari
2109 4676 2227 4727 ros-

697 4759 830 4809 scnt,
860 4748 989 4816 erigi
1017 4756 1068 4801 et
1095 4748 1379 4802 confortari
1428 4749 1682 4803 solebant.
1722 4768 1740 4799 ›
1793 4747 2022 4816 Rogabo,
2071 4747 2223 4810 dixit,

701 4846 910 4907 propter
961 4837 1357 4898 humanitatem,
1385 4837 1473 4903 qui
1515 4839 1603 4889 dat
1630 4851 1749 4890 eum
1797 4836 1950 4889 Patre
1975 4850 2069 4904 per
2097 4835 2226 4888 divi-

703 4923 935 4977 nitatem.
973 4920 1037 4975 Ut
1071 4931 1272 4981 maneat
1293 4921 1542 4973 vobiscum
1571 4921 1623 4972 in
1651 4930 1914 4973 retentum.
1950 4940 1966 4969 ι
2000 4922 2055 4974 In
2078 4931 2229 4975 teter-

704 5028 826 5064 num
870 5026 1093 5078 namque
1148 5016 1322 5062 manet
1379 5023 1496 5061 cum
1548 5009 1764 5069 sanctis,
1814 5023 1943 5074 quos
1970 5011 2099 5062 etin
2129 5011 2227 5063 hac

708 5102 813 5152 vita
843 5112 1048 5166 semper
1095 5097 1422 5151 invisibiliter
1461 5098 1598 5150 intus
1639 5096 1949 5158 illustrahat,
1989 5099 2114 5149 etin
2145 5098 2227 5151 fu-

710 5195 826 5239 turo
855 5184 918 5238 ad
946 5185 1393 5252 contemplandum
1443 5195 1692 5256 perpetuo
1739 5186 1962 5254 Speciem
1990 5202 2095 5238 suae
2124 5203 2231 5238 ma-

709 5273 910 5339 jestalis
939 5272 1238 5325 introducit.

2297 3139 2350 3182 et
2374 3127 2752 3199 operationem]
2784 3145 2899 3185 esse
2923 3132 3200 3205 cognovit.

2368 3218 2526 3270 Vens.
2570 3217 2652 3270 19.
2687 3248 2757 3256 -
2793 3218 2972 3271 Adhuc
2999 3218 3273 3283 modicum,
3303 3231 3348 3273 ct
3376 3237 3454 3273 me
3473 3221 3589 3289 jam
3617 3220 3840 3274 mundus

2303 3323 2403 3358 non
2423 3306 2578 3370 videt,
2608 3323 2694 3358 vos
2721 3318 2889 3360 autem
2913 3309 3089 3360 videtis
3121 3325 3218 3361 me.
3249 3309 3508 3363 Modicum
3533 3319 3646 3365 erat
3668 3325 3836 3378 usque.

2304 3400 2368 3451 ad
2398 3405 2600 3466 tempus
2627 3397 2894 3466 explenda:
2918 3398 3106 3472 .[Beda
3130 3409 3176 3451 et
3205 3399 3330 3458 Μδ..
3357 3400 3597 3470 οιριεείῐξ]
3637 3404 3840 3470 passo-

2305 3489 2408 3552 nis,
2434 3502 2498 3540 ex
2529 3502 2634 3556 quo
2662 3487 2808 3540 illum
2848 3487 3057 3556 reprobi
3089 3489 3262 3544 videre
3293 3505 3398 3543 non
3444 3491 3706 3544 valebant.
3733 3490 3845 3544 Soli

2307 3578 2498 3632 etenim
2551 3576 2707 3644 justi,
2765 3579 2853 3644 qui
2918 3586 3086 3632 morte
3114 3579 3252 3632 illius
3314 3587 3470 3632 erant
3518 3579 3840 3643 contristati,

2309 3667 2554 3733 gaudium
2608 3665 3008 3719 resurrectionis
3058 3667 3171 3734 ejus
3219 3667 3396 3720 videre
3445 3675 3770 3720 meruerunt.
3815 3687 3834 3718 ι

2311 3753 2445 3818 Quia
2472 3770 2563 3822 ego
2600 3754 2732 3817 vivo,
2761 3764 2806 3805 et
2833 3770 2919 3806 vos
2945 3753 3136 3807 vivetis.
3173 3773 3190 3804 ι
3230 3756 3255 3794 ιι
3285 3755 3418 3820 Quid
3446 3765 3547 3820 est,
3601 3757 3718 3826 quia
3753 3773 3848 3826 ego

2310 3841 2443 3905 vivo,
2470 3850 2517 3894 et
2546 3858 2630 3894 vos
2657 3841 2831 3894 vivetis
2857 3843 2881 3893 .’
2903 3841 3012 3896 Cur
3043 3843 3108 3896 de
3132 3846 3380 3912 pmsenli
3411 3859 3468 3898 se
3491 3845 3621 3899 dixit
3646 3847 3847 3908 vivere,

2315 3935 2432 3988 illos
2451 3944 2626 3989 autem
2662 3936 2725 3990 de
2752 3933 2929 3988 futuro
2956 3950 3074 3990 esse
3098 3937 3350 3996 victuros,
3403 3936 3506 3989 nisi
3532 3937 3654 4004 quia
3684 3937 3850 3989 vitam

2314 4026 2472 4078 etiam
2499 4026 2692 4088 carnis,
2721 4025 2902 4092 utique
2924 4026 3264 4092 resurgentis,
3295 4023 3468 4092 qualis
3491 4024 3545 4076 in
3567 4024 3682 4092 ipso
3709 4034 3851 4091 pra:-

2316 4112 2552 4175 cedebat,
2595 4098 2653 4164 ct
2676 4112 2778 4165 illis
2817 4119 2898 4165 est
2945 4112 3208 4180 pollicitus
3258 4113 3604 4166 secuturam?
3638 4112 3704 4165 Et
3726 4127 3853 4180 quia

2320 4200 2479 4267 ipsius
2507 4215 2629 4254 mox
2657 4198 2828 4252 futura
2871 4199 3043 4253 fuerat
3090 4201 3427 4264 resurrectio,
3455 4201 3732 4270 praesentis
3760 4213 3857 4270 po-

2320 4288 2425 4340 suit
2453 4288 2706 4357 temporis
2729 4280 2966 4352 verbum,
2992 4297 3208 4358 propter
3230 4289 3631 4358 signiﬁcandam
3657 4289 3851 4342 celeri-

2322 4385 2480 4431 tatem
2506 4395 2522 4428 :
2553 4378 2759 4431 illorum
2805 4385 2980 4432 autem
3033 4379 3280 4446 quoniam
3309 4379 3361 4431 in
3389 4379 3565 4431 steculi
3614 4377 3857 4430 diﬂ‘ertur

2323 4466 2499 4529 tinem,
2521 4481 2623 4520 non
2653 4467 2746 4529 ait,
2770 4467 2955 4530 vivitis,
2996 4467 3088 4519 sed
3110 4468 3305 4519 vivatis.
3336 4468 3477 4521 Duas
3518 4483 3645 4537 ergo
3669 4482 3853 4521 resur-

2323 4555 2600 4614 rectiones.
2631 4569 2779 4607 suam
2803 4555 3003 4608 scilicet
3030 4570 3152 4608 mox
3177 4554 3426 4618 futuram,
3456 4565 3511 4610 et
3532 4567 3764 4612 nostram
3795 4557 3849 4610 in

2325 4644 2501 4697 saeculi
2545 4643 2647 4696 line
2704 4653 3023 4708 secuturam,
3075 4646 3276 4699 duobus
3323 4648 3522 4711 verbis,
3580 4647 3856 4716 praesentis

2329 4734 2577 4802 temporis
2598 4742 2649 4787 et
2678 4733 2857 4798 futuri,
2886 4735 3152 4805 eleganter
3177 4736 3510 4804 breviterque
3535 4735 3796 4804 promisit.
3829 4756 3848 4786 ι

2325 4821 2503 4889 (Vsus.
2531 4821 2640 4890 20.)
2680 4821 2744 4874 In
2769 4823 2856 4875 illo
2882 4822 2980 4883 die,
3034 4823 3224 4890 inquit.
3251 4841 3332 4878 vos
3362 4824 3688 4892 cognoscetis,
3735 4825 3858 4891 quia

2324 4927 2412 4979 ego
2434 4928 2544 4962 sum
2573 4911 2626 4963 in
2655 4908 2810 4962 Patre
2853 4927 2977 4970 meo,
3006 4921 3052 4962 et
3081 4929 3164 4964 vos
3192 4915 3246 4965 in
3269 4929 3366 4975 me,
3414 4923 3459 4964 et
3484 4929 3574 4980 ego
3616 4913 3669 4965 in
3698 4913 3854 4965 vobis.

2325 5000 2378 5052 In
2413 5016 2516 5068 quo
2541 4999 2643 5060 die,
2675 4999 2774 5050 nisi
2803 4997 2866 5052 de
2887 5016 2990 5068 quo
3020 5001 3094 5054 ait
3120 5019 3132 5053 :
3174 5001 3237 5053 Et
3272 5018 3355 5053 vos
3385 5002 3550 5055 vivetis
3579 5003 3605 5056 7
3635 5021 3652 5051 ι
3692 5014 3712 5039 π
3748 5001 3856 5053 Νο-

2327 5097 2511 5142 verunt
2540 5098 2661 5140 tunc
2683 5090 2898 5156 apostoli
2928 5105 3043 5143 esse
3066 5089 3332 5143 Christum
3360 5091 3412 5144 iu
3444 5091 3599 5146 Patre
3625 5107 3716 5160 per
3741 5091 3856 5141 uni-

2332 5184 2489 5228 tatem
2514 5175 2789 5229 iudividuaa
2811 5177 3126 5234 divinitatis;
3149 5189 3402 5232 noverant
3425 5196 3480 5234 se
3499 5195 3614 5234 esse
3637 5182 3688 5230 in
3713 5178 3853 5230 Chrio

2333 5273 2431 5324 sto,
2460 5277 2552 5330 per
2580 5266 2962 5331 susceptionem
2990 5263 3109 5318 ﬁdei
3137 5276 3190 5319 et
3226 5278 3671 5321 sacramentorum
3703 5264 3815 5330 ejus
3840 5282 3855 5328 ;

780 5360 937 5414 Vens.
981 5361 1061 5412 l7.
1116 5391 1186 5399 —
1244 5359 1488 5428 Spiritum
1539 5364 1778 5418 veritatis.
1829 5380 1974 5431 quem
2027 5365 2239 5413 mundus
2336 5363 2588 5406 noverant
2612 5355 2893 5408 veraciter
2942 5367 3063 5407 vere
3096 5365 3215 5411 tunc
3243 5373 3356 5412 esse
3385 5358 3648 5412 Christum
3681 5360 3731 5411 in
3757 5358 3847 5411 Pa-

787 5480 814 5508 α
847 5469 922 5522 Ex
944 5470 1095 5526 Betim
1115 5470 1326 5523 homilia
1363 5471 1412 5522 in
1440 5470 1522 5522 die
1544 5470 1898 5522 Pentecostes.

789 5535 818 5575 δ
855 5537 930 5589 Et
957 5536 1014 5590 S.
1044 5538 1198 5605 Aug.,
1229 5547 1380 5590 tract.
1413 5553 1568 5599 vav,
1605 5554 1748 5590 num.
1779 5539 1828 5588 3.
1980 5541 1984 5544 ’

2410 5475 2428 5500 ε
2473 5464 2544 5515 lix
2575 5464 2723 5515 Bc-dzc
2748 5464 2888 5515 hom.
2917 5465 3094 5516 citata.

3427 6181 3488 6184 _
3621 6147 3754 6180 ,τ
3868 6009 4230 6185 --.ΛΑ
