4266 6224
480 315 576 368 937

1251 300 1644 358 EXEGETICA.
1671 327 1739 339 —
1771 294 2113 351 couussr.
2154 293 2219 346 LV
2262 287 2444 345 JOAH.
2485 321 2547 329 --
2589 290 2709 342 Lm.
2757 266 2829 340 vi.

3515 285 3610 335 933

465 426 563 477 tre,
585 424 638 469 et
663 414 714 468 in
744 429 800 470 se
828 409 942 469 ες»εὸ
968 396 1232 469 Christdtn
1258 403 1349 481 per
1370 414 1702 466 dilectionem
1731 419 1780 462 ct
1807 411 1984 461 ol.ser-
2087 404 2350 469 faciemus.
2385 400 2481 465 Qui
2510 399 2647 452 enim
2693 410 2814 449 vere
2840 395 3003 462 diligit
3037 394 3218 451 Deum,
3252 408 3345 444 nec
3373 396 3603 444 teut-alio-

461 501 688 558 vantiam
725 490 1084 554 mandatorum
1114 494 1264 566 ejus:
1316 501 1460 552 novit
1484 509 1534 551 et
1561 501 1658 552 hoc
1687 507 1866 550 sancta
1901 495 1987 546 Dei

463 587 711 648 Ecclesia,
745 588 834 641 sed
887 581 1037 657 longe
1065 580 1250 641 melius
1293 595 1345 638 et
1372 585 1576 655 plenius
1618 586 1668 637 in
1699 585 1783 637 illa
1813 584 1895 636 die
1925 585 1990 635 de

461 691 560 743 qua
609 675 740 728 dixit
769 695 781 729 :
817 677 880 730 Et
911 675 994 730 eos
1027 678 1234 730 cinctis:
1272 677 1324 729 in
1352 690 1452 742 qua
1501 672 1762 729 veraciter
1815 675 1989 725 vivere

463 762 738 828 incipiunt,
768 764 865 818 hoc
893 774 990 826 est,
1024 764 1074 816 in
1105 764 1187 816 die
1237 762 1655 820 resurrectionis,
1688 758 1899 830 quando
1925 775 1990 812 eo

465 850 742 913 perfectius
769 861 952 905 cuncta
977 843 1091 919 qua:
1133 852 1338 905 scienda
1367 861 1505 911 sunt,
1551 851 1740 908 sciunt,
1771 863 1875 915 quo
1907 848 1984 914 ip-

462 955 575 992 sum
601 941 832 993 scientia:
856 939 1050 994 fontem
1076 940 1296 993 vicinius
1319 941 1431 992 sine
1461 939 1561 990 fine
1587 938 1930 1003 conspiciunt.
1965 954 1982 983 ι

467 1026 530 1078 Ut
556 1037 728 1080 autem
752 1028 993 1080 omnibus
1037 1023 1188 1091 hujus
1216 1022 1613 1092 promissionem
1652 1023 1989 1075 beatitudinis

460 1117 805 1184 promitteret,
836 1131 936 1168 non
966 1115 1290 1168 solummodo
1316 1112 1585 1180 apostolis,
1619 1127 1738 1163 mox
1768 1110 1984 1176 subjun-

463 1204 573 1256 xit:
611 1204 789 1272 (Vens.
820 1204 929 1273 2|.)
970 1202 1071 1266 Qui
1098 1203 1244 1254 habet
1286 1197 1528 1254 mandata
1576 1216 1716 1254 mea.
1751 1210 1794 1250 et
1826 1209 1987 1250 servat

461 1297 521 1344 ea
541 1331 554 1353 ,
578 1291 664 1344 ille
691 1301 762 1344 est
790 1292 877 1360 qui
906 1308 986 1342 me
1017 1291 1199 1356 diiigit.
1239 1289 1338 1351 Qui
1363 1299 1529 1340 autem
1559 1286 1720 1352 diligit
1748 1301 1846 1344 me,
1872 1284 1989 1335 dili-

461 1388 607 1444 getur
627 1398 657 1430 a
685 1379 837 1430 Patre
864 1394 995 1439 meo,
1018 1388 1064 1429 et
1080 1394 1168 1444 ego
1184 1377 1392 1444 diligam
1418 1391 1552 1436 eum,
1582 1384 1626 1426 et
1655 1373 1988 1439 nianifcctabo

461 1467 508 1518 ci
552 1469 813 1534 meipsum.
853 1485 870 1514 ι
913 1467 1010 1519 l'bi
1040 1466 1181 1518 omni
1214 1465 1502 1517 intentione
1548 1462 1986 1515 considerandum

462 1560 573 1613 est,
601 1553 720 1619 quia
750 1550 1016 1604 Christum
1055 1567 1176 1604 vere
1219 1551 1434 1618 diligere
1462 1559 1541 1602 est
1588 1549 1702 1615 ejus
1747 1550 1986 1602 mandata

463 1655 675 1692 scrvare.
702 1659 712 1690 ε
740 1657 840 1693 non
871 1639 1032 1706 ipsam
1055 1639 1389 1691 dilectionem
1420 1635 1632 1704 [solum]
1659 1637 1810 1688 labiis
1831 1636 1988 1702 proii-

2091 494 2171 545 nis
2201 503 2436 559 tempore
2458 489 2656 541 recedit
2679 486 2744 539 ab
2772 499 2952 538 amore
2984 484 3096 543 Dei,
3135 483 3196 536 ad
3227 485 3362 534 hunc
3397 484 3614 534 veniunt

2091 584 2242 636 Patri"
2271 591 2320 634 et
2355 581 2516 633 Filius
2546 577 2766 646 spiritali
2809 576 3108 629 accessione
3135 614 3146 632 ,
3195 583 3247 625 et
3291 573 3614 637 mansionem

2089 672 2222 738 apud
2245 685 2362 725 cum
2392 668 2602 720 habent.
2627 667 2715 718 Ille
2742 666 2882 718 enim
2914 675 3036 715 vere
3062 662 3228 718 auidi,
3260 660 3409 726 cujus
3437 659 3606 709 videli-

2089 769 2171 810 cet
2197 768 2424 811 mentem
2467 755 2744 809 delectatio
2773 769 2932 822 prava
2977 767 3039 802 ex
3077 763 3333 802 consensu
3377 763 3470 798 suo
3516 763 3614 798 non

2089 859 2314 916 superat.
2350 849 2476 900 Nam
2512 855 2657 897 tanto
2683 845 2904 910 quisque
2953 857 2982 892 a
3027 853 3254 905 superno
3283 853 3462 888 amore
3513 839 3616 887 dis-

2081 936 2346 1006 jungitur,
2396 942 2591 1000 quanto
2638 931 2853 984 inferius
2896 929 3204 980 delectatur.
3263 943 3278 972 ι
3329 924 3351 960 ι¹
3402 925 3616 977 Dilectin

2090 1035 2298 1078 sanctos
2325 1023 2576 1076 discernit
2609 1037 2635 1071 a
2674 1021 2887 1076 mundo,
2914 1029 3032 1083 qum
3059 1014 3183 1066 facit
3215 1014 3491 1091 unanimes
3522 1013 3613 1062 ha-

2088 1115 2255 1166 hilare
2289 1114 2340 1165 in
2381 1112 2554 1164 domn.
2593 1108 2646 1160 In
2678 1120 2778 1174 qua
2815 1103 2969 1158 domo
3016 1103 3142 1156 facit
3176 1102 3332 1153 Pater
3359 1111 3410 1152 et
3455 1100 3615 1152 Filius

2089 1200 2412 1252 mansionem
2451 1216 2460 1248 :
2494 1195 2583 1263 qui
2607 1194 2803 1249 donant
2827 1201 2878 1244 ct
2903 1195 3067 1259 ipsam
3094 1191 3456 1247 dilectionem,
3503 1189 3616 1256 qui-

2087 1282 2185 1358 bus
2213 1289 2406 1340 donent
2434 1286 2484 1338 in
2516 1285 2616 1336 line
2663 1285 2823 1336 etiam
2865 1296 3016 1334 suam
3066 1279 3560 1331 tnanifestatinuem.
3593 1297 3611 1327 υ

2089 1379 2160 1430 De
2185 1391 2286 1444 qua
2309 1373 2728 1427 manifestatione
2752 1371 3038 1437 discipulus
3063 1369 3497 1437 intcrrogavit,et
3525 1381 3617 1416 an-

2088 1465 2216 1518 divit
2266 1464 2329 1515 ad
2371 1463 2504 1514 hanc
2554 1460 3022 1512 manifestationent
3054 1472 3144 1524 per
3173 1457 3502 1506 dilectionem
3529 1468 3617 1504 ve-

2087 1553 2332 1605 nientium
2371 1566 2507 1603 esse.
2548 1550 2724 1618 (\‘rns.
2762 1548 2875 1615 ‘24.)
2917 1546 3014 1609 Qui
3050 1563 3148 1597 non
3195 1545 3358 1611 diligit
3387 1559 3483 1602 me,
3513 1558 3616 1593 zer-

2086 1657 2257 1692 moues
2293 1655 2427 1690 meo:
2461 1654 2558 1689 non
2604 1646 2786 1687 seruat.
2839 1653 2855 1682 ‹
2906 1633 2966 1685 lli
3014 1642 3134 1685 sunt
3177 1632 3264 1698 qui
3314 1631 3520 1682 Patrem
3565 1637 3619 1683 et

458 1730 582 1792 teri,
611 1730 700 1782 sed
744 1727 988 1781 inandata
1016 1727 1242 1787 Christi,
1276 1741 1389 1794 qua‘.
1440 1724 1686 1777 dismudo
1706 1723 1988 1784 habemus.
2025 1716 2063 1770 Β
2094 1729 2343 1796 Spiritum
2374 1734 2613 1778 sanctum
2641 1738 2905 1790 nunquam
2931 1723 3107 1773 vident
3140 1737 3150 1770 :
3189 1713 3375 1771 Filium
3420 1727 3615 1777 autem,

462 1817 727 1882 operando
765 1821 972 1867 servare
1023 1833 1034 1864 :
1093 1835 1108 1864 ι
1156 1815 1255 1876 Qui
1289 1814 1456 1871 habet,
1507 1812 1702 1878 inquit,
1743 1811 1987 1862 mandata

462 1919 571 1953 mea
595 1943 607 1962 ,
646 1913 692 1953 ct
729 1913 890 1954 servat
913 1918 992 1961 ea,
1026 1901 1108 1951 illr
1134 1911 1204 1950 est
1224 1901 1310 1965 qui
1346 1916 1422 1951 mc
1463 1899 1645 1966 diligit,
1683 1918 1697 1946 ι
1730 1911 1750 1935 η
1780 1900 1864 1965 (μὶ
1891 1900 1984 1949 ba-

463 1991 547 2039 ln-l
575 1991 623 2041 in
649 1972 920 2050 memoria,
942 2000 994 2041 et
1016 2000 1185 2040 servat
1219 1991 1267 2039 in
1293 1989 1433 2044 vita;
1476 1987 1562 2053 qui
1594 1988 1751 2038 habet
1791 1989 1840 2036 iu
1885 2001 1988 2037 ser-

463 2079 721 2138 tnonihus,
754 2086 806 2129 et
831 2086 1003 2129 servat
1029 2077 1080 2128 in
1109 2077 1372 2136 moribus;
1407 2077 1495 2143 qui
1534 2075 1688 2127 habet
1709 2074 1985 2131 audiendo,

460 2171 511 2213 et
532 2172 705 2214 servat
733 2162 999 2224 faciendo;
1027 2171 1115 2215 aut
1137 2163 1224 2229 qni
1254 2164 1410 2214 habet
1440 2161 1674 2213 faciendo
1697 2200 1710 2223 ,
1739 2169 1788 2213 et
1815 2170 1990 2213 servat

453 2251 865 2312 perseverando,
883 2253 985 2320 ipse
1008 2261 1097 2309 est,
1127 2251 1313 2317 inquit,
1335 2250 1420 2315 qui
1443 2250 1606 2316 di.’igit
1633 2265 1728 2302 me.
1752 2269 1770 2298 ι
1797 2268 1813 2298 ι
1838 2251 1864 2287 b
1889 2249 1986 2302 No-

463 2342 674 2413 tandum
699 2343 818 2408 quia
850 2357 966 2394 cum
991 2341 1266 2409 pnescutis
1289 2341 1536 2405 temporis
1571 2339 1729 2416 verbo
1747 2339 1945 2391 ὀίεαι-ει
1973 2355 1983 2389 :

461 2427 561 2490 Qui
600 2440 762 2480 autem
795 2430 956 2497 diiqit
988 2447 1095 2490 me,
1123 2431 1316 2497 adjecit
1338 2432 1400 2484 de
1427 2430 1601 2483 futuro
1634 2447 1645 2480 :
1682 2429 1930 2497 Diligetur
1957 2446 1987 2480 a

466 2515 617 2566 Patre
651 2534 776 2577 meo,
831 2528 875 2568 ct
908 2535 996 2582 ego
1045 2519 1252 2586 diligam
1283 2535 1425 2578 eum,
1476 2527 1521 2570 ct
1572 2517 1904 2584 manifestabo
1945 2518 1988 2566 ei

459 2602 721 2669 meipwm.
758 2603 928 2671 Diligit
953 2620 1178 2673 namque
1206 2606 1362 2658 etiam
1389 2623 1522 2660 nunc
1561 2606 1844 2658 dilectores
1869 2619 1991 2657 suos

456 2694 575 2740 cum
607 2689 761 2743 Patre
802 2691 985 2753 Filius,
1018 2693 1108 2746 sed
1137 2709 1275 2746 nunc
1303 2693 1470 2762 dil'git
1502 2693 1566 2745 ad
1596 2694 1715 2752 hoc,
1765 2701 1822 2743 ut
1850 2698 1990 2743 recte

466 2776 637 2829 rivant
665 2792 727 2832 ex
754 2777 852 2831 [‘th
879 2817 893 2842 ,
923 2794 1037 2848 (ειπερ
1074 2795 1167 2848 per
1198 2781 1527 2833 dilectionem
1554 2790 1804 2848 operatur
1830 2797 1840 2829 :
1869 2786 1990 2832 tunc

458 2866 526 2917 ad
554 2867 653 2920 hoc
676 2867 877 2937 diliget,
930 2877 986 2920 ut
1028 2869 1334 2936 perveniant
1358 2871 1420 2921 ad
1449 2870 1702 2922 visionem
1735 2869 1990 2930 veritatis,

462 2971 616 3022 quam
666 2972 760 3025 per
805 2957 957 3011 fidem
992 2966 1353 3026 gustaverant.
1409 2959 1521 3012 Non
1573 2968 1748 3011 autem
1797 2957 1990 3010 frustra

2089 1832 2189 1869 non
2213 1825 2267 1867 ut
2293 1815 2678 1872 hcatiliccnlur,
2711 1813 2799 1863 sed
2828 1821 2880 1861 ut
2902 1811 3236 1878 judiccnmr,
3266 1810 3329 1859 ad
3354 1808 3618 1860 modicum

2087 1903 2263 1952 vident
2292 1918 2302 1951 :
2334 1916 2430 1954 nec
2453 1900 2620 1967 ipsum
2650 1900 2699 1950 ih
2729 1898 2894 1949 forma
2924 1897 3033 1953 [Μ.
3083 1898 3167 1947 ubi
3199 1905 3278 1947 est
3303 1908 3418 1946 cum
3466 1894 3618 1947 l'atrc

2086 1987 2358 2054 etSpiritu
2388 1993 2570 2040 san'cto
2598 1987 2796 2054 pariter
2838 1986 3115 2037 invisibilis
3168 2003 3177 2034 :
3229 1985 3318 2036 sed
3355 1985 3403 2035 in
3451 1983 3616 2036 forma

2085 2078 2332 2138 hominis,
2351 2078 2437 2130 ubi
2465 2077 2612 2147 HIs,
2635 2075 2822 2144 inqua)
2845 2090 2959 2127 esse
2979 2075 3171 2126 mundo
3196 2075 3357 2126 \‘0luil
3377 2076 3618 2143 patienia

2087 2166 2516 2233 contemptibilis,
2537 2162 2821 2228 iudicando
2846 2164 3112 2215 terribilis.
3142 2183 3157 2209 ι
3195 2164 3258 2214 lit
3288 2181 3450 2214 sermo
3473 2177 3617 2231 quem

2086 2257 2323 2316 audistis,
2351 2273 2450 2308 non
2474 2265 2545 2307 est
2575 2271 2745 2315 meus;
2770 2255 2854 2308 sed
2885 2255 2996 2322 ejus
3019 2256 3104 2322 qui
3131 2255 3261 2305 misit
3286 2272 3362 2305 me
3383 2295 3395 2311 .
3430 2252 3616 2304 Patris.

2087 2344 2220 2407 Quid
2243 2351 2323 2394 est
2342 2343 2479 2408 quod
2518 2342 2665 2408 prius
2702 2342 2887 2409 plurali
2919 2358 3137 2393 numero
3172 2358 3423 2392 sermones
3452 2342 3576 2391 tii\i!
3606 2381 3616 2394 .

2087 2445 2224 2481 nunc.
2255 2437 2430 2482 autem
2454 2429 2704 2496 singulari
2735 2429 3056 2479 sermonem?
3080 2428 3411 2480 Fortassisut
3441 2426 3624 2492 prmtlio

2089 2520 2310 2573 catiouis
2337 2517 2488 2588 [.ifs.,
2517 2519 2940 2587 prmdicationesj
2972 2519 3039 2570 ihi
3069 2510 3337 2570 scrutatus
3369 2529 3625 2570 monstra-

2089 2617 2196 2669 ret;
2227 2608 2312 2659 bic
2342 2623 2466 2659 vero
2509 2609 2760 2672 seipsum,
2792 2609 2878 2673 qui
2927 2616 3007 2659 cst
3061 2608 3286 2658 Verbum
3321 2605 3511 2658 Patris.
3564 2605 3626 2657 Et

2089 2698 2207 2750 ideo
2237 2697 2368 2749 dixit
2414 2711 2516 2749 non
2565 2710 2752 2754 suum.
2800 2686 2919 2762 qhia
2948 2712 2973 2746 a
3003 2698 3176 2762 seipso
3223 2704 3448 2752 nonest,
3482 2680 3569 2743 sed
3595 2708 3623 2743 a

2090 2783 2246 2837 Patre
2294 2804 2303 2834 :
2361 2786 2496 2837 sicut
2524 2799 2619 2836 nec
2650 2782 2740 2835 sua
2772 2794 2850 2835 est
2896 2785 3085 2850 imago,
3139 2783 3226 2834 sed
3276 2781 3486 2841 Patris;
3531 2794 3625 2831 nec

2091 2888 2218 2926 suus
2242 2873 2428 2933 Filius,
2455 2874 2544 2926 sed
2577 2873 2764 2925 Patris.
2802 2891 2816 2919 ε
2847 2871 3005 2922 Recte
3034 2872 3191 2938 igitur
3217 2870 3416 2922 auctori
3443 2868 3629 2918 tribuit

2092 2962 2344 3029 quidquid
2371 2962 2493 3015 facit
2519 2962 2756 3029 aequalis,
2788 2976 2814 3011 a
2839 2976 2943 3027 quo
2972 2961 3052 3012 ha‘
3076 2969 3128 3011 et
3159 2960 3256 3011 hoc
3290 2959 3458 3026 ipsum
3485 2959 3626 3023 quod

463 3047 660 3099 addidit
705 3065 716 3098 :
752 3045 814 3099 Et
844 3046 1176 3114 ruanifcstabo
1207 3047 1250 3099 ei
1289 3048 1552 3116 meipsum.
1590 3067 1605 3097 ι
1659 3045 1728 3100 Sc
1750 3061 1873 3099 vero
1899 3061 1982 3100 se-
2012 3026 2057 3086 (ἶ
2091 3026 2166 3099 illi
2192 3026 2272 3100 est
2298 3026 2656 3102 indifferenter
2683 3026 2917 3115 :equalis.

465 3136 690 3190 eundum
710 3137 1084 3191 humanitatem
1100 3138 1303 3191 cunctis
1320 3138 1368 3191 in
1385 3137 1585 3205 judicio
1602 3136 1980 3191 tuanifestahit:

464 3225 589 3280 solis
635 3241 760 3279 vero
807 3226 965 3294 justis
1008 3235 1061 3279 ct
1085 3227 1281 3280 sanctis
1329 3227 1620 3281 divinitatis
1654 3226 1905 3295 gloriam,
1934 3227 1985 3280 in

465 3327 564 3379 qua
599 3314 816 3385 :equalis
874 3321 955 3368 est
996 3313 1140 3367 Patri
1175 3322 1228 3368 et
1258 3313 1474 3383 Spiritui
1516 3324 1697 3368 saneto
1722 3355 1736 3378 ,
1765 3316 1831 3368 ad
1867 3316 1992 3369 bea—

376 3444 380 3448 .
466 3401 739 3455 titudinent
797 3411 1043 3458 mter-nam
1101 3403 1487 3474 percipiendam
1553 3403 1990 3459 manifestaturth

466 3499 585 3543 (arti.

534 3579 690 3635 Vsus.
730 3581 816 3635 εξ.
858 3611 918 3621 ——
961 3581 1093 3634 Dicit
1122 3585 1165 3635 ci
1192 3582 1386 3642 Judaa,
1416 3599 1516 3635 non
1554 3582 1640 3636 ille
1666 3584 1986 3637 Scariothis:

467 3668 679 3722 Domita
703 3709 717 3731 ,
750 3671 873 3737 quid
901 3670 1092 3738 factum
1115 3683 1216 3734 est,
1257 3674 1378 3740 quia
1408 3673 1549 3726 nobis
1576 3673 1989 3741 manifestatum;

466 3773 516 3809 με
546 3756 780 3824 teipautrt,
801 3767 846 3809 et
869 3774 966 3810 non
987 3758 1105 3810 huic
1126 3760 1353 3812 rutundo?
1376 3758 1724 3832 Interrogavit
1745 3763 1991 3818 discendo

467 3860 675 3900 causam
700 3846 959 3901 veritatis.
988 3847 1091 3900 iste
1133 3857 1214 3900 est
1245 3847 1408 3904 ludas
1433 3849 1586 3925 cuius
1610 3852 1840 3919 Epistoia
1870 3852 1991 3922 legi-

467 3943 552 3987 tur
579 3936 631 3989 in
657 3934 894 3990 ecclesiis
917 3935 1135 3998 Christi,
1165 3953 1265 3992 non
1292 3938 1378 3991 ille
1408 3940 1652 3993 traditor.
1683 3939 1804 3994 Ideo
1835 3943 1993 3996 aliter

464 4023 808 4094 interrogavit
829 4023 946 4090 istc,
969 4026 1122 4081 aliter
1149 4026 1233 4081 ille
1265 4029 1515 4099 proditor,
1543 4030 1665 4084 dum
1692 4031 1767 4084 ait
1796 4048 1808 4081 :
1845 4031 1990 4085 Nim-

467 4110 589 4175 quid
613 4125 704 4180 ego
735 4128 847 4164 sum
870 4113 896 4164 .‘
933 4114 1025 4170 ille
1064 4115 1338 4170 simulator
1377 4119 1600 4172 accessit
1644 4119 1710 4172 ad
1758 4122 1991 4172 mensam

467 4196 704 4264 magistri
725 4235 740 4257 ,
765 4197 865 4251 iste
890 4200 1124 4253 veritatis
1147 4201 1427 4271 inquisitor
1453 4204 1793 4270 interrogavit
1819 4205 1992 4260 Domi-

468 4295 611 4337 num.
654 4283 748 4339 Cui
778 4289 1045 4356 respondit
1070 4287 1222 4342 Jesus
1261 4307 1274 4341 :
1307 4291 1486 4358 (Vens.
1511 4292 1624 4361 23.)
1654 4292 1711 4347 Si
1739 4296 1850 4364 quis
1872 4296 1989 4347 diii-

468 4374 539 4440 [νει
564 4390 671 4439 me,
701 4393 953 4431 temones
999 4395 1134 4432 meo:
1173 4379 1408 4433 servabit.
1468 4398 1486 4430 ι
1518 4391 1539 4418 ε
1574 4381 1817 4434 Probatio
1867 4398 1994 4452 ergo

470 4460 784 4528 dilectionis,
835 4467 1088 4521 exbibitio
1134 4475 1214 4522 est
1256 4468 1451 4538 operis.
1484 4467 1618 4523 llinc
1664 4470 1715 4522 in
1761 4470 2006 4538 Epistola'

471 4562 564 4600 sua
593 4548 729 4602 idem
762 4551 987 4606 Joannes
1013 4555 1139 4609 dicit
1168 4573 1179 4607 :
1207 4554 1306 4619 Qui
1335 4556 1461 4609 dicit
1485 4558 1605 4624 quia
1629 4557 1785 4624 diligo
1805 4556 1990 4617 Deum,

471 4645 517 4685 et
542 4635 784 4688 mandata
813 4639 922 4704 ejus
951 4657 1050 4694 non
1090 4645 1310 4696 custodit
1331 4685 1344 4700 ,
1389 4645 1609 4696 mendax
1647 4654 1720 4697 est
1752 4643 1802 4712 (Ι
1830 4643 1988 4697 Joan.

473 4742 546 4785 iv,
570 4725 681 4793 20).
707 4726 839 4779 Vere
862 4727 1000 4780 enim
1029 4729 1292 4797 diligimus
1318 4733 1501 4793 Deum,
1533 4733 1576 4785 si
1606 4733 1851 4786 mandata
1882 4731 1994 4798 ejus

472 4813 832 4877 observamus,
854 4823 907 4868 et
928 4831 954 4868 a
985 4818 1176 4870 nostris
1199 4819 1350 4885 σοι
1378 4836 1474 4873 nos
1501 4821 1564 4874 ad
1584 4821 1830 4873 mandata
1859 4807 1995 4873 illius

475 4900 828 4956 voluntatibus
854 4903 999 4973 μη,
1056 4905 1430 4976 voluptatibus]
1481 4902 1830 4961 coarctamus.
1864 4928 1881 4958 ι
1931 4909 1996 4961 Et

479 4987 635 5039 Pater
661 5003 804 5043 meus
829 4992 1000 5060 diliget
1027 5009 1159 5046 eum.
1185 4993 1313 5057 Quia
1342 5008 1500 5059 opera
1524 5010 1642 5061 qua:
1666 4997 1822 5048 Pater
1852 4996 1992 5056 facit,

479 5079 590 5130 bre’e
635 5083 688 5131 et
737 5077 978 5131 similiter
1010 5081 1173 5134 Filius
1203 5081 1353 5140 facit;
1382 5089 1434 5132 et
1462 5081 1548 5146 qui
1591 5082 1762 5150 diligit
1785 5084 1994 5143 Filium,

478 5169 647 5237 diligit
669 5179 722 5222 et
742 5169 979 5229 Patrem;
1010 5178 1063 5220 et
1080 5171 1170 5235 qui
1197 5171 1430 5236 diligitur
1459 5185 1485 5220 a
1527 5168 1681 5230 Filio,
1706 5172 1938 5236 diligitur
1966 5187 1996 5222 τι

477 5255 652 5312 Patre.
685 5258 751 5310 Et
770 5259 837 5310 ad
859 5273 972 5310 eum
1005 5257 1276 5319 veniemus,
1303 5268 1351 5309 et
1377 5259 1686 5309 mansionem
1722 5259 1858 5323 apud
1883 5275 1994 5308 cum

547 5400 571 5459 ξ
610 5387 685 5459 ξι
717 5389 772 5459 §.
803 5391 954 5459 Aug.,
981 5391 1080 5443 loc.
1107 5391 1222 5452 cit.,
1247 5405 1389 5442 num.
1421 5391 1469 5441 5.

548 5456 576 5495 b
615 5456 690 5508 Et
721 5456 1024 5519 Bedafloco
1045 5459 1226 5510 citato.

547 5533 571 5564 ε
611 5523 684 5579 Ex
714 5523 768 5575 S.
799 5523 979 5594 Grcg.,
1008 5524 1150 5576 hom.
1176 5529 1261 5584 δυ.
1294 5542 1433 5578 natu.
1469 5525 1510 5574 l.

864 5613 1126 5672 Parant.
1178 5617 1242 5675 C.

2021 4338 2070 4389 ο

2156 3138 2313 3191 Vens.
2347 3137 2433 3190 ‘25.
2460 3168 2525 3177 —
2559 3137 2679 3190 "(PC
2705 3138 2903 3188 locutus
2924 3153 3038 3190 sum
3064 3137 3196 3188 vobis
3227 3137 3360 3203 aput
3400 3152 3483 3187 eos
3520 3142 3626 3185 ina-

2090 3244 2230 3280 nem.
2272 3227 2360 3281 illa
2401 3227 2624 3287 mansio,
2672 3227 2735 3279 dc
2779 3242 2879 3294 qua
2910 3228 3337 3295 superiusdixit,
3380 3226 3630 3294 Spit-italis

2089 3329 2188 3380 est,
2216 3333 2332 3387 qua:
2362 3317 2485 3369 solis
2511 3317 2705 3369 sanctis
2739 3317 2893 3369 datur
2919 3335 2928 3366 :
2976 3318 3085 3369 iure
3115 3330 3241 3368 vero
3268 3317 3331 3367 de
3357 3329 3456 3384 qua
3492 3332 3628 3368 nunc

2090 3407 2250 3467 dicit,
2285 3407 2572 3473 corporalis
2615 3416 2711 3461 est.
2780 3405 2854 3458 De
2900 3420 2990 3458 sua
3039 3413 3130 3475 pra
3150 3407 3316 3458 scntia
3367 3407 3625 3475 corporali

2092 3498 2451 3550 tantummodo
2497 3496 2667 3556 dixit,
2715 3511 2870 3562 quam
2915 3497 3152 3564 utrique,
3180 3496 3376 3563 etjusti
3401 3506 3451 3548 ct
3487 3496 3628 3566 izrpii

2091 3586 2269 3639 videre
2292 3593 2594 3652 potuerunt.
2630 3604 2645 3633 ι
2685 3603 2702 3632 ο
2742 3595 2762 3621 ε
2795 3584 2880 3636 illa
2913 3583 2964 3638 lu
2994 3594 3248 3638 :cteruum
3281 3585 3541 3638 beatificat
3570 3589 3626 3637 li-

2091 3674 2338 3732 beratos.
2383 3674 2492 3725 hmc
2539 3673 2590 3724 i'u
2622 3680 2855 3740 tempore
2887 3673 3066 3724 visitat
3106 3671 3421 3724 liberandos.
3483 3673 3624 3732 lltrc.

2093 3762 2277 3830 inquit.
2307 3757 2500 3811 locutus
2524 3775 2634 3812 sum
2671 3758 2834 3820 vobis,
2871 3757 3010 3827 apud
3040 3774 3121 3810 eos
3157 3775 3381 3811 mortem.
3438 3759 3630 3830 Utique.

2091 3850 2364 3918 prmscntia
2393 3846 2672 3918 corporali,
2716 3861 2815 3917 qua
2857 3861 2975 3899 cum
3012 3846 3116 3900 illis
3143 3847 3419 3900 visibiliter
3447 3847 3622 3916 loque-

2092 3936 2262 3988 batur.
2291 3954 2308 3984 ι
2345 3935 2525 4003 (Vsus.
2554 3933 2666 4000 26.)
2696 3931 2988 3985 Paract'ittu
3033 3942 3198 3985 aut-cm
3253 3931 3476 4002 Spiritus
3511 3950 3628 3988 sau-

2093 4025 2200 4073 ttus
2224 4063 2240 4084 ,
2288 4039 2436 4090 quem
2458 4023 2618 4076 mittet
2645 4022 2802 4076 Pater
2829 4024 2881 4074 in
2912 4024 3111 4076 nomine
3137 4040 3246 4076 meo
3265 4065 3278 4084 ,
3309 4025 3394 4077 illa
3425 4042 3508 4079 tos
3539 4027 3628 4077 do-

2091 4111 2216 4163 cebit
2239 4109 2428 4170 omnia,
2458 4119 2502 4160 et
2533 4118 2761 4177 suggeret
2785 4110 2919 4162 vobis
2941 4113 3135 4171 omnia,
3156 4115 3466 4182 quacunque
3485 4113 3624 4166 dirc-

2094 4213 2150 4250 ro
2185 4197 2339 4250 vobis.
2382 4196 2538 4250 Multa
2566 4198 2698 4250 dixit
2733 4198 3065 4252 audientibus
3089 4200 3405 4262 inﬁdelibus,
3438 4217 3555 4272 qum.
3578 4203 3631 4260 in

2094 4302 2276 4340 eorum
2302 4288 2548 4342 cordibus
2570 4287 2741 4341 locum
2771 4302 2872 4341 non
2897 4289 3230 4354 invenerunt,
3256 4292 3378 4360 quia
3406 4292 3631 4366 Spiritus

2096 4384 2311 4430 sanctus
2336 4378 2475 4430 intus
2498 4392 2590 4432 eos
2619 4393 2721 4432 non
2760 4377 2999 4431 docebat.
3041 4378 3196 4431 Multa
3239 4380 3369 4434 dicit
3398 4386 3632 4453 quotidie

2097 4475 2190 4534 per
2230 4475 2440 4520 sanctos
2485 4467 2892 4535 prmdicatores.
2937 4471 3054 4536 qbze
3097 4469 3370 4525 audientes
3413 4473 3633 4527 interius

2099 4572 2200 4611 nou
2231 4558 2504 4626 recipiunt,
2533 4558 2652 4625 quia
2682 4556 2910 4625 Spiritus
2934 4567 3147 4634 sanctus
3169 4575 3272 4614 non
3300 4565 3531 4630 suggerit
3555 4566 3632 4615 eis

2097 4644 2334 4708 interius,
2363 4663 2478 4715 quas
2502 4645 2780 4700 audierunt
2815 4650 3067 4702 exterius.
3107 4649 3178 4704 De
3208 4666 3312 4718 quo
3338 4661 3477 4703 recte
3507 4667 3628 4718 pro-

2098 4733 2357 4784 mittitur:
2391 4733 2506 4801 Ipse
2540 4751 2621 4786 ros
2647 4736 2839 4786 docebit
2867 4734 3058 4796 omnia,
3096 4754 3112 4783 ι
3151 4735 3168 4773 ί
3196 4737 3318 4805 quia
3355 4737 3454 4789 nisi
3494 4737 3629 4790 idem

2100 4818 2327 4887 Spiritus
2377 4821 2520 4875 cordi
2575 4823 2710 4874 adsit
2757 4820 3057 4887 audientis,
3107 4826 3310 4879 otiosus
3350 4835 3429 4878 est
3459 4841 3632 4878 sermo

2097 4905 2344 4959 doctoris.
2397 4907 2558 4960 Nemo
2602 4908 2742 4960 enim
2790 4911 2994 4963 docenti
3035 4913 3230 4965 homini
3272 4912 3466 4965 tribuat
3495 4914 3632 4979 quod

2098 5010 2160 5047 ex
2185 5009 2278 5048 ore
2303 4996 2539 5048 docentis
2568 4992 2810 5065 intelligit
2829 5039 2842 5059 ,
2887 5001 3007 5067 quia
3037 5003 3134 5054 nisi
3163 5005 3302 5055 intus
3324 5004 3391 5055 sit
3419 5004 3505 5069 qui
3537 5004 3627 5054 στο-

2098 5094 2214 5138 ceat
2236 5126 2249 5148 ,
2295 5086 2526 5139 doctoris
2550 5084 2720 5154 lingua
2752 5090 2986 5141 exterius
3029 5092 3078 5142 in
3105 5107 3320 5142 vacuum
3353 5091 3571 5142 laborat.
3610 5112 3624 5139 δ

2099 5175 2264 5228 Aliter
2295 5175 2469 5244 itaque
2509 5175 2876 5239 prmdiczintem
2921 5176 3187 5230 Christum
3237 5181 3510 5232 audicrtznt
3537 5179 3628 5231 Ju-

2103 5262 2218 5319 ila-i.
2250 5262 2401 5315 aliter
2419 5261 2656 5329 apostoli.
2684 5260 2755 5313 Illi
2785 5262 2847 5312 ad
2869 5262 3147 5327 judicium.
3179 5268 3259 5317 isti
3287 5269 3348 5320 ad
3372 5268 3584 5317 salutem
3613 5285 3623 5317 :

2169 5392 2190 5426 "-
2235 5390 2306 5441 iis
2337 5389 2393 5440 εἰ.
2429 5389 2578 5454 Aug.
2614 5396 2765 5440 trat‘l.
2790 5404 2942 5440 ttvvt
2998 5405 3140 5440 num.
3167 5392 3218 5447 ‘2,
3254 5391 3298 5447 i,
3328 5390 3374 5438 ὕ.

2173 5470 2193 5492 ο
2233 5457 2305 5507 liv
2333 5456 2529 5510 eodem,
2559 5465 2708 5507 tract.
2740 5471 2935 5513 LXXVII,
2967 5458 3107 5506 nunt.
3145 5460 3188 5506 l.

2172 5526 2190 5560 ‘
2233 5523 2309 5576 Ex
2343 5524 2398 5574 ὃ.
2427 5522 2609 5590 Gtch
2641 5523 2851 5573 humilia
2879 5526 3061 5582 citata,
3093 5541 3235 5573 num.
3267 5525 3316 5575 3.

3127 5611 3199 5674 30
