4266 6236
548 288 553 305 ³
606 317 707 371 939

1348 316 1351 319 ‘
1447 307 1505 361 Β.
1546 308 1605 361 1-⁸.
1636 308 1854 363 Αωιηι
1892 309 2019 364 SEU
2055 309 2321 365 ALCL'INI
2355 311 2628 367 OPERUM
2666 313 2839 368 PARS
2872 314 2931 367 11.
2986 286 2989 289 ν

3584 272 3589 281 ’
3662 306 3762 363 sto

604 426 725 498 quia
749 426 847 480 ito.
872 422 1086 492 spiritus
1112 402 1166 473 tu
1192 420 1366 473 animo
1397 419 1605 482 docuit,
1642 418 1789 488 quod
1808 417 1936 473 foris
1960 419 2139 473 audie—
2165 426 2214 482 Α
2240 406 2487 477 inferno?
2522 424 2765 479 Christus
2806 423 2978 487 testis,
3025 423 3117 477 sed
3162 425 3214 476 in
3252 422 3427 475 anima
3468 420 3596 474 sola.
3637 418 3769 484 Quis

607 523 728 570 runt
751 517 803 569 in
826 528 972 568 aure.

673 602 831 659 Vens.
851 600 939 655 27.
964 626 1037 640 —-
1057 597 1245 652 Pacem
1283 594 1512 666 relinquo
1538 597 1677 650 vobis
1698 634 1713 659 ,
1752 612 1929 664 pacem
1974 611 2139 648 meam

604 690 671 744 do
696 690 855 744 vobis.
889 689 947 743 In
975 703 1105 757 pace
1140 686 1378 754 relinquo
1418 700 1513 739 vos
1534 722 1550 749 ,
1597 685 1650 738 in
1677 698 1807 753 pace
1842 684 2050 738 veniam
2073 684 2139 737 ad

603 794 718 835 vos.
760 778 859 833 Hic
884 777 1123 844 relinquo
1146 815 1162 839 ,
1204 774 1311 828 illic
1351 775 1438 827 do.
1489 772 1840 840 Sequentihus
1881 771 2136 838 relinquo,

602 864 1031 935 pervenientibus
1062 863 1147 917 do.
1186 879 1204 912 ι
1240 872 1264 900 ι
1294 860 1479 914 Pacem
1508 858 1755 926 relinquit
1787 857 1941 911 nobis
1963 857 2015 909 in
2040 857 2142 911 hoc

604 954 813 1019 saturio,
859 967 1041 1022 pacem
1088 965 1239 1005 suam
1265 949 1412 1003 dabit
1439 948 1590 1001 nobis
1617 948 1669 1000 in
1708 945 1887 999 futuro
1926 944 2136 999 saeculo.

602 1040 794 1097 Pacem
836 1038 1084 1106 relinquit
1124 1037 1310 1101 nobis,
1339 1045 1399 1090 ut
1438 1050 1534 1089 nos
1570 1035 1793 1089 invicem
1819 1033 2093 1102 diligamus
2124 1051 2136 1085 :

602 1144 787 1199 pacem
814 1142 961 1183 suam
985 1127 1130 1181 dabit
1168 1125 1322 1181 nobis
1342 1164 1358 1190 ,
1384 1124 1473 1177 ubi
1495 1137 1762 1192 nunquam
1788 1122 2009 1176 invicem
2036 1122 2142 1175 dis-

604 1218 799 1272 sentire
840 1216 1120 1286 possimus.
1164 1232 1184 1264 ι
1230 1212 1365 1278 Quid
1403 1220 1486 1267 est
1535 1212 1675 1281 quod
1722 1211 1850 1265 dicit
1891 1228 1903 1263 :
1953 1209 2141 1263 Pacem

604 1323 768 1361 meam
789 1306 854 1359 do
880 1304 1049 1370 ‘oobis,
1078 1311 1133 1357 et
1151 1318 1256 1357 non
1284 1303 1415 1357 dixit
1448 1320 1460 1354 :
1497 1296 1687 1355 Pacem
1710 1317 1875 1354 meam
1902 1299 2141 1369 relinquo

598 1394 784 1450 vobis?
802 1393 1062 1448 Fortassis
1082 1393 1206 1461 quia
1225 1390 1379 1445 aliter
1392 1406 1549 1453 nunc,
1570 1390 1724 1444 aliter
1737 1398 1861 1443 tunc
1879 1404 1982 1457 pax
2005 1388 2139 1453 erit;

588 1486 693 1541 lltic
715 1499 841 1541 vero
863 1484 998 1539 bella
1036 1498 1155 1538 cum
1180 1482 1323 1536 vitiis
1347 1482 1604 1535 habemus
1622 1520 1637 1544 ,
1673 1480 1791 1534 ideo
1816 1495 1919 1534 non
1944 1478 2142 1533 addidit

592 1588 769 1626 meam
794 1585 811 1623 :
842 1571 950 1626 illic
970 1586 1099 1625 vero
1124 1571 1197 1624 in
1237 1578 1436 1624 :eterna
1466 1583 1617 1638 pace,
1647 1576 1846 1622 aeterna
1876 1566 1981 1620 erit
1998 1573 2142 1619 tran-

604 1658 912 1729 quillitaset
932 1658 1310 1723 concordia,‘et
1329 1656 1449 1711 talis
1471 1671 1593 1727 pax,
1616 1655 1824 1725 qualem
1850 1654 1937 1709 ille
1959 1653 2143 1708 habuit

2237 521 2628 567 resurrecturus
2673 514 2845 568 triduo
2898 512 3065 582 iacuit
3114 512 3167 565 in
3204 509 3483 579 sepulcro?
3531 508 3769 562 Christus

2236 601 2419 667 Iesus,
2461 603 2555 656 sed
2587 604 2643 657 in
2668 616 2827 657 carne
2853 602 2982 656 sola.
3023 601 3221 655 Dieitur
3249 613 3373 668 ergo
3399 606 3455 652 et
3476 598 3529 649 in
3553 597 3636 650 liis
3656 596 3767 649 sin-

2237 690 2373 758 gulis
2394 689 2665 754 Christus;
2694 705 2879 743 verum
2908 691 3019 743 htec
3046 688 3221 741 omnia
3241 700 3345 739 non
3372 687 3503 747 duo,
3531 684 3614 737 vel
3639 692 3770 747 tres,

2238 778 2331 831 sed
2352 793 2487 830 unus
2506 787 2587 832 cst
2608 778 2869 832 Christus.
2907 777 3027 830 Ideo
3067 790 3192 845 ergo
3218 775 3384 827 dixit:
3417 772 3473 827 Si
3491 772 3769 851 diligeretis

2238 882 2336 928 me,
2378 866 2663 935 gauderctis
2690 868 2881 936 utique,
2926 866 3046 936 quia
3086 864 3215 917 vado
3256 864 3322 915 ad
3361 860 3568 915 Patrem
3593 876 3611 914 :
3641 875 3771 929 quo—

2236 954 2381 1008 niam
2402 962 2603 1008 naturae
2626 955 2868 1008 humanae
2904 950 3267 1023 gratulandum
3290 957 3373 1004 est
3388 989 3405 1014 ,
3432 962 3505 1003 eo
3530 947 3670 1018 quod
3694 946 3771 1001 sic

2205 1079 2210 1082 ς
2239 1048 2506 1111 assumpta
2536 1048 2617 1094 est
2655 1055 2686 1093 a
2710 1039 2884 1094 Verbo
2908 1038 3198 1109 unigenito,
3228 1045 3285 1090 ut
3311 1035 3623 1090 immortalis
3646 1048 3770 1089 con-

2240 1130 2547 1182 stitueretur
2570 1129 2623 1181 in
2648 1128 2781 1183 caelo
2806 1167 2820 1192 ,
2866 1137 3022 1195 atque
3050 1127 3121 1179 ita
3158 1126 3306 1180 ﬁeret
3340 1133 3482 1178 terra
3510 1122 3769 1180 sublimis.

2238 1225 2294 1269 ut
2342 1216 2752 1285 incorruptibilis
2790 1214 2960 1284 pulvis
2998 1214 3206 1269 sederet
3252 1214 3303 1265 in
3332 1213 3548 1265 dextera
3575 1210 3769 1262 Patn‘s.

2240 1306 2350 1360 Hoc
2368 1307 2509 1360 enim
2534 1306 2689 1359 modo
2714 1320 2772 1360 se
2796 1307 2991 1368 iturum
3013 1304 3146 1361 dixit
3168 1304 3234 1357 ad
3256 1302 3465 1356 Patrem
3487 1320 3498 1354 :
3522 1314 3626 1355 non
3652 1314 3772 1369 pro-

2239 1393 2377 1448 fecto
2405 1394 2578 1465 [Aug.,
2627 1410 2748 1449 nam
2788 1393 3046 1465 profecto]
3090 1395 3155 1448 ad
3201 1393 3344 1447 illum
3390 1392 3499 1445 ibat
3524 1391 3614 1460 qui
3651 1406 3771 1444 cum

2241 1484 2328 1537 illo
2355 1491 2498 1548 erat;
2521 1483 2614 1536 sed
2638 1482 2739 1536 hoc
2761 1491 2877 1536 erat
2915 1482 2992 1537 ire
3024 1482 3093 1537 ad
3123 1496 3265 1545 eum,
3292 1480 3538 1534 recedere
3588 1493 3618 1530 a
3677 1492 3773 1529 no-

2238 1571 2351 1637 bis;
2391 1580 2595 1627 mutare
2636 1580 2794 1641 atque
2831 1571 3125 1626 immortale
3158 1570 3331 1625 facere
3367 1571 3506 1639 quod
3550 1568 3773 1622 mortale

2240 1659 2469 1727 suscepit
2488 1674 2549 1712 ex
2572 1658 2743 1723 nobis,
2771 1668 2827 1713 et
2853 1659 2919 1713 ad
2947 1659 3217 1712 dexteram
3232 1658 3550 1712 constituere
3575 1654 3770 1717 Patris,

604 1764 725 1803 cum
752 1749 922 1817 seipso
948 1749 1038 1817 qui
1079 1746 1278 1801 nullum
1318 1746 1507 1801 habuit
1542 1746 1594 1800 in
1637 1746 1809 1814 seipso
1836 1752 2135 1813 peccatum.
2168 1755 2215 1816 Β
2238 1755 2291 1802 et
2312 1748 2487 1802 levare
2510 1748 2582 1801 .in
2622 1747 2812 1805 οωιυω
2831 1787 2846 1811 ,
2886 1762 2982 1817 per
3008 1747 3145 1815 quod
3168 1745 3268 1799 fuit
3297 1746 3350 1799 in
3384 1752 3525 1799 terra
3551 1760 3646 1813 pro
3677 1759 3772 1796 no-

606 1836 725 1890 Non
754 1836 1005 1909 quomodo
1027 1834 1247 1888 mundus
1270 1834 1382 1898 dat,
1408 1847 1498 1901 ego
1523 1832 1590 1885 do
1614 1831 1773 1883 vobis.
1809 1830 1866 1884 ld
1899 1838 2006 1894 est,
2036 1843 2140 1882 non

605 1927 868 1994 quomodo
895 1926 949 1978 in
995 1923 1192 1977 mundo
1227 1920 1353 1993 [Δις.
1378 1961 1391 1986 ,
1422 1917 1700 1988 immundi]
1730 1919 1973 1973 homines
2002 1932 2141 1986 saepe

604 2012 705 2067 sibi
734 2013 788 2065 in
815 2026 910 2067 sua
935 2010 1133 2064 malitia
1163 2008 1504 2071 concordant,
1533 2007 1623 2061 sed
1646 2006 1907 2075 quomodo
1927 2005 2016 2074 qui
2040 2004 2141 2058 sibi

604 2103 656 2155 in
686 2100 965 2155 sanctitate
990 2096 1350 2162 concordant,
1395 2103 1451 2151 et
1489 2096 1541 2149 in
1568 2094 1767 2149 Christi
1798 2108 1856 2147 se
1882 2092 2143 2147 cbaritate

604 2188 944 2257 coniungunt.

667 2277 825 2347 ωε
852 2276 1011 2330 Vens.
1036 2274 1125 2328 28.
1154 2301 1225 2314 -—
1246 2272 1366 2327 Non
1388 2274 1617 2327 turbetur
1640 2288 1727 2327 cor
1747 2281 1963 2326 oestrum
1987 2286 2144 2341 neque

603 2364 859 2433 formidet.
897 2362 1123 2416 Audistis
1148 2401 1164 2427 ,
1214 2362 1336 2432 quia
1377 2362 1487 2416 dixi
1514 2362 1649 2416 uobis
1675 2374 1694 2412 :
1742 2360 1886 2414 Vado
1911 2369 1959 2414 et
1999 2361 2144 2413 uenio

600 2455 670 2507 ad
694 2470 800 2507 vos.
847 2470 865 2504 ι
892 2451 1086 2506 h‘Hinc
1131 2452 1333 2506 turbari
1383 2461 1441 2506 et
1488 2450 1775 2506 formidare
1801 2456 2010 2521 poterat
2052 2464 2146 2504 cor

602 2542 810 2596 illorum
828 2581 843 2606 ,
894 2541 1033 2609 quod
1076 2540 1187 2594 ibat
1215 2540 1283 2592 ab
1310 2538 1389 2593 eis
1406 2577 1422 2603 ,
1465 2539 1708 2607 quamvis
1728 2546 1983 2593 venturus
2005 2545 2146 2592 esset

602 2632 671 2685 ad
696 2645 823 2685 eos:
864 2644 931 2683 ne
955 2628 1136 2682 forsan
1175 2642 1391 2698 gregem
1436 2627 1591 2697 lupus
1621 2629 1721 2683 hoc
1764 2627 2038 2682 intervallo
2065 2628 2145 2679 in-

604 2721 839 2781 vaderet,
862 2726 1076 2787 pastore
1101 2717 1336 2772 absente.
1377 2716 1481 2772 Sed
1507 2733 1537 2770 a
1566 2719 1759 2787 quibus
1782 2719 1940 2773 homo
1963 2719 2145 2772 absce-

598 2808 779 2873 debat,
806 2807 945 2871 Deus
969 2823 1071 2861 non
1100 2807 1427 2875 relinquebat
1451 2825 1463 2859 :
1490 2814 1544 2860 et
1569 2807 1707 2860 idem
1737 2807 1847 2875 ipse
1870 2806 2142 2871 Christus,

579 2904 659 2952 -et
684 2897 841 2951 homo
866 2902 923 2949 et
949 2894 1105 2948 Deus.
1145 2893 1282 2963 Ergo
1316 2892 1425 2946 ibat
1459 2906 1555 2962 per
1584 2893 1636 2946 id
1661 2894 1801 2961 quod
1826 2894 1984 2948 homo
2008 2900 2145 2957 erat,

596 2993 657 3043 et
683 2983 934 3038 manebat
958 2998 1055 3050 per
1091 2981 1143 3035 id
1168 2981 1310 3049 quod
1338 2981 1476 3034 Deus
1498 2988 1648 3044 erat;
1677 2981 1787 3033 ibat
1807 2995 1903 3049 per
1930 2981 1985 3034 id
2009 2980 2151 3049 quod

2236 1835 2336 1889 bis.
2368 1856 2386 1886 ι
2421 1835 2616 1890 Deinde
2640 1836 2750 1904 ipse
2772 1835 3024 1893 Dominus
3051 1831 3202 1888 Iesus
3223 1833 3492 1903 subiunxit
3516 1852 3528 1885 :

2306 1934 2465 1987 Vens.
2486 1934 2574 1987 29.
2598 1963 2665 1971 —
2689 1932 2754 1986 Et
2782 1949 2914 1985 nunc
2952 1933 3061 1984 dixi
3111 1932 3246 1985 vobis
3271 1970 3287 1994 ,
3325 1932 3623 1999 priusquam
3658 1930 3773 1997 ﬁat,

2238 2032 2293 2076 ut
2321 2038 2436 2075 cum
2458 2023 2649 2091 factum
2673 2022 2845 2091 fuerit,
2870 2022 3107 2075 credatis.
3160 2038 3178 2069 ι
3208 2030 3230 2057 ε
3256 2019 3384 2072 Illud
3413 2020 3594 2087 utique
3626 2018 3773 2079 dicit,

2238 2129 2353 2165 cum
2390 2112 2582 2180 factum
2620 2112 2809 2180 fuerit,
2857 2111 2995 2179 quod
3034 2124 3157 2162 eum
3183 2116 3302 2179 post
3342 2118 3566 2161 mortem
3608 2106 3772 2160 visuri
3866 2132 3871 2136 ο

2239 2208 2390 2253 erant
2428 2201 2720 2263 viventem,
2750 2207 2813 2253 et
2852 2198 2916 2252 ad
2955 2198 3163 2251 Patrem
3210 2198 3577 2253 ascendentem
3614 2215 3626 2248 ε
3669 2209 3775 2263 quo

2240 2291 2371 2353 viso,
2402 2289 2528 2343 illud
2554 2288 2764 2343 fuerant
2789 2287 3039 2342 credituri
3062 2287 3203 2356 quod
3232 2287 3343 2355 ipse
3361 2294 3503 2339 esset
3533 2283 3777 2337 Christus

2241 2380 2404 2434 Filius
2422 2378 2535 2444 Dei,
2563 2378 2651 2448 qui
2676 2378 2847 2447 potuit
2870 2378 2970 2431 hoc
2993 2375 3303 2443 facerecum
3332 2373 3692 2442 praedixisset,
3722 2382 3777 2426 et

2240 2468 2549 2538 praedicaret
2572 2465 2751 2536 [Aug.,
2780 2474 2833 2520 et
2854 2462 3184 2534 prmdicere],
3208 2471 3487 2530 antequam
3508 2460 3720 2515 faceret.
3752 2480 3770 2511 ι

2241 2556 2491 2611 Poterant
2516 2555 2656 2608 enim
2685 2553 2924 2609 dubitare
2949 2552 2993 2607 si
3020 2552 3182 2606 Filius
3209 2551 3299 2605 Dei
3330 2560 3489 2614 esset,
3512 2566 3631 2605 cum
3654 2565 3773 2605 eum

2240 2646 2486 2699 viderunt
2512 2644 2825 2698 moriturum
2851 2662 2863 2696 :
2890 2643 2983 2697 sed
3024 2656 3143 2696 cum
3181 2641 3424 2695 viderunt
3452 2655 3573 2694 eum
3601 2654 3778 2693 surre-

2240 2735 2405 2795 xisse,
2432 2732 2719 2787 credebant
2736 2732 2789 2785 in
2818 2746 2924 2799 quo
2949 2737 3104 2784 antea
3140 2727 3469 2791 dubitabant,
3506 2735 3563 2781 et
3586 2726 3777 2780 conﬁr-

2244 2830 2387 2875 mata
2413 2830 2498 2875 est
2529 2820 2659 2875 fides
2685 2820 2740 2874 in
2757 2820 3012 2875 cordibus
3046 2831 3228 2873 eorum
3265 2831 3425 2886 quam
3462 2816 3564 2869 illis
3586 2816 3776 2883 prindi-

2244 2915 2425 2970 xerat,
2480 2907 2570 2976 qui
2611 2913 2664 2961 et
2699 2920 2793 2961 ore
2829 2906 3073 2974 promisit
3113 2904 3253 2972 quod
3290 2902 3523 2957 facturus
3563 2910 3697 2963 erat,
3724 2912 3777 2953 et

2239 3011 2406 3066 opere
2452 2996 2730 3064 complevit
2770 2996 2911 3064 quod
2952 3002 3074 3048 ante
3117 2993 3377 3062 praedixit.
3432 2991 3628 3058 Deinde
3656 2992 3780 3059 quid

590 3074 660 3127 ία
699 3072 946 3127 “001000
994 3079 1145 3133 θτθιν
1195 3078 1249 3123 ει
1290 3070 1541 3124 manem“
1565 3083 1660 3136 Per
1698 3069 1753 3121 id
1778 3070 1916 3136 (ἰυοά
1953 3070 2146 3138 “hique
2172 3079 2219 3140 C
2246 3086 2409 3139 dicit:
2439 3085 2622 3154 (Vens.
2667 3084 2755 3155 30)
2794 3081 2915 3137 Iam
2942 3098 3042 3135 non
3081 3081 3242 3133 multa
3280 3080 3461 3148 loquar
3502 3080 3775 3139 uobiscum,

593 3160 747 3214 Deus
783 3165 920 3213 erat.
977 3155 1143 3225 Igitur
1182 3157 1341 3219 Deus,
1387 3158 1474 3222 qui
1514 3155 1655 3208 nullo
1678 3156 1977 3211 continetur
2009 3157 2141 3221 loco,

609 3248 834 3302 discedit
857 3246 923 3300 ab
948 3261 1134 3300 eorum
1160 3244 1410 3300 cordibus
1439 3244 1529 3313 qui
1553 3258 1673 3297 eum
1700 3244 2005 3311 relinquunt
2036 3259 2148 3297 mo-

605 3335 756 3390 ribus
776 3374 791 3399 ,
822 3348 926 3387 non
971 3333 1191 3403 pedibus
1220 3351 1233 3385 :
1282 3339 1336 3384 et
1360 3331 1537 3385 veniet
1571 3331 1639 3385 ad
1664 3330 1780 3385 illos
1804 3332 1893 3400 qui
1921 3346 2144 3385 conver—

608 3433 790 3478 tuntur
833 3422 899 3476 ad
933 3436 1054 3475 eum
1092 3437 1196 3476 non
1233 3418 1395 3484 facie,
1442 3419 1533 3474 sed
1564 3419 1695 3484 fide,
1727 3428 1782 3473 et
1805 3420 2061 3473 accedunt
2082 3418 2148 3471 ad

608 3526 729 3565 eum
754 3524 857 3563 non
910 3524 1070 3562 carne
1092 3548 1107 3573 ,
1154 3506 1248 3561 sed
1290 3506 1568 3561 eharitate.
1604 3525 1623 3557 ι
1666 3504 1724 3559 Si
1745 3505 2020 3575 diligeretis
2046 3521 2146 3569 me,

607 3598 894 3669 gauderetis
918 3598 1109 3665 utique,
1132 3596 1253 3665 quia
1276 3611 1367 3665 ego
1387 3594 1455 3647 ad
1484 3593 1690 3649 Patrem
1716 3594 1867 3658 vado,
1891 3594 2012 3664 quia
2043 3591 2149 3646 Pa-

607 3700 687 3742 ter
710 3687 877 3756 major
916 3701 994 3738 me
1014 3694 1106 3738 est.
1145 3684 1415 3754 Tanquam
1444 3684 1487 3753 si
1514 3684 1749 3738 diceret:
1791 3681 2031 3738 Gaudere
2059 3682 2149 3736 den

607 3778 765 3841 bolis,
792 3776 917 3843 quia
948 3784 1099 3845 porto
1127 3788 1341 3828 mecum
1361 3773 1776 3847 consecrandam
1808 3771 2148 3840 fragilitatem

600 3876 861 3935 vestram.
919 3863 1063 3933 «Per
1105 3862 1246 3935 quod
1289 3862 1446 3933 igitur
1484 3859 1651 3927 Filius
1673 3873 1788 3932 non
1816 3864 1898 3911 est
1935 3858 2152 3927 aequalis

604 3954 776 4017 Patri,
808 3967 901 4020 per
922 3953 1025 4015 hoc
1042 3959 1156 4005 erat
1178 3952 1349 4005 iturus
1370 3949 1436 4005 ad
1452 3947 1685 4019 Patrem,
1721 3954 1752 4000 a
1776 3960 1881 4015 quo
1899 3954 2154 4001 venturus

602 4050 694 4095 est
742 4039 889 4093 vivos
936 4038 1266 4106 iudicaturus
1312 4044 1367 4090 et
1409 4044 1645 4107 mortuos
1672 4053 1684 4088 :
1715 4049 1810 4105 per
1856 4031 1983 4089 illud
2026 4048 2155 4088 vero

603 4131 753 4201 quod
790 4137 872 4183 est
910 4128 1128 4196 tequalis
1160 4126 1340 4191 Patri,
1383 4140 1648 4195 nunquam
1675 4124 1893 4178 recessit
1915 4138 1945 4176 a
1973 4122 2150 4189 Patre,
2208 4126 2210 4128 ’

605 4220 705 4292 sed
729 4233 848 4284 cum
878 4216 967 4270 illo
999 4224 1100 4279 est,
1128 4217 1321 4284 ubique
1344 4223 1503 4276 totus,
1533 4214 1649 4283 pari
1675 4213 1969 4278 divinitate,
1996 4227 2154 4282 quam

619 4309 795 4365 nullus
817 4308 1053 4361 continet
1073 4306 1241 4369 locus.
1265 4325 1283 4356 ι
1313 4323 1333 4355 ι
1360 4305 1719 4373 Agnoscamus
1740 4302 2001 4370 geminam
2028 4302 2153 4355 sub—

2242 3175 2379 3227 uenit
2404 3175 2541 3227 enim
2576 3172 2806 3241 princeps
2830 3169 3007 3223 mundi
3025 3170 3179 3237 hujus
3204 3183 3220 3219 :
3254 3187 3271 3218 ι
3302 3168 3449 3231 Quis,
3476 3169 3575 3221 nisi
3602 3169 3780 3229 diabo-

2244 3260 2367 3313 lus?
2392 3259 2461 3311 Et
2487 3261 2541 3315 in
2560 3275 2640 3311 me
2673 3275 2773 3311 non
2795 3257 2945 3311 habet
2976 3256 3254 3327 quidquam
3278 3273 3297 3319 ;
3340 3254 3538 3309 nullum
3581 3254 3781 3307 scilicet

2244 3346 2459 3400 omnino
2490 3352 2781 3413 peccatum.
2819 3343 2915 3398 Hic
2937 3345 3077 3397 enim
3102 3344 3279 3416 [Aug.,
3302 3342 3391 3396 Sic
3409 3340 3570 3412 enim]
3600 3349 3779 3395 osten-

2245 3434 2344 3497 dit,
2372 3432 2634 3486 diaholum
2662 3431 2951 3500 principem
2973 3445 3090 3484 esse
3122 3439 3458 3499 peccatorum
3486 3430 3776 3488 hominum,

2246 3535 2349 3575 non
2375 3528 2738 3575 creaturarum
2763 3517 2874 3572 Dei.
2898 3517 2963 3571 Et
2986 3519 3394 3585 quotiescunque
3418 3517 3593 3569 mundi
3616 3517 3780 3584 figura

2246 3612 2300 3665 in
2324 3610 2460 3665 mala
2502 3611 2679 3680 [Aug.,
2722 3610 2777 3663 in
2817 3606 2964 3677 mali]
3010 3606 3387 3676 significatione
3413 3606 3780 3673 ponitur,‘non

2243 3701 2477 3756 ostendit
2500 3699 2609 3753 nisi
2649 3696 2829 3751 mundi
2882 3696 3034 3749 istius
3073 3702 3337 3752 amatores
3359 3733 3375 3758 ,
3416 3703 3471 3748 et
3508 3699 3615 3748 non
3663 3690 3777 3748 Dei.

2246 3790 2402 3859 Absit
2424 3788 2570 3842 enim
2596 3796 2655 3839 ut
2682 3786 2959 3839 credamus
2982 3785 3270 3854 principem
3303 3799 3420 3839 esse
3453 3785 3571 3839 eteli
3597 3793 3651 3839 et
3678 3793 3781 3839 ter-

2250 3893 2323 3931 rm
2340 3916 2354 3940 ,
2379 3885 2433 3937 et
2452 3884 2812 3934 creaturarum
2841 3874 3075 3941 omnium
3113 3888 3230 3942 quae
3256 3873 3573 3943 generaliter
3601 3873 3779 3927 mundi

2251 3963 2451 4036 [Suppl.
2476 4000 2493 4026 ,
2530 3964 2713 4032 mundi
2749 3961 2980 4033 nomine]
3008 3962 3355 4032 appellantur.
3412 3962 3576 4018 Totus
3607 3963 3785 4030 itaque

2251 4054 2477 4108 mundus
2512 4052 2675 4107 servit
2696 4067 2792 4105 suo
2818 4051 3076 4115 creatori,
3118 4063 3224 4103 non
3251 4050 3548 4117 deceptori;
3580 4051 3784 4103 redem-

2250 4138 2412 4209 ptori,
2440 4152 2545 4191 non
2569 4136 2968 4205 interemptori:
3002 4153 3023 4186 ο
3073 4140 3129 4186 et
3162 4134 3362 4201 regitur
3400 4133 3785 4201 dispensatione

2252 4225 2449 4288 divina,
2470 4211 2578 4276 non
2606 4223 2802 4276 inimici
2831 4221 3062 4287 versutia
3088 4219 3436 4286 subvertitur,
3471 4230 3663 4288 printer
3685 4221 3781 4275 bo-

2254 4314 2425 4367 mines
2449 4312 2617 4380 partis
2644 4310 2782 4364 illius
2808 4312 2895 4378 qui
2920 4310 3131 4380 propria
3152 4308 3442 4371 voluntate,
3473 4323 3575 4371 non
3598 4323 3781 4364 neces-

616 4386 863 4449 stantiam
886 4392 1111 4457 Christi,
1157 4392 1387 4457 divinam
1430 4390 1663 4453 scilicet,
1709 4404 1815 4456 qua
1839 4389 2053 4456 aequalis
2074 4397 2156 4443 est
2184 4380 2230 4438 D
2254 4400 2409 4454 δίωιε
2435 4400 2609 4467 aliqua
2639 4414 2696 4453 ,ε
2724 4396 3010 4467 subjiciunt
3035 4397 3260 4452 diabolo.
3308 4391 3454 4449 unde
3480 4404 3537 4451 οι
3558 4396 3783 4465 Am-

618 4482 789 4545 Patri;
833 4480 1115 4533 humanam
1160 4494 1263 4547 qua
1306 4479 1475 4548 major
1519 4487 1599 4531 est
1650 4477 1840 4531 Pater:
1871 4478 2152 4546 utrumque

618 4577 793 4621 autem
819 4566 1013 4631 simul,
1059 4582 1161 4621 non
1189 4567 1313 4627 duo,
1357 4567 1447 4621 sed
1490 4582 1624 4619 unus
1668 4565 1942 4630 Christus,
1982 4582 2047 4621 ne
2085 4567 2153 4620 sit

620 4656 964 4723 quaternitas,
993 4655 1086 4709 sed
1113 4654 1344 4708 Trinitas
1376 4654 1533 4707 Deus.
1571 4653 1722 4707 Sicut
1744 4655 1885 4707 enim
1905 4648 2040 4711 unus
2069 4664 2154 4709 est

620 4747 797 4808 homo,
824 4744 996 4796 anima
1025 4744 1289 4797 rationalis
1329 4752 1383 4797 et
1425 4756 1582 4805 caro,
1612 4741 1690 4795 sic
1714 4756 1851 4795 unus
1876 4748 1959 4797 est
1988 4733 2151 4796 Chri-

619 4843 734 4887 stus
760 4830 899 4885 Deus
917 4837 972 4883 et
998 4830 1190 4882 homo:
1219 4843 1282 4880 ac
1318 4844 1411 4895 per
1456 4829 1556 4883 hoc
1599 4828 1840 4882 Christus
1877 4825 1958 4885 est
1990 4828 2148 4892 Deus,

622 4922 792 4976 anima
819 4918 1094 4974 rationalis
1116 4926 1171 4971 et
1194 4931 1320 4970 caro
1344 4933 1357 4967 :
1385 4914 1655 4969 Christum
1683 4918 1736 4969 in
1769 4919 1855 4972 bis
1882 4920 2148 4987 omnibus,

621 5009 887 5063 Christum
926 5008 983 5072 in
1020 5003 1238 5074 singulis
1283 5002 1611 5057 confitemur.
1656 5000 1786 5066 Quis
1804 5013 1887 5057 est
1905 5016 2033 5075 ergo
2057 5021 2147 5074 per

624 5111 781 5167 quem
822 5093 995 5149 factus
1036 5104 1118 5147 est
1162 5091 1416 5146 nmndus?
1459 5088 1701 5145 Christus
1740 5088 1931 5156 Iesus,
1980 5094 2077 5149 sed
2098 5095 2149 5148 in

624 5183 793 5237 forma
829 5178 943 5235 Dei.
997 5179 1127 5243 Quis
1167 5187 1250 5232 est
1291 5180 1391 5252 sub
1432 5176 1617 5234 Pontio
1643 5178 1812 5232 Pilato
1830 5178 2155 5234 cruciﬁxus?

624 5272 867 5326 Christus
889 5266 1062 5333 Iesus,
1090 5268 1181 5319 sed
1204 5268 1259 5319 in
1285 5267 1454 5321 forma
1476 5270 1634 5322 servi.
1673 5267 1803 5321 Item
1842 5267 1907 5323 de
1940 5268 2157 5337 singulis

625 5358 819 5427 quibus
866 5356 1024 5410 homo
1076 5361 1299 5407 constat.
1360 5354 1487 5418 Quis
1528 5370 1631 5409 non
1675 5363 1757 5408 est
1797 5354 2077 5409 derelictus
2103 5357 2156 5409 in

699 5476 725 5533 ρ
760 5466 834 5518 Ex
864 5462 921 5533 5.
942 5464 1099 5533 Aug,
1122 5462 1223 5515 loc.
1248 5463 1362 5525 cit.,
1385 5476 1530 5515 num.
1554 5464 1605 5517 3.

696 5532 729 5573 ι
769 5533 841 5585 lix
868 5530 924 5586 Β.
953 5530 1109 5601 Aug,
1137 5540 1289 5588 tract.
1318 5545 1517 5594 tum,
1544 5546 1687 5583 num.
1715 5532 1823 5583 1-5.

2249 4489 2332 4543 lus
2360 4488 2465 4543 ait:
2498 4487 2618 4542 Non
2636 4498 2711 4541 est
2734 4488 2879 4540 nobis
2912 4486 3205 4539 colluctatio
3245 4484 3485 4538 adversus
3516 4501 3718 4539 cantent
3737 4494 3785 4539 et

2250 4576 2564 4644 sanguinem,
2611 4572 2663 4625 id
2687 4580 2771 4626 est
2793 4611 2807 4636 ,
2857 4572 3106 4625 adversus
3144 4570 3403 4633 homines,
3428 4572 3517 4624 sed
3543 4572 3785 4625 adversus

2249 4668 2518 4730 potestates
2542 4698 2558 4722 ,
2609 4668 2657 4712 et
2704 4668 2919 4713 rectores
2966 4658 3288 4717 tenebrarum
3342 4658 3527 4711 harum
3562 4657 3781 4728 (Ephes.

2252 4763 2321 4807 vi,
2352 4745 2459 4815 12),
2500 4747 2551 4800 id
2576 4754 2692 4809 est,
2728 4755 3083 4815 peccatorum,
3110 4746 3201 4813 qui
3238 4744 3291 4799 in
3318 4747 3549 4800 tenebris
3572 4755 3785 4811 manem

2248 4837 2558 4905 iniquitatis.
2594 4836 2735 4901 Quos
2755 4843 3016 4899 rectores,
3046 4835 3257 4904 angelos
3282 4831 3442 4905 ωε
3465 4848 3582 4888 esse
3604 4834 3784 4889 deser-

2249 4932 2391 4977 tores
2428 4923 2684 4990 designat.
2742 4919 2846 4974 Sed
2891 4932 3013 4977 sunt
3055 4924 3147 4991 qui
3186 4938 3281 4991 per
3311 4923 3538 4989 gratiam
3561 4923 3652 4978 Dei
3678 4940 3784 4979 non

2247 5011 2478 5080 prepriis
2498 5010 2703 5062 meritis
2730 5009 2849 5063 inde
2870 5018 3143 5072 eruuntur,
3171 5010 3237 5063 de
3254 5009 3445 5078 quibus
3466 4991 3539 5064 ait
3558 5012 3784 5080 Aposto-

2252 5100 2367 5154 lus:
2399 5095 2595 5153 Fuistis
2617 5098 2890 5165 aliquando
2920 5099 3169 5159 tenebra,
3224 5116 3356 5152 nunc
3395 5108 3565 5152 autem
3600 5097 3691 5150 (ua:
3731 5100 3783 5150 in

2259 5187 2494 5251 Domino,
2519 5199 2571 5240 ut
2590 5188 2692 5257 ﬁlii
2719 5186 2846 5238 lucis
2867 5186 3121 5240 ambulate
3141 5185 3350 5257 (Ephea.
3373 5202 3421 5249 ν,
3447 5184 3522 5255 8).
3560 5178 3788 5253 Scdgra-

2253 5275 2352 5327 tiae
2376 5271 2484 5327 Deo
2504 5275 2590 5343 qui
2612 5272 2743 5327 eruit
2762 5288 2853 5327 nos
2869 5313 2884 5335 ,
2924 5273 3059 5327 sicut
3084 5274 3223 5328 idem
3249 5272 3377 5327 dicit
3400 5270 3699 5339 Apostolus,
3724 5270 3787 5322 de

2254 5370 2499 5421 potestate
2522 5360 2843 5413 tenebrarum
2862 5399 2877 5424 ,
2911 5370 2956 5413 et
2990 5360 3246 5414 transtulit
3271 5361 3324 5413 in
3346 5375 3553 5428 regnum
3578 5358 3787 5411 clarita-

2327 5479 2347 5506 ο
2390 5468 2466 5521 Ex
2491 5467 2697 5531 eodem,
2725 5476 2873 5522 tract.
2898 5486 3075 5534 usis,
3105 5484 3248 5521 num.
3275 5468 3324 5534 l,
3350 5469 3402 5520 Ξ.
