4152 6192
746 264 844 341 an

1608 284 1665 351 ιι.
1699 283 1759 336 r.
1789 278 2007 334 .ttitttNl
2044 276 2171 331 seu
2208 276 2475 349 Atesim
2510 277 2784 334 ornauit
2820 278 2996 334 rans
3024 278 3095 354 ιιἰ

3838 280 3948 333 N8

746 396 979 460 neanine,
1010 410 1147 462 cepe
1177 394 1406 446 Ecclesia
1431 391 1761 459 designatur.
1797 391 1951 444 sicuti
1995 397 2076 442 est
2104 387 2232 441 illud
2258 402 2274 439 :
2306 389 2351 444 Λ
2378 387 2508 441 sime
2532 386 2732 463 indicat
2758 389 3132 459 Evangelium;
3176 388 3375 443 inultus
3399 387 3577 462 [ergo]
3602 388 3831 445 loeutus
3861 399 3949 471 est

748 487 883 538 [lens
908 494 1020 537 erat
1045 486 1099 534 ist
1125 482 1353 541 Christo,
1398 478 1644 532 mandunt
1694 478 2026 532 reconcilians
2069 474 2168 533 sibi
2195 472 2275 541 (Η

750 572 866 627 (.‘ur.
894 587 949 635 v,
981 570 1087 639 l9).
1138 569 1373 636 Itemque
1408 567 1532 621 illud
1561 584 1574 619 :
1611 564 1731 618 Non
1758 567 1895 618 enim
1936 565 2066 618 venit
2102 560 2282 616 filius

746 658 963 709 hominis
991 666 1045 708 ut
1064 656 1263 725 judieet
1292 653 1555 717 mundum,
1590 652 1679 705 sed
1706 662 1762 706 ut
1796 651 2023 705 salvetur
2060 650 2281 703 mundus

747 762 837 807 νίν
859 746 1023 812 ipsum
1045 744 1222 812 (lacn.
1257 758 1337 803 Ill,
1363 741 1468 811 17).
1495 742 1659 796 Totus
1676 741 1901 794 mundus
1932 740 2163 793 Ecclesia
2180 748 2280 800 est,

747 844 799 884 et
824 842 964 886 totus
992 832 1219 886 mundus
1244 832 1355 885 odit
1387 830 1720 883 Ecclesiam.
1744 828 1965 882 blandus
1991 829 2151 897 igitur
2170 844 2203 882 ο
2226 829 2283 882 lit

749 921 1018 984 mundum,
1048 920 1290 984 inimicus
1333 918 1757 979 reconciliatum,
1802 918 2081 972 damnatus
2114 917 2283 972 salva-

748 1020 878 1073 tum,
909 1009 1211 1076 inquinatus
1251 1007 1581 1063 mundatum.
1619 1006 1722 1060 Sed
1750 1008 1851 1059 iste
1883 1007 2106 1059 mundus
2124 1020 2282 1073 quem

746 1100 883 1154 Deus
907 1099 960 1152 in
987 1098 1200 1153 Christo
1222 1098 1532 1152 reconciliat
1559 1096 1691 1158 sibi,
1713 1105 1769 1156 et
1785 1096 1879 1168 qui
1899 1110 1994 1163 per
2010 1093 2283 1149 Christum

743 1187 1013 1249 salvator,
1049 1195 1102 1240 et
1134 1186 1221 1240 cui
1262 1201 1356 1254 per
1383 1184 1650 1238 Christum
1690 1192 1963 1251 peccatum
2005 1197 2163 1245 omne
2190 1198 2284 1250 per

746 1290 937 1343 corpus
956 1274 1137 1346 [Aug.,
1166 1285 1439 1345 peccatum
1468 1291 1633 1330 omne
1651 1272 1899 1342 donatur]
1945 1273 2192 1333 donatur,
2218 1270 2284 1324 de

748 1361 942 1417 mundo
965 1363 1166 1417 electus
1186 1372 1286 1416 est.
1314 1364 1681 1430 Deniquccnm
1700 1361 1941 1423 dixisset,
1971 1357 2029 1413 Si
2046 1359 2111 1411 de
2132 1374 2283 1418 mun-

741 1452 807 1509 do
824 1454 1013 1516 essetis,
1037 1455 1257 1506 mundus
1278 1454 1413 1523 quod
1434 1470 1582 1507 suum
1598 1463 1729 1515 erat,
1749 1452 2002 1521 diligeret,
2033 1449 2284 1512 continuo

740 1542 963 1610 subjecit
1011 1563 1024 1596 :

1081 1542 1216 1607 Quia
1258 1506 1373 1597 vero
1421 1545 1485 1597 de
1520 1506 2028 1604 mundo'non'estis’,
2065 1539 2154 1593 sed
2191 1506 2295 1607 ego.

2380 472 2690 548 [Christus],
2724 494 2828 533 non
2877 479 2995 533 aliis
3034 479 3279 549 gentibus
3322 496 3336 531 :
3388 479 3443 532 in
3485 480 3569 533 eis
3599 494 3737 550 ergo
3761 479 3947 533 voluit

2380 563 2598 631 intelligi
2622 566 2895 628 mundum,
2945 568 3035 635 qui
3079 567 3194 621 odit
3236 565 3505 624 Christum
3530 577 3587 623 et
3636 569 3949 638 discipulos

2377 651 2509 718 ejus.
2549 651 2683 718 Quid
2707 662 2791 707 est
2813 668 2942 724 ergo
2963 693 2979 717 ,
3021 651 3081 708 Si
3106 670 3207 707 non
3232 655 3501 719 venissent,
3524 666 3808 724 peccatum
3834 646 3971 711 nos

2379 738 2659 793 haberent!
2682 738 3061 809 Nunquidsine
3099 751 3318 810 peccato
3351 752 3504 797 erant
3546 741 3745 809 Judci,
3777 754 3945 799 ante-

2378 840 2537 893 quam
2582 826 2823 883 Christus
2847 828 2913 883 ad
2939 841 3033 883 eos
3058 830 3111 882 in
3136 844 3297 883 carne
3341 831 3611 885 venisset?
3649 830 3792 897 Quis
3837 820 3959 886 hoe'

2380 918 2460 971 vel
2484 917 2824 973 stultissimus
2844 919 3074 974 dixerit?
3092 920 3197 974 Sed
3223 934 3473 990 magnum
3498 924 3771 991 quoddam
3817 937 3935 992 pec

2378 1014 2576 1069 catum,
2613 1019 2719 1058 non
2756 1020 2914 1059 omne
2936 1015 3232 1075 peccatum,
3256 1009 3409 1077 quasi
3436 1009 3535 1063 sub
3559 1009 3807 1078 generali
3834 1026 3939 1066 no-

2380 1094 2520 1147 mine
2544 1093 2659 1147 vult
2692 1094 2933 1165 intelligi.
2963 1094 3073 1151 lloc
3097 1104 3180 1150 est
3199 1096 3341 1150 enim
3361 1106 3661 1166 peceatum,
3701 1113 3822 1169 quo
3850 1108 3935 1154 te-

2380 1191 2571 1247 nentur
2596 1193 2786 1238 cuncta
2812 1173 3051 1255 peccia,
3072 1187 3213 1255 quod
3231 1188 3593 1256 unusquisque
3614 1188 3660 1243 si
3687 1204 3805 1244 non
3832 1189 3937 1244 ha-

2378 1271 2518 1335 beat,
2548 1272 2884 1327 dimittuntur
2922 1273 2973 1327 ei
2997 1282 3187 1328 cuncta
3213 1286 3429 1343 peccata
3460 1292 3475 1328 :
3501 1274 3605 1329 hoc
3628 1284 3718 1329 est
3744 1285 3937 1331 autem

2379 1362 2502 1428 quia
2528 1377 2634 1416 non
2683 1362 3021 1417 crediderunt
3071 1363 3124 1417 in
3173 1363 3480 1424 Christum,
3520 1363 3611 1431 qui
3636 1371 3938 1432 propterea

2380 1450 2521 1503 venit
2545 1457 2604 1503 ut
2626 1451 2875 1504 credatur
2896 1451 2950 1504 in
2973 1466 3114 1505 eum.
3148 1450 3259 1505 lloc
3280 1459 3556 1519 peccatum
3582 1490 3599 1513 ,
3625 1452 3673 1505 si
3692 1466 3807 1506 non
3836 1466 3935 1508 re:

2382 1541 2572 1604 uisset,
2602 1555 2707 1603 non
2738 1540 2919 1609 utique
2950 1542 3225 1595 haberent.
3248 1604 3249 1607 η
3271 1539 3543 1603 Adventus
3568 1541 3767 1610 quippe
3809 1540 3936 1610 ejus

739 1631 867 1700 elegi
896 1648 982 1684 eos
1014 1632 1078 1683 de
1117 1632 1336 1696 manda,
1388 1624 1650 1701 propterea
1698 1632 1804 1687 odit
1846 1647 1935 1686 eos
1978 1630 2216 1684 mundus.
2253 1648 2271 1682 ι
2308 1690 2349 1701 ἢ
2381 1637 2633 1697 quantum
2659 1630 2996 1686 credentibus
3016 1629 3286 1695 salutaris,
3321 1638 3530 1685 tantum
3558 1645 3662 1684 non
3693 1631 3935 1689 credens

744 1690 906 1774 Erant
935 1722 1112 1796 itaque
1145 1704 1211 1773 de
1235 1690 1450 1783 mundo,
1481 1690 1572 1775 sed
1594 1736 1690 1789 per
1713 1720 1937 1789 gratiam
1977 1717 2132 1771 electi
2152 1728 2276 1771 sunt
2307 1690 2351 1747 Β
2380 1690 2519 1774 tibus
2540 1720 2824 1785 exitiabilis
2844 1720 3017 1775 factus
3038 1729 3141 1775 est.
3177 1690 3329 1775 Nunc
3347 1729 3521 1775 nutent
3536 1722 3943 1777 excusationem

740 1811 803 1869 de
832 1812 1047 1872 mundo,
1078 1819 1137 1863 ut
1174 1825 1279 1863 non
1302 1819 1482 1865 essent
1504 1811 1556 1864 in
1582 1810 1800 1872 mundo,
1824 1806 2132 1875 inquonati
2153 1814 2280 1859 sunt
2378 1826 2477 1863 non
2502 1809 2687 1863 habent
2713 1810 2778 1863 de
2793 1814 2997 1879 peccato
3013 1827 3129 1867 suo.
3162 1829 3181 1862 ι
3237 1811 3311 1864 De
3355 1824 3465 1879 quo
3507 1819 3733 1878 peccato
3755 1850 3771 1874 ,
3821 1811 3932 1865 nisi

736 1903 802 1953 de
831 1900 1034 1969 peccati
1064 1900 1237 1953 radice
1267 1918 1279 1951 :
1312 1899 1403 1952 sed
1432 1899 1484 1951 in
1512 1912 1619 1966 quo
1660 1896 1829 1951 renati
1875 1902 2000 1947 sunt
2018 1907 2114 1962 per
2163 1908 2279 1959 κιτι-

739 1989 902 2052 tiam,
939 1996 998 2041 ut
1053 2003 1157 2041 non
1215 1996 1392 2041 essent
1455 1987 1507 2039 in
1565 1987 1797 2048 mundo,
1858 1983 1951 2037 sed
2008 1984 2162 2037 electi
2211 1984 2276 2034 dc

737 2078 965 2134 unmdo-
989 2076 1132 2145 Elegi
1172 2093 1257 2129 eos
1296 2076 1360 2129 de
1403 2075 1621 2137 mundo,
1649 2074 1804 2136 dixit,
1836 2088 1902 2127 nc
1935 2072 2054 2139 quis
2074 2072 2125 2124 in
2166 2072 2277 2124 suis

734 2165 990 2233 glorietur
1022 2154 1262 2227 meritis;
1295 2166 1387 2217 sed
1415 2164 1506 2233 qui
1535 2163 1812 2233 gloriatur,
1842 2162 1894 2214 in
1920 2161 2141 2213 Domino
2164 2158 2275 2227 glo-

736 2252 906 2316 rietur
927 2250 1010 2321 (11
1030 2251 1150 2306 Cor.
1182 2269 1233 2312 x,
1270 2252 1377 2319 l7).
1446 2244 1449 2247 i
2070 2252 2075 2259 '

811 2338 966 2411 Vens.
998 2338 1089 2391 20.
1116 2367 1186 2377 -—
1216 2337 1516 2395 Mementote
1561 2337 1808 2396 sermonis
1852 2336 1951 2387 mei
1992 2349 2139 2403 quem
2185 2348 2275 2400 ego

736 2428 846 2489 dixi
867 2428 1007 2479 vobis
1034 2442 1051 2478 :
1082 2424 1202 2477 Non
1229 2436 1300 2484 est
1329 2441 1503 2478 serens
1530 2425 1701 2493 major
1719 2424 1933 2478 Domino
1962 2437 2055 2478 suo
2086 2439 2103 2476 :
2128 2421 2172 2473 si
2198 2435 2276 2474 me

731 2513 980 2582 persecuti
996 2522 1135 2575 sunt,
1160 2522 1206 2564 et
1230 2528 1312 2564 ros
1328 2521 1720 2581 persequentur;
1749 2512 1793 2563 si
1814 2524 2093 2562 sermonem
2110 2520 2277 2563 meum

732 2610 1083 2661 servarerunt,
1108 2611 1153 2653 ct
1176 2612 1391 2654 resirum
1412 2600 1702 2661 servabunt.
1726 2596 1997 2652 Perfectus
2024 2595 2276 2666 magister

735 2698 953 2748 revocat
989 2687 1277 2755 discipulos
1318 2688 1382 2740 ad
1416 2687 1712 2755 exemplum
1748 2687 1888 2754 quod
1919 2686 1971 2739 in
2001 2698 2058 2739 se
2090 2691 2273 2738 osten-

733 2781 927 2841 debat,
969 2787 1024 2830 ut
1054 2778 1105 2830 in
1144 2778 1412 2845 prioribus
1440 2778 1681 2846 legimus.
1712 2776 1860 2829 Nunc
1878 2782 2053 2829 autem
2082 2774 2275 2826 exhor-

2377 1897 2517 1966 quod
2548 1912 2654 1951 non
2678 1896 3024 1962 crediderunt
3064 1899 3119 1951 in
3163 1896 3431 1953 Christum
3461 1897 3657 1953 Filium
3681 1898 3801 1962 Dei,
3832 1898 3930 1968 qui

2376 1986 2455 2039 cis
2480 1994 2604 2040 ante
2630 1985 2924 2054 promissus
2956 1996 3059 2050 est,
3095 1994 3151 2040 et
3188 1985 3370 2056 multis
3391 1986 3445 2039 in
3487 1985 3603 2055 lege
3648 1985 3940 2056 ﬁguratio-~

2377 2075 2534 2130 nibus
2552 2074 2979 2149 demonstrans;
3024 2084 3079 2129 et
3104 2074 3253 2143 quasi
3281 2074 3394 2128 haec
3422 2074 3605 2149 omnia
3629 2074 3813 2128 inania
3838 2088 3930 2129 es-

2376 2172 2514 2229 sent,
2540 2164 2614 2217 ita
2641 2173 3088 2236 contempserunt,
3117 2172 3171 2218 et
3194 2179 3301 2223 non
3317 2162 3663 2219 crediderunt
3681 2162 3740 2217 in
3760 2161 3925 2218 Chri-

2375 2262 2534 2317 stum,
2564 2255 2687 2323 quia
2712 2254 2857 2311 venit
2887 2255 2941 2309 in
2983 2254 3310 2324 plenitudine
3336 2252 3591 2324 temporis
3613 2252 3792 2307 factus
3819 2252 3925 2317 sub

2375 2345 2508 2413 lege,
2534 2353 2591 2397 ut
2615 2360 2709 2400 eos
2734 2344 2825 2413 qui
2854 2345 2952 2399 sub
2970 2343 3085 2414 lege
3114 2354 3268 2397 erant
3295 2344 3589 2401 redimeret
3609 2338 3811 2412 (Colat.
3845 2356 3933 2413 ir,

2374 2434 2426 2497 ί.
2444 2434 2523 2502 '5).
2554 2434 2734 2503 (Vsus.
2758 2432 2875 2503 23.)
2897 2432 3098 2497 Quinte
3120 2433 3250 2497 odit,
3277 2442 3325 2485 et
3350 2430 3559 2486 Patren
3582 2432 3760 2484 Iesus
3788 2429 3923 2483 odit.

2377 2523 2525 2578 Sicut
2550 2523 2642 2592 qui
2664 2522 2838 2591 diligit
2859 2522 3071 2585 Filium,
3099 2521 3269 2591 diligit
3302 2528 3355 2575 et
3381 2518 3629 2589 Patrem,
3654 2517 3783 2587 quia
3812 2532 3923 2571 una

2374 2610 2587 2665 dilectio
2611 2617 2693 2664 est
2711 2609 2883 2663 Patris
2902 2618 2959 2662 et
2978 2608 3119 2671 Filii,
3146 2608 3283 2661 sicut
3303 2621 3407 2661 una
3420 2614 3641 2669 natura;
3664 2605 3810 2658 itaet
3828 2603 3921 2672 qui

2375 2696 2564 2751 Filium
2588 2696 2719 2760 odit,
2740 2694 2853 2749 odit
2876 2702 2930 2748 et
2956 2694 3188 2749 Patrem.

2443 2784 2601 2837 Vens.
2622 2782 2713 2837 ει.
2736 2811 2806 2822 -
2830 2780 2889 2835 Si
2910 2797 3063 2849 opera
3088 2797 3189 2833 non
3212 2780 3441 2847 fecissem
3462 2779 3921 2850 ineisqucnelw

733 2878 877 2922 tatur
901 2882 992 2920 cos
1032 2875 1293 2933 quatenus
1320 2866 1546 2919 habeant
1575 2867 1625 2918 in
1670 2864 1923 2917 memoria
1975 2876 2272 2916 sermonem
2372 2912 2373 2917 η

2372 2871 2507 2926 alius
2535 2873 2671 2941 fecit,
2695 2881 2957 2941 peccatum
2976 2886 3076 2923 non
3090 2870 3349 2923 haberent.
3384 2887 3403 2919 ι
3428 2879 3451 2908 ε
3476 2868 3650 2937 Supra
3673 2868 3916 2937 dixerat:

732 2955 969 3025 magistri
997 2972 1008 3006 :
1040 2952 1157 3006 Non
1186 2964 1258 3006 est
1305 2970 1477 3022 servus
1531 2954 1701 3023 major
1747 2952 1964 3007 Domino
2014 2966 2127 3005 suo.
2176 2951 2273 3004 Hic
2309 3020 2340 3026 _
2374 2958 2475 3023 Qui
2500 2976 2579 3012 me
2607 2960 2734 3023 odit,
2761 2970 2809 3013 et
2843 2956 3054 3011 Patrem
3074 2974 3240 3019 meum
3271 2956 3397 3010 odit.
3420 2954 3614 3026 Utique
3632 2954 3800 3017 enim.
3823 2955 3920 3020 qni

731 3020 943 3099 servum
973 3044 1233 3113 signilieat
1256 3082 1269 3102 ,
1315 3043 1404 3110 qui
1433 3020 1673 3095 sanctum
1719 3043 1877 3096 habet
1924 3042 2191 3103 timorem,
2218 3048 2273 3094 et
2301 3020 2343 3082 ο
2375 3020 2488 3101 odit
2512 3020 2788 3101 veritateim
2807 3086 2823 3112 ,
2872 3060 3087 3099 necesse
3127 3054 3210 3099 est
3250 3045 3423 3098 oderit
3443 3058 3476 3114 ᾳ
3499 3020 3606 3112 quo
3626 3049 3685 3095 et
3713 3040 3920 3095 veritas

732 3140 1006 3201 permanet
1042 3132 1092 3182 in
1120 3132 1365 3183 smeulum
1398 3132 1607 3191 saeculi,
1632 3139 1686 3182 et
1726 3130 1779 3182 in
1802 3144 1908 3198 quo
1934 3138 2018 3185 est
2060 3130 2270 3183 initium
2370 3144 2491 3192 nata
2518 3143 2619 3190 est.
2666 3133 2813 3199 Nune
2842 3132 2995 3186 dicit:
3046 3128 3102 3185 Si
3146 3142 3298 3199 opera
3348 3146 3450 3184 non
3487 3124 3717 3198 feciﬁsem
3746 3128 3801 3180 in
3838 3127 3933 3195 eis}

731 3222 1035 3287 sapientuc,
1082 3228 1135 3272 et
1167 3219 1461 3273 intellectus
1486 3220 1652 3274 bonus
1684 3219 1931 3275 omnibus
1959 3216 2272 3271 facientibus
2367 3239 2482 3293 quae
2508 3237 2653 3275 nemo
2680 3220 2814 3285 alias
2835 3219 2978 3288 fecit,
2996 3226 3259 3286 peccatum
3286 3233 3387 3291 non
3412 3215 3687 3279 haberent;
3722 3228 3918 3296 pecca-

730 3325 852 3369 euni
900 3306 1066 3377 (l’sal.
1123 3323 1207 3369 cx,
1269 3308 1349 3376 l0)
1390 3325 1401 3359 :
1436 3308 1503 3361 ibi
1547 3308 1596 3369 in
1624 3307 1984 3374 superioribus
2010 3308 2152 3360 illum
2184 3309 2274 3360 de-
2372 3326 2480 3369 tum
2507 3315 2633 3369 illud
2658 3314 2860 3368 scilicet
2900 3326 3171 3380 magnum,
3200 3309 3264 3363 de
3289 3317 3491 3378 quoet
3533 3306 3782 3377 superius
3800 3305 3912 3359 ait:

731 3406 992 3475 monstrat
1019 3412 1251 3461 servum,
1277 3398 1341 3450 dc
1368 3412 1471 3463 quo
1497 3405 1550 3450 et
1582 3397 1777 3463 dudum
1802 3398 1875 3449 ait
1911 3416 1924 3448 :
1956 3397 2147 3455 Servus
2171 3415 2271 3451 non
2372 3404 2427 3459 Si
2450 3422 2547 3458 non
2568 3405 2837 3470 venissem,
2866 3413 2913 3457 et
2936 3404 3136 3458 locutus
3164 3404 3373 3472 fuissent
3399 3403 3495 3471 eis,
3515 3407 3780 3470 peccaturis
3806 3411 3913 3449 m

732 3496 899 3562 manet
933 3486 985 3557 in
1016 3484 1238 3537 domoin
1268 3495 1532 3537 retentum.
1568 3484 1657 3536 Ille
1688 3493 1768 3537 est
1790 3500 1973 3537 servus
1992 3486 2081 3553 qui
2111 3486 2272 3554 perti-

732 3583 821 3628 net
842 3574 907 3627 ad
936 3574 1199 3636 timorem,
1228 3588 1385 3641 quem
1432 3572 1574 3627 foras
1602 3574 1763 3626 mittit
1786 3572 2042 3634 charitas,
2072 3582 2126 3626 et
2168 3590 2270 3628 non

729 3672 1004 3731 permanet
1032 3664 1081 3713 in
1104 3663 1260 3714 domo
1288 3663 1339 3713 iu
1362 3670 1636 3713 :cternum.
1682 3662 1863 3731 (Vens.
1890 3662 2001 3731 2|.)
2034 3661 2134 3716 Sed
2162 3664 2270 3717 Iure

731 3740 902 3803 munia
940 3750 1127 3816 facient
1158 3748 1289 3801 nobis
1335 3761 1540 3819 propter
1584 3768 1765 3805 nomen
1795 3770 1987 3816 meatu,
2013 3755 2135 3821 quia
2179 3771 2268 3828 ne-

729 3841 894 3906 sciunt
938 3857 1081 3901 eum,
1116 3840 1206 3907 qui
1241 3840 1375 3891 misit
1417 3856 1514 3891 me.
1549 3858 1565 3889 ι
1604 3854 1627 3879 ι
1661 3840 1787 3905 Qua:
1833 3842 2011 3894 omnia
2053 3841 2266 3905 facient,

732 3929 833 3980 nisi
855 3944 972 3995 qum
997 3928 1238 3995 pnedixit
1256 3966 1269 3986 ,
1299 3926 1416 3978 odio
1437 3927 1689 3980 habebunt
1720 3946 1803 3980 ros
1830 3929 2047 3992 scilicet,
2080 3940 2131 3984 et
2151 3914 2277 3998 per-5

730 4023 1037 4083 sequentur,
1064 4028 1463 4081 scrmOnCtnquc
1500 4024 1836 4069 contemnent
1873 4020 2139 4072 vestrum?
2165 4020 2270 4072 Ad-

720 4106 931 4175 junxit,
970 4114 1175 4171 propter
1219 4120 1399 4168 nomen
1426 4121 1612 4157 meum.
1644 4108 1777 4169 Quid
1822 4118 1901 4160 est
1928 4109 2065 4163 aliud
2095 4112 2269 4166 dicere

728 4209 887 4262 quam
912 4208 993 4245 me
1024 4193 1073 4243 in
1099 4192 1244 4245 vobis
1266 4192 1388 4245 odio
1412 4192 1696 4257 habebunt,
1734 4210 1816 4248 me
1841 4196 1891 4248 in
1914 4196 2062 4251 vobis
2090 4214 2268 4267 perse-

728 4293 975 4351 qucntur,
1012 4290 1065 4333 et
1089 4296 1386 4333 sermonem
1408 4291 1663 4345 vestrum,
1691 4286 1812 4351 quia
1837 4302 1983 4340 tuens
2008 4299 2086 4341 est
2106 4330 2119 4351 ,
2150 4291 2267 4345 ideo

730 4388 832 4425 non
857 4371 1170 4436 servabunt?
1201 4368 1302 4421 Sed
1324 4371 1431 4421 lucc
1445 4373 1615 4424 omnia
1642 4373 1827 4438 {eicient
1852 4388 2056 4443 propter
2084 4396 2266 4431 nomen

730 4473 916 4526 meum,
956 4472 1056 4507 non
1082 4464 1344 4516 vestrum,
1374 4458 1463 4507 sed
1488 4472 1674 4508 nteant.
1706 4459 1872 4512 Tanto
1909 4462 2069 4529 igitur
2112 4466 2268 4519 mise-

730 4547 895 4598 riores
930 4552 1053 4597 sunt
1098 4543 1185 4612 qui
1237 4552 1449 4611 propter
1495 4544 1593 4597 hoc
1648 4562 1836 4599 nomen
1884 4549 1981 4601 ista
2030 4550 2266 4616 faciunt,

728 4650 926 4707 quanto
952 4640 1214 4697 beatiores
1241 4640 1329 4705 qui
1355 4650 1568 4706 propter
1597 4638 1695 4691 hoc
1721 4651 1909 4690 nomen
1936 4638 2033 4690 ista
2060 4640 2267 4707 patiun-

730 4740 815 4782 tur
847 4746 858 4780 :
890 4729 1027 4781 sicut
1052 4728 1161 4795 ipse
1183 4726 1285 4778 alio
1308 4726 1423 4779 loco
1448 4727 1573 4779 dicit
1603 4742 1615 4778 :
1651 4726 1815 4787 Beati,
1846 4727 1933 4794 qui
1957 4730 2265 4794 persecutio-

730 4833 839 4867 nem
855 4815 1119 4883 patiuntur
1138 4823 1342 4881 propter
1346 4813 1611 4881 justitiam
1628 4813 1833 4881 (Matth.
1854 4830 1903 4877 ν,
1922 4814 2030 4882 10),
2050 4816 2149 4869 hoc
2163 4825 2263 4879 est,

730 4912 941 4969 propter
969 4916 1159 4955 nomen
1189 4916 1383 4953 meum.
1420 4922 1437 4952 ι
1459 4902 1737 4969 Sequitur:
1767 4903 1949 4969 (Vens.
1978 4904 2067 4974 22)
2088 4903 2144 4958 Si
2166 4922 2266 4957 non

730 4992 969 5042 reaissem
1006 5001 1051 5043 et
1066 4990 1262 5043 Iocatus
1276 4990 1484 5056 fuissem
1498 4993 1590 5053 eis,
1603 5000 1863 5059 peccatum
1882 5008 1979 5044 non
1996 4995 2265 5047 haberent:

731 5094 865 5130 nunc
893 5089 1061 5130 autem
1094 5080 1472 5131 excusationem
1498 5096 1596 5131 non
1623 5080 1807 5132 habent
1835 5079 1899 5131 de
1920 5092 2121 5147 peccato
2150 5100 2263 5135 suo.

728 5165 1203 5221 Judzcos‘nstendit
1240 5169 1542 5235 expressius
1586 5166 1798 5237 [quibus
1838 5168 2031 5221 missus
2058 5171 2183 5239 eSt],
2214 5182 2267 5225 et

730 5257 919 5323 quibus
938 5256 1227 5323 promissus
1255 5262 1334 5307 cst
1361 5266 1513 5309 antea
1551 5271 1643 5323 per
1671 5258 1973 5325 prophetas.
2007 5275 2023 5305 ι
2056 5258 2080 5295 δ
2102 5257 2264 5313 Judaei

730 5362 855 5413 ergo
876 5345 1133 5413 persecuti
1165 5354 1288 5399 sunt
1312 5344 1605 5402 Christum.
1638 5347 1773 5412 quod
1800 5347 1962 5416 ωε
1986 5348 2268 5423 evidentis-

801 5471 821 5492 αι
860 5455 934 5505 lix
966 5452 1019 5499 ς.
1050 5451 1201 5521 .\ug.,
1237 5462 1390 5504 tract.
1426 5468 1674 5509 unum.
1715 5470 1854 5505 num.
1885 5455 1933 5505 '2.

802 5524 827 5560 δ
868 5522 939 5572 lix
968 5522 1171 5583 eodem,
1200 5532 1349 5574 tract.
1384 5537 1565 5573 tum
1590 5562 1600 5581 ,
1631 5538 1749 5573 nutu
1812 5525 1853 5571 l.

2368 3496 2630 3558 haberent,
2667 3494 2767 3549 hoc
2802 3502 2902 3559 est,
2930 3502 3227 3563 peccatum,
3274 3490 3416 3560 quod
3438 3490 3494 3544 in
3535 3502 3659 3543 eum
3681 3485 3910 3555 loquen-

2369 3594 2472 3639 tem
2519 3594 2574 3638 ct
2599 3594 2908 3656 operantem,
2948 3601 3053 3657 non
3077 3584 3432 3639 crediderunt.
3468 3600 3487 3633 ι
3541 3578 3694 3646 Quod
3730 3576 3907 3631 dixit:

2371 3674 2535 3729 Nemo
2556 3675 2690 3733 alius
2719 3675 2835 3743 fecit
2872 3677 2927 3728 in
2950 3677 3046 3739 eis,
3073 3683 3323 3743 tauquam
3368 3672 3414 3727 si
3458 3669 3620 3739 aliqui
3652 3664 3908 3721 miraculo

2367 3772 2669 3825 sanctorum
2706 3779 2812 3818 non
2860 3762 3112 3830 iecissent
3140 3771 3261 3815 ante
3297 3762 3352 3815 in
3397 3757 3590 3830 populo
3634 3756 3729 3812 Dei
3770 3775 3783 3808 :
3818 3764 3909 3808 aut

2367 3850 2446 3902 sic
2490 3860 2544 3903 ut
2593 3850 2734 3907 Elias
2761 3850 2842 3905 vel
2875 3850 3095 3905 Eiiqu
3129 3858 3367 3905 mortuos
3410 3862 3517 3903 non
3565 3845 3904 3900 suscitarent.

2367 3936 2530 3992 Nemo
2559 3946 2738 3993 tamen
2785 3947 2929 3995 tanta
2977 3939 3107 3995 fecit
3130 3938 3407 4003 miracula,
3435 3937 3522 3992 vel
3548 3943 3695 3991 tanta
3721 3932 3905 3989 salutis

2367 4028 2589 4096 insignia
2612 4029 2855 4083 humana:
2896 4028 3043 4093 fecit,
3072 4028 3211 4093 sicut
3251 4026 3495 4093 Christus
3521 4020 3651 4079 fecit
3692 4023 3747 4076 in
3772 4036 3900 4077 con-

2366 4127 2545 4186 spectu
2568 4117 2772 4170 illorum
2796 4135 2808 4169 :
2834 4133 2953 4186 qua:
2966 4126 3156 4171 cuncta
3178 4116 3334 4174 facile
3352 4112 3596 4186 intelligit
3619 4112 3711 4182 qui
3734 4112 3905 4167 Evan-

2366 4206 2556 4274 gelium
2584 4208 2729 4273 legit.
2774 4206 2895 4260 ideo
2922 4221 3053 4275 Opus
3080 4220 3187 4259 non
3216 4213 3299 4259 est
3322 4204 3408 4258 illa
3431 4218 3762 4268 enumerare,
3787 4218 3909 4272 qua

2369 4294 2709 4362 Evangelinm
2744 4302 2964 4359 narrat,
2992 4304 3045 4347 et
3074 4301 3215 4347 totus
3244 4293 3470 4346 mundus
3503 4291 3699 4356 clamat
3725 4308 3742 4342 :
3768 4307 3788 4338 ι
3817 4288 3906 4342 Ni—

2372 4383 2561 4436 mirum
2582 4381 2667 4433 illa
2688 4392 2805 4435 sunt
2822 4396 3000 4450 opera,
3020 4397 3137 4450 quac
3160 4381 3214 4433 in
3239 4394 3422 4434 eorum
3444 4377 3742 4442 valetudine
3762 4383 3903 4429 tanta

2371 4470 2554 4523 salutis
2576 4478 2759 4523 auctor
2782 4470 3033 4539 ostendit,
3053 4475 3249 4536 quanta
3266 4466 3369 4529 illis
3392 4476 3548 4520 antea
3565 4478 3723 4518 nemo
3743 4463 3903 4517 dona-

2372 4559 2463 4609 vit.
2494 4557 2763 4612 lltcccnim
2780 4557 2855 4625 illi
2886 4557 3147 4618 viderunt,
3172 4564 3225 4609 et
3248 4556 3348 4609 hoc
3367 4554 3447 4607 eis
3472 4550 3796 4621 exprobrans
3814 4551 3905 4604 ad-

2364 4640 2555 4712 jungit,
2578 4651 2631 4695 et
2659 4643 2793 4695 dixit
2826 4661 2839 4698 z
2872 4643 3024 4695 Nam:
3048 4654 3217 4697 autem
3244 4652 3291 4694 et
3309 4640 3544 4694 viderunt
3567 4678 3583 4704 ,
3612 4648 3660 4693 et
3687 4640 3899 4692 adsim

2370 4742 2416 4784 et
2442 4748 2548 4793 me,
2582 4741 2624 4783 et
2655 4729 2861 4783 Patrem
2892 4748 3077 4784 meum.
3110 4751 3127 4781 ι
3162 4728 3275 4793 Quo
3304 4741 3460 4791 sensu
3487 4728 3587 4783 hoc
3614 4725 3903 4794 intelligen-

2372 4820 2492 4870 dum
2524 4819 2623 4881 sit,
2652 4819 2807 4887 paulo
2830 4829 2951 4871 ante
2976 4818 3334 4887 exposuimus.
3364 4817 3546 4886 (Vens.
3570 4814 3682 4882 25.)
3722 4810 3824 4867 Sed
3848 4824 3900 4866 ut

2370 4908 2642 4975 impleatur
2685 4926 2879 4970 sermo,
2919 4909 3007 4977 qui
3058 4909 3111 4961 in
3159 4908 3264 4977 lege
3308 4923 3485 4962 eorum
3528 4907 3747 4975 scriptus
3784 4914 3858 4960 est
3882 4918 3899 4955 ἔ

2374 4994 2507 5059 Quia
2556 4997 2672 5047 odio
2712 4996 2997 5048 habuerunt
3027 5012 3106 5050 me
3148 4997 3308 5064 gratis
3348 4991 3515 5062 (Psal.
3560 5008 3743 5059 xxxiv,
3794 4990 3896 5059 19).

2378 5102 2395 5133 ι
2420 5085 2612 5137 Eorum
2639 5082 2804 5151 legem
2827 5083 2953 5136 dicit
2978 5097 3080 5135 non
3106 5083 3173 5136 ab
3196 5082 3320 5149 ipsis
3338 5082 3601 5135 inventam
3618 5122 3632 5145 ,
3660 5083 3753 5137 sed
3777 5070 3902 5151 ipsis

2372 5173 2568 5223 datmn.
2596 5168 2772 5223 Gratis
2801 5171 3043 5225 videlicet
3068 5170 3194 5230 odit,
3215 5170 3304 5238 qui
3332 5168 3529 5223 nullum
3550 5185 3612 5225 ex
3638 5169 3898 5225 odiocon-

2372 5273 2576 5311 cessum
2606 5260 2813 5325 qumrit,
2843 5260 2924 5314 vel
2944 5260 3007 5312 ad
3035 5260 3367 5315 commodum
3395 5259 3565 5313 tendit
3592 5258 3771 5328 [Aug.,
3810 5255 3899 5325 qui

2372 5346 2565 5399 nullum
2593 5363 2655 5400 ex
2683 5350 2803 5401 odio
2824 5348 3153 5401 commodum
3174 5348 3380 5417 quan-it,
3402 5346 3485 5400 vel
3514 5344 3898 5399 incommodum

2442 5470 2455 5490 ι
2507 5456 2575 5507 lix
2714 5456 2865 5526 Aug.,
2896 5465 3047 5510 tract.
3084 5471 3186 5521 sui,
3214 5472 3355 5510 num.
3382 5454 3434 5519 1,
3462 5452 3515 5507 ι.
