4152 6208
341 367 446 425 M9

1129 364 1532 420 EXEGETICA.
1561 396 1626 404 —
1663 361 2008 418 ΩΟΜΔΙΕΝΤ.
2053 362 2116 415 lN
2153 361 2339 418 JOAN.
2378 392 2444 402 —
2482 363 2605 416 ΗΒ.
2650 363 2729 417 Vl.

3415 365 3517 418 950

341 481 518 553 fugit].
551 499 570 532 ι
623 480 686 537 lli
710 493 834 533 vero
858 478 923 533 de
957 478 1149 547 quibus
1171 480 1273 532 hoc
1297 479 1446 542 dixit,
1482 493 1580 546 pro
1599 476 1871 531 beneﬁciis
1900 481 1943 533 Α
2040 474 2216 528 Ολρυτ
2247 490 2356 536 xvi,
2388 475 2545 528 Vens.
2586 475 2626 536 l,
2655 477 2707 527 2.
2739 504 2806 513 ——
2833 473 2956 526 Ha’c
2984 472 3182 527 locutus
3221 490 3333 527 sum
3359 475 3514 543 vobis,

342 569 684 625 reddiderunt
723 567 896 631 mala;
927 576 987 621 et
1017 575 1233 634 propter
1273 567 1490 620 nimiam
1518 565 1694 620 cordis
1727 564 1880 616 mali-

341 659 468 712 tiam
493 656 720 711 oderunt
747 656 1049 725 diligentem
1075 671 1169 709 eos
1187 695 1202 718 ,
1233 664 1286 708 et
1309 654 1726 709 benefacientem
1754 652 1874 705 illis.

338 743 524 811 (Vens.
554 742 665 811 26.)
700 740 827 795 Cum
852 751 1024 794 autem
1046 744 1237 794 venerit
1271 739 1585 803 Paraclitus,
1611 756 1757 808 quem
1786 755 1877 807 ego

341 836 536 888 mittam
559 833 696 886 vobis
722 850 755 886 a
790 830 968 896 Patre,
1001 831 1251 901 Spiritum
1297 834 1521 886 ueritatis
1546 834 1632 900 qui
1660 849 1690 884 a
1722 828 1878 882 Patre

341 917 598 993 procedit.
625 941 645 974 ε
672 935 697 963 ι
722 922 799 976 Ex
828 921 1010 976 multis
1037 922 1206 975 sancti
1232 920 1497 990 Evangelii
1520 921 1650 975 locis
1675 919 1878 974 inveni-

343 1029 486 1075 mus,
519 1015 640 1081 quia
687 1012 929 1081 discipuli
955 1019 1077 1067 ante
1121 1013 1401 1086 adventum
1444 1012 1612 1065 sancti
1652 1011 1878 1079 Spiritus

343 1103 517 1155 minus
561 1117 781 1170 capaces
809 1100 1052 1156 erantad
1102 1100 1472 1168 indulgendum
1501 1097 1660 1170 μη,
1690 1096 1879 1150 intelli-

341 1191 588 1262 gendum]
639 1206 832 1245 arcana
861 1191 1056 1245 divina:
1081 1190 1452 1254 sublimitatis,
1496 1190 1670 1243 minus
1717 1187 1880 1242 fortes

339 1281 405 1333 ad
451 1281 723 1334 toleranda
771 1282 991 1348 adversa
1036 1281 1280 1334 humanm
1325 1277 1636 1348 pravitatis;
1681 1278 1772 1332 sed
1800 1278 1879 1332 eis

339 1367 646 1423 adveniente
665 1367 882 1437 Spiritu,
912 1381 1031 1422 cum
1046 1374 1327 1438 augmento
1348 1365 1537 1420 divina:
1564 1365 1875 1433 agnitionis,

337 1458 460 1511 data
483 1468 564 1511 est
591 1459 749 1512 etiam
776 1449 1082 1513 constantia.
1103 1453 1344 1512 vincendi
1366 1459 1608 1512 humana:
1633 1470 1880 1532 persecu-

340 1546 496 1600 tionis
515 1555 856 1600 tentamenta.
880 1566 897 1598 ι
930 1546 1081 1602 Unde
1099 1561 1190 1601 eos
1212 1547 1440 1615 Spiritus
1466 1546 1633 1600 sancti
1653 1546 1877 1598 adventu

335 1636 577 1705 promisit
605 1637 933 1691 roborandus
968 1652 1088 1691 esse
1106 1677 1122 1702 ,
1146 1638 1230 1692 vel
1264 1639 1331 1692 ad
1355 1636 1600 1691 fiduciam
1624 1635 1880 1704 pradica-

336 1725 517 1799 tionisJ
547 1724 630 1777 vel
650 1725 716 1779 ad
744 1726 1096 1779 constantiam
1127 1727 1389 1793 passionis
1437 1745 1449 1778 :
1507 1727 1644 1778 sicut
1673 1725 1726 1779 in
1764 1726 1877 1793 ipso

1975 571 2029 614 ut
2053 579 2161 635 non
2200 563 2640 620 scandalizemini.
2672 563 2868 635 Absque
2897 565 3168 633 synagogis
3196 564 3386 634 facient
3411 582 3516 622 vos.

1981 671 2000 703 ι
2036 621 2304 708 e‘Curavit
2339 667 2565 721 namque
2595 653 2711 722 pius
2741 621 3216 722 ln‘agistver,vfu‘lura
3247 654 3517 724 discipulis

1975 756 2256 809 pravorum
2281 740 2417 794 bella
2441 741 2748 808 praedicare,
2796 756 2900 808 quo
2927 741 3102 796 minus
3130 737 3221 796 eos
3249 743 3517 798 venientia

1974 832 2178 899 possint
2222 830 2452 885 turbare.
2505 829 2686 883 Solent
2720 830 2861 884 enim
2900 829 3067 885 levius
3103 829 3230 885 ferri
3277 831 3516 898 adversa,

1974 933 2092 986 qua:
2134 919 2507 985 praesciuntur,
2532 938 2560 976 ,ι
2614 933 2774 987 quam
2803 932 2919 985 qua:
2945 918 3119 972 subito
3158 935 3222 973 ex
3254 920 3518 989 insperata

1974 1008 2388 1075 superveniunt,
2426 1007 2561 1060 sicut
2591 1007 2644 1061 in
2691 1007 2932 1060 saeculari
2976 1007 3270 1061 litteratura
3310 1007 3517 1078 legitur,

1976 1113 2112 1174 safpe
2137 1097 2394 1166 repentini
2416 1112 2570 1150 casus
2589 1096 3001 1164 perturbationis
3024 1095 3338 1152 fortissimos
3360 1113 3528 1166 quos-

1975 1201 2078 1254 que
2107 1187 2160 1240 in
2188 1185 2323 1240 bello
2353 1186 2545 1240 milites
2568 1185 2808 1254 fatigare.
2861 1186 2964 1240 Sed
2995 1188 3127 1240 venit
3157 1187 3303 1251 hora,
3331 1198 3388 1242 ut
3414 1205 3529 1242 om-

1979 1279 2055 1330 nis
2100 1277 2466 1346 qui'interﬁcit
2495 1293 2580 1330 vos
2606 1316 2620 1340 ,
2666 1276 2943 1329 arbitretur
2986 1275 3279 1346 obsequium
3312 1293 3365 1331 se
3391 1293 3528 1346 prce-

1976 1373 2112 1416 stare
2139 1363 2265 1416 Deo.
2300 1381 2318 1413 ι
2354 1363 2760 1418 Arbitrabantur
2786 1370 2962 1415 autem
2989 1363 3299 1430 obsequium
3330 1378 3386 1417 se
3410 1362 3518 1417 Deo

1975 1459 2226 1519 prmum:
2240 1449 2404 1504 Judaei
2435 1452 2487 1504 in
2512 1466 2579 1504 eo
2598 1451 2738 1519 quod
2763 1451 3035 1504 ministros
3050 1451 3179 1505 Novi
3198 1449 3522 1504 Testamenti

1975 1543 2111 1597 odiis
2157 1543 2569 1612 insequebantur
2609 1549 2663 1596 et
2705 1551 2894 1596 morte.
2942 1541 3046 1596 Sed
3084 1543 3220 1596 sicut
3247 1541 3350 1596 illis
3375 1539 3518 1596 testi-

1975 1633 2210 1688 monium
2251 1633 2494 1701 perhibet
2521 1631 2836 1702 Apostolus:
2876 1629 3284 1684 simulationem
3308 1630 3402 1683 Dei
3429 1631 3520 1684 Ita-

1977 1723 2090 1776 bent
2113 1740 2132 1787 ,°
2178 1723 2266 1776 sed
2292 1739 2392 1776 non
2419 1723 2698 1776 secundum
2743 1721 3010 1774 scientiam
3039 1717 3212 1788 (Rom.
3241 1734 3294 1783 x,
3319 1717 3394 1787 2).
3424 1717 3525 1771 Ar-

336 1814 572 1882 principe
619 1815 975 1884 apostolorum
1007 1813 1202 1870 factum
1228 1829 1348 1868 esse
1395 1816 1755 1885 cognovimus,
1785 1816 1877 1885 qui
1905 1802 1952 1864 Β
1976 1811 2242 1865 bitrantur
2281 1825 2410 1880 ergo
2445 1810 2576 1880 legis
2611 1809 2947 1864 aemulatione
2979 1805 3126 1877 [Ms.,
3159 1804 3517 1876 aemulatores]

336 1903 484 1972 prius
505 1903 572 1956 ad
601 1905 757 1959 unius
782 1904 984 1960 ancillze
1005 1919 1186 1959 vocem
1218 1903 1488 1958 Christum
1519 1904 1692 1957 timuit
1715 1904 1879 1958 confi-

337 1991 458 2054 teri,
484 2006 639 2060 quem
661 2002 845 2061 postea
873 1994 1049 2062 palam
1087 2002 1142 2047 et
1172 1995 1225 2047 in
1247 1994 1489 2048 omnibus
1516 1994 1724 2047 cmteris
1750 2009 1879 2048 con-

339 2081 565 2135 stantius
585 2121 599 2145 ,
630 2090 814 2136 sancto
831 2081 1031 2151 Spiritu
1051 2085 1346 2146 roboratus,
1377 2083 1555 2137 multis
1577 2081 1878 2136 Judmorum

343 2169 576 2222 millibus
600 2169 940 2236 prmdicavit;
997 2171 1068 2224 ita
1097 2179 1156 2224 ut
1202 2172 1268 2225 ad
1295 2170 1410 2243 ejus
1451 2172 1878 2239 prmdicationem

344 2257 444 2310 tria
470 2257 631 2310 millia
654 2259 886 2312 virorum
911 2260 1147 2328 legamus
1177 2261 1464 2315 credidisse
1489 2268 1542 2313 et
1581 2261 1880 2328 baptizatos

339 2361 488 2411 esse;
534 2356 588 2402 et
637 2362 740 2400 non
767 2355 886 2415 post
911 2348 1130 2401 multum
1180 2349 1430 2419 temporis
1458 2350 1618 2404 etiam
1648 2349 1880 2417 quinque

339 2435 502 2492 millia
532 2437 818 2491 credidisse
847 2437 982 2507 (Act.
1023 2453 1062 2490 ll
1098 2446 1145 2490 et
1175 2437 1270 2508 tv).
1321 2439 1470 2494 [inde
1505 2449 1558 2494 et
1582 2440 1694 2508 ipse
1723 2439 1879 2494 Chri-

340 2532 470 2589 stus,
500 2537 558 2579 ut
583 2526 898 2591 audivimus,
924 2527 1164 2595 promisit
1188 2527 1285 2592 eis,
1317 2527 1532 2581 dicens:
1562 2526 1690 2580 Cum
1710 2541 1880 2580 autem

339 2615 525 2666 uenerit
556 2614 776 2684 Spiritus
813 2615 1126 2682 Paraclitus,
1156 2634 1303 2682 quem
1327 2635 1416 2688 ego
1441 2620 1640 2671 mittam
1683 2619 1820 2672 vobis
1847 2637 1879 2671 a

341 2704 500 2760 Patre
528 2706 776 2776 Spiritum
811 2710 1057 2763 veritatis.
1089 2710 1380 2778 Utrumque
1417 2711 1588 2776 dixit,
1635 2720 1683 2764 et
1712 2711 1880 2777 Spiri-

339 2803 450 2850 tum
473 2793 819 2860 Paraclitum,
873 2799 973 2854 hoc
1012 2807 1094 2852 est
1136 2800 1374 2868 spiritum
1403 2801 1801 2866 consolationis,
1832 2808 1878 2853 et

345 2881 594 2954 Spiritum
616 2885 863 2949 veritatis,
891 2895 948 2939 ut
966 2898 1031 2945 et
1051 2888 1295 2944 fiduciam
1341 2891 1646 2945 habuissent
1689 2890 1878 2960 przedi-

345 2975 568 3031 cationis
589 2976 641 3029 in
671 2975 871 3044 Spiritu
891 2978 1150 3041 veritatis,
1180 2987 1232 3032 et
1263 2982 1676 3042 consolationem
1696 2981 1880 3052 gratias

345 3061 396 3112 in
422 3060 604 3115 eodem
628 3061 845 3133 Spiritu.
875 3063 1024 3128 Quod
1051 3080 1176 3118 vero
1200 3068 1274 3119 ait
1303 3066 1439 3130 :Qui
1467 3085 1499 3119 a
1520 3066 1679 3122 Patre
1699 3086 1875 3139 proce-

341 3150 438 3213 dit,
463 3151 626 3220 609
659 3154 842 3208 statim
867 3154 1154 3224 subiunxit,
1181 3172 1327 3226 quem
1350 3172 1440 3224 ego
1462 3157 1678 3209 mittam.
1705 3158 1880 3227 Signi-

342 3239 465 3290 ficat
504 3239 645 3291 enim
673 3243 812 3307 quod
841 3243 1112 3310 aequaliter
1156 3245 1292 3298 idem
1324 3244 1553 3313 Spiritus
1599 3254 1813 3299 sanctus
1846 3261 1877 3299 a

340 3324 498 3380 Patre
524 3335 577 3380 et
603 3327 737 3381 Filio
760 3332 1096 3397 procedit,_et
1115 3333 1388 3401 aequaliter
1413 3350 1442 3387 a
1471 3334 1628 3389 Patre
1666 3346 1719 3389 et
1741 3336 1877 3390 Filio

342 3416 592 3480 mittitur;
651 3417 742 3471 sed
791 3427 1007 3487 propter
1056 3421 1445 3476 distinctionem
1492 3438 1873 3492 personarum,

343 3506 430 3558 hic
457 3506 649 3560 dicitur
667 3521 697 3560 a
725 3505 880 3562 Patre
913 3510 1197 3577 procedere
1215 3551 1228 3574 ,
1259 3520 1312 3564 et
1333 3527 1362 3564 a
1387 3511 1522 3566 Filio
1551 3513 1722 3577 mitti;
1748 3522 1802 3567 et
1823 3514 1876 3566 in

339 3593 523 3648 eadem
545 3594 881 3650 distinctione
911 3612 1256 3664 personarum
1285 3615 1445 3652 unam
1470 3615 1587 3654 esse
1610 3601 1873 3667 operatio-

342 3696 461 3735 nem
489 3698 551 3736 ac
595 3683 917 3740 voluntatem
947 3699 1094 3738 suam
1124 3701 1244 3739 cum
1267 3687 1439 3740 Patris
1483 3688 1749 3741 voluntate
1785 3689 1877 3742 de-

343 3769 568 3822 nuntiat.
607 3770 762 3824 Venit
805 3772 962 3825 etiam
997 3781 1049 3827 et
1071 3788 1164 3828 sua
1195 3785 1396 3842 sponte,
1448 3776 1567 3842 quia
1597 3777 1876 3845 coxequalis

343 3863 423 3909 est
445 3855 588 3908 Patri
617 3865 670 3915 et
694 3857 844 3920 Filio,
870 3867 928 3912 ut
947 3863 1291 3928 cognoscatur
1317 3878 1472 3917 unam
1500 3877 1616 3918 esse
1639 3863 1879 3923 volunta-

343 3951 448 3997 tem
476 3951 632 4012 atque
655 3946 1012 4012 operationem
1042 3957 1237 4001 sancta:
1257 3951 1549 4004 Trinitatis.

411 4035 569 4088 Vens.
595 4033 684 4087 27.
719 4063 782 4073 —
813 4033 931 4099 Ille,
983 4035 1170 4103 inquit,
1217 4037 1562 4090 testimonium
1603 4040 1878 4107 perhibebit

342 4124 404 4175 de
433 4139 529 4186 me,
561 4132 606 4176 et
630 4139 714 4176 vos
735 4123 1074 4177 testimonium
1113 4123 1454 4191 perhibebitis.
1490 4142 1509 4174 t
1545 4125 1573 4165 δ
1602 4125 1732 4195 Quia
1761 4142 1878 4196 qua:

344 4210 542 4278 Spiritu
585 4210 728 4265 intus
754 4211 973 4264 docente
1000 4219 1374 4280 perceperunt,
1421 4211 1532 4266 bzec
1557 4210 1764 4280 abiecto
1811 4214 1875 4266 ti-

341 4313 487 4351 more
526 4300 770 4365 pristino,
817 4297 945 4352 foris
990 4299 1250 4368 loquendo
1287 4309 1341 4354 et
1367 4300 1485 4353 aliis
1531 4299 1900 4354 ministrando

341 4385 688 4452 protulerunt.
737 4385 852 4453 Ipse
894 4401 1119 4453 namque
1148 4387 1376 4454 Spiritus
1404 4391 1561 4442 corda
1596 4403 1776 4442 eorum
1817 4397 1871 4443 et

343 4474 407 4525 ad
432 4473 704 4526 scientiam
732 4474 970 4526 veritatis
997 4473 1292 4535 illustravit,
1330 4484 1382 4528 et
1409 4477 1474 4529 ad
1501 4476 1732 4531 docenda
1755 4493 1871 4546 qua:

343 4570 578 4621 nossent,
605 4559 830 4614 culmine
855 4560 1092 4613 veritatis
1115 4560 1301 4612 erexit.
1342 4580 1358 4610 ι
1390 4561 1518 4614 Cum
1539 4574 1707 4616 autem
1731 4581 1874 4619 reue-

343 4648 408 4698 rit
458 4645 761 4710 Paraclitus,
816 4647 902 4701 ille
950 4650 1290 4701 testimonium
1337 4651 1611 4716 per/libebit
1662 4654 1725 4705 de
1775 4670 1868 4706 me.

349 4754 368 4786 ‹
404 4736 674 4804 Tanquam
709 4737 940 4790 diceret:
977 4738 1097 4790 odio
1125 4752 1208 4790 mc
1244 4737 1540 4792 habuerunt
1575 4749 1630 4793 et
1671 4743 1874 4796 occide-

347 4833 468 4880 runt
488 4825 748 4887 videntes;
780 4825 870 4877 sed
891 4827 992 4878 tale
1017 4817 1079 4900 de
1108 4841 1189 4878 me
1209 4825 1500 4879 Paraclitus
1519 4831 1873 4883 testimonium

345 4912 660 4982 perhibebit,
705 4920 763 4964 ut
789 4925 880 4964 eos
923 4911 1079 4964 faciat
1126 4914 1177 4965 in
1207 4929 1289 4966 me
1313 4915 1526 4967 credere
1555 4931 1656 4968 non
1694 4919 1877 4971 viden-

347 5009 444 5057 tes.
476 5001 544 5052 Et
587 5016 689 5063 vos,
720 4999 922 5066 inquit,
969 5000 1306 5052 testimonium
1333 5000 1620 5069 perhibetis,
1663 5005 1782 5070 quia
1813 5003 1874 5054 ab

346 5089 491 5140 initio
519 5104 712 5140 mecum
735 5088 874 5151 estis,
921 5085 1213 5155 pcrhibcbit
1243 5087 1468 5154 Spiritus
1497 5098 1725 5151 sanctus,
1757 5107 1876 5158 pcr-

347 5174 592 5227 hi'bebitis
617 5181 670 5228 et
693 5190 802 5237 vos,
841 5176 959 5243 quia
983 5173 1043 5225 ab
1072 5173 1215 5224 initio
1248 5191 1440 5226 mecum
1468 5178 1603 5228 estis.
1654 5178 1878 5234 Potestis

345 5264 654 5331 prmdicare,
690 5264 827 5329 quod
863 5264 1063 5316 nostis:
1091 5262 1308 5328 quodut
1333 5262 1488 5315 modo
1517 5279 1617 5317 non
1646 5265 1868 5331 faciatis,

349 5351 491 5404 illius,
514 5349 664 5420 [Hs.,
693 5350 830 5416 quod
853 5352 1037 5403 amodo
1067 5365 1166 5403 non
1197 5349 1384 5410 facitis,
1419 5351 1540 5416 quia
1572 5353 1727 5425 illius]
1757 5355 1872 5424 Spi-

351 5438 479 5492 ritus
515 5436 780 5506 plenitudo
804 5435 1029 5496 nondum
1054 5439 1199 5490 adest
1235 5439 1398 5492 vobis.
1439 5458 1453 5488 ι

417 5560 439 5586 ο
481 5547 553 5599 Ex
584 5547 724 5599 hom.
763 5545 890 5598 Ven.
929 5543 1076 5598 Beda:
1115 5549 1239 5599 Dom
1256 5587 1277 5607 .,
1305 5549 1526 5600 Exaudi.

418 5619 441 5656 δ
471 5616 543 5668 Ex
572 5613 728 5679 Beda,
759 5614 964 5665 ibidem.

1899 3117 1947 3177 Ο

1974 1900 2284 1969 obsequium
2305 1913 2362 1952 se
2393 1906 2646 1967 praistare
2681 1896 2808 1960 Deo,
2838 1895 2958 1948 dum
2988 1893 3318 1962 praeconibus
3340 1892 3519 1961 gratiae

1974 2004 2135 2044 neces
2159 1987 2392 2043 inferunt
2416 2005 2430 2053 ;
2459 1987 2552 2042 sed
2579 1986 2773 2040 frustra
2799 1985 2968 2054 legem
2997 1999 3113 2052 qua:
3137 1999 3234 2051 per
3268 1981 3519 2036 famulum

1974 2076 2097 2130 data
2125 2085 2206 2130 est
2225 2076 2530 2139 defendunt,
2561 2077 2650 2145 qui
2676 2075 2896 2145 gratiam
2920 2089 3076 2143 quam
3115 2075 3226 2140 ipse
3253 2072 3416 2126 Filius
3442 2071 3521 2126 of-

1975 2165 2078 2221 fert
2103 2167 2342 2235 aecipere
2369 2164 2643 2229 renuunt;
2694 2167 2958 2220 incassum
2996 2181 3052 2220 se
3079 2165 3186 2219 Deo
3225 2164 3367 2218 Patri
3408 2163 3519 2232 pla-

1975 2272 2095 2313 cere
2108 2258 2388 2320 :estimant,
2413 2256 2607 2325 quiDei
2624 2255 2814 2308 Filium
2841 2262 3198 2316 contemnere,
3225 2253 3330 2305 imo
3351 2253 3514 2304 etiam

1975 2347 2220 2416 persequi
2262 2361 2325 2399 ac
2350 2345 2713 2415 blasphemare
2742 2344 3000 2396 laborant.
3038 2361 3057 2392 ι
3105 2340 3218 2394 Duo
3247 2340 3379 2393 dixit
3412 2339 3516 2395 illis

1975 2450 2093 2510 esse
2118 2444 2340 2493 ventura
2366 2451 2396 2488 a
2421 2435 2636 2500 Judreis,
2682 2435 2736 2488 id
2758 2441 2868 2497 est,
2912 2440 2972 2487 ut
2997 2439 3145 2485 extra
3195 2444 3514 2500 synagogam

1977 2538 2068 2577 eos
2095 2521 2346 2586 facerent,
2387 2530 2438 2574 et
2477 2529 2536 2573 ut
2561 2536 2654 2575 eos
2681 2521 3064 2574 interficerent.
3115 2518 3243 2584 Quae
3269 2517 3425 2572 etiam
3451 2517 3518 2570 ad

1978 2613 2244 2669 cumulum
2282 2611 2635 2666 damnationis
2679 2609 2818 2664 illius
2849 2607 3024 2678 populi
3061 2607 3424 2675 pertinebant,
3464 2615 3519 2660 et

1975 2703 2041 2754 ad
2074 2701 2297 2755 salutem
2327 2699 2560 2771 gentium
2586 2697 2859 2769 profutura
2896 2695 3136 2757 fuissent,
3164 2695 3299 2748 sicut
3328 2693 3522 2753 Paulus

1977 2790 2029 2844 in
2055 2789 2276 2843 Actibus
2304 2786 2661 2857 apostolorum
2689 2787 2791 2841 illis
2816 2785 3008 2841 Iudaeis
3052 2785 3182 2839 dixit
3220 2801 3232 2836 :
3275 2782 3410 2847 Quia
3438 2783 3518 2836 in-

1974 2887 2156 2956 dignos
2181 2901 2266 2939 eos
2291 2885 2435 2938 verbo
2460 2884 2556 2936 Dei
2578 2884 2787 2951 fecistis,
2817 2898 2928 2935 ecce
2947 2881 3283 2934 convertimur
3308 2877 3376 2930 ad
3402 2893 3521 2947 gen-

1978 2985 2049 3029 tes
2078 2989 2095 3025 :
2123 2973 2212 3029 Sic
2238 2973 2372 3027 enim
2391 2971 2630 3042 praecepit
2658 2970 2799 3022 nobis
2827 2969 3076 3022 Dominus
3104 2987 3122 3022 :
3172 2967 3304 3019 Ecce
3330 2966 3446 3019 dedi
3473 2975 3520 3017 te

1976 3066 2030 3118 in
2054 3063 2215 3117 lucem
2235 3063 2475 3132 gentium,
2500 3070 2554 3113 ut
2582 3062 2651 3113 sis
2671 3058 2810 3112 salus
2831 3075 2942 3110 mea
2972 3073 3128 3126 usque
3152 3057 3218 3109 ad
3241 3067 3521 3109 extremum

1977 3165 2127 3208 teme
2147 3153 2338 3222 (Actor.
2370 3142 2624 3219 xui,.46).
2672 3147 2921 3216 Sequitur
2947 3164 2960 3198 :
2998 3144 3284 3215 (νειιεμὸ.)
3316 3143 3383 3195 Et
3412 3143 3521 3196 haec

1977 3241 2185 3309 facient,
2213 3241 2334 3309 quia
2359 3255 2458 3292 non
2481 3245 2719 3292 noverunt
2745 3235 2952 3287 Patrem
2972 3248 3129 3301 neque
3157 3246 3253 3282 me.
3289 3248 3307 3280 ί
3335 3229 3361 3268 ά
3385 3229 3518 3294 Quia

1976 3331 2117 3384 enim
2142 3330 2307 3383 Filius
2331 3330 2383 3382 in
2407 3328 2563 3381 Patre
2595 3335 2679 3380 est
2714 3334 2767 3378 et
2792 3324 2950 3376 Pater
2982 3330 3064 3375 est
3086 3321 3139 3374 in
3166 3319 3320 3383 Filio,
3348 3326 3400 3371 ct
3425 3319 3524 3386 qui

1976 3422 2119 3475 videt
2151 3421 2338 3474 Filium
2384 3421 2526 3474 videt
2571 3415 2637 3470 et"
2662 3416 2912 3490 Patrem:
2953 3419 3097 3481 patet
3135 3410 3368 3479 profecto
3395 3409 3520 3476 quia

1977 3510 2273 3577 quicunque
2313 3505 2431 3558 Filii
2475 3503 2836 3557 credulitatem
2877 3501 3138 3557 obstinata
3181 3507 3356 3553 mente
3396 3497 3517 3564 reji—

1976 3597 2138 3659 ciunt,
2168 3610 2264 3649 nec
2288 3594 2496 3651 Patrem
2521 3605 2676 3645 nosse
2700 3590 3007 3658 probantur.
3038 3607 3056 3636 ι
3092 3588 3274 3656 (Vens.
3304 3588 3391 3658 4.).
3411 3587 3514 3643 Sed

1975 3687 2083 3739 lucc
2127 3684 2323 3738 locutus
2353 3698 2464 3736 sum
2499 3681 2636 3734 vobis
2657 3720 2670 3742 ,
2707 3687 2760 3731 ut
2787 3694 2901 3730 cum
2945 3675 3131 3728 venerit
3158 3675 3288 3735 hora
3315 3692 3512 3754 eorum,

1977 3773 2373 3828 reminiscamini
2396 3772 2516 3841 quia
2541 3787 2630 3838 ego
2657 3769 2769 3820 dixi
2805 3767 2963 3819 vobis.
3010 3763 3195 3833 Magna
3225 3764 3516 3819 consolatio

1974 3869 2057 3915 est
2081 3859 2470 3928 discipulorum,
2496 3856 2758 3910 reminisci
2784 3862 2905 3907 ante
2930 3853 3177 3922 prmdicta
3206 3867 3322 3906 esse
3348 3865 3378 3905 a
3403 3868 3514 3905 ma-

1976 3953 2143 4024 gistro
2171 3965 2285 4019 qua:
2310 3949 2516 4020 passuri
2549 3955 2747 4009 essent,
2796 3952 2849 3998 et
2877 3944 3119 4017 eumdem
3161 3957 3217 3996 se
3244 3943 3380 3997 scire
3417 3944 3514 3997 ba-

1975 4043 2101 4096 bere
2127 4039 2416 4108 adju-tcrem
2439 4045 2491 4090 et
2515 4042 2982 4091 remuneratorem.
3019 4045 3113 4099 pro
3135 4029 3283 4098 cujus
3306 4031 3516 4087 nomine

1976 4129 2098 4186 talia
2125 4142 2373 4197 passuros
2397 4141 2453 4179 se
2483 4139 2602 4180 esse
2629 4124 2934 4191 praedictum
2969 4130 3050 4176 est
3077 4121 3196 4178 illis.

2044 4239 2202 4292 Vens.
2230 4237 2281 4290 5.
2311 4266 2378 4276 —
2405 4234 2532 4287 Hcce
2565 4233 2627 4285 ab
2657 4233 2804 4285 initio
2833 4232 2969 4285 vobis
2997 4248 3096 4284 non
3125 4233 3252 4297 dixi,
3281 4234 3402 4301 quia
3431 4249 3516 4286 t'o-

1975 4333 2165 4386 biscum
2194 4347 2352 4384 eram.
2386 4328 2511 4395 Qua:
2539 4335 2661 4381 sunt
2688 4342 2803 4393 qua:
2824 4329 2890 4378 ab
2910 4327 3060 4379 initio
3085 4327 3188 4379 illis
3213 4344 3317 4381 non
3345 4330 3514 4384 dixit?

1899 4429 1951 4488 ι)
1970 4423 2140 4477 Etiam
2169 4423 2232 4476 de
2257 4420 2455 4490 Spiritu
2481 4425 2693 4482 saneto,
2743 4430 2897 4484 quem
2925 4415 3182 4470 missurus
3210 4424 3324 4469 erat
3350 4417 3452 4471 illis
3481 4436 3522 4473 a
3615 4450 3619 4453 -

1974 4520 2150 4584 Patre,
2177 4524 2227 4572 et
2251 4519 2314 4572 de
2349 4517 2701 4572 consolatione
2725 4526 2778 4570 et
2801 4513 3182 4571 confortatioue
3209 4513 3356 4583 [Hs.,
3383 4530 3510 4570 con-

1976 4617 2293 4688 firmatione]
2323 4617 2554 4686 ejusdem
2583 4615 2810 4684 Spiritus
2829 4657 2842 4680 ,
2883 4627 2986 4684 quo
3015 4613 3313 4666 consolandi
3348 4623 3400 4666 et
3427 4629 3510 4667 ro-

1975 4707 2194 4760 borandi
2221 4705 2458 4766 fuissent,
2486 4712 2544 4757 ut
2565 4704 2739 4758 omnia
2763 4705 2941 4756 mundi
2966 4705 3183 4757 adversa
3216 4702 3290 4755 vel
3315 4699 3512 4759 iudaic-

1977 4811 2092 4849 rum
2123 4795 2362 4850 scandala
2402 4802 2456 4847 et
2485 4793 2893 4861 persecutiones,
2928 4792 3092 4846 libero
3122 4792 3301 4857 animo
3326 4790 3504 4845 formiv

1975 4887 2101 4938 dare
2130 4899 2232 4937 non
2258 4883 2578 4937 debuissent.
2621 4880 2746 4932 llwc
2783 4881 2845 4932 ab
2889 4881 3035 4934 initio
3077 4900 3176 4936 non
3203 4884 3309 4936 dixi
3331 4922 3345 4945 ,
3386 4881 3507 4950 quia

1973 4980 2226 5033 uobiscum
2263 4995 2434 5041 eram,
2490 4976 2609 5045 quia
2637 4975 2770 5028 'mca
2816 4978 3092 5044 prmsentia
3139 4978 3508 5032 consolabatur

1975 5084 2066 5120 vos
2091 5084 2104 5130 ;
2133 5077 2186 5121 ct
2207 5084 2347 5122 nunc
2368 5068 2563 5120 vadens
2582 5065 2645 5118 ad
2672 5065 2899 5126 Patrem,
2933 5069 3280 5122 necessarium
3305 5067 3506 5122 habetis

1975 5157 2228 5225 Spiritum
2265 5166 2521 5215 sanctum,
2567 5156 2656 5222 qui
2701 5169 2793 5209 vos
2821 5157 3116 5216 consoletur
3143 5164 3194 5208 et
3233 5156 3506 5212 confirmet

1977 5254 2026 5304 in
2053 5253 2192 5306 omni
2225 5251 2555 5305 tribulatione
2585 5258 2637 5301 ct
2678 5253 2938 5317 passione,
2979 5267 3132 5319 quam
3164 5253 3364 5318 passuri
3402 5256 3502 5305 eri-

1978 5345 2062 5398 tis.
2093 5340 2157 5396 Et
2188 5340 2319 5408 [Al.,
2361 5337 2445 5404 At]
2472 5354 2609 5399 nunc
2643 5340 2768 5394 cado
2799 5339 2864 5391 ad
2895 5355 3006 5391 eum
3045 5340 3127 5406 qui
3168 5355 3244 5390 me
3272 5341 3428 5403 misit,
3455 5353 3501 5392 et

1977 5455 2119 5489 nemo
2147 5477 2158 5498 ,
2204 5435 2402 5501 inquit,
2440 5450 2500 5485 ex
2543 5435 2678 5488 vobis
2725 5439 2994 5502 interrogat
3041 5450 3134 5495 me,
3183 5450 3279 5500 quo
3318 5436 3504 5492 vadis?

2050 5559 2067 5579 ι·
2105 5544 2175 5595 Et
2208 5542 2262 5592 S.
2294 5542 2440 5605 Aug,
2477 5552 2628 5597 tract.
2657 5562 2777 5605 xc”,
2813 5555 2953 5596 num.
2989 5541 3030 5602 l,
3060 5541 3108 5591 :2.

2050 5575 2056 5579 ν
2105 5575 2175 5595 ω
2210 5575 2262 5592 υ.
2480 5575 2586 5597 μαι

2046 5611 2068 5647 τι
2095 5611 2168 5663 Ex
2197 5611 2350 5674 Beda,
2374 5575 2478 5664 ioc.
2506 5614 2591 5665 cit.
