4266 6202
723 350 815 403 951

1579 354 1630 405 ll.
1678 356 1733 406 ι’.
1760 356 1976 408 .\l.iil.\'l
2018 357 2140 411 Si!)
2186 356 2452 409 ALCUM
2485 358 2756 413 OP-EBLM
2794 359 2965 414 PARS
2998 364 3057 413 ιι.

3762 365 3876 423 ρει

726 479 741 510 ι
782 476 803 501 ι
836 460 1106 527 Signiﬁcat
1144 467 1215 517 sic
1248 482 1299 517 se
1329 465 1523 517 iturum
1553 469 1615 518 ad
1641 480 1761 518 eum
1791 467 1877 533 qui
1917 468 2057 521 misit
2087 467 2249 527 illuni,
2280 468 2327 525 Α
2353 467 2445 520 sed
2468 469 2736 522 mundum.
2782 466 2841 521 lii
2881 482 2986 535 quo
3009 467 3221 534 arguit?
3243 466 3299 519 lu
3334 482 3397 520 eo
3441 468 3561 535 quia
3599 483 3689 537 per
3718 466 3883 539 Spiri-

722 559 776 600 ut
805 551 976 603 nullus
1001 552 1347 620 interrogaret
1375 554 1512 622 quod
1536 555 1707 621 palam
1734 554 1844 608 ﬁeri
1870 546 1987 607 'visu
2017 556 2252 629 culparis

716 648 1028 692 cernerent:
1078 656 1198 694 nam
1238 644 1479 711 superius
1520 645 1964 713 interrogaveram
1997 648 2250 714 euin’quo

664 756 677 764 ι
712 726 871 794 610
896 740 1033 781 esset
1061 730 1244 789 iturus,
1273 732 1395 783 dum
1429 733 1493 785 ad
1522 733 1817 800 paSsioncm
1842 734 2173 801 properavit;
2196 743 2248 786 et

715 814 1054 881 r‘t‘sponditeo
1078 832 1134 869 se
1164 818 1356 871 iturum
1385 835 1489 887 quo
1504 821 1599 887 ipsi
1622 830 1742 873 tunc
1769 823 1945 873 venire
1971 836 2078 892 non,
2102 832 2246 889 pote-

714 912 848 955 rant.
878 904 1021 958 Nunc
1048 922 1170 959 vero
1195 909 1265 960 ita
1287 923 1343 961 se
1363 910 1603 975 promisit
1625 911 1833 971 iturum,
1860 919 1915 962 ut
1935 911 2123 973 nullus,
2145 928 2246 979 quo

711 993 849 1043 radis
868 1032 882 1055 ,
908 994 1191 1063 interroget
1218 1014 1230 1057 ;
1280 997 1443 1050 nubes
1463 1000 1601 1051 enim
1628 1002 1858 1067 suscepit
1883 1016 2003 1053 cuin
2034 1001 2243 1069 quando

708 1081 1021 1133 ascenditab
1049 1084 1125 1135 eis
1145 1101 1160 1144 ;
1180 1093 1231 1136 et
1253 1094 1461 1137 euntem
1496 1088 1545 1139 in
1566 1087 1753 1140 cmluin
1782 1103 1884 1141 non
1910 1089 2082 1141 verbis
2100 1102 2243 1156 qua:-

705 1170 923 1232 sierunt,
943 1172 1033 1224 sed
1047 1173 1211 1226 oculis
1224 1175 1464 1227 viderunt
1480 1176 1630 1246 [Anq
1645 1215 1657 1237 ,
1672 1175 2041 1246 deduxerunt].
2058 1176 2239 1244 (Vatis.

704 1258 780 1325 ὅ.)
817 1258 920 1311 Sed
947 1263 1066 1328 quia
1094 1264 1201 1315 Iure
1231 1265 1427 1316 locutus
1462 1281 1571 1316 sum
1604 1266 1758 1324 vobis,
1779 1268 1991 1334 'inquit,
2032 1268 2240 1319 tristitia

702 1346 920 1412 iugulet-it
967 1367 1055 1401 cor
1092 1362 1325 1403 rostrum.
1378 1352 1599 1408 Videbat
1652 1358 1833 1424 utique.
1859 1357 1984 1425 quid
2018 1356 2101 1409 illa
2148 1372 2238 1409 sua

701 1440 856 1490 verba
886 1440 935 1490 in
960 1455 1141 1492 eorum
1170 1438 1414 1494 cordibus
1437 1450 1679 1511 agerent;
1731 1444 2019 1510 spiritalem
2048 1444 2239 1512 quippe

701 1525 925 1577 nondum
954 1527 1205 1582 habentes
1244 1530 1461 1582 interius
1498 1530 1929 1591 consolationem,
1958 1546 2114 1599 quam
2146 1546 2239 1597 per

700 1614 951 1683 Spiritum
976 1625 1213 1670 sanctum
1242 1617 1445 1672 fuerant
1475 1619 1724 1680 habituri,
1762 1620 1811 1671 id
1837 1618 1976 1686 quod
2004 1619 2237 1673 exterius

698 1704 749 1753 in
784 1704 997 1755 (Ihristo
1036 1704 1298 1766 videbant,
1350 1707 1594 1759 amittere
1625 1708 1944 1759 metuebant.
1985 1725 2003 1755 ι
2048 1706 2231 1773 (\‘cns.

2356 565 2464 609 tum
2488 566 2727 613 sanctum
2758 558 2991 613 cbsritas
3015 555 3203 613 diffusa
3226 564 3311 612 est
3335 556 3387 609 in
3417 556 3667 610 cordibus
3697 572 3879 612 eorum

2351 641 2523 710 (Rom.
2550 659 2603 707 ν,
2634 644 2722 714 5),
2752 659 2870 713 qua:
2895 644 3039 698 foras
3073 645 3234 698 mittit
3260 644 3520 707 timorem,
3552 654 3610 697 ut
3632 660 3736 698 non
3773 660 3881 699 me-

2348 741 2557 787 tuerent
2589 733 2857 796 mundum,
2909 734 2959 787 id
2985 743 3064 787 est
3087 774 3100 796 ,
3140 741 3401 788 amatores
3430 735 3607 788 mundi
3641 749 3876 803 arguere.

2346 822 2422 875 De
2446 832 2668 890 peccato,
2714 824 2848 876 etde
2871 824 3095 891 justitia,
3146 832 3192 875 et
3226 824 3288 876 de
3305 824 3525 892 judicio.
3570 822 3736 888 Quam
3760 838 3881 877 sett-

2346 910 2561 963 teutiam
2589 910 2699 977 ipse
2722 910 2963 965 Christus
2988 912 3231 980 exposuit
3254 912 3463 964 dicens:
3494 911 3674 980 (Vens.
3701 910 3778 978 9.)
3803 909 3879 963 De

2341 1008 2544 1065 peccato
2564 999 2785 1067 quidem,
2816 1000 2934 1068 quia
2956 1016 3055 1052 non
3085 998 3295 1055 credunt
3322 998 3376 1050 in
3396 1014 3492 1050 me.
3525 1016 3543 1048 ι
3582 1016 3601 1047 ι
3628 996 3654 1035 ἀ
3686 996 3878 1050 Pecca-

2345 1096 2451 1140 tum
2482 1088 2863 1141 incredulitatis
2903 1088 3050 1155 quasi
3093 1086 3318 1155 speciale
3349 1087 3543 1155 posuit,
3590 1086 3710 1155 quia
3739 1086 3878 1140 sicut

2336 1170 2471 1227 ﬁdes
2494 1176 2640 1241 origo
2673 1176 2946 1235 virtutum,
2992 1175 3063 1227 ita
3092 1174 3494 1227 solidamentum
3521 1182 3602 1227 est
3627 1174 3873 1226 vitiorum

2341 1264 2391 1315 in
2418 1264 2782 1317 incredulitate
2824 1264 3121 1339 persistere,
3159 1262 3381 1316 Domitio
3410 1261 3716 1315 terribiliter
3741 1269 3876 1315 atte-

2339 1360 2530 1414 stante,
2556 1352 2643 1420 qui
2672 1353 2745 1404 ait
2772 1370 2783 1403 :
2816 1350 2917 1414 Qui
2957 1360 3122 1403 autem
3154 1366 3255 1403 non
3277 1350 3453 1412 credit,
3474 1351 3585 1417 jam
3607 1350 3874 1417 judicatus

2336 1450 2409 1492 est
2440 1439 2616 1508 (Ionii.
2640 1454 2721 1501 in,
2755 1439 2864 1506 18),
2895 1438 3017 1505 quia
3044 1454 3147 1492 non
3190 1439 3357 1492 credit
3378 1438 3431 1491 in
3456 1438 3666 1491 nomine
3690 1436 3871 1503 unige-

2336 1530 2432 1582 niti
2470 1527 2586 1580 Filii
2620 1526 2749 1581 Dei:
2782 1546 2798 1577 ι
2844 1527 3107 1596 judicatus
3138 1528 3288 1588 dixit,
3338 1527 3391 1580 id
3430 1535 3532 1590 est,
3570 1526 3870 1579 damnatus.

2336 1618 2517 1685 (Vens.
2557 1616 2661 1684 l0.)
2691 1616 2764 1669 De
2776 1617 2984 1685 justitia
3014 1632 3147 1678 vero,
3178 1617 3296 1685 quia
3325 1615 3393 1667 ad
3422 1614 3626 1667 Patrem
3652 1615 3797 1677 cado,
3820 1624 3871 1668 et

2329 1707 2441 1774 jam
2470 1723 2569 1759 non
2595 1707 2822 1759 videbitis
2848 1722 2947 1760 me.
2986 1725 3003 1755 ι
3037 1703 3248 1761 Iustitia
3278 1702 3876 1777 discipulorumeristi

694 1791 770 1859 ἰ.)
802 1789 902 1843 Sed
922 1807 1013 1859 ego
1035 1794 1289 1843 ceritatem
1316 1793 1430 1844 dico
1462 1794 1610 1849 vobis.
1664 1795 1863 1861 expedit
1894 1794 2027 1847 rubis
2059 1772 2111 1845 iit
2141 1810 2230 1860 ego
2266 1772 2304 1829 Β
2330 1772 2446 1848 erat
2488 1795 2671 1865 (Beda,
2710 1794 3201 1848 Cliristiconl'essio
3239 1791 3375 1862 erat]
3414 1772 3556 1861 quod
3590 1772 3877 1867 Dominum:

695 1876 893 1929 endam.
959 1870 980 1926 ι’
1012 1879 1038 1916 b
1065 1879 1285 1945 Expedit
1322 1888 1376 1931 ut
1421 1880 1587 1932 lorma
1620 1883 1755 1934 servi
1801 1884 1991 1935 vestris
2026 1884 2230 1935 subtra‘

695 1968 847 2019 batur
886 1969 1201 2034 aspectibus,
1243 1980 1502 2036 quatenus
1547 1985 1695 2021 amor
1732 1970 2021 2024 divinitatis
2060 1971 2232 2037 aptius

694 2056 881 2107 vestris
924 2057 1167 2124 inligatur
1201 2060 1481 2111 mentibus.
1535 2058 1753 2131 Expedit
1791 2068 1845 2111 ut
1874 2069 2051 2114 notam
2083 2062 2230 2114 vobis

690 2145 913 2199 formam
945 2148 1076 2201 cet-lo
1112 2147 1351 2211 inferam,
1387 2160 1646 2216 quatenus
1672 2166 1763 2218 per
1792 2152 1889 2203 hoc
1920 2150 2115 2217 majore
2137 2152 2228 2204 ile-

690 2234 885 2287 siderio
917 2235 1036 2288 illuc
1061 2237 1351 2305 suspiretis.
1387 2238 1444 2290 Si
1488 2250 1655 2290 autem
1698 2256 1796 2290 non
1827 2242 2019 2297 abiero,
2066 2239 2228 2291 l'nra-

689 2316 838 2377 ciitus
866 2341 963 2377 non
996 2328 1151 2379 veniet
1176 2328 1241 2377 ad
1267 2341 1383 2379 ros:
1412 2331 1454 2379 si
1481 2338 1646 2379 autem
1669 2330 1859 2390 abiero,
1890 2331 2085 2381 mittant
2115 2348 2227 2384 eum

690 2411 879 2465 miros.
927 2412 1038 2466 Non
1066 2416 1187 2481 quia
1212 2431 1313 2467 non
1346 2425 1550 2483 poterat
1596 2418 1705 2483 ipse
1744 2420 1793 2469 in
1838 2427 1977 2471 terra
2026 2422 2226 2487 positus

688 2506 814 2555 dare
844 2502 1099 2571 Spiritum
1126 2505 1412 2573 discipuiis,
1449 2507 1557 2559 lucc
1586 2506 1853 2575 loquitur;
1894 2523 2015 2562 cum
2045 2519 2225 2577 aperte

688 2594 907 2661 legatur.
947 2596 1069 2661 quia
1100 2604 1214 2661 post
1259 2598 1693 2651 resurrectionem
1724 2614 1983 2665 apparens
2012 2600 2108 2660 eis,
2142 2601 2220 2651 iii-

687 2683 910 2737 snﬁlavit
956 2692 1011 2737 et
1058 2686 1189 2737 dixit
1236 2686 1311 2737 eis
1353 2701 1365 2736 :
1417 2687 1638 2754 deripite
1692 2686 1941 2755 Spiritum
1994 2699 2222 2741 sanctum

689 2770 867 2835 (Ionii.
915 2786 1000 2833 xx,
1048 2770 1169 2837 ‘22);
1214 2776 1303 2825 sed
1356 2776 1475 2842 quia
1510 2776 1621 2841 ipso
1666 2776 1715 2829 in
1760 2786 1897 2830 terra
1941 2780 2133 2845 posito,
2172 2788 2224 2830 et

688 2859 1034 2924 corporaliter
1078 2872 1419 2917 cuiiversante
1462 2879 1581 2917 cum
1606 2864 1705 2926 eis,
1745 2881 1848 2917 non
1890 2866 2129 2919 valebant
2159 2868 2223 2919 ad

692 2948 835 2999 illum
864 2950 1067 3014 erigere
1114 2960 1362 3013 mentem,
1416 2953 1481 3005 ad
1510 2954 1733 3007 sitientia
1778 2970 1992 3007 munera
2041 2957 2222 3023 grati.e

688 3036 936 3088 caelestis.
976 3037 1301 3091 Ascendeiate
1328 3050 1500 3107 autem
1533 3042 1617 3094 iilo
1641 3042 1703 3095 ad
1729 3044 1906 3106 corios,
1942 3053 1996 3096 et
2034 3045 2105 3095 illi
2132 3058 2221 3111 pa-

689 3127 819 3178 riter
839 3140 994 3178 oinne
1022 3126 1335 3181 desiderium
1371 3146 1521 3183 suum
1553 3131 1638 3183 illo
1667 3130 2070 3191 transferebant.
2102 3132 2221 3183 Ideo

685 3227 908 3278 capaces
933 3210 1160 3280 Spiritus
1182 3220 1345 3267 sancti
1376 3218 1485 3284 jam
1514 3217 1636 3271 facti
1664 3229 1831 3277 erant.
1866 3235 1966 3271 non
1997 3219 2130 3272 ultra
2159 3221 2221 3272 tle

688 3308 856 3350 morte
905 3298 1018 3364 ejus
1065 3302 1401 3365 contristati,
1448 3305 1537 3358 sed
1587 3306 1651 3359 de
1696 3309 2057 3375 promissionis
2108 3309 2221 3377 ejus

687 3387 833 3448 διε..
871 3390 1095 3456 Sp'ritus
1121 3394 1350 3464 sanctus]
1382 3411 1597 3449 munere
1634 3395 1827 3467 [erant]
1859 3399 2035 3450 Ιιυιςιιι.
2075 3399 2220 3454 Patet

684 3491 877 3540 autem,
919 3494 1013 3534 tice
1059 3483 1316 3535 laboriosa
1344 3486 1669 3553 expositione
1696 3488 1907 3558 indiget,
1953 3506 2048 3543 cur
2075 3507 2217 3544 cum-

685 3568 804 3619 dein
859 3568 1108 3635 Spiritum
1160 3571 1502 3636 Paraclitum,
1560 3576 1609 3628 id
1658 3586 1775 3637 i‘st,
1838 3580 2217 3633 consolatorem

684 3661 1126 3726 cognoininaverit
1152 3679 1163 3711 :
1202 3678 1325 3729 quia
1352 3665 1599 3717 nimii-um
1630 3667 1785 3719 corda
1826 3667 2213 3735 discipulorum,

684 3762 799 3811 qua:
845 3761 1084 3803 reces~us
1114 3749 1278 3815 ipsius
1314 3761 1496 3804 moesta
1529 3753 1866 3817 reddidisset,
1920 3757 2072 3824 hujus
2095 3772 2218 3811 con-

684 3836 945 3889 solaretur
983 3845 1033 3889 et
1064 3850 1324 3891 recrearet
1364 3841 1633 3895 adventus.
1677 3865 1693 3892 ι
1748 3844 1856 3897 Non
1897 3832 2039 3912 quod
2063 3855 2215 3900 antea

682 3924 909 3990 Spiritus
938 3935 1150 3980 sanctus
1176 3943 1277 3979 non
1304 3938 1441 3981 esset
1472 3931 1520 3981 in
1548 3932 1795 4008 cordibus
1823 3933 2215 4001 discipulorum,

685 4022 763 4066 rei
789 4013 948 4066 etiam
989 4014 1039 4065 in
1066 4015 1401 4082 antiquorum
1449 4026 1771 4077 sanctorum,
1821 4020 1911 4073 sed
1942 4020 2216 4074 manifesta

677 4102 998 4170 plenitudine
1026 4111 1149 4155 autc
1190 4104 1265 4156 sic
1310 4104 1539 4157 nonfuit
1578 4108 1754 4165 datus,
1805 4110 2067 4174 quomodo
2101 4119 2217 4177 post

678 4193 1038 4261 git-ensionem
1078 4192 1161 4261 die
1207 4192 1409 4245 decima
1452 4194 1503 4245 in
1544 4204 1753 4247 centum
1778 4196 1959 4263 viginti
2005 4198 2214 4250 nomina

678 4281 1014 4336 traiisio'ssus
1059 4281 1262 4351 legitur.
1324 4281 1425 4336 Sed
1472 4284 1522 4337 in
1560 4284 1698 4338 nullo
1740 4300 1899 4353 apere
1940 4286 2215 4353 cujuslibet

677 4387 932 4438 person-.e.
974 4371 1162 4443 Patris,
1198 4373 1277 4425 vel
1307 4373 1442 4430 Filii.
1492 4376 1571 4429 vel
1602 4377 1764 4429 sancti
1801 4376 2028 4445 Spiritus
2056 4380 2214 4433 totius

677 4469 869 4513 sancte
906 4461 1176 4516 Trinitatis
1196 4463 1431 4533 operatio
1457 4463 1616 4516 defuit
1644 4481 1656 4526 ;
1706 4466 1794 4518 Sed
1835 4468 2109 4533 oportebat
2142 4469 2211 4520 ita

677 4547 931 4600 insinuari
962 4548 1292 4609 Trinitatem,
1322 4558 1395 4608 ut,
1425 4550 1665 4616 quamvis
1693 4550 1831 4602 nulla
1871 4561 2008 4604 esset
2035 4554 2209 4605 diver-

675 4641 803 4691 sitas
834 4637 1155 4695 substantire.
1191 4636 1492 4704 singillatim
1539 4644 1710 4691 tamen
1756 4642 2213 4694 coiiiinetnlaretur

672 4729 937 4779 distinctio
964 4744 1325 4797 personarum.

748 4815 901 4867 Vsus.
935 4816 986 4867 8.
1020 4842 1087 4851 —
1117 4814 1241 4866 Cum
1282 4829 1448 4864 autem
1484 4820 1666 4867 reiicrit
1697 4818 1800 4877 ille,
1844 4830 2019 4883 arguet
2065 4836 2211 4870 ninn-

671 4908 810 4956 dnm.
843 4904 976 4968 Quid
1006 4914 1105 4966 est,
1153 4904 1290 4970 quod
1316 4902 1465 4963 dixit,
1515 4920 1629 4955 cum
1660 4906 1845 4957 venerit
1884 4905 1989 4967 ille,
2036 4918 2211 4974 urguet

673 4995 966 5046 mundum?
1014 5011 1030 5041 i
1070 5004 1089 5029 ε
1122 4992 1487 5059 Nunquidnam
1518 4993 1776 5050 Christus.
1827 4994 1949 5047 dum
1993 5008 2128 5047 esset
2161 5000 2208 5047 in

672 5086 887 5146 mundo,
919 5099 1021 5138 non
1048 5083 1221 5152 arguit
1244 5085 1494 5137 mundum
1523 5084 1586 5136 dc
1616 5084 1698 5136 his
1722 5084 1965 5135 omnibus
1989 5102 2103 5151 «pne
2132 5086 2211 5137 se-

672 5175 941 5241 quuntur?
997 5174 1099 5226 Sed
1145 5173 1391 5227 Christus
1442 5175 1602 5227 solam
1654 5171 1951 5225 Judteoruin
2003 5166 2206 5233 gentem

671 5262 841 5326 arguit
870 5277 881 5319 ;
914 5260 1141 5327 Spiritus
1165 5277 1289 5314 vero
1320 5270 1551 5318 sanctus.
1585 5263 1635 5313 in
1668 5259 1937 5326 discipulis
1966 5258 2075 5325 ejus
2100 5272 2209 5311 ιυιο

668 5353 795 5404 urbe
823 5352 1044 5411 ilillusis,
1076 5356 1175 5403 lion
1201 5349 1357 5405 unam
1386 5362 1593 5419 gentem
1620 5351 1925 5417 intelligitur
1954 5350 2204 5415 arguisse,

742 5491 762 5516 ι
794 5480 861 5533 Et
892 5479 944 5530 ς.
974 5482 1127 5547 Aug.
1156 5489 1307 5533 trai‘t.
1339 5496 1474 5539 χειν,
1513 5497 1653 5531 ηιιιιι.
1682 5484 1714 5534 5

741 5548 764 5582 ι’
799 5549 865 5601 Ex
896 5546 1212 5606 Bedreltoui.
1242 5546 1391 5602 Dom.
1427 5549 1655 5599 (lantur.

742 5628 757 5644 '
796 5618 864 5668 lxv
896 5620 948 5669 ὃ.
984 5622 1131 5684 Aug,
1162 5629 1310 5677 inst.
1344 5635 1456 5671 act.
1492 5634 1629 5665 illim.
1660 5619 1691 5667 l.

2330 1899 2486 1953 quem
2515 1899 2695 1938 verum
2726 1886 2986 1938 hominem
3016 1885 3317 1946 cernebant,
3341 1896 3523 1935 verum
3544 1894 3751 1949 quoque
3771 1880 3878 1945 Dei,

2332 1973 2519 2026 Filium
2548 1988 2665 2026 esse
2697 1973 3071 2035 ciediderunt;
3118 1981 3170 2026 et
3194 1985 3350 2040 quem
3392 1970 3490 2023 sibi
3518 1968 3865 2037 corporaliter

2328 2063 2560 2115 ablatum
2610 2072 2901 2123 noverant,
2941 2070 3087 2115 certo
3131 2075 3335 2127 semper
3382 2074 3558 2112 amore
3603 2058 3859 2112 colebant.

2326 2148 2535 2202 Iustitia
2560 2160 2868 2203 czetcrorum
2900 2149 3149 2212 ﬁdelium,
3199 2148 3249 2200 id
3292 2156 3391 2209 est,
3437 2161 3620 2199 eorum
3646 2145 3734 2212 qni
3764 2144 3864 2196 Do—

2329 2240 2526 2291 mitium
2557 2240 2609 2291 iu
2634 2255 2790 2292 carne
2817 2254 2921 2303 non
2951 2238 3210 2300 viderunt,
3259 2237 3371 2290 haec
3398 2242 3478 2288 est
3505 2250 3517 2287 :
3550 2236 3690 2303 quod
3719 2250 3863 2296 eum,

2325 2343 2481 2396 quem
2518 2328 2775 2396 corporali
2806 2328 2995 2379 intuitu
3041 2341 3304 2393 nunquam
3331 2323 3589 2387 viderunt,
3622 2324 3783 2377 Deum
3810 2334 3865 2376 et

2328 2418 2590 2470 hominem
2631 2432 2809 2469 verum
2837 2416 2995 2468 corde
3019 2416 3237 2468 credunt
3280 2428 3343 2466 ac
3370 2412 3609 2479 diligunt.
3660 2412 3732 2463 De
3757 2426 3861 2476 qua

2326 2507 2563 2575 profecto
2583 2506 2789 2572 justitia
2822 2506 2939 2558 ﬁdei
2986 2512 3275 2572 arguuntur
3321 2500 3557 2555 infideles
3580 2540 3594 2563 ,
3640 2515 3733 2553 cur
3762 2500 3859 2566 ipsi

2327 2595 2586 2659 videlicet,
2630 2608 2749 2646 cum
2796 2591 3037 2645 similiter
3061 2591 3275 2643 verbum
3319 2590 3437 2643 vita:
3474 2589 3731 2648 audirent,
3767 2601 3861 2639 no-

2325 2684 2533 2742 luerunt
2561 2686 2609 2736 ei
2647 2684 2859 2753 credere
2892 2682 2955 2734 ad
2979 2680 3255 2759 justitiam.
3307 2678 3483 2747 Neque
3509 2677 3649 2731 enim
3678 2676 3860 2745 nequi~

2326 2774 2395 2827 tia
2425 2774 2679 2842 malorum
2707 2788 2770 2826 ex
2815 2786 2906 2826 sua
2935 2772 3103 2825 solum
3130 2770 3383 2839 pravitate
3429 2768 3613 2847 [Βᾳάιι.
3654 2768 3859 2821 tortitu-

2324 2862 2487 2931 diue],
2514 2864 2855 2922 veminetiain
2884 2876 2947 2927 es
2974 2859 3364 2927 comparatione
3390 2866 3668 2919 rectorum,
3700 2870 3856 2923 quam

2324 2948 2747 3008 sit'damnauda,
2789 2949 3078 3001 denuntiat.
3118 2948 3303 3015 Arguit
3345 2961 3471 3014 ergo
3499 2945 3768 3020 mundum,
3804 2944 3857 2998 id

2324 3046 2431 3097 est,
2459 3035 2715 3097 inﬁdeles,
2747 3035 2977 3103 Spiritus
3010 3046 3221 3088 sanctus
3247 3036 3309 3087 de
3337 3041 3567 3102 peccato,
3602 3031 3722 3098 quia
3754 3044 3857 3082 non

2250 3096 2293 3157 Ο
2325 3096 2659 3177 crediderunt
2694 3125 2744 3177 in
2775 3096 3038 3187 Christum
3068 3140 3080 3185 ;
3120 3123 3289 3191 arguit
3315 3096 3379 3175 de
3411 3096 3856 3203 justitiavcr‘cdeti:

2326 3218 2475 3279 tium,
2524 3218 2645 3283 quia
2686 3216 2981 3282 exemplum
3011 3230 3192 3268 eorum
3239 3216 3383 3282 sequi
3420 3214 3715 3276 noluerunt,
3762 3214 3853 3282 qui

2322 3307 2458 3358 hunc
2488 3304 2551 3357 ad
2580 3304 2789 3358 Patrem
2812 3305 3130 3366 ascendisse,
3163 3304 3482 3373 nequeultra
3512 3304 3857 3372 corporaliter

2322 3398 2373 3449 iu
2405 3397 2559 3449 terris
2598 3404 3028 3449 convenat-trum
3071 3411 3207 3461 esse,
3254 3396 3486 3450 sciebant
3514 3412 3541 3458 ;_
3574 3395 3729 3463 θιι
3758 3406 3857 3471 nec

2322 3500 2494 3542 tamen
2526 3486 2591 3538 ab
2632 3484 2745 3552 ejus
2773 3485 3047 3538 dilectione
3075 3494 3315 3552 poterant
3348 3484 3449 3537 ulla
3475 3485 3675 3542 ratione
3704 3497 3855 3553 sepa-

2322 3574 2424 3630 rari
2449 3591 2462 3636 ;
2493 3573 2592 3626 hoc
2619 3581 2698 3625 est
2726 3572 2865 3624 enini
2893 3574 3031 3640 quod
3061 3574 3132 3626 ai:
3158 3587 3171 3625 :
3218 3571 3351 3637 Quia
3380 3573 3447 3625 at!
3470 3571 3851 3638 Patrenieado,

2318 3674 2363 3715 et
2381 3664 2493 3730 jam
2523 3679 2620 3715 non
2644 3662 2870 3714 videbitis
2900 3678 2993 3715 me.
3036 3661 3154 3715 Non
3186 3663 3409 3715 ridebiti:
3448 3678 3539 3725 ine,
3578 3669 3853 3729 postquam

2319 3751 2643 3811 ascendero,
2671 3750 2879 3817 qualem
2906 3765 3044 3802 nunc
3073 3750 3249 3801 videre
3290 3750 3487 3810 soletis,
3536 3763 3695 3802 carne
3716 3763 3856 3802 mor-

2320 3838 2409 3891 tali
2449 3848 2500 3891 et
2529 3838 2985 3905 cmupreliensibili
3015 3836 3197 3905 lBeila,
3245 3836 3594 3908 corruptibili]
3628 3839 3855 3893 circum-

2319 3928 2538 3980 datum:
2590 3926 2679 3978 sed
2712 3927 2763 3978 in
2794 3925 3062 3992 majestate
3091 3926 3155 3978 a:l
3177 3925 3431 3992 judicium
3457 3927 3767 3984 venientem.
3800 3936 3855 3980 et

2318 4027 2532 4084 peracto
2553 4016 2771 4087 judicio,
2817 4018 2869 4070 in
2901 4016 3098 4083 majore
3135 4017 3297 4085 gloria
3321 4031 3442 4067 cum
3476 4012 3670 4069 Sanctis
3694 4030 3856 4084 appa-

2318 4116 2540 4158 rentem.
2599 4104 2847 4175 Sequitur
2875 4123 2889 4149 ι
2938 4105 3118 4171 (Vens.
3172 4102 3276 4171 ll.)
3312 4102 3388 4155 De
3419 4103 3620 4171 judicio
3661 4113 3849 4164 autent.

2316 4196 2435 4261 quia
2466 4194 2695 4261 princeps
2724 4192 2878 4262 hujus
2908 4192 3083 4265 mundi
3120 4191 3383 4257 judicatus
3419 4200 3510 4243 est.
3556 4189 3853 4259 Pi'incipem

2321 4283 2498 4335 mundi
2529 4280 2793 4336 diabolum
2822 4280 2967 4345 dicit,
3016 4279 3138 4348 quia
3183 4279 3465 4351 primatum
3512 4281 3565 4335 in
3606 4281 3854 4335 cordibus

2323 4370 2607 4423 inﬁdelium
2643 4368 2831 4429 tenuit,
2877 4382 3008 4434 quos
3031 4366 3113 4439 hic
3138 4367 3312 4424 mundi
3346 4370 3557 4427 nomine
3583 4368 3746 4422 voluit
3772 4370 3851 4423 in-

2318 4462 2513 4527 telligi;
2546 4459 2635 4527 qui
2668 4458 2849 4511 ordine
2882 4472 3149 4525 perverso,
3202 4460 3452 4524 mundum
3478 4458 3653 4525 potius
3690 4474 3849 4527 quam

2319 4549 2495 4601 mundi
2539 4555 2831 4601 creatorem
2856 4547 3113 4615 diligunt;
3164 4548 3258 4615 qui
3275 4538 3541 4615 judicatus
3582 4554 3662 4600 est
3688 4560 3717 4599 a
3744 4545 3851 4600 Do-

2318 4639 2477 4698 mino,
2510 4637 2597 4703 qui
2622 4636 2695 4687 ait
2719 4654 2730 4685 :
2769 4635 3009 4687 Videbam
3034 4634 3282 4688 Satanam
3309 4636 3439 4697 sicut
3468 4634 3642 4704 fulgur
3666 4636 3854 4690 caden-

2316 4737 2415 4779 tem
2440 4727 2501 4777 de
2526 4724 2647 4777 caelo
2684 4723 2829 4792 (Luc.
2874 4740 2922 4783 κ,
2960 4725 3060 4791 l8).
3100 4722 3369 4776 Judicatus
3397 4733 3478 4776 est
3510 4725 3576 4777 ab
3601 4739 3684 4788 eo,
3729 4740 3849 4778 cum

2316 4824 2368 4865 et
2395 4815 2505 4881 ipse
2528 4813 2782 4865 dat-monia
2809 4814 3041 4880 ejiceret,
3079 4820 3133 4865 et
3156 4812 3425 4878 discipulis
3449 4816 3597 4866 daret
3623 4820 3851 4879 potesta-

2316 4915 2420 4956 tem
2450 4903 2681 4958 caleandi
2708 4918 2864 4971 supra
2891 4915 3100 4953 onmem
3131 4902 3377 4955 virtutem
3406 4903 3621 4963 inimici.
3662 4900 3852 4970 Argui-

2314 5003 2398 5044 tur
2424 4993 2597 5059 itaque
2625 4992 2849 5044 mundus
2885 4988 2949 5040 de
2966 4987 3184 5054 judicio,
3216 5004 3321 5058 quo
3347 4989 3583 5042 diabolus
3606 4996 3682 5043 est
3712 4990 3851 5059 judi-

2314 5092 2480 5143 catus,
2528 5082 2738 5147 quando
2776 5079 3033 5139 homines,
3080 5093 3144 5132 ne
3187 5078 3275 5130 Dei
3319 5077 3572 5130 voluntati
3608 5078 3853 5133 resistere

2313 5178 2658 5236 prresuuiaut.
2716 5169 2953 5234 exemplo
3003 5168 3236 5220 damnati
3291 5174 3504 5235 propter
3552 5170 3849 5237 superbiam

2315 5265 2579 5317 terrentur
2608 5258 2927 5327 archangeli.
2969 5277 2985 5307 ι
3042 5274 3059 5304 i
3099 5255 3371 5309 eCredant
3412 5258 3587 5326 itaque
3614 5258 3852 5312 homines

2318 5356 2367 5405 in
2396 5352 2680 5411 Christum.
2732 5371 2794 5407 ne
2839 5363 3124 5421 arguantur
3162 5354 3227 5407 de
3266 5363 3481 5416 peccato
3527 5352 3853 5407 inﬁdelitatis

2385 5484 2405 5519 δ
2440 5484 2507 5535 Ex
2540 5484 2690 5537 Bedze.
2715 5485 2856 5536 hom.
2889 5482 3065 5533 citata.

2388 5563 2410 5591 ⁸
2445 5553 2515 5605 Ex
2546 5555 2597 5601 ς.
2631 5556 2783 5620 Aug,
2814 5557 2965 5605 tract.
2999 5561 3112 5614 xcv,
3141 5564 3283 5603 num.
3315 5549 3366 5605 4.
