4152 6198
317 381 420 438 053

1101 377 1502 433 EXEGETICA.
1543 407 1609 417 ——
1643 375 1988 432 COMMENT.
2029 376 2092 431 ΙΝ
2131 376 2315 432 ιοΑΝ.
2352 407 2420 416 --
2456 377 2579 430 LIB.
2621 378 2702 430 Vl.

3379 375 3482 428 954

312 506 441 553 suae,
466 505 570 560 quo
596 497 809 559 peccata
836 490 1009 541 omnia
1037 495 1282 540 tenentur
1318 484 1466 557 (31s.,
1497 501 1601 553 quo
1628 496 1842 555 peccato
1873 491 1912 542 Α
1941 489 2113 540 ctione
2141 484 2264 557 [31s.
2295 497 2340 539 et
2354 485 2517 548 Beda,
2549 485 2911 554 delectatione]
2928 486 3262 553 praesentium
3285 487 3489 538 abstra-

315 580 489 634 omnia
511 575 832 647 detinentur]
858 593 872 637 ;
905 583 1178 630 transeant
1206 576 1258 628 in
1293 589 1570 628 numerum
1598 574 1848 638 fidelium,

317 681 384 718 ne
412 676 701 732 arguantur
723 664 786 716 de
811 661 1010 729 iustitia
1033 675 1237 720 eorum,
1263 675 1395 729 quos
1413 659 1734 729 iustiﬁcatos
1750 675 1854 714 non

319 753 627 812 imitantur;
657 759 876 804 caveam
897 749 1126 802 futurum
1144 747 1420 814 judicium,
1447 762 1513 808 ne
1536 762 1653 817 cum
1677 747 1859 800 mundi

318 840 551 909 principe
581 838 901 906 iudicentur,
932 847 1087 904 quem
1112 834 1401 901 judicatum
1435 835 1709 894 imitantur
1736 850 1752 896 ;
1779 841 1848 886 et-

319 929 459 980 enim
489 942 554 980 ne
585 926 683 979 sil.i
721 924 985 977 existimet
1030 922 1172 989 parci
1214 921 1459 989 superbia
1489 921 1620 972 dura
1663 928 1858 974 morta-

321 1016 468 1078 lium.
500 1016 564 1069 de
598 1015 941 1082 superborum
970 1011 1225 1078 supplicio
1253 1011 1499 1064 terrenda
1539 1017 1621 1064 est
1649 1009 1859 1079 angelo-

324 1119 460 1157 rum.
496 1123 513 1150 ι
551 1102 803 1169 Sequitur
834 1119 846 1152 :
901 1152 906 1164 ,

393 1192 552 1244 Vsns.
584 1191 668 1252 12,
701 1190 879 1247 15.—
919 1190 1100 1241 Adhuc
1135 1188 1297 1241 multa
1323 1190 1482 1242 habeo
1512 1189 1646 1242 vobis
1675 1188 1862 1249 dicere,

324 1280 413 1335 sed
458 1297 558 1334 non
587 1281 791 1348 potestis
833 1289 1039 1348 portare
1083 1279 1253 1331 modo.
1302 1277 1431 1331 Cum
1467 1287 1638 1330 autem
1679 1277 1864 1328 venerit

327 1370 548 1440 Spiritus
597 1370 860 1431 veritatis,
927 1368 1122 1427 docebit
1180 1383 1264 1420 eos
1325 1379 1522 1423 amnem
1583 1366 1862 1418 veritatem.

334 1479 352 1510 ε
389 1473 412 1502 ι
436 1460 649 1515 Certum
674 1468 756 1513 est
799 1469 974 1512 autem
1020 1457 1160 1526 quod
1202 1456 1446 1510 veniente
1478 1453 1702 1521 desuper
1748 1451 1866 1520 Spi-

328 1551 474 1613 ritu,
525 1549 746 1618 apostoli
797 1547 1047 1615 majorem
1102 1544 1266 1598 multo
1316 1544 1590 1598 scientiam
1634 1541 1871 1596 veritatis

328 1654 486 1708 quam
517 1637 756 1692 carnales
784 1646 1002 1692 eatenus
1034 1643 1268 1703 potuere,
1297 1631 1564 1687 consecuti
1588 1638 1729 1691 sunt,
1760 1643 1874 1680 ma-

328 1728 440 1790 iore
467 1727 727 1787 desiderio
770 1726 1006 1779 certandi
1047 1740 1144 1793 pro
1180 1723 1400 1776 veritate
1445 1718 1681 1773 succensi
1726 1723 1866 1768 sunt.

1952 577 2084 631 hens
2125 578 2443 645 promissum
2475 577 2526 629 in
2557 577 2708 630 caelis
2743 591 2962 644 regnum
3008 576 3203 629 nostris
3243 575 3490 630 cordibus

1953 652 2226 721 desideriis
2252 666 2434 737 ιβεάα,
2487 666 2733 733 promissi
2764 665 2816 717 in
2851 665 2998 719 ett-lis
3023 665 3166 732 regni
3196 661 3488 734 desideriis]

1953 755 2260 808 inﬂammat.

2028 845 2181 898 Vens.
2207 843 2290 896 14.
2316 873 2386 883 -
2404 842 2502 912 Ille
2527 859 2607 895 me
2626 842 2942 903 clariﬁcabit,
2983 843 3104 911 quia
3144 843 3207 895 de
3229 859 3340 896 meo
3362 844 3496 895 acci—

1955 933 2076 1000 piet,
2113 941 2161 984 et
2190 931 2514 982 annuntiabit
2541 931 2695 983 vobis.
2741 929 2967 997 Spiritus
3011 929 3318 982 clariﬁcavit
3349 928 3496 982 Chri-

1958 1031 2114 1082 stum,
2152 1021 2271 1088 quia
2301 1034 2395 1089 per
2416 1035 2536 1072 eum
2564 1028 2707 1072 tanta
2733 1020 2964 1072 charitas
2989 1019 3040 1071 in
3069 1019 3314 1072 cordibus
3341 1017 3497 1070 disci-

1960 1092 2200 1178 pulorum
2231 1121 2450 1161 accensa
2472 1115 2572 1168 est,
2618 1115 2675 1159 ut
2698 1105 2902 1172 abjecto
2934 1107 3120 1159 timore
3148 1104 3345 1159 carnali
3373 1102 3500 1157 eﬂ'e—

1963 1204 2104 1250 etum
2154 1193 2554 1248 resurrectionis
2598 1192 2712 1260 ejus
2773 1201 3079 1247 constanter
3129 1194 3495 1260 prmdicarcnt,

1962 1284 2120 1353 612
2147 1283 2235 1349 qui
2267 1281 2423 1348 paulo
2459 1289 2580 1334 ante
2619 1289 2853 1350 tempore
2879 1281 3137 1350 passionis
3159 1281 3330 1350 pavidi
3357 1279 3503 1349 fuge»

1966 1380 2101 1424 rant.
2142 1370 2285 1424 Unde
2323 1371 2576 1436 scripturn
2602 1379 2683 1423 est
2710 1387 2723 1421 :
2757 1368 2823 1422 Et
2854 1369 3025 1437 repleti
3053 1377 3168 1422 sunt
3195 1385 3363 1422 omnes
3387 1367 3505 1436 Spi-

1966 1463 2067 1513 ritu
2101 1468 2295 1519 sancto,
2340 1467 2388 1510 et
2424 1458 2759 1527 loquebantur
2804 1459 3006 1511 verbum
3050 1459 3143 1511 Dei
3173 1475 3288 1512 cum
3315 1458 3506 1526 ﬁducia

1970 1550 2162 1620 (Actor.
2194 1563 2268 1611 IV,
2303 1547 2412 1616 5l).
2460 1543 2689 1616 Spiritus
2715 1546 3024 1600 clariﬁcavit
3046 1545 3334 1608 Christum,
3385 1562 3504 1599 cum

1971 1638 2168 1706 impleti
2195 1638 2360 1707 gratia
2387 1637 2613 1704 spiritali
2637 1637 2879 1691 doctores
2925 1637 3110 1708 sancti,
3157 1644 3234 1689 tot
3287 1645 3507 1690 ettanta

1972 1726 2221 1778 miracula
2251 1725 2303 1778 in
2351 1725 2558 1778 nomine
2581 1723 2777 1778 Christi
2818 1723 3076 1787 Fecerunt,
3110 1723 3298 1792 quibus
3325 1723 3507 1776 orbem

331 1814 445 1872 Non
474 1823 647 1867 tamen
675 1813 961 1880 putandum
1002 1792 1083 1864 est
1108 1813 1158 1864 in
1183 1812 1281 1865 bac
1306 1810 1411 1862 vita
1440 1806 1734 1877 quempiam
1759 1819 1872 1857 om-
1905 1792 1947 1850 Β
1974 1820 2136 1865 totum
2180 1813 2244 1864 ad
2290 1810 2445 1864 ﬁdem
2483 1811 2678 1864 Christi
2715 1818 3120 1874 converterent,
3173 1818 3251 1864 tot
3275 1826 3337 1864 ac
3367 1817 3509 1863 tanta

336 1918 454 1956 nem
480 1904 755 1956 veritatem
799 1916 952 1969 posse
981 1898 1441 1968 comprehendere.
1495 1896 1642 1950 Unde
1670 1901 1724 1948 et
1764 1893 1874 1960 ipse

336 1990 521 2043 beatus
566 1989 758 2043 Paulus
787 1988 1074 2058 apostolus,
1107 1987 1194 2055 qui
1229 1986 1294 2038 ad
1325 1986 1534 2038 tertium
1566 1983 1756 2036 malum
1792 1995 1876 2034 ra-

337 2089 458 2146 ptus
481 2089 580 2138 est,
626 2089 681 2131 rt
705 2079 772 2132 ibi
799 2078 998 2132 audivit
1026 2092 1215 2130 arcana
1247 2076 1403 2129 verba
1423 2114 1436 2137 ,
1486 2088 1602 2140 qua:
1629 2086 1730 2124 non
1755 2070 1878 2124 licet

336 2169 534 2222 homini
576 2170 715 2237 loqui
751 2169 833 2239 (I-l
861 2168 977 2223 Cor.
1006 2185 1101 2232 xu,
1130 2169 1205 2236 4),
1238 2168 1348 2221 ait:
1391 2166 1471 2219 Ea:
1495 2176 1652 2235 parte,
1688 2163 1874 2232 inquit,

338 2260 704 2325 cognoscimus,
750 2268 796 2310 ct
840 2274 903 2310 ea:
938 2269 1082 2326 par-te
1108 2258 1503 2325 propltetanms;
1554 2271 1669 2307 cum
1710 2262 1879 2304 autem

338 2346 547 2404 venerit,
571 2344 706 2413 quod
725 2343 1002 2411 perfectum
1020 2354 1114 2405 est,
1141 2344 1491 2404 euacuabitur,
1514 2341 1648 2409 quod
1661 2356 1721 2392 ea:
1739 2349 1881 2407 parte

341 2440 413 2483 est
440 2429 488 2499 (Ι
516 2430 632 2484 Cor.
664 2446 758 2484 xm
791 2469 804 2493 ,
829 2430 904 2498 9).
935 2429 1335 2497 Intelligendum
1362 2438 1442 2483 est
1471 2444 1612 2497 ergo,
1645 2428 1783 2496 quod
1809 2428 1884 2480 ait

343 2517 410 2573 de
437 2519 658 2587 Spiritu,
700 2519 893 2582 dpcebit
918 2534 1001 2571 vos
1027 2533 1225 2572 omnem
1263 2519 1542 2580 veritatem,
1569 2518 1719 2584 quasi
1745 2517 1885 2570 dice—

330 2621 462 2666 ret:
514 2613 773 2666 Diliundet
818 2613 868 2666 in
898 2612 1088 2666 vestris
1132 2610 1378 2664 cordibus
1408 2609 1734 2666 charitatcm,
1767 2622 1884 2674 qua:

344 2713 440 2752 vos
465 2715 673 2752 omnem
704 2699 979 2752 veritatem
1010 2697 1165 2751 faciet
1193 2710 1407 2753 amare:
1451 2695 1598 2759 cujus
1635 2694 1883 2760 magiste-

347 2787 428 2839 rio
466 2787 607 2840 intus
636 2787 832 2848 edocti,
879 2787 1166 2854 proficiatis
1207 2786 1271 2839 de
1311 2785 1503 2836 virtute
1538 2784 1588 2836 in
1615 2783 1883 2845 virtutem,

348 2875 594 2945 dignique
635 2873 932 2928 elliciamini
967 2876 1242 2943 pervenire
1271 2874 1336 2927 ad
1367 2874 1548 2935 vitam,
1587 2872 1638 2923 in
1669 2885 1770 2938 qua
1799 2884 1887 2923 vo-

348 2964 431 3019 bis
453 2975 646 3019 :elerna
671 2964 884 3019 claritas
909 2979 1126 3017 summa:
1151 2964 1394 3017 veritatis
1413 2971 1466 3017 et
1491 2977 1628 3017 vera:
1651 2960 1891 3022 sublimia

1970 1917 2067 1971 pro
2111 1901 2304 1955 Christi
2349 1900 2558 1952 nomine
2601 1898 2901 1966 passionum
2949 1899 3238 1952 certamina
3285 1898 3514 1966 pertule-

1974 1998 2096 2044 runt
2119 1988 2167 2040 ιο.
2205 2007 2223 2039 ι
2270 1985 2554 2049 Clariﬁcat,
2580 1987 2702 2040 dum
2729 1987 3040 2039 cbaritatem
3067 1985 3120 2038 in
3148 1984 3395 2039 cordibus
3424 2001 3514 2037 ιιοο

1973 2077 2098 2132 stris
2123 2074 2400 2139 dill'undit,
2443 2082 2498 2128 et
2529 2082 2740 2128 aeternas
2766 2073 2950 2140 patria:
3000 2087 3233 2126 amorem
3275 2073 3511 2141 inspirat.

1977 2166 2112 2230 Quia
2135 2166 2198 2218 de
2221 2181 2330 2217 meo
2353 2163 2582 2231 accipiet,
2614 2172 2660 2216 et
2689 2161 3013 2215 annuntiabit
3037 2159 3194 2225 vobis,
3237 2161 3288 2214 id
3313 2170 3413 2224 est,
3453 2161 3520 2214 de

1977 2268 2094 2308 meo
2115 2253 2400 2307 Patre.'De
2435 2251 2592 2305 Patre
2622 2251 2824 2318 accepit
2864 2249 3095 2317 Spiritus
3120 2257 3353 2314 sanctus,
3399 2250 3520 2318 quia

1977 2344 2042 2397 de
2069 2343 2225 2396 Patre
2251 2343 2507 2410 procedit,
2554 2342 2746 2411 dequo
2785 2349 2839 2394 et
2863 2341 3029 2395 Filius
3072 2349 3225 2394 natus
3268 2349 3387 2395 est:
3433 2342 3520 2410 qui

1984 2445 2104 2486 vero
2140 2431 2203 2483 de
2230 2430 2372 2482 nullo
2414 2438 2569 2482 natus
2605 2430 2696 2492 sit,
2724 2429 2789 2483 de
2816 2428 2958 2482 nullo
2981 2429 3233 2496 procedit,
3263 2428 3421 2481 Pater
3445 2437 3526 2482 est

1981 2519 2140 2574 solus.
2193 2518 2370 2587 (Vens.
2415 2514 2526 2583 15.)
2565 2514 2752 2569 Omnia
2799 2532 3113 2584 qutrcunque
3154 2516 3302 2569 habet
3349 2515 3527 2582 Pater,

1982 2626 2093 2663 mea
2121 2617 2257 2670 sunt,
2284 2617 2548 2676 propterea
2574 2605 2684 2658 dixi
2710 2604 2828 2676 quia
2853 2603 2916 2655 de
2943 2619 3052 2656 meo
3076 2605 3307 2671 accipiet,
3353 2614 3401 2657 et
3436 2621 3529 2656 an-

1983 2699 2236 2751 nuntiabit
2256 2698 2414 2751 nobis.
2437 2697 2510 2750 De
2523 2696 2607 2750 his
2622 2695 2754 2749 dixit
2769 2709 2884 2764 qua:
2896 2692 2958 2746 ad
2971 2693 3134 2761 ipsam
3151 2690 3323 2746 Patris
3341 2690 3532 2746 divini-

1985 2795 2145 2849 tatem
2169 2786 2465 2854 pertinent,
2494 2785 2546 2837 in
2571 2784 2762 2852 quibus
2798 2781 2884 2836 ille
2910 2790 2992 2835 est
3026 2779 3242 2850 aequalis
3263 2779 3406 2833 Patri
3431 2796 3445 2843 ;
3476 2779 3528 2831 in

1986 2875 2174 2944 quibus
2201 2881 2282 2927 est
2302 2881 2356 2928 et
2383 2872 2612 2940 Spiritus
2640 2879 2852 2925 sanctus
2879 2869 3096 2939 aequalis
3117 2868 3260 2923 Patri
3291 2876 3344 2922 et
3372 2867 3524 2930 Filio,

1987 2962 2110 3032 quia
2137 2977 2241 3015 una
2277 2959 2590 3021 substantia,
2622 2972 2723 3010 una
2754 2964 2963 3019 natura,
2990 2972 3092 3009 una
3134 2955 3400 3023 maiestas,
3428 2971 3532 3009 una

351 3057 512 3117 tatis,
556 3052 607 3105 id
635 3061 716 3106 cst
737 3092 751 3114 ,
797 3050 1164 3120 contemplatio
1203 3052 1366 3104 vestri
1413 3051 1701 3108 conditoris
1730 3063 1887 3117 appa-
1919 3098 1965 3158 C
1994 3050 2180 3121 gloria,
2227 3063 2331 3102 una
2358 3046 2632 3106 aeternitas
2649 3041 2775 3113 [est]
2807 3041 2999 3105 Patris,
3029 3049 3083 3095 et
3107 3041 3248 3105 Filii,
3289 3052 3342 3097 et
3371 3042 3533 3112 Spiri-

353 3149 458 3158 μ-.
566 3140 656 3158 οη
710 3142 812 3158 σμ-
897 3139 1001 3158 ιςω
1185 3137 1412 3158 ιη--
1441 3155 1463 3158 _
1813 3137 1894 3158 --Α
2001 3151 2014 3158 -
2067 3157 2070 3158 ν
2117 3156 2154 3158 ,_
2331 3148 2371 3158 _.
2515 3151 2648 3158 ______
2680 3135 2815 3158 πη,
2847 3135 3173 3158 ,ω-εηηη
3232 3135 3511 3158 gum”..-

352 3149 484 3193 real.
516 3161 534 3191 ι
566 3140 850 3209 Sequitur:
887 3139 1006 3192 Non
1025 3140 1159 3192 enim
1180 3137 1412 3207 loquetur
1432 3155 1463 3189 a
1496 3139 1781 3205 semetipso,
1807 3137 1894 3189 sed

351 3245 662 3298 quacunque
690 3229 887 3293 audiet,
918 3229 1169 3299 loquetur.
1188 3249 1193 3255 ί
1215 3227 1328 3280 Non
1354 3227 1493 3278 enim
1524 3226 1755 3294 loquitur
1781 3223 1899 3292 Spi-

352 3318 488 3370 ritus
507 3333 537 3370 a
567 3319 866 3382 semetipso,
895 3317 1136 3371 fortassis
1161 3317 1281 3384 quia
1310 3331 1412 3369 non
1441 3324 1520 3369 est
1539 3331 1568 3368 a
1590 3317 1896 3385 semetipso,

355 3405 446 3460 sed
469 3421 498 3460 a
515 3405 684 3461 Patre.
717 3405 847 3460 Nam
877 3405 1036 3459 Filius
1060 3413 1214 3460 natus
1238 3413 1320 3459 cst
1342 3421 1371 3459 a
1393 3404 1565 3471 Patre,
1591 3416 1644 3461 et
1672 3406 1902 3475 Spiritus

356 3504 570 3549 sanctus
598 3496 834 3564 procedit
861 3511 890 3548 a
931 3495 1125 3548 Patre:
1176 3510 1279 3548 non
1318 3495 1458 3548 enim
1491 3495 1723 3562 loquitur
1761 3509 1791 3546 a
1820 3508 1902 3546 sc-

358 3585 598 3652 metipso,
630 3584 679 3635 id
703 3593 804 3646 est,
831 3584 945 3636 sine
964 3583 1135 3636 Patris
1163 3592 1217 3635 et
1238 3582 1356 3636 Filii
1383 3583 1751 3636 communione
1773 3578 1899 3650 [Al.,

357 3670 750 3742 commotione].
803 3670 916 3724 Non
941 3672 1080 3724 enim
1108 3671 1307 3723 divisus
1327 3679 1409 3723 est
1439 3669 1666 3738 Spiritus
1689 3678 1905 3722 sanctus

361 3773 390 3811 a
419 3758 576 3825 Patre
601 3769 654 3816 et
680 3758 832 3821 Filio,
877 3756 968 3811 sed
995 3771 1152 3810 unum
1179 3771 1310 3830 opus
1337 3764 1417 3809 est
1439 3755 1610 3808 Patris
1631 3765 1682 3807 et
1705 3754 1823 3807 Filii
1851 3760 1906 3807 et

363 3847 592 3914 Spiritus
615 3849 820 3902 sancti.
855 3867 872 3896 ι
910 3846 1013 3912 Sed
1038 3855 1360 3915 quaecunque
1385 3845 1576 3909 audiet,
1625 3845 1866 3913 loquetur
1890 3857 1904 3894 :

365 3936 542 3993 audiet
575 3936 818 3988 videlicet
843 3949 937 4002 per
962 3935 1215 3987 unitatem
1256 3936 1563 3989 substantia:
1597 3946 1650 3988 et
1672 3937 1909 4004 proprie-

372 4032 531 4077 tatem
558 4023 810 4078 seientiaa.
856 4021 968 4076 Non
994 4023 1229 4092 loquitur.
1250 4039 1280 4075 a
1318 4025 1620 4091 semetipso,
1655 4027 1775 4092 quia
1803 4041 1909 4080 non

367 4121 450 4166 est
474 4129 502 4166 a
531 4114 832 4181 semetipso.
875 4112 1031 4166 Pater
1062 4113 1253 4182 quippe
1292 4113 1435 4167 solus
1457 4116 1521 4167 de
1550 4114 1652 4167 alio
1681 4131 1781 4168 non
1805 4125 1905 4180 est,

368 4201 533 4258 Filius
572 4218 603 4255 a
641 4201 796 4256 Patre
831 4203 1056 4272 genitus,
1088 4211 1140 4256 et
1168 4201 1396 4270 Spiritus
1435 4210 1648 4256 sanctus
1688 4218 1718 4254 a
1752 4204 1909 4258 Patre

368 4292 622 4358 procedit.
653 4292 734 4368 Ab
762 4292 875 4360 ipso
896 4293 1037 4346 enim
1062 4292 1239 4346 audiet
1264 4292 1493 4360 Spiritus
1518 4299 1730 4346 sanctus
1755 4307 1784 4344 a
1804 4307 1910 4361 quo

2001 3151 2085 3201 tas
2109 3141 2296 3203 sancti,
2324 3148 2377 3193 et
2397 3146 2497 3192 est:
2515 3151 2652 3190 unus
2680 3135 2818 3191 Deus
2844 3135 3194 3202 omnipotens,
3232 3135 3533 3198 invisibilis,

2001 3226 2540 3297 incomprehensibilis
2563 3224 2705 3279 omni
2734 3231 3010 3285 creaturas,
3039 3221 3198 3275 Pater
3222 3230 3274 3275 et
3298 3221 3462 3275 Filius
3485 3234 3538 3276 et

2003 3317 2236 3387 Spiritus
2260 3323 2494 3376 sanctus.
2527 3312 2780 3382 Sequitur
2803 3330 2825 3367 ι

2499 3425 2719 3518 CAPUT
2755 3442 3042 3520 XXXVIII.

2006 3575 2264 3630 Modicum
2293 3591 2346 3627 se
2373 3575 2436 3626 ab
2471 3573 2542 3626 eis
2570 3571 2846 3626 sedendum
2869 3570 2993 3630 dicit
3021 3583 3039 3630 ξ
3073 3580 3122 3626 ct
3155 3571 3337 3632 iterum
3383 3575 3545 3625 modi-

2073 3659 2205 3704 cum,
2249 3653 2296 3696 et
2323 3659 2424 3695 non
2464 3639 2751 3694 videndum.
2794 3638 2866 3690 De
2897 3654 2996 3706 quo
3023 3640 3364 3705 qugtentibus
3390 3641 3545 3695 άξεεί-

2071 3711 2226 3781 pulis,
2250 3709 2641 3781 similitudinem
2665 3706 2892 3781 mulieris
2911 3708 3397 3781 _post’par_tum_pnr
3419 3724 3546 3776 ραν-

2072 3772 2157 3832 ilio
2191 3772 2412 3832 tristitia:
2459 3793 2559 3828 non
2587 3772 2949 3827 reminiscentis
2991 3772 3203 3825 inducit.
3249 3772 3315 3824 Et
3356 3772 3481 3832 quos
3514 3794 3546 3828 a

2077 3846 2233 3901 Patre
2246 3847 2409 3899 amari
2429 3844 2700 3911 signiﬁcat.
2727 3842 3018 3911 corroborat
3046 3841 3321 3911 relicturus
3341 3841 3546 3896 dicens:

2074 3916 2130 3970 In
2157 3916 2349 3969 mundo
2369 3907 2669 3981 pressuram
2693 3910 2974 3972 habebitis,
3019 3909 3110 3963 sed
3137 3907 3399 3973 conﬁdite,
3448 3925 3545 3980 ego

2077 3987 2178 4041 vici
2208 3983 2476 4039 mundum.

2081 4117 2234 4170 Vens.
2258 4113 2432 4167 lli-19.
2449 4142 2518 4152 --
2534 4109 2809 4172 Modicum,
2826 4117 2873 4161 et
2889 4124 2990 4162 non
3006 4108 3234 4162 videbitis
3249 4125 3346 4172 me,
3368 4110 3548 4163 iterum

2007 4208 2296 4268 modicum,
2334 4214 2379 4257 et
2426 4202 2654 4255 videbitis
2704 4216 2783 4252 me
2809 4238 2823 4262 ,
2867 4199 2987 4268 quia
3034 4197 3166 4250 vado
3209 4198 3278 4250 ad
3322 4196 3548 4254 Patrem.

2014 4313 2030 4345 ι
2067 4307 2088 4333 ε
2116 4295 2408 4347 Notandum
2434 4298 2629 4351 autem,
2656 4289 2777 4355 quia
2805 4295 2912 4340 tota
2939 4287 3182 4341 lectionis
3209 4287 3363 4354 hujus
3393 4304 3552 4344 evan-

370 4383 641 4451 procedit,
680 4383 800 4449 quia
826 4397 930 4436 non
967 4391 1051 4436 est
1087 4399 1114 4436 a
1155 4384 1346 4450 seipse,
1394 4384 1487 4438 sed
1513 4385 1579 4438 ab
1622 4383 1711 4438 illo
1739 4397 1767 4435 a
1803 4397 1907 4451 quo
1937 4415 1984 4474 ο
2007 4382 2184 4451 gelicte
2213 4380 2379 4433 series
2416 4378 2518 4430 illis
2557 4375 2821 4438 convenit,
2872 4375 2961 4442 qui
2990 4390 3107 4450 eam
3149 4389 3434 4444 praesentes
3462 4396 3552 4431 an-

371 4471 622 4538 procedil.
650 4469 716 4540 [A
740 4485 844 4537 quo
859 4480 939 4524 est
968 4470 1040 4523 illi
1068 4468 1407 4540 intelligentia
1427 4473 1608 4542 (Beda,
1634 4472 1903 4540 essentia),

375 4561 441 4612 ab
469 4560 556 4613 illo
584 4561 762 4628 utique
800 4568 854 4613 et
878 4558 1144 4630 scientia].
1190 4559 1269 4612 Ab
1295 4560 1384 4613 illo
1430 4563 1588 4630 igitur
1623 4561 1907 4624 audientia,

375 4649 514 4714 quod
543 4648 670 4700 nihil
706 4657 787 4700 est
826 4648 965 4701 aliud
999 4661 1154 4715 quam
1201 4647 1440 4700 scicntia.
1497 4649 1643 4713 Quod
1673 4663 1795 4702 vero
1821 4648 1910 4700 ad-

370 4735 580 4804 junxit:
611 4733 676 4786 Et
696 4751 808 4802 qua:
836 4746 1042 4788 ventura
1066 4744 1202 4798 sunt,
1231 4737 1557 4788 annuntiabit
1583 4739 1737 4790 vobis.
1777 4736 1912 4790 Con-

379 4832 481 4876 stat
502 4823 640 4876 enim
670 4824 945 4876 nonnullos
965 4825 1264 4878 sanctorum
1305 4824 1356 4876 in
1385 4823 1584 4890 Spiritu
1610 4836 1794 4883 sancto
1834 4825 1916 4878 fu-

383 4924 497 4965 tura
535 4911 836 4981 praedixisse
861 4927 873 4973 ;
917 4931 933 4961 ι
964 4911 1054 4964 sed
1085 4922 1260 4966 tamen
1289 4912 1445 4964 altius
1472 4923 1594 4965 sunt
1626 4915 1737 4968 haec
1758 4913 1919 4968 verba

384 5005 585 5057 Domini
607 5001 1002 5062 consideranda,
1031 5017 1147 5069 quae
1170 5004 1412 5055 omnibus
1447 5004 1645 5055 sanctis
1680 5018 1918 5058 commu-

380 5095 464 5146 nia
493 5107 609 5145 esse
638 5100 874 5159 possunt.
928 5090 1138 5156 «igitur
1186 5090 1413 5156 Spiritus
1459 5091 1760 5154 adveniens,
1804 5107 1921 5160 qua:

397 5191 599 5233 rentura
634 5190 756 5232 sunt
804 5182 1096 5241 annuntiat,
1148 5195 1266 5232 cum
1313 5182 1499 5248 gaudia
1548 5181 1698 5233 nobis
1740 5181 1923 5247 patria:

373 5285 393 5320 ί
423 5268 521 5322 eles
557 5267 599 5319 is
640 5267 706 5317 ad
752 5270 1056 5320 memoriam
1098 5269 1330 5325 reducit,
1389 5284 1507 5320 cum
1537 5268 1669 5321 festa
1718 5270 1801 5322 illa
1836 5286 1923 5323 su-

382 5373 544 5425 perna
604 5356 834 5411 civitatis
870 5372 962 5423 per
1001 5358 1192 5410 donum
1243 5358 1392 5410 nobis
1434 5372 1540 5409 sua:
1588 5359 1925 5426 aspirationis

395 5445 634 5496 innotu.t.
686 5443 914 5496 Ventura
954 5443 1103 5497 nobis
1131 5445 1425 5502 annuntiat.
1473 5459 1589 5496 cum
1620 5461 1714 5498 nos
1743 5461 1770 5497 a
1798 5445 1927 5501 dile-

457 5565 480 5591 ι
508 5551 578 5605 ius
605 5554 754 5607 Beda:
782 5555 900 5607 hom
953 5555 1131 5612 citata.

460 5633 484 5660 δ
515 5621 786 5683 Deﬁciunt,
817 5639 929 5690 qua-
951 5639 1010 5674 ex
1042 5623 1173 5674 llcda
1203 5624 1536 5688 supplmtnlur

2007 4471 2213 4524 dierunt
2242 4484 2271 4520 a
2297 4466 2555 4520 Domino:
2601 4465 2746 4533 prius
2772 4473 2948 4518 autem
2999 4463 3102 4517 illis
3148 4463 3272 4534 [Με.
3313 4474 3359 4517 et
3385 4463 3548 4528 Beda,

2005 4561 2136 4614 Pars
2163 4567 2335 4612 autem
2359 4552 2520 4626 illius]
2542 4555 2704 4609 etiam
2728 4562 2781 4606 et
2805 4553 2972 4614 nobis,
3005 4553 3093 4621 qui
3119 4561 3237 4621 post
3255 4554 3550 4622 passionem

2005 4664 2060 4708 et
2110 4653 2551 4707 resurrectionem
2599 4649 2927 4702 Dominicam
2973 4649 3037 4700 ad
3090 4648 3244 4702 ﬁdem
3292 4648 3552 4709 venimus,

2010 4744 2279 4811 aptissime
2308 4740 2568 4810 congruit.
2622 4738 2770 4802 Quod
2816 4745 2992 4790 autem
3032 4738 3140 4789 ait:
3192 4737 3469 4799 Modicum,
3507 4749 3552 4788 et

2014 4849 2115 4885 non
2148 4830 2374 4883 videbitis
2414 4844 2514 4890 me,
2546 4814 2739 4878 litcrum
2777 4824 3060 4885 modicum,
3108 4834 3155 4877 et
3200 4825 3424 4877 videbitis
3455 4841 3548 4883 me,

2016 4923 2135 4992 quia
2176 4920 2307 4972 vado
2349 4918 2416 4970 ad
2449 4915 2656 4969 Patrem
2679 4929 2697 4978 ,‘
2725 4915 2790 4966 ad
2816 4913 2932 4965 illos
2973 4914 3271 4980 specialiter
3306 4915 3548 4981 pertinet,

2019 5012 2108 5079 qui
2138 5011 2250 5077 ejus
2278 5004 2608 5076 discipulatui
2633 5003 2971 5071 mdicanlis
2999 5004 3050 5056 in
3083 5018 3240 5057 carne
3267 5003 3554 5063 adhaerere,

2020 5108 2077 5153 et
2119 5105 2237 5166 post
2283 5093 2550 5149 tristitiam
2593 5090 2856 5157 passionis
2903 5090 3017 5142 visa
3074 5091 3456 5144 resurrectione
3501 5099 3556 5142 et

2023 5184 2328 5242 ascensione
2375 5182 2487 5247 ejus
2540 5175 2792 5230 laetificari
2857 5186 3230 5231 meruerunt.»
3295 5175 3554 5229 Modicqu

2028 5277 2184 5330 etiam
2212 5273 2311 5326 fuit
2340 5271 2404 5323 ab
2427 5269 2510 5320 illa
2538 5267 2666 5319 hora
2709 5266 2848 5320 illius
2873 5267 3042 5320 noctis
3070 5282 3171 5334 qua
3197 5264 3417 5318 traditus
3451 5274 3552 5329 est,

2028 5366 2081 5417 in
2104 5366 2286 5416 horam
2325 5355 2579 5426 passionis
2605 5369 2729 5416 sua‘,
2774 5356 2911 5422 quod
2945 5369 3064 5408 eum
3107 5351 3342 5419 discipuli
3371 5365 3558 5406 carna-

2028 5454 2147 5506 liter
2168 5448 2412 5501 videbant
2438 5460 2451 5506 ;
2493 5452 2544 5495 et
2567 5442 2755 5497 iterum
2786 5442 3042 5501 modicum
3072 5439 3164 5492 fuit
3192 5439 3325 5506 quod
3350 5437 3559 5494 clausus

2101 5572 2119 5596 ε
2151 5559 2224 5611 Ex
2253 5556 2402 5609 Beda:
2429 5555 2568 5608 hom.
2598 5555 2746 5609 Dom.
2772 5552 3009 5605 Jubilate.
