4152 6198
780 327 881 381 955
1595 333 1652 384 Β.
1693 333 1753 385 F.
1784 333 2005 388 ALBlNl
2040 333 2170 388 SEU
2205 335 2420 388 ALClElI

2316 335 2473 388 SlilNl
2510 339 2782 393 υιιειιωι
2823 342 2994 397 I‘ARS
3024 347 3085 396 ll.
3867 357 3956 408 956

775 433 825 482 in
853 433 1111 499 sepulcro,
1169 436 1322 487 tertia
1348 435 1433 511 die
1471 445 1865 491 resurrecturus
1884 438 2072 506 jacuit,
2116 447 2171 491 et
2194 438 2311 493 illo—
2339 441 2386 496 Δ
2416 442 2608 499 mundo
2630 448 2943 515 spiritalium
2968 456 3219 509 virtutum
3241 459 3564 525 profectibus
3584 462 3809 527 insistit,
3828 480 3956 516 nun-

774 537 888 571 tqu
914 524 1213 589 aspectibus
1239 524 1402 577 videri
1429 539 1532 578 non
1559 525 1749 594 potuit.
1795 525 1908 581 Hoc
1929 535 2013 581 est
2037 526 2177 594 quod
2197 528 2273 580 ait
2300 544 2313 579 :

2414 548 2572 600 quam
2600 538 2780 591 mundi
2813 539 3192 596 mutationibus
3219 546 3451 599 exerceri
3475 546 3686 601 desistit
3712 566 3728 600 :
3753 558 3808 602 at
3839 565 3951 605 cum

776 607 1053 671 Modicum,
1083 622 1129 663 et
1157 629 1257 664 mm
1278 615 1509 667 videbitis
1526 632 1603 669 me
1626 633 1643 678 ;
1667 618 1809 684 quod
1834 631 1959 672 vero
1978 619 2088 673 ait:
2118 620 2315 687 lterum
2412 623 2618 677 devicto
2650 625 2886 680 laborum
2920 630 3211 684 certamine
3250 632 3316 684 ad
3352 634 3581 699 prs'mam
3624 638 3952 703 pervenerit,

772 698 1043 759 modicum,
1075 709 1120 749 et
1148 698 1375 752 videbitis
1399 718 1497 764 me,
1543 703 1804 771 significat
1848 713 2054 775 tempus
2082 718 2202 777 post
2226 724 2311 763 re-

768 784 1148 837 sut‘rc-cliuttcm
1173 825 1189 848 ,
1234 802 1340 859 quo
1375 804 1495 843 cum
1523 791 1800 860 discipulis
1839 805 2181 852 conversatus
2206 808 2307 864 est,

762 878 817 920 et
865 864 967 921 illis
997 871 1301 926 multimoda
1326 878 1629 931 ostensione
1670 881 1929 948 apparuit,
1970 898 2135 951 usque
2184 886 2307 943 dum

763 960 997 1012 ascendit
1028 961 1080 1013 in
1124 962 1317 1016 cadum
1363 964 1466 1018 illis
1491 966 1809 1032 videntibus,
1858 981 1914 1023 ut
1940 972 1995 1026 in
2024 972 2306 1043 Evangelia

757 1043 911 1099 Lucae
956 1055 1010 1099 et
1037 1050 1259 1103 Actibus
1298 1054 1655 1121 apostolorum
1700 1057 1891 1127 legitur
1925 1076 1938 1111 :
1991 1068 2046 1112 et
2078 1061 2179 1114 hoc
2222 1076 2304 1117 est

756 1133 896 1198 quod
925 1135 1019 1198 ait,
1051 1138 1173 1205 quia
1200 1139 1327 1197 rado
1352 1142 1421 1192 ad
1448 1139 1676 1197 Putrem.
1738 1164 1756 1196 ‹
1787 1146 1877 1224 Ac.
1890 1149 1933 1202 si
1959 1158 2199 1216 patenter
2223 1151 2303 1205 di-

751 1230 837 1272 cat
860 1234 874 1272 :
914 1221 1047 1287 Quia
1073 1235 1192 1293 post
1212 1228 1475 1284 modicum
1505 1247 1533 1283 a
1560 1234 1752 1287 vestris
1774 1221 2073 1303 aspectibus
2106 1240 2156 1292 in
2184 1257 2311 1293 mo~

750 1314 987 1366 numenti
1037 1315 1266 1371 claustra
1308 1320 1621 1386 abseondor,
1665 1335 1718 1377 et
1754 1326 1944 1380 iterum
1986 1340 2103 1396 post
2133 1334 2298 1385 modi-

748 1414 866 1453 cum
896 1403 1164 1457 destructo
1187 1409 1374 1463 mortis
1400 1410 1622 1479 imperio
1652 1416 1800 1468 vobis
1829 1417 2111 1473 intuendus
2136 1436 2297 1489 appa-

750 1490 895 1542 rebo.
948 1492 1083 1557 Quia
1129 1500 1337 1563 tempus
1382 1507 1499 1562 est,
1549 1510 1606 1551 ut
1650 1502 1856 1570 expleta
1903 1506 2295 1575 dispensatione

746 1588 1028 1646 assumpta:
1057 1582 1410 1648 mortalitatis,
1448 1601 1567 1639 cum
1598 1593 2001 1647 resurrectionis
2030 1596 2293 1665 triumpho

737 1662 851 1730 jam
879 1678 1113 1721 revertar
1140 1669 1203 1724 ad
1235 1672 1464 1725 Patrem.
1498 1694 1517 1725 ι
1550 1675 1675 1730 limo
1705 1694 1831 1731 vero
1858 1684 2015 1735 verba
2057 1662 2281 1750 Domini,

2401 709 2513 777 jam
2534 729 2637 767 non
2659 716 2900 769 meminit
2916 730 3175 784 pressura:
3196 722 3562 786 przecedentis,
3583 732 3804 791 propter
3821 739 3947 792 gau-

2407 796 2548 853 dium
2568 812 2829 869 percepta:
2846 805 3227 859 retributionis.
3260 806 3380 860 Non
3394 819 3511 861 sunt
3526 810 3663 862 enim
3688 812 3948 881 condigne

2402 887 2663 951 passiones
2698 890 2853 957 ltujus
2883 895 3122 961 temporis
3155 895 3223 947 ad
3258 908 3673 963 superventuram
3708 898 3942 967 gloria,

2402 986 2515 1038 qua!
2546 974 2847 1028 revelabitur
2870 978 2925 1031 in
2951 979 3093 1032 nobis
3119 978 3288 1049 (Rom.
3316 998 3431 1046 vnt,
3463 984 3573 1051 18).
3621 983 3745 1037 Non
3772 989 3944 1039 memi-

2401 1059 2472 1139 ui't
2490 1098 2503 1120 ,
2531 1062 2719 1127 inquit,
2750 1081 3002 1130 pressum
3024 1078 3230 1136 propter
3247 1071 3491 1138 gaudium
3506 1112 3521 1134 ,
3548 1073 3671 1141 quia
3694 1084 3849 1128 natus
3872 1088 3941 1129 est

2398 1131 2546 1198 homo
2571 1149 2623 1200 iu
2652 1152 2915 1205 mundum.
2963 1131 3112 1209 Sicut
3137 1158 3278 1211 enim
3313 1159 3522 1224 mulier,
3560 1169 3687 1215 nato
3710 1164 3768 1216 in
3794 1164 3933 1219 hunc

2397 1236 2647 1289 niundum
2670 1238 2897 1303 homine,
2921 1242 3127 1313 laatptur
3145 1284 3161 1308 ,
3189 1247 3261 1299 ita
3289 1246 3522 1305 Ecclesia
3552 1258 3675 1304 nato
3694 1252 3750 1305 in
3774 1252 3936 1306 vitam

2395 1318 2622 1376 futuram
2647 1323 2876 1381 ﬁdelium
2898 1332 3107 1398 populo,
3133 1333 3287 1402 digna
3308 1337 3659 1393 exsultatione
3677 1341 3937 1408 repletur;

2392 1421 2488 1473 pro
2509 1424 2611 1477 qua
2634 1411 2749 1477 ejus
2782 1415 3056 1471 nativitate
3092 1420 3315 1473 multum
3345 1420 3594 1477 laborans
3626 1432 3681 1477 et
3717 1440 3939 1494 gemens

2394 1496 2445 1548 in
2471 1500 2737 1563 pnesenti,
2767 1503 2915 1568 quasi
2943 1506 3247 1572 parturiens
3275 1508 3435 1564 dolet.
3474 1508 3581 1564 Nec
3606 1526 3804 1566 novum
3843 1516 3935 1569 (ιδ

2390 1585 2477 1639 bet
2502 1588 2749 1655 cuiquam
2780 1591 2968 1656 videri,
2994 1594 3037 1645 si
3064 1602 3219 1648 natus
3243 1595 3438 1650 dicitur
3460 1598 3550 1666 qui
3584 1614 3649 1653 ex
3690 1601 3795 1655 hac
3824 1605 3932 1657 vita

2387 1680 2694 1747 migraverit
2726 1701 2737 1734 :
2770 1686 3032 1751 quomodo
3070 1688 3214 1741 enim
3250 1698 3497 1744 consuete
3533 1693 3679 1747 nasci
3713 1694 3929 1757 dicitur,

742 1767 799 1811 ut
820 1760 946 1821 dixi,
981 1761 1084 1813 illis
1103 1757 1374 1829 speciatim
1394 1765 1481 1831 qui
1506 1767 1621 1835 ejus
1641 1774 2082 1829 resurrectionem
2111 1777 2285 1832 videre
2318 1751 2357 1807 ﬂ

2318 1751 2357 1807 Β
2386 1780 2505 1819 cum
2529 1771 2647 1836 quis
2673 1770 2739 1823 de
2769 1780 2917 1827 utero
2950 1775 3133 1829 matris
3165 1776 3456 1843 procedens
3490 1780 3629 1835 hanc
3669 1782 3723 1841 in
3756 1751 3927 1839 lucem

738 1857 1039 1915 potuerunt,
1072 1852 1425 1916 conveniunt;
1472 1870 1589 1922 qua:
1618 1861 1843 1926 apostoli
1883 1872 2006 1917 tunc
2034 1869 2283 1935 temporis

739 1951 842 1989 non
874 1946 1155 2004 potuerunt
1185 1940 1494 2025 intelligere.
1538 1943 1606 2007 Et
1630 1945 1764 2001 hanc
1795 1948 2003 2003 illorum
2035 1954 2281 2019 ignoran-

737 2034 862 2085 tiam
894 2033 1011 2102 pius
1039 2035 1289 2102 magister
1320 2038 1631 2108 intelligens,
1685 2045 2068 2112 subsequenter
2094 2063 2281 2104 secun-

732 2121 859 2174 dum
894 2123 1055 2176 animi
1102 2124 1308 2177 illorum
1347 2126 1725 2184 dubitationem
1773 2134 2077 2201 respondit,
2130 2139 2280 2205 quasi

729 2214 1085 2279 expositurus,
1130 2216 1256 2282 quid
1302 2228 1461 2281 esset,
1507 2223 1647 2288 quod
1688 2224 1858 2277 dixit:
1905 2226 2186 2291 Modicum,
2231 2242 2278 2284 et

730 2316 832 2357 non
863 2302 1089 2357 ride'bitis
1116 2322 1214 2369 me,
1240 2315 1288 2360 et
1321 2310 1504 2361 iterum
1534 2312 1811 2377 modicum,
1851 2327 1897 2369 et
1928 2319 2156 2373 videbitis
2176 2338 2273 2375 me.

799 2393 955 2446 Vens.
986 2394 1075 2447 20.
1106 2423 1177 2435 —
1202 2396 1384 2460 Amen,
1430 2417 1580 2455 amen
1608 2402 1722 2455 dico
1752 2406 1911 2469 vobis,
1949 2411 2069 2478 quia
2105 2412 2277 2479 plora-

726 2482 844 2533 tritis
869 2493 915 2532 et
939 2484 1123 2548 ﬂebitis
1144 2501 1248 2546 vos,
1279 2488 1501 2543 inundus
1520 2502 1689 2545 autem
1716 2497 1972 2563 gaudebit,
1996 2517 2081 2553 eos
2107 2512 2275 2554 autem

726 2572 1167 2636 contristabimini,
1215 2577 1305 2629 sed
1351 2580 1563 2632 tristitia
1601 2593 1767 2636 vestra
1796 2598 2018 2639 vertetur
2060 2590 2115 2641 in
2153 2607 2275 2658 gau-

724 2662 887 2712 dium.
942 2679 960 2711 t
995 2663 1057 2715 Et
1082 2665 1331 2731 ipsorum,
1373 2676 1427 2720 et
1466 2670 1627 2724 totius
1673 2673 1920 2729 Ecclesia:
1966 2681 2274 2734 statuicon-

663 2814 668 2817 Α
708 2753 886 2817 gruit.
938 2751 1219 2808 Plorabant
1244 2758 1437 2826 quippe
1463 2768 1517 2813 et
1541 2760 1736 2816 ﬂebant
1759 2775 2024 2821 amatores
2051 2768 2268 2834 Christi,

657 2834 661 2837 ⁷
724 2855 844 2891 cum
876 2840 1018 2893 illum
1043 2847 1431 2911 comprehendi,
1460 2849 1527 2902 ab
1553 2850 1789 2907 hostibus
1810 2854 1982 2923 ligari,
2005 2857 2070 2910 ad
2092 2860 2270 2912 conci-

722 2929 848 2981 lium
875 2931 1013 2992 duci,
1059 2933 1216 3002 613
1246 2935 1507 3001 damnari,
1532 2942 1789 3009 crueitlgi,
1822 2945 1951 2996 mori
1974 2955 2027 2997 et
2057 2948 2265 3014 sepeliri
2310 2976 2316 2981 -

718 3019 979 3075 viderent.
1011 3020 1319 3079 Gaudebant
1348 3024 1495 3080 multi
1515 3024 1640 3099 [κε.
1669 3038 1714 3081 et
1738 3029 1879 3081 Beda
1895 3032 2094 3102 mundi]
2121 3048 2266 3088 ama-

718 3118 882 3171 tores,
913 3124 1044 3178 quos
1066 3121 1280 3182 propter
1299 3114 1505 3169 intimas
1524 3116 1871 3186 cogitationes
1892 3120 2141 3173 mundum
2170 3136 2260 3176 vo-

713 3204 799 3249 cat
836 3196 1115 3262 Dominus,
1158 3214 1279 3253 cum
1315 3213 1483 3257 morte
1515 3205 1813 3270 turpissima
1851 3207 2262 3263 condemnarent

712 3279 859 3333 illum
879 3320 894 3344 ,
934 3284 1024 3350 qui
1055 3286 1230 3353 gravis
1256 3296 1372 3341 erat
1413 3289 1490 3341 eis
1513 3290 1671 3343 etiam
1698 3292 1763 3343 ad
1792 3291 2092 3348 videndum.
2124 3294 2261 3351 Con-

712 3371 1059 3424 tristabantur
1085 3374 1326 3440 discipuli
1366 3378 1539 3442 posito
1582 3378 1633 3431 in
1665 3388 1832 3434 morte
1866 3380 2125 3449 Domino;
2167 3387 2259 3441 sed

711 3462 887 3528 agnita
914 3461 1025 3527 ejus
1050 3465 1454 3527 resurrectione,
1485 3466 1699 3522 tristitia
1728 3469 1934 3524 illorum
1957 3488 2108 3528 versa
2131 3474 2256 3547 [est]

706 3549 764 3619 in
807 3549 1085 3615 gaudium;
1132 3552 1241 3603 visa
1270 3556 1592 3608 ascensionis
1620 3559 1881 3623 potentia,
1921 3561 2029 3627 jam
2056 3564 2256 3631 majore

710 3637 900 3703 gaudio
944 3638 1217 3699 sublevati,
1265 3640 1547 3695 laudabant
1586 3652 1637 3697 et
1671 3646 2051 3703 benedicebant
2078 3651 2254 3705 Domi-

710 3738 855 3785 num,
906 3732 962 3775 ut
989 3724 1157 3779 Lucas
1184 3728 1503 3796 evangelista
1533 3739 1755 3786 testatur
1779 3733 1974 3803 (Actor.
2000 3737 2098 3807 χιι).
2150 3737 2253 3793 Sed

706 3821 760 3864 ct
787 3814 989 3867 cunctis
1018 3814 1257 3870 ﬁdelibus
1297 3817 1383 3872 hic
1405 3818 1612 3873 Domini
1640 3836 1816 3876 sermo
1848 3826 2113 3890 convenit,
2162 3828 2249 3899 qui

705 3914 800 3968 per
848 3901 1109 3971 laerymas
1148 3919 1531 3975 pressurasque
1585 3919 1906 3977 praesentes,
1956 3912 2021 3965 ad
2064 3900 2249 3982 gaudia

703 3998 899 4042 a-terna
932 3992 1205 4058 pervenire
1228 3996 1552 4049 contendunt
1581 4014 1592 4049 :
1632 4016 1651 4048 ι
1691 3997 1794 4062 Qui
1815 4003 2066 4055 seminam
2092 4004 2143 4058 in
2172 4004 2249 4058 la-

700 4079 907 4145 erymis,
958 4082 1011 4132 in
1057 4083 1246 4149 gaudio
1297 4095 1500 4147 nictent,
1552 4096 1724 4140 euntes
1768 4090 1909 4147 ibant
1961 4104 2007 4144 et
2059 4094 2246 4159 ﬂebant

702 4162 868 4229 (Psal.
911 4183 1067 4229 cxxv,
1099 4169 1151 4231 5,
1196 4170 1272 4240 6),
1310 4182 1568 4239 quatenus
1607 4176 1658 4228 in
1696 4185 1897 4233 aeterna
1924 4180 2246 4236 beatitudine

699 4255 894 4308 laboris
936 4258 1015 4309 sui
1049 4262 1341 4313 mercedem
1386 4250 1657 4330 recipiant.
1706 4264 1928 4320 Mundus
1953 4276 2151 4333 autem,
2194 4272 2243 4324 id

2385 1856 2700 1925 ingreditur;
2725 1861 2796 1913 ita
2818 1861 2977 1915 etiam
3001 1864 3293 1918 rectissime
3319 1874 3491 1934 potest
3513 1878 3671 1922 natus
3696 1872 3929 1939 appella-

2384 1948 2447 2008 ri,
2473 1947 2561 2013 qui
2597 1948 2798 2003 solutus
2819 1964 2848 2002 a
2875 1951 3099 2007 vinculis
3125 1955 3301 2007 carnis
3324 1954 3389 2007 ad
3410 1955 3579 2010 lucem
3608 1959 3928 2014 sublimatur

2381 2042 2649 2091 :eternam.
2684 2036 2829 2091 Unde
2860 2053 2974 2092 mos
2999 2040 3230 2094 obtinuit
3269 2042 3675 2107 ecclesiasticus,
3717 2055 3778 2100 ut
3812 2048 3928 2103 dies

2379 2121 2652 2174 beatorum
2679 2133 2972 2193 martyrum
2996 2128 3109 2182 sive
3148 2129 3510 2184 confessorum
3548 2132 3769 2199 Christi,
3808 2139 3931 2205 qui-

2379 2211 2477 2265 bus
2497 2214 2561 2265 de
2582 2214 2771 2267 S;£CUIO
2788 2215 3138 2281 transierunt,
3160 2220 3362 2274 natales
3377 2221 3691 2289 vocitemus,
3709 2238 3928 2279 eorum-

2376 2315 2477 2366 que
2499 2301 2752 2356 solemnia
2783 2319 2885 2357 non
2913 2304 3175 2371 funebria,
3212 2310 3305 2363 sed
3332 2311 3525 2365 natalia
3554 2312 3739 2383 (Beda,
3772 2326 3925 2371 nata-

2377 2388 2508 2459 litia]
2539 2390 2799 2446 dicantur.
2840 2394 3091 2462 Sequitur
3116 2396 3367 2453 Dominus
3386 2415 3656 2469 exponens
3680 2404 3795 2471 ipse
3829 2421 3922 2473 pa-

2375 2481 2628 2547 radigma,
2658 2484 2799 2551 quod
2826 2485 2890 2538 de
2915 2487 3132 2541 muliere
3156 2490 3428 2556 proposuit
3457 2508 3470 2543 :
3514 2492 3696 2561 (Vens.
3726 2495 3818 2566 ἥ)
3853 2497 3923 2550 Et

2374 2585 2455 2621 ros
2487 2570 2645 2638 igitur
2678 2588 2813 2624 nunc
2836 2575 3039 2641 quidem
3067 2578 3326 2631 tristitiam
3346 2579 3574 2645 habetis;
3610 2582 3798 2638 iterum
3826 2604 3923 2640 nu-

2371 2671 2469 2712 tent
2501 2663 2672 2715 ridebo
2708 2681 2809 2727 vos,
2852 2675 2897 2717 et
2932 2667 3168 2734 gaudebit
3195 2684 3284 2721 cor
3313 2679 3548 2732 oestrum,
3590 2682 3638 2726 et
3670 2678 3921 2743 gaudium

2374 2762 2589 2804 vestrum
2625 2771 2768 2806 nemo
2797 2756 2935 2809 tollet
2975 2776 3007 2809 a
3057 2758 3215 2811 robis.
3264 2759 3411 2825 Quod
3443 2760 3509 2814 de
3541 2762 3671 2831 ipsis
3701 2767 3918 2833 quidem

2370 2841 2807 2910 discipulisiacile
2826 2845 3151 2914 intelligitur,
3177 2849 3298 2915 quia
3320 2849 3591 2903 tristitiam
3614 2853 3921 2909 habuerunt

2368 2944 2524 2997 passo
2550 2946 2611 2984 ac
2640 2932 2842 2997 sepulto
2864 2932 3115 2997 Domino;
3146 2934 3239 2988 sed
3267 2945 3479 3002 peracta
3507 2942 3919 2996 resurrectionis

2370 3017 2558 3082 gloria,
2586 3018 2748 3086 gavisi
2777 3027 2899 3073 sunt
2931 3020 3044 3074 viso
3072 3021 3311 3087 Domino,
3348 3032 3402 3077 et
3440 3027 3689 3093 gaudium
3727 3042 3914 3085 eorum

2370 3119 2525 3157 nemo
2548 3106 2692 3159 tollet
2714 3107 2780 3161 ab
2803 3108 2898 3161 eis.
2921 3127 2938 3159 ι
2971 3108 3116 3163 Licet
3136 3125 3410 3177 pressuras
3432 3128 3494 3166 ac
3514 3118 3915 3181 persecutiones

2365 3195 2504 3262 passi
2529 3206 2705 3249 essent
2728 3197 2780 3251 in
2802 3197 2903 3251 hoc
2922 3199 3133 3260 mundo,
3161 3214 3368 3269 semper
3392 3201 3447 3255 in
3481 3217 3577 3272 spe
3611 3205 3917 3274 gaudebant

2364 3283 2553 3339 futurae
2590 3286 2974 3351 retributionis,
3014 3303 3110 3355 pro
3143 3303 3207 3343 eo
3240 3291 3380 3358 quod
3417 3293 3559 3361 digni
3595 3305 3778 3350 essent
3808 3312 3913 3367 pro

2361 3374 2575 3428 nomine
2604 3372 2727 3428 Jesu
2754 3376 3100 3430 contumelias
3124 3378 3231 3445 pati
3260 3379 3456 3449 (Actor.
3477 3397 3531 3446 v,
3553 3380 3665 3451 ﬂ).
3704 3382 3907 3440 Iterum

2359 3474 2527 3516 autem
2551 3466 2721 3519 videbo
2746 3483 2851 3529 vos,
2872 3476 2918 3519 et
2940 3468 3179 3536 gaudebit
3197 3485 3286 3523 cor
3304 3481 3523 3524 uestrum
3536 3489 3557 3536 ;
3584 3481 3630 3526 et
3652 3477 3905 3544 gaudium

2358 3562 2574 3605 vestrum
2609 3572 2751 3607 nemo
2789 3557 2929 3608 tollet
2966 3574 2998 3609 α
3034 3560 3189 3613 vobis.
3235 3558 3432 3616 tVidet
3466 3561 3647 3630 itaque
3697 3564 3900 3621 electos

2355 3650 2472 3708 post
2527 3644 2793 3697 tristitiam
2846 3645 3137 3710 Dominus,
3187 3661 3308 3700 cum
3358 3662 3540 3702 eorum
3589 3650 3905 3718 patientins

2353 3730 2601 3783 dantnato
2623 3732 2984 3800 impugnatore
3003 3742 3324 3787 remunerat.
3349 3754 3368 3787 ι
3394 3746 3419 3774 ι
3456 3733 3645 3795 Videbo
3684 3755 3804 3805 eos,
3844 3742 3899 3796 id

2352 3827 2453 3879 est,
2497 3833 2615 3870 cum
2650 3834 2984 3887 assumpsero
3018 3836 3113 3875 vos
3150 3821 3218 3875 ad
3259 3823 3535 3892 meipsum,
3579 3834 3639 3879 ut
3675 3828 3765 3882 ubi
3797 3843 3903 3898 ego

2351 3918 2488 3966 sum,
2517 3914 2569 3956 et
2598 3921 2690 3958 vos
2715 3906 2850 3971 sitis,
2877 3916 2930 3961 et
2970 3908 3021 3962 in
3064 3909 3151 3963 illa
3189 3910 3389 3965 visione
3417 3922 3685 3981 perpetua
3714 3917 3897 3987 gloria:

2349 3992 2585 4059 gaudebit
2612 4010 2700 4045 cor
2733 4006 2965 4059 vestrum,
2998 4008 3043 4049 et
3072 3998 3321 4066 gaudium
3342 4007 3560 4052 uestrum
3586 4019 3735 4057 nemo
3751 4005 3895 4059 tollet

2348 4096 2379 4131 α
2409 4080 2544 4135 vobis
2567 4094 2583 4130 :
2609 4083 2728 4148 quia
2754 4084 2823 4136 ibi
2852 4084 3028 4137 nullus
3050 4084 3412 4151 adversarius,
3442 4087 3619 4143 nullus
3643 4105 3895 4159 persecu-

2348 4179 2449 4231 tor,
2475 4186 2629 4223 nemo
2657 4173 2745 4239 qui
2776 4173 3046 4226 tristitiam
3073 4174 3277 4244 ingerat
3302 4178 3495 4232 animis
3518 4181 3731 4247 vestris,
3761 4183 3885 4239 dum

2346 4261 2553 4313 videtur
2582 4260 2727 4330 μὴ..
2763 4263 3047 4335 videbitur]
3082 4265 3221 4321 Deus
3242 4266 3462 4321 deorum
3484 4268 3536 4322 in
3564 4267 3693 4325 Sion
3716 4272 3883 4343 (Psal.

699 4354 798 4406 est,
830 4345 1008 4397 nnmdi
1043 4357 1306 4400 amatores
1334 4351 1644 4417 gaudebant,
1686 4354 1776 4420 qui
1806 4355 1872 4407 ad
1893 4366 2088 4409 :eterna
2112 4373 2239 4426 gau-
2267 4376 2318 4434 ι)

2267 4376 2318 4434 D
2343 4366 2567 4414 Lxxxut,
2603 4351 2691 4420 8);
2730 4363 2778 4405 et
2812 4370 2928 4406 cum
2957 4356 3250 4422 apparuerit
3279 4352 3533 4422 Christus,
3563 4366 3685 4413 tunc
3717 4372 3764 4415 et
3801 4381 3884 4417 eos

700 4432 783 4484 dia
816 4448 870 4485 se
905 4448 1199 4501 prmpararc
1226 4450 1320 4503 per
1364 4438 1622 4506 lacrymas
1650 4450 1703 4493 et
1730 4440 2038 4497 amictiones
2066 4448 2235 4513 despi-

700 4522 841 4572 t’lUlll
865 4539 874 4571 :
907 4537 999 4573 vos
1019 4531 1193 4574 autent
1216 4525 1653 4579 contristabimini
1676 4543 1769 4593 per
1792 4528 2001 4584 labores
2018 4542 2074 4585 et
2092 4547 2237 4599 pres~

698 4624 887 4669 suras;
939 4610 1029 4663 sed
1065 4611 1278 4663 tristitia
1310 4620 1482 4664 vestra
1514 4622 1747 4667 vertetur
1792 4616 1841 4668 in
1872 4625 2085 4672 artem
2108 4620 2231 4672 bea-

699 4696 936 4749 titudinis
964 4697 1214 4751 Iaztitiam.
1247 4699 1497 4766 Sequitur
1528 4718 1539 4751 :

767 4787 922 4840 Vens.
960 4788 1331 4841 2L—Jlulier
1369 4806 1483 4843 cum
1527 4794 1699 4860 parit,
1741 4795 1999 4849 tristitiam
2042 4799 2189 4851 liabet
2215 4840 2229 4859 .

692 4878 812 4944 quia
838 4879 962 4930 renit
991 4880 1116 4930 liora
1137 4881 1267 4948 ejus.
1300 4898 1316 4929 t
1340 4880 1610 4934 Mulierem
1634 4884 1762 4937 dicit
1790 4895 2023 4939 sanctam
2044 4888 2231 4943 Eccle-

696 4966 847 5027 siam,
868 4974 1079 5034 propter
1100 4966 1467 5023 fecunditatem
1490 4972 1744 5025 bonorum
1766 4988 2011 5040 Operum;
2036 4990 2088 5030 et
2106 4979 2227 5044 quia

695 5054 958 5118 spiritales
986 5055 1091 5107 Deo
1129 5056 1260 5109 ﬁlios
1292 5058 1505 5124 gignere
1540 5075 1809 5127 nunquam
1848 5061 2057 5117 desinit.
2109 5067 2229 5119 [hee

694 5142 894 5201 mulier,
930 5159 1042 5194 cum
1074 5146 1228 5210 parit,
1270 5146 1529 5198 tristitiam
1565 5149 1743 5209 habet,
1777 5150 1899 5216 quia
1941 5154 2070 5201 venit
2102 5153 2227 5204 hora

693 5232 820 5296 (jus.
858 5231 985 5284 Cum
1014 5243 1177 5286 autem
1204 5236 1448 5302 pepererit
1468 5253 1677 5302 puerum
1695 5278 1709 5299 ,
1728 5239 1843 5306 jam
1871 5254 1970 5289 non
2001 5241 2223 5291 meminit

691 5336 940 5381 pressurus
978 5332 1181 5390 propter
1219 5325 1492 5391 gaudium,
1530 5326 1648 5392 quia
1692 5339 1840 5380 natus
1878 5338 1949 5380 est
1989 5329 2137 5380 homo
2175 5329 2225 5379 iu

694 5410 954 5461 mundum.
996 5410 1126 5475 Quia
1164 5411 1406 5464 nimirum
1437 5422 1614 5472 sancta
1649 5414 1879 5468 Ecclesia
1908 5415 2135 5483 quandiu
2174 5414 2227 5468 in

764 5530 781 5548 π
827 5518 1101 5584 llueusque
1137 5535 1196 5570 ev
1236 5520 1444 5572 humilia
1484 5520 1633 5573 Deliae
1674 5523 1847 5574 citata.

764 5589 785 5619 θ’
826 5588 893 5637 l'L\
938 5590 991 5639 ὃ.
1035 5589 1193 5655 Aug,
1235 5598 1384 5639 travt.
1425 5607 1506 5652 ot,
1548 5606 1689 5641 num.
1733 5591 1781 5640 vi.

2334 4447 2662 4513 apparebitis,
2692 4456 2751 4501 ut
2775 4450 3054 4517 Apostolus
3073 4452 3167 4514 ait,
3194 4468 3310 4505 cum
3337 4453 3427 4507 illo
3462 4457 3517 4510 in
3558 4458 3726 4527 gloria
3763 4456 3884 4527 (Co-

2332 4534 2453 4588 loss.
2478 4552 2558 4597 tu,
2586 4536 2660 4606 4).
2704 4537 2951 4605 Sequitur
2993 4555 3006 4591 :
3035 4539 3216 4606 (Vsus.
3244 4539 3332 4611 23)
3364 4542 3431 4596 Et
3455 4545 3548 4598 illa
3571 4545 3655 4599 die
3672 4563 3753 4599 me
3779 4562 3880 4601 non

2333 4625 2572 4692 rogabitis
2601 4626 2899 4694 quidquam.
2944 4645 2962 4677 ‹
2997 4628 3023 4667 δ
3052 4627 3161 4683 Hoc
3190 4630 3330 4683 enim
3361 4635 3601 4699 verbum,
3636 4636 3775 4703 quod
3798 4644 3880 4689 est

2332 4728 2535 4780 rogare,
2576 4729 2678 4767 non
2706 4715 2873 4768 solum
2900 4726 3079 4785 petere
3098 4759 3110 4781 ,
3143 4719 3233 4773 sed
3264 4722 3421 4775 etiam
3444 4724 3773 4795 interrogare
3798 4726 3875 4780 si-

2332 4799 2562 4867 gnificat,
2594 4802 2728 4854 sicut
2754 4812 2805 4855 et
2833 4804 2885 4856 in
2906 4804 3092 4859 Grzeco
3119 4806 3293 4869 habet,
3323 4811 3462 4863 unde
3498 4811 3599 4865 hoc
3632 4813 3875 4881 Evange-

2330 4885 2457 4937 lium
2493 4890 2801 4943 translattun
2830 4899 2930 4945 est.
2955 4910 2971 4941 ι
3008 4892 3277 4960 Signiﬁcat
3292 4911 3432 4959 vero,
3455 4900 3593 4967 quod
3609 4900 3685 4952 ait
3699 4900 3878 4953 Domi-

2330 4992 2446 5039 nus,
2480 4978 2605 5031 illud
2642 4988 2847 5047 tempus
2880 4996 2986 5048 quo
3007 4986 3251 5049 gaudium
3282 4995 3517 5041 nostrum
3544 5002 3699 5042 nemo
3730 4990 3877 5045 tollet

2330 5080 2357 5114 a
2387 5066 2563 5128 nobis;
2599 5068 2684 5119 ubi
2708 5067 2815 5133 jam
2846 5070 2975 5122 nihil
3003 5087 3265 5141 rogemus,
3290 5074 3418 5128 nihil
3445 5076 3830 5145 interrogemus
3860 5096 3874 5131 :

2330 5155 2447 5218 quia
2482 5153 2608 5205 nihil
2632 5155 3028 5213 desideraudum
3056 5162 3361 5223 remanebit,
3388 5164 3512 5221 nihil
3532 5169 3874 5234 qua'rendutn

2332 5241 2526 5293 latcbit.

2403 5332 2556 5382 Vsus.
2592 5331 2675 5383 24.
2697 5364 2759 5372 —
2782 5333 2947 5402 L'sque
2975 5337 3122 5389 modo
3153 5355 3250 5391 non
3284 5343 3478 5407 petistis
3505 5343 3781 5410 quidquam
3819 5345 3875 5396 in

2331 5421 2529 5473 nomine
2553 5438 2678 5474 meo.
2712 5442 2729 5472 ι
2753 5435 2774 5462 ο
2794 5425 3003 5479 Duobus
3020 5429 3410 5497 modisintelligi
3427 5438 3625 5497 rudest;
3649 5432 3730 5486 vel
3749 5435 3877 5502 quia

2405 5541 2421 5561 ν
2469 5529 2536 5581 liv
2579 5532 2783 5593 eodem,
2827 5540 2976 5587 tract.
3015 5550 3291 5620 cunnum.
3326 5539 3372 5600 Ξ,
3424 5538 3462 5591 ι.
