4152 6200
305 301 406 357 951

1091 291 1490 347 exsomnes.
1518 319 1587 330 --
1607 257 1951 344 COMMENJ'.
1990 284 2058 339 1N
2093 286 2291 342 JOAN.
2313 318 2385 330 --
2416 287 2551 342 1.13..
2583 287 2668 342 vt.

3375 282 3482 341 958

303 427 411 467 non
441 411 491 464 in
519 407 727 461 nomine
755 418 870 456 meo
897 402 1130 471 petistis,
1156 400 1293 467 quod
1324 411 1513 452 nomen
1539 410 1674 456 non.
1704 395 1841 448 sicut
1870 397 2064 452 Aeutn
2097 389 2715 467 signiﬁcamarbitror,
2751 395 2840 448 ubi
2869 395 2944 448 ait
2970 410 2985 448 :
3014 393 3083 448 Et
3111 411 3213 448 non
3248 394 3362 460 dico
3395 411 3485 459 ro-

304 477 724 572 cognttscélxlum
751 492 913 563 61‘.
935 501 1041 561 cst,
1063 489 1382 558 oognovistis
1405 504 1419 541 :
1439 471 1533 540 vel
1571 501 1676 538 non
1710 484 1838 552 peti-

306 592 404 644 stis
431 587 736 656 quidquam,
779 582 1036 650 quoniam.
1059 580 1112 630 in
1149 578 1540 646 comparatione
1571 575 1648 628 rei
1683 587 1844 641 quam

306 687 483 746 petere
504 671 776 733 debuistis,
806 684 901 738 pro
927 668 1089 720 nihilo
1110 666 1406 720 habendum
1435 671 1518 717 est
1541 662 1681 731 quod
1714 659 1848 728 peti-

308 764 424 823 sis,
456 780 474 813 ι
505 759 627 827 quia
656 757 743 825 qui
775 757 925 824 petit,
956 753 1094 824 quod
1109 752 1173 806 ad
1187 754 1562 818 sempiternam
1589 749 1848 820 [Ms.,su-

309 847 547 918 pernam]
576 847 800 901 salutem
826 854 878 897 et
904 844 1150 913 gaudium
1176 851 1429 895 internum
1456 855 1560 891 non
1587 838 1846 904 pertinet,

295 935 342 996 lu
366 939 437 992 itil
471 946 650 1006 petere
675 935 880 988 videtur
908 933 975 985 ad
1006 927 1449 1000 comparationem
1476 927 1614 981 illius
1640 924 1850 994 petitio-

309 1030 412 1092 nis,
456 1005 613 1095 quam
658 1034 836 1093 petere
877 1022 1073 1076 debuit.
1133 1018 1299 1088 Usque
1329 1017 1479 1071 modo
1518 1033 1619 1069 non
1657 1006 1848 1085 petistis

303 1118 581 1187 quidquam
612 1117 667 1166 iu
689 1113 887 1165 nomine
922 1126 1050 1162 meo.
1094 1107 1186 1174 Yel
1212 1108 1282 1159 ita
1313 1103 1703 1173 intelligendum
1726 1110 1846 1156 est:

309 1207 422 1260 Non
454 1205 718 1272 petierunt
735 1209 952 1253 eatenus
969 1198 1020 1250 in
1034 1196 1242 1259 nomine
1257 1192 1569 1256 Salvatoris,
1583 1190 1705 1257 quia
1723 1190 1848 1242 dum

308 1295 473 1362 ipsius
493 1289 780 1345 Salvatoris
800 1285 1063 1367 visibilem
1078 1281 1411 1360 praesentiam
1432 1277 1850 1348 contemplaren—

308 1393 413 1444 tur,
445 1381 617 1434 minus
637 1379 700 1431 ad
730 1367 1010 1430 invisibilia
1028 1365 1212 1426 salutis
1231 1371 1365 1424 dona
1389 1367 1580 1421 mentis
1603 1365 1849 1425 intuitum

305 1474 602 1522 erexerant.
630 1464 727 1529 Qui
750 1478 875 1517 vero
895 1469 1077 1515 contra
1097 1459 1353 1513 rationem
1377 1456 1561 1510 salutis
1575 1470 1682 1508 suae
1697 1453 1850 1523 petit,

306 1572 410 1620 non
440 1555 570 1622 petit
597 1554 650 1605 in
679 1551 892 1606 nomine
916 1549 1063 1606 Jesu,
1103 1547 1237 1600 Hinc
1263 1555 1317 1598 et
1347 1545 1602 1600 Dominus
1627 1557 1852 1610 sequens

307 1653 385 1694 ter
413 1641 485 1693 ait
513 1653 527 1692 :
556 1637 718 1690 Petito
753 1645 799 1690 et
835 1635 1127 1703 accipietis,
1159 1642 1211 1683 ut
1249 1630 1492 1699 gaudium
1531 1638 1750 1682 vestrum
1785 1627 1851 1679 sit

1943 486 2049 549 bis,
2064 485 2192 556 quia,
2202 502 2292 560 ego
2313 486 2501 555 rogabo
2525 483 2734 543 Patrem
2751 485 2814 538 de
2832 485 2988 538 vobis.
3023 484 3203 538 Potest
3220 485 3360 538 enim
3381 498 3486 538 non

1944 575 2372 643 inconvenienter
2405 575 2573 643 accipi
2603 578 2744 644 quod
2775 575 2851 626 ait
2882 592 2894 622 τ
2925 573 2994 627 Et
3031 589 3130 626 non
3166 575 3281 626 dico
3317 574 3487 637 vobis,

1944 667 2065 735 quia
2089 681 2180 733 ego
2207 663 2398 733 rogabo,
2417 661 2628 734 Patrem
2663 663 2726 714 de
2761 662 2898 715 vobis
2918 675 2936 712 :
2959 664 3082 730 quia
3117 677 3222 718 non
3259 662 3326 725 de
3354 676 3490 729 pne-

1945 753 2103 818 scuti,
2128 768 2284 820 rogo;
2313 752 2407 806 sed
2440 752 2505 805 de
2535 750 2713 811 futuro
2749 747 3041 823 [tempore].
3068 749 3243 817 posuit
3279 748 3487 817 rogabo,

1946 844 2085 912 quod
2110 844 2307 896 sanctis
2320 842 2383 895 ad
2398 843 2656 894 internam
2671 855 2855 908 pacem
2873 839 2997 910 [Με.
3008 879 3022 903 ,
3041 839 3094 892 in
3118 840 3320 892 interna
3336 835 3488 908 pace]

1946 931 2189 998 receptis,
2218 945 2321 984 non
2356 945 2490 1000 opus
2528 930 2596 983 sit
2625 929 2735 1002 jam
2771 928 2970 995 aliquid
2995 941 3181 1015 rogare
3204 925 3324 1015 [de]
3359 925 3487 990 illis,

1942 1020 2067 1086 quia
2104 1017 2354 1070 nimirum
2393 1023 2535 1069 tanta
2569 1015 2895 1092 beatitudine
2925 1014 3154 1072 donandi
3189 1015 3296 1069 sint
3319 1054 3335 1078 ,
3371 1030 3490 1083 qua:

1946 1108 2168 1176 amplior
2190 1121 2309 1160 esse
2333 1119 2438 1158 non
2460 1104 2644 1173 possit.
2685 1103 2868 1174 (Vsus.
2889 1103 3002 1173 27.)
3036 1102 3152 1172 Ipse
3174 1104 3309 1155 enim
3332 1102 3493 1167 Pater

1947 1206 2085 1250 amat
2114 1213 2230 1269 nvos,
2262 1197 2383 1265 quia
2414 1211 2498 1248 vos
2527 1211 2605 1258 ut;
2641 1195 2847 1258 amatis,
2882 1202 2929 1263 et
2965 1193 3272 1256 credidistis,
3300 1193 3422 1263 quia
3457 1211 3491 1247 a

1946 1285 2054 1338 Deo
2090 1286 2240 1340 exiri.
2296 1283 2412 1338 Non
2445 1284 2518 1337 ita
2552 1283 2945 1353 intelligendum
2977 1291 3059 1338 est
3080 1322 3096 1349 ,
3132 1283 3274 1352 quod
3309 1281 3442 1337 dixit
3473 1300 3519 1339 ε.

1950 1371 2084 1436 Quia
2107 1388 2190 1424 vos
2213 1388 2292 1423 me
2317 1372 2523 1433 amatis,
2548 1371 2699 1439 quasi
2710 1373 2924 1439 priores
2957 1372 3031 1425 illi
3069 1381 3308 1428 amarent
3342 1371 3494 1427 Chri-

1949 1468 2086 1514 stum
2121 1479 2132 1512 :
2159 1460 2252 1514 sed
2287 1461 2358 1513 ita
2387 1461 2562 1527 potius
2596 1459 2722 1526 quia
2754 1458 2913 1515 Pater
2945 1459 3064 1514 illos
3087 1461 3318 1529 gratuito
3345 1475 3495 1514 amo-

1950 1566 2008 1617 re
2032 1553 2550 1619 praiveneritmtque
2572 1550 2642 1605 ad
2662 1549 2948 1609 amandum
2966 1551 3388 1620 credendumque
3406 1551 3495 1605 Fi-

1951 1637 2098 1706 lium,
2129 1654 2161 1692 a
2186 1639 2382 1692 mundo
2405 1639 2708 1703 sustulerit;
2735 1647 2790 1694 et
2810 1640 2934 1708 quia
2968 1639 3070 1707 ipsi
3103 1639 3335 1708 agnitum
3370 1638 3492 1692 Filii

302 1727 528 1803 plenum,
555 1721 1025 1794 signiﬁcans,qttid
1051 1720 1122 1774 sit
1147 1718 1297 1773 nobis
1317 1718 1620 1787 petendum,
1661 1716 1715 1770 itl
1743 1723 1844 1779 est,
1876 1703 1925 1763 Β
1948 1703 2156 1778 (meum

1948 1703 2281 1778 dilectionem
2305 1739 2369 1779 ac
2397 1725 2553 1777 ﬁdem
2591 1725 2677 1793 pio
2712 1733 2765 1779 et
2801 1703 3026 1779 sollicito
3058 1703 3232 1779 cor'de‘
3253 1740 3497 1780 servave-

306 1824 362 1867 ut
376 1815 584 1883 plenum
601 1814 670 1867 sit
689 1813 935 1880 gaudium
954 1818 1192 1864 nostrum
1211 1827 1224 1860 :
1242 1808 1376 1861 unde
1390 1808 1483 1870 ait,
1500 1816 1546 1860 et
1568 1805 1846 1874 accipietis.

307 1903 363 1955 Si
384 1902 472 1955 illa
501 1901 730 1971 petimus
753 1915 870 1968 quae
897 1900 965 1953 ad
998 1899 1376 1968 plenitudinem
1414 1897 1653 1950 laborum
1685 1895 1852 1963 perti-

308 2000 468 2059 neant
490 2000 544 2045 et
561 1992 892 2061 gaudiorum,
923 1989 1261 2058 accipiemus.
1300 1986 1530 2039 Plenum
1555 2000 1683 2055 ergo
1718 2000 1848 2053 gau-

303 2081 469 2146 dium,
496 2079 876 2136 beatitudinem
906 2084 1171 2147 perpetuae
1197 2075 1342 2143 pacis
1369 2073 1614 2143 appellat.
1645 2073 1733 2125 Ait
1758 2073 1851 2126 ita«

301 2184 407 2240 que
427 2184 442 2221 :
465 2167 627 2222 Potite
653 2178 701 2222 et
720 2168 1005 2236 accipietis,
1045 2174 1101 2217 ut
1129 2164 1374 2233 gaudium
1404 2171 1622 2215 vestrum
1650 2163 1716 2228 sit
1747 2158 1853 2228 ple-

303 2274 427 2330 num
450 2274 470 2322 ;
497 2272 560 2310 ac
588 2257 633 2309 si
660 2264 901 2326 patenter
926 2256 1065 2309 dicat
1088 2269 1102 2306 :
1127 2253 1239 2307 Non
1263 2253 1401 2307 ﬂuxa
1435 2250 1610 2306 seculi
1639 2251 1851 2321 gaudia,

303 2361 422 2415 qua:
439 2331 494 2402 et
514 2359 739 2415 maerore
759 2358 967 2411 semper
986 2343 1148 2395 mixta
1171 2349 1223 2394 et
1243 2341 1424 2395 dolore
1446 2342 1674 2397 ﬁnienda
1694 2347 1848 2403 sunt;
1869 2395 1881 2408 ο

304 2436 397 2502 sed
416 2435 543 2488 illud
569 2433 832 2504 singulare
861 2432 1106 2503 gaudium
1133 2447 1160 2483 a
1191 2429 1348 2484 Patre
1371 2429 1549 2496 petite,
1580 2427 1728 2494 cujus
1743 2427 1854 2494 ple-

305 2524 491 2590 nitudo
521 2522 664 2595 nullo
691 2520 969 2592 [unquam]
997 2519 1272 2588 cujuslibet
1304 2516 1678 2585 inquietudinis
1717 2523 1854 2567 atta-

305 2623 396 2681 ctu
421 2614 709 2674 minuatur,
737 2598 1016 2674 mternitas,
1040 2607 1178 2675 nullo
1213 2621 1444 2675 unquam
1483 2605 1709 2658 termino
1747 2603 1853 2656 dis-

305 2700 556 2753 solvatur.
595 2697 650 2750 Si
678 2712 804 2765 ergo
826 2697 950 2750 talia
975 2696 1201 2764 petendo
1226 2695 1580 2764 perstiteritis,
1617 2694 1738 2746 talia
1763 2708 1854 2762 pe-

303 2788 462 2859 tendo
497 2785 674 2856 procul
709 2786 868 2839 dubio
896 2801 1014 2852 qua:
1049 2785 1227 2852 petitis
1266 2785 1557 2854 accipietis,
1595 2783 1641 2837 si
1680 2798 1855 2837 mores

308 2877 471 2929 menti
497 2875 816 2929 concordant
843 2874 1098 2946 petentis;
1128 2888 1312 2948 parum
1341 2874 1481 2940 enim
1509 2872 1749 2933 utilitatis
1778 2871 1855 2924 af-

305 2964 411 3030 fert
435 2965 570 3019 bene
595 2963 795 3018 orando
822 2978 1049 3032 superna
1080 2975 1338 3032 quareret,
1377 2963 1466 3027 qui
1504 2977 1606 3014 non
1644 2961 1852 3014 desistit

306 3069 554 3120 perverse
583 3052 804 3106 vivendo
833 3030 1026 3104 inlimis
1055 3030 1330 3119 implicari.
1369 3049 1558 3117 (Vsus.
1579 3048 1691 3120 25.)
1722 3048 1850 3101 Haec
1874 3030 1921 3090 ο

304 3144 358 3194 in
385 3144 658 3211 proverbiis
682 3142 881 3195 locutus
907 3159 1019 3194 sum
1041 3142 1196 3195 vobis.
1248 3140 1392 3204 Venit
1416 3140 1570 3204 liora,
1601 3155 1716 3204 cum
1732 3139 1850 3207 jam

305 3245 407 3297 non
434 3232 488 3284 in
515 3231 792 3300 proverbiis
823 3231 1005 3300 loquar
1041 3231 1194 3295 vobis,
1239 3231 1328 3286 sed
1372 3229 1546 3300 palam
1585 3229 1648 3281 de
1692 3226 1851 3286 Patre

305 3319 619 3372 annuntiabo
639 3320 794 3373 vobis.
821 3319 954 3372 Nam
976 3320 1143 3373 adhuc
1162 3319 1362 3388 parvuli
1380 3318 1608 3382 fuerant,
1625 3316 1852 3372 necdum

309 3408 600 3476 intelligere
611 3417 908 3476 potuerant,
923 3409 1184 3477 quomodo
1208 3408 1365 3462 Pater
1384 3417 1524 3463 esset
1545 3409 1598 3462 in
1624 3408 1778 3470 Filio,
1797 3407 1853 3460 et

309 3495 472 3549 Filius
500 3497 551 3548 in
579 3495 762 3559 Patre;
792 3507 847 3550 et
879 3506 1070 3550 caetera
1107 3513 1223 3565 qua:
1261 3500 1327 3550 ad
1363 3497 1622 3566 profunda
1659 3500 1852 3565 myste-’

309 3583 510 3650 riorum
537 3583 826 3637 divinitatis
852 3584 1204 3651 pertinebant,
1242 3587 1462 3638 necdum
1502 3586 1638 3637 scire
1668 3592 1852 3650 potue-

307 3681 450 3743 runt.
487 3673 606 3726 Ideo
626 3674 679 3727 in
699 3674 1010 3743 proverbiis,
1032 3675 1179 3743 quasi
1199 3675 1250 3727 in
1272 3675 1568 3744 aenigmate,
1607 3674 1750 3742 loqui
1788 3674 1852 3728 il—

310 3759 377 3829 lis
405 3760 678 3812 videbatur
710 3761 988 3824 Dominus;
1025 3762 1118 3814 sed
1143 3762 1403 3829 promittit
1439 3762 1524 3814 ille
1559 3762 1763 3825 horam,
1801 3761 1855 3814 in

310 3862 413 3914 qua
444 3847 614 3914 palam
643 3848 746 3902 illis
778 3849 842 3901 de
875 3849 1032 3902 Patre
1066 3850 1389 3917 loqueretur.
1424 3849 1568 3904 illam
1607 3851 1856 3904 nimirum

312 3935 496 3996 horam
521 3934 879 4006 significabat,
898 3951 1002 4004 qua
1026 3936 1124 3998 eis,
1149 3947 1364 4006 peracta
1383 3953 1480 3990 sua
1509 3940 1756 4006 passione
1791 3955 1856 4002 ac

310 4024 716 4089 resurrectione,
753 4025 983 4106 Spiritus
1011 4027 1178 4080 sancti
1214 4034 1328 4080 erat
1353 4028 1575 4096 gratiam
1609 4027 1852 4081 daturus.

309 4112 460 4169 Tunc
482 4117 675 4169 etenim
702 4115 1010 4184 spiritaliter
1027 4117 1168 4171 intus
1186 4117 1453 4181 instructi,
1475 4118 1696 4195 spiritali
1723 4118 1858 4171 dele-

309 4210 544 4262 ctatione
564 4211 825 4274 succensi,
848 4227 952 4278 quo
972 4211 1256 4280 perfectius
1278 4213 1455 4266 omnia
1477 4227 1593 4282 qua:
1621 4211 1686 4265 de
1716 4210 1858 4279 agni-

309 4298 450 4351 tione
465 4299 755 4352 divinitatis
773 4288 1083 4365 mortalibus
1100 4311 1250 4365 erant
1268 4305 1542 4371 capienda,
1565 4310 1817 4372 ceperunt
1836 4319 1851 4366 ;

308 4401 375 4451 eo
397 4385 665 4446 ardentius
689 4387 798 4444 sola
820 4403 937 4456 qu'e
957 4390 1022 4441 ad
1042 4389 1153 4456 ejus
1174 4375 1429 4453 visionem
1451 4392 1851 4459 promerendam

301 4470 565 4538 juvarent,
597 4484 840 4544 appetere
861 4492 923 4531 ac
949 4476 1251 4532 desiderare
1270 4489 1607 4535 curaverunt.

390 4563 547 4616 Vsus.
587 4566 672 4617 26.
689 4565 871 4618 -ιιιιι
899 4567 983 4619 die
1010 4567 1292 4620 in‘nomine
1316 4584 1427 4620 meo
1452 4571 1647 4636 potetis,
1674 4571 1724 4624 id
1747 4580 1851 4635 est,

312 4673 428 4728 quae
456 4657 520 4710 ad
547 4656 766 4709 salutem
806 4653 1164 4728 tantummodo
1201 4657 1495 4714 animarum
1533 4668 1850 4714 vestrarum.

313 4721 367 4803 et
391 4763 505 4816 qua:
536 4747 600 4800 ad
623 4747 809 4815 gaudia
830 4721 1310 4830 aeterna‘pertinere
1335 4748 1649 4817 videantur,
1673 4759 1854 4820 petere

315 4835 593 4907 incipietis.
635 4836 699 4889 Et
734 4836 960 4889 maxime
991 4846 1050 4890 ut
1087 4838 1407 4908 intelligatis,
1447 4841 1572 4908 quid
1611 4842 1678 4899 sit
1713 4842 1853 4909 quod

315 4928 423 4981 dixi
448 4943 460 4982 :
486 4928 593 4998 Ego
617 4936 664 4981 et
692 4925 846 4978 Pater
866 4929 1026 4978 unum
1052 4943 1248 4992 sumus,
1285 4930 1366 4984 vel
1403 4931 1667 4998 quomodo
1694 4931 1854 4984 Pater

314 5016 384 5069 sit
413 5015 463 5067 in
488 5031 590 5079 me,
614 5023 668 5068 et
685 5031 783 5084 ego
807 5016 856 5068 in
884 5008 1056 5068 Patre.
1099 5032 1117 5062 ι
1139 5016 1285 5069 Tunc
1309 5019 1362 5070 in
1389 5019 1506 5086 ejus
1529 5019 1740 5072 nomine
1766 5032 1854 5085 pe-

315 5111 449 5167 tunt,
478 5105 562 5170 qui
592 5112 806 5170 petunt,
837 5105 958 5173 quia
989 5105 1040 5157 in
1069 5104 1184 5159 solo
1209 5104 1327 5171 ejus
1341 5109 1552 5164 nomine
1579 5106 1735 5178 [Aug.
1755 5149 1768 5171 ,
1798 5108 1853 5161 in

314 5210 444 5250 sono
469 5195 580 5264 ejus
605 5193 849 5264 nominis]
875 5211 980 5248 non
1005 5196 1145 5249 aliud
1171 5211 1326 5264 quam
1357 5213 1441 5250 res
1467 5199 1578 5266 ipsa
1607 5209 1708 5262 est,
1736 5214 1854 5267 qua:

314 5285 416 5338 hoc
437 5285 645 5340 nomine
665 5290 902 5346 vocatur,
925 5285 1234 5354 intelligunt.
1267 5285 1328 5338 lli
1350 5296 1568 5356 possunt
1589 5297 1854 5357 utcunque

314 5373 547 5441 cogitare
566 5374 841 5427 Dominum
856 5381 1093 5426 nostrum
1109 5373 1287 5428 Iesum
1306 5375 1592 5440 Christum,
1617 5377 1668 5430 in
1687 5394 1851 5448 quan-

317 5469 425 5514 tum
466 5462 624 5515 homo
666 5471 764 5525 est,
808 5475 904 5530 pro
945 5462 1095 5514 nobis
1136 5463 1472 5533 interpellare
1515 5465 1756 5530 Patrem;
1798 5485 1850 5522 in

315 5558 564 5619 quantum
602 5552 735 5604 Deus
769 5561 869 5617 est,
897 5568 990 5606 nos
1017 5551 1265 5606 exaudire
1301 5567 1421 5606 cum
1456 5554 1628 5613 Patre.
1654 5577 1670 5608 ›
1713 5559 1850 5624 quod

1949 1812 2075 1876 rint,
2102 1811 2390 1890 majoribus
2407 1827 2503 1869 eos.
2527 1813 2682 1872 donis
2699 1820 2932 1881 paterna
2950 1813 3250 1870 dilectionis
3267 1828 3386 1869 esse
3408 1831 3494 1869 rc-

1947 1908 2284 1965 muneratos,
2314 1916 2421 1968 una
2444 1916 2565 1958 cum
2593 1901 2726 1964 Filio
2753 1911 2809 1956 et
2836 1901 3033 1971 Spiritu
3070 1910 3255 1959 sancto
3283 1919 3493 1967 amare,

1947 2005 2080 2060 quos
2101 1990 2282 2044 amore
2307 1991 2492 2059 dignos
2506 1990 2729 2066 judicat.
2769 1991 2918 2067 Quod
2942 1980 3068 2046 vero
3091 1991 3351 2061 adjunxit,
3370 1993 3495 2062 quia

1948 2094 2032 2131 vos
2057 2093 2138 2131 me
2161 2079 2365 2141 amatis,
2392 2081 2576 2138 eadem
2615 2081 2818 2134 ratione
2851 2081 3182 2138 sentiendum
3218 2089 3321 2135 est.
3359 2080 3499 2147 Qua-

1945 2170 2162 2231 propter
2187 2163 2486 2233 quicunque
2508 2164 2700 2219 Filium
2726 2172 2869 2229 recte
2895 2175 3039 2220 amat
3057 2165 3208 2236 μίση
3233 2176 3378 2222 recte
3400 2168 3492 2221 ha-

1948 2250 2084 2320 bet],
2118 2251 2257 2305 bunc
2287 2266 2404 2308 cum
2441 2251 2610 2315 Patre,
2627 2261 2681 2306 et
2708 2252 2910 2322 Spiritu
2947 2262 3134 2308 sancto
3160 2263 3303 2308 amet
3342 2255 3494 2325 μισ..

1949 2338 2114 2410 amat]
2147 2358 2158 2391 :
2190 2341 2312 2407 quia
2348 2356 2573 2408 quorum
2609 2341 2977 2409 inseparabilis
3008 2349 3091 2396 est
3125 2349 3318 2396 natura
3364 2343 3497 2399 divis

1949 2427 2145 2489 uitatis,
2174 2429 2364 2481 horum
2389 2444 2494 2482 una
2517 2430 2805 2498 eademque
2830 2437 2954 2483 sunt
2972 2431 3107 2486 dona
3129 2431 3374 2485 virtutis:
3399 2433 3500 2486 hoc

1949 2525 2061 2580 est,
2097 2517 2238 2585 quod
2271 2517 2461 2571 amatis
2485 2525 2539 2571 et
2561 2517 2777 2572 creditis
2800 2516 2931 2587 [ΔΛ.
2960 2519 3282 2590 credidistis]
3319 2522 3439 2591 quia
3460 2537 3494 2575 a

1952 2608 2060 2662 Deo
2090 2608 2243 2662 exivi.
3159 2599 3163 2602 λ

2019 2699 2179 2770 615
2204 2699 2362 2754 Vsus.
2393 2700 2480 2756 ΞΒ.
2496 2700 2728 2755 -Εςεὲυὲ
2741 2697 2965 2767 aPatre,
2979 2709 3025 2756 et
3038 2700 3216 2756 ueniin
3226 2701 3493 2767 mundum,

1949 2785 2134 2842 iterum
2159 2789 2386 2858 relinquo
2405 2790 2674 2855 mundum,
2701 2800 2748 2843 et
2772 2791 2900 2844 uado
2922 2791 2992 2844 ad
3013 2788 3245 2845 Patrem.
3279 2791 3454 2846 Exivit
3470 2805 3503 2845 a

1951 2877 2128 2939 Patre,
2154 2885 2208 2928 et
2233 2877 2376 2954 venit
2395 2877 2452 2930 in
2481 2878 2752 2941 mundum,
2784 2880 2909 2946 quia
2937 2879 3160 2933 visibilis
3185 2881 3382 2935 mundo
3405 2895 3500 2948 ap-

1949 2965 2125 3034 paruit
2139 2967 2192 3017 in
2213 2959 2560 3034 humanitate,
2585 2968 2676 3033 qui
2694 2975 2810 3020 erat
2829 2968 3105 3022 invisibilis
3125 2971 3265 3038 apud
3283 2970 3496 3024 Patrem

1951 3059 2004 3111 i-n
2042 3058 2341 3121 divinitate;
2380 3039 2544 3118 eiivit
2574 3074 2606 3113 a
2643 3059 2823 3121 Patre,
2859 3059 2984 3128 quia
3013 3074 3118 3113 non
3151 3060 3205 3113 in
3241 3075 3305 3114 ea
3330 3045 3536 3117 iorma'

1950 3163 2054 3217 qua
2079 3149 2298 3217 aequalis
2322 3158 2404 3203 est
2425 3149 2592 3214 Patri,
2620 3150 2714 3204 sed
2736 3151 2789 3202 in
2814 3157 3082 3220 assumpta
3116 3158 3363 3205 creatura
3395 3149 3501 3204 mi-

1950 3255 2052 3300 nor
2068 3240 2330 3308 apparuit.
2369 3239 2437 3292 Et
2465 3241 2598 3312 venit
2621 3242 2675 3293 in
2700 3240 2968 3304 mundum,
2993 3241 3118 3309 quia
3151 3240 3204 3294 in
3231 3255 3292 3294 ea
3321 3238 3491 3294 forma

1950 3330 2089 3386 servi
2107 3344 2266 3398 quam
2289 3329 2508 3396 accepit,
2533 3315 2691 3416 etiam
2714 3330 2896 3384 mundi
2918 3328 3076 3397 hujus
3096 3313 3424 3383 amatoribus
3445 3344 3501 3381 se

1950 3418 2229 3482 videndum
2268 3418 2509 3484 prmbuit.
2544 3417 2739 3473 lterum
2774 3417 2987 3485 reliquit
3023 3419 3307 3483 mundum,
3333 3427 3387 3472 et
3415 3432 3501 3472 re-

1951 3507 2048 3561 diit
2081 3509 2146 3560 ad
2171 3508 2404 3572 Patrem,
2443 3508 2566 3576 quia
2605 3508 2672 3561 ab
2704 3497 2922 3577 aspectu
2958 3516 3256 3564 amatorum
3292 3512 3496 3584 mundi,

1950 3600 2090 3669 quod
2119 3601 2376 3664 viderant,
2406 3599 2641 3659 abstulit,
2667 3606 2720 3654 et
2746 3589 2814 3654 se‘
2829 3598 3157 3668 amatoribus
3179 3599 3290 3652 suis
3321 3613 3498 3666 aqua-

1952 3690 2054 3744 lem
2082 3687 2228 3746 P-i'tri
2247 3703 2364 3742 esse
2384 3685 2699 3764 credendum
2729 3687 2926 3760 docuit.
2965 3685 3198 3753 Reliquit
3220 3686 3495 3748 mundum,

1952 3789 2007 3834 et
2031 3779 2187 3836 rediit
2213 3778 2280 3833 ad
2305 3777 2535 3841 Patrem,
2556 3777 2679 3845 quia
2701 3776 3084 3841 humanitatem
3109 3789 3268 3842 quam
3307 3772 3496 3847 induit,

1954 3885 2049 3939 per
2081 3868 2456 3922 ascensionem
2500 3867 2565 3920 ad
2607 3865 2890 3919 invisibilia
2927 3874 3163 3936 paterna:
3206 3862 3501 3931 maiestatis

1955 3959 2190 4012 adduxit.
2228 3959 2350 4013 Haec
2371 3958 2584 4026 quidem
2604 3958 2764 4012 verba
2784 3956 2990 4010 Domini
3017 3941 3259 4028 mystica,
3287 3964 3340 4008 et
3367 3954 3504 4008 sicut

1957 4051 2068 4118 ipse
2099 4059 2340 4116 testatur,
2376 4053 2429 4103 in
2462 4051 2740 4120 proverbiis
2767 4059 2891 4104 sunt
2919 4050 3082 4104 dicta.
3126 4048 3230 4132 sed
3257 4047 3501 4118 discipuli

1955 4138 2147 4206 quibus
2171 4139 2479 4192 dicebantur
2504 4139 2635 4192 adeo
2655 4139 2897 4192 carnales
2925 4139 3097 4194 adhuc
3121 4146 3293 4202 erant,
3313 4146 3380 4205 ut
3412 4153 3501 4192 eo-

1955 4242 2072 4280 rum
2110 4226 2521 4293 profunditatem
2554 4227 2769 4279 minime
2805 4234 3090 4291 caperent;
3121 4233 3173 4277 ct
3199 4241 3302 4277 non
3331 4225 3509 4300 solum,

1953 4327 2146 4371 arcana
2169 4314 2446 4374 dictorum,
2472 4313 2564 4366 sed
2607 4327 2704 4366 nec
2745 4314 2911 4379 ipsam
2955 4312 3304 4380 ignorantiam
3351 4325 3500 4376 suam

1954 4399 2326 4468 intelligerent,
2347 4408 2592 4467 putantes
2613 4400 2922 4469 simpliciter
2945 4407 2999 4452 et
3025 4399 3250 4454 dilucide
3272 4401 3500 4466 prolata,

1953 4493 2203 4560 quaa‘non
2230 4489 2641 4559 intelligentibus
2663 4490 2941 4557 proverbia
2965 4499 3116 4544 erant
3141 4508 3153 4542 :
3177 4499 3228 4542 et
3250 4490 3504 4543 continuo

1963 4580 2379 4648 responderunt:
2417 4577 2597 4649 (Vsus.
2622 4578 2712 4648 29)
2737 4578 2871 4632 Ecce
2899 4596 3032 4631 nunc
3059 4578 3230 4649 palam
3259 4580 3497 4648 loqueris,

1954 4681 2002 4724 et
2027 4671 2344 4743 prouerbium
2377 4669 2573 4721 nullum
2601 4670 2747 4722 dicis.
2775 4668 2966 4721 'Palam
3005 4669 3166 4738 igitur
3201 4685 3318 4723 eum
3357 4669 3505 4738 loqui,

1952 4759 2300 4820 aestimabant,
2329 4757 2480 4824 cujus
2514 4757 2768 4824 mysteria
2802 4757 3064 4810 dictorum
3097 4749 3319 4812 necdum
3355 4773 3499 4811 com-

1952 4846 2280 4913 prehendere
2303 4847 2562 4899 valebant.
2593 4843 2740 4909 Quod
2766 4854 2942 4901 autem
2964 4848 3252 4916 adjungunt
3277 4865 3288 4897 :
3315 4846 3498 4916 (Vsus.

1953 4933 2044 5005 30)
2082 4933 2236 4986 Nunc
2256 4937 2464 4998 scimus,
2489 4935 2610 5002 quia
2632 4934 2730 4986 scis
2753 4936 2946 4999 omnia,
2979 4947 3026 4989 et
3056 4953 3155 4989 non
3182 4951 3306 5004 opus
3329 4945 3401 4988 est
3431 4936 3491 5000 tt}

1953 5022 2004 5074 bi
2040 5033 2094 5074 ut
2119 5024 2233 5091 quis
2259 5032 2307 5076 te
2334 5025 2626 5090 interroget.
2666 5021 2732 5075 In
2759 5023 2853 5076 hoc
2879 5025 3160 5088 credimus,
3189 5025 3309 5094 quia
3334 5041 3365 5074 a
3390 5023 3500 5080 Dav

1953 5113 2124 5164 exiisti
2145 5129 2162 5166 :
2185 5123 2364 5180 aperte
2383 5112 2663 5166 ostendunt
2687 5112 2810 5179 quia
2847 5113 3067 5181 loquens
3100 5115 3166 5170 ad
3199 5128 3289 5167 eos
3323 5112 3502 5166 Domi-

1957 5217 2075 5265 nus,
2111 5203 2175 5256 de
2205 5203 2288 5256 his
2317 5202 2543 5254 maxime
2590 5202 2914 5269 diSputabat,
2949 5220 3066 5274 qua:
3115 5205 3230 5258 illos
3272 5203 3500 5257 delecta-

1954 5289 2045 5343 bat
2064 5293 2246 5344 audire
2271 5298 2322 5342 et
2345 5305 2462 5357 qua:
2491 5290 2562 5357 illi
2592 5291 2925 5363 interrogare
2949 5295 3209 5350 volebant.
3240 5291 3362 5345 Haec
3389 5293 3501 5362 ipse

1952 5380 2280 5446 pmveniens
2307 5367 2416 5443 eos,
2448 5379 2587 5434 ultro
2612 5371 2952 5449 proferebat;
2972 5381 3110 5434 unde
3137 5380 3324 5436 merito
3354 5379 3498 5435 illum

1952 5472 2086 5524 scire
2116 5471 2291 5523 omnia
2321 5473 2469 5538 quasi
2496 5473 2683 5538 Deum,
2709 5484 2761 5529 ct
2785 5476 2946 5542 quasi
2967 5475 3053 5528 Dei
3099 5475 3286 5528 Filium
3321 5490 3348 5527 a
3391 5476 3499 5529 Deo

1953 5561 2154 5627 venisse
2183 5561 2405 5617 credunt
2433 5573 2482 5617 et
2513 5565 2842 5619 conﬁtentur.
2889 5564 3137 5633 Apertum
3169 5580 3394 5634 namque
3419 5565 3494 5620 di-
