4266 6202
686 298 789 352 959

1518 305 1575 358 Β.
1619 307 1676 358 Ρ.
1715 306 1932 359 ALBL‘il
1973 305 2098 359 5η
2136 308 2405 361 ALCUNI
2443 309 2715 364 OPERL‘H
2756 309 2925 365 PARS
2962 312 3022 364 ll.

3769 316 3870 370 960

680 410 912 462 vinitatis
961 409 1214 465 indicium
1258 421 1338 466 est
1388 416 1762 482 cogitatlonum
1809 431 1964 470 nosse
2005 425 2226 470 secreta.
2259 420 2307 477 Α
2332 432 2594 485 mepacem
2620 419 2864 472 habeatis.
2900 417 3012 473 Non
3040 428 3238 473 tantum
3267 423 3331 474 ad
3354 423 3465 476 hac
3484 423 3643 478 verba
3661 425 3878 494 respicit

753 497 908 550 Vens.
939 497 1253 552 32.—Ecce
1292 502 1422 553 venit
1461 501 1607 562 hora,
1651 513 1698 555 et
1725 503 1840 571 jam
1882 494 2037 567 cenit,
2076 514 2130 556 ut
2160 503 2234 555 di-

679 586 987 650 spergamini
1015 588 1355 657 unusquisque
1382 590 1435 641 in
1457 592 1684 658 propria.
1727 590 1881 644 Venit
1902 591 2080 659 itaque
2102 591 2230 644 hora

681 676 944 740 passionis
970 689 1116 735 meae,
1139 691 1242 744 qua
1272 678 1416 731 solus
1439 679 1671 734 torcular
1707 681 1914 734 calcare
1951 681 2140 744 habeo,
2178 691 2232 734 et

682 777 837 813 nemo
866 761 1008 832 [nec]
1035 763 1221 817 saltem
1256 779 1322 818 es
1361 765 1508 820 vobis
1541 782 1750 822 mecum
1789 769 2100 832 remanebit,
2140 770 2232 824 sed

682 847 1056 918 dispergemini
1089 852 1140 904 in
1179 853 1410 920 propria,
1453 854 1505 907 id
1540 864 1643 918 est,
1680 864 1872 910 vestrm
1908 856 2231 909 infidelitatis

681 936 890 990 timore.
931 937 1090 1003 Quasi
1120 939 1319 992 diceret
1342 957 1357 992 :
1380 939 1455 993 ita
1484 942 1941 1008 perturbabimini,
1975 950 2031 995 ut
2071 943 2230 997 etiam

681 1028 948 1093 quomodo
966 1043 1059 1082 vos
1079 1029 1234 1083 modo
1255 1031 1473 1084 credere
1494 1033 1710 1099 putatis,
1733 1034 1950 1086 omnino
1969 1033 2226 1103 relinqua-

683 1116 770 1170 tis.
813 1116 1080 1171 Venerunt
1104 1119 1245 1172 enim
1270 1121 1337 1173 ad
1362 1127 1563 1174 tantam
1589 1121 2010 1191 desperationem
2044 1130 2097 1174 et
2124 1136 2232 1174 sua:

682 1203 802 1258 fidei
825 1206 1165 1270 oblivionem,
1196 1216 1255 1260 ut
1293 1222 1390 1262 nec
1423 1209 1549 1277 quid
1590 1219 1712 1262 ante
1743 1211 2020 1264 crederent
2057 1225 2232 1266 recor-

683 1292 792 1345 dati
824 1295 948 1347 sint.
990 1294 1125 1349 Ecce
1143 1297 1407 1365 quomodo
1426 1312 1546 1351 eum
1576 1298 1918 1366 reliquerant,
1942 1300 2231 1355 deserendo

683 1382 842 1434 otiam
869 1383 1034 1450 ipsam
1066 1384 1221 1438 tidem
1251 1402 1353 1455 qua
1379 1388 1432 1441 in
1458 1403 1578 1443 eum
1604 1372 1956 1458 crediderant.
1983 1389 2038 1444 in
2058 1405 2120 1444 ea
2143 1406 2230 1444 vo-

683 1487 744 1525 ro
780 1487 1024 1538 pressura
1050 1489 1210 1541 quam
1238 1484 1356 1544 post
1397 1478 1510 1546 ejus
1545 1477 1982 1548 glorilieationem
2014 1491 2231 1550 accepto

685 1559 883 1626 Spiritu
915 1571 1099 1615 sancto
1135 1563 1483 1632 pertulerunt,
1511 1581 1616 1620 non
1642 1581 1762 1620 eum
1792 1567 2150 1636 reliquerunt:
2180 1577 2234 1622 et

683 1651 925 1719 quamvis
949 1649 1189 1720 fugerent
1217 1654 1281 1706 de
1307 1655 1519 1708 civitate
1556 1656 1610 1709 in
1643 1657 1929 1720 civitatem,
1960 1660 2025 1713 ad
2060 1653 2232 1726 ipsum

2335 519 2452 571 qua:
2467 506 2551 560 hic
2565 506 2616 558 in
2633 515 2815 561 sancto
2828 508 3068 561 convivio
3080 508 3284 564 locutus
3296 513 3484 576 esteis,
3501 512 3592 567 sed
3613 513 3678 570 ad
3694 516 3875 570 omnia

2331 607 2448 660 qua:
2464 593 2529 646 ab
2547 593 2698 646 initio
2718 594 3055 662 discipulatus
3074 611 3258 650 eorum
3279 597 3360 652 vel
3381 599 3710 668 loquebatur,
3721 602 3807 658 vel
3821 604 3875 658 in

2331 682 2610 749 pnesentia
2641 683 2848 738 illorum
2872 683 3096 758 agebat:
3122 686 3236 740 hac
3260 690 3436 741 omnia
3473 689 3540 742 ad
3578 691 3680 745 hoc
3712 692 3876 760 perti-

2331 778 2476 832 nent,
2503 779 2560 822 ut
2587 785 2770 840 pacem
2808 771 3093 828 habeamus
3129 772 3182 826 in
3209 774 3325 845 illo,
3360 774 3485 829 licet
3514 789 3788 845 pressura
3823 785 3877 834 et

2331 859 2723 926 persecutiones
2741 860 3080 928 patiamur-in
3106 863 3322 917 mundo.
3353 862 3461 936 [Et]
3490 865 3544 918 in
3569 881 3757 936 magna
3781 883 3875 937 spe

2329 947 2706 1001 consolationis
2726 948 2990 1002 concludit
3016 949 3129 1004 haec
3153 952 3315 1005 verba
3339 969 3351 1004 :
3376 951 3480 1007 Sed
3504 954 3758 1022 conﬁdite,
3781 972 3873 1024 ego

2329 1039 2425 1092 vici
2456 1039 2722 1092 mundam.
2767 1038 2881 1094 Non
2905 1041 3046 1094 enim
3071 1051 3228 1112 caput
3254 1042 3309 1096 in
3333 1057 3390 1097 se
3411 1043 3756 1108 solummodo,
3783 1046 3876 1100 sed

2330 1115 2490 1180 etiam
2520 1127 2572 1180 in
2600 1128 2851 1182 membris
2884 1129 2996 1184 suis
3024 1130 3152 1185 vicit
3192 1130 3462 1187 mundum.
3503 1131 3624 1188 Ideo
3662 1147 3768 1189 non
3809 1134 3876 1188 ti-

2330 1215 2533 1295 menda
2557 1225 2681 1270 sunt
2699 1218 3092 1288 persecutiones
3118 1217 3272 1287 hujus
3297 1221 3496 1276 mundi.
3531 1221 3598 1277 Et
3625 1221 3739 1277 hac
3756 1236 3876 1277 om-

2329 1305 2415 1356 nia
2442 1311 2565 1358 sunt
2584 1305 2806 1373 agenda,
2826 1314 2886 1359 ut
2903 1320 3087 1376 pacem
3109 1307 3396 1364 habeamus
3415 1310 3468 1364 in
3486 1309 3599 1365 illo.
3632 1328 3653 1362 ι
3679 1311 3708 1351 δ
3727 1309 3875 1366 Hanc

2327 1394 2468 1456 enim
2498 1399 2710 1456 causam
2747 1397 3135 1457 commendavit
3169 1400 3429 1455 sermonis
3460 1401 3565 1465 sui,
3603 1410 3660 1455 ut
3694 1402 3749 1456 ln
3784 1401 3875 1456 illo

2328 1498 2510 1552 pacem
2555 1485 2843 1550 baberent,
2886 1495 3103 1564 propter
3139 1501 3298 1556 quam
3342 1486 3625 1543 Christiani
3668 1504 3869 1546 sumus.

2330 1571 2452 1630 Hac
2470 1573 2612 1639 enim
2639 1588 2739 1643 pax
2769 1573 2924 1642 tinem
2955 1575 3206 1645 temporis
3233 1591 3338 1634 non
3361 1575 3606 1642 habebit;
3625 1585 3681 1632 et
3699 1579 3874 1634 omnis

2327 1664 2427 1731 piae
2460 1650 2659 1718 nostra:~
2690 1664 2998 1719 intentionis
3043 1665 3366 1735 actionisque
3410 1663 3552 1729 linis,
3593 1666 3706 1735 ipsa
3749 1665 3870 1719 erit.

686 1740 1014 1809 refrigeretur
1061 1739 1209 1812 [Νι.
1264 1743 1332 1796 ab
1378 1744 1491 1812 ipso
1534 1759 1639 1799 non
1701 1744 2046 1817 refugerunt].
2099 1749 2232 1802 Dato
2261 1740 2306 1799 Β
2333 1750 2555 1820 Propter
2589 1751 2724 1805 banc
2765 1753 3111 1806 sacramentis
3151 1753 3266 1821 ejus
3311 1752 3614 1816 lmbnlmur,
3658 1761 3877 1822 propter

682 1832 873 1903 quippe
903 1835 1005 1889 illis
1039 1835 1239 1905 Spiritu
1275 1846 1478 1901 sancto,
1524 1838 1719 1892 factum
1755 1848 1836 1894 est
1879 1839 1933 1892 in
1978 1839 2057 1892 eis
2095 1839 2236 1908 quod

683 1939 823 1977 nunc
863 1925 1062 1979 dictum
1107 1936 1190 1980 est
1230 1928 1308 1981 eis
1339 1947 1348 1978 :
1375 1927 1786 1997 Conﬁdite,-ego
1827 1930 1923 1983 eici
1966 1930 2231 1982 mundum.

689 2027 707 2062 ε
746 2023 770 2049 ι
799 2011 1141 2066 Conliderunt
1164 2023 1218 2067 et
1243 2016 1501 2070 vicerunt.
1533 2016 1589 2070 in
1610 2033 1733 2086 quo,
1763 2019 1864 2073 nisi
1899 2020 1950 2072 in
1974 2019 2100 2072 illo?
2121 2018 2234 2074 Non

681 2103 823 2158 enim
849 2105 1062 2159 vicisset
1085 2105 1214 2177 [ille]
1241 2108 1511 2172 mundum,
1535 2110 1579 2164 si
1603 2111 1836 2165 membra
1858 2111 1973 2179 ejus
1999 2113 2235 2168 vinceret

683 2197 929 2252 mundus.
981 2197 1126 2251 Unde
1161 2198 1235 2251 alt
1270 2197 1815 2267 Apostolus:6ratias
1857 2200 1984 2264 Deo,
2017 2203 2103 2272 qui
2143 2203 2231 2255 dat

683 2285 826 2340 nobis
849 2287 1142 2352 victoriam;
1167 2289 1520 2356 continuoque
1545 2288 1768 2356 subjecit
1796 2306 1809 2341 :
1837 2285 1938 2344 Per
1955 2290 2230 2344 Dominam

683 2385 913 2440 nostrum
943 2375 1119 2428 Iesum
1146 2373 1406 2430 Christum
1431 2376 1485 2448 (1
1513 2375 1632 2432 Cor.
1664 2394 1750 2441 xv,
1776 2377 1890 2448 57),
1914 2378 2003 2446 qui
2028 2378 2232 2433 dixerat

684 2463 831 2517 suis:
856 2461 1124 2532 Conﬁdite,
1155 2466 1277 2536 quia
1304 2483 1396 2536 ego
1434 2468 1528 2521 rici
1565 2468 1831 2521 mundum.
1857 2489 1875 2520 ι
1919 2466 2233 2522 Sermonem

683 2556 754 2610 ita
776 2556 1074 2611 concludit:
1099 2557 1280 2623 (Vens.
1313 2557 1401 2625 33)
1428 2555 1774 2613 Haeclocutus
1789 2576 1901 2613 sum
1924 2560 2078 2622 vobis,
2103 2568 2158 2611 ut
2181 2561 2233 2614 in

753 2698 778 2725 ι
811 2685 887 2740 Es
923 2684 982 2740 S.
1021 2686 1176 2758 Aug,
1217 2694 1369 2741 tract.
1407 2703 1522 2750 cm,
1562 2703 1707 2742 num.
1745 2689 1794 2742 3.

2331 1841 2470 1901 hanc
2498 1840 2828 1896 mirabilibus
2851 1841 2966 1910 ejus
2989 1841 3236 1914 operibus
3259 1851 3313 1897 et
3339 1842 3672 1901 sermonibus
3698 1845 3875 1899 erudi-

2332 1944 2471 1992 mur,
2493 1937 2710 2011 propter
2731 1929 2868 1986 hanc
2891 1915 3146 2000 Spiritum
3178 1931 3294 2011 ejus
3327 1931 3518 2001 pignus
3550 1932 3874 2012 accepimus,

2330 2027 2543 2087 propter
2568 2019 2704 2073 hanc
2728 2019 2782 2072 in
2810 2034 2931 2073 eum
2957 2019 3222 2074 credimus
3253 2027 3309 2073 et
3339 2033 3635 2089 speramus,
3672 2027 3728 2073 ut
3761 2018 3877 2086 ejus

2331 2124 2532 2172 amore,
2575 2117 2829 2176 quantum
2872 2109 2985 2178 ipse
3034 2108 3214 2172 donat,
3252 2105 3543 2162 elﬁciamur
3577 2107 3758 2179 digni;
3781 2122 3877 2176 per

2332 2200 2469 2255 hanc
2504 2214 2686 2269 pacem
2721 2200 2773 2254 in
2812 2201 3075 2269 pressaris
3102 2200 3346 2255 omnibus
3379 2200 3742 2265 consolamur;
3781 2215 3878 2282 per

2332 2295 2471 2348 hanc
2488 2301 2541 2348 et
2563 2309 2591 2348 a
2611 2294 2874 2363 pressaris
2893 2293 3140 2350 omnibus
3158 2292 3476 2357 liberamur;
3501 2301 3718 2363 propter
3739 2293 3877 2348 hanc

2332 2400 2541 2441 omnem
2573 2385 2966 2448 tribulationem
2991 2382 3199 2441 fortiter
3222 2386 3563 2450 sustinemus,
3591 2389 3651 2436 ut
3686 2381 3739 2435 ln
3775 2381 3878 2444 hac

2334 2477 2446 2531 sine
2475 2475 2584 2528 ulla
2612 2473 2948 2528 tribulatione
2974 2486 3270 2542 regnemus.
3300 2461 3332 2524 s‘
3362 2469 3625 2540 Sequltur.

2402 2687 2431 2726 δ
2461 2687 2537 2740 Ex
2572 2687 2779 2751 eodem,
2815 2693 2969 2741 tract.
3007 2701 3113 2748 etv,
3153 2699 3297 2740 num.
3341 2685 3395 2747 t.

1714 2913 1878 2986 θιθ
1925 2925 2214 3016 LIBER
2273 2925 2797 3011 SEPTIMUS.

2103 3059 2493 3073 ἡ

1210 3115 1432 3172 cum
1469 3114 1711 3182 xxxrx,

682 3226 762 3288 Ad
802 3224 1009 3278 Patrem
1042 3225 1106 3278 de
1141 3223 1508 3292 clariﬁcatione
1543 3239 1638 3292 sua
1679 3222 1912 3290 loquens,
1952 3222 2231 3292 discipulos

750 3294 949 3364 prolixa
980 3290 1357 3364 et’Lmultimo'da
1381 3290 1731 3360 prosecutione
1749 3290 2091 3355 commendat,
2116 3308 2234 3361 pas-

750 3360 892 3418 sione
915 3363 1147 3432 protinus
1168 3360 1480 3413 imminente.

653 3470 656 3471 ⁷
749 3469 928 3525 (lavor
955 3485 1086 3534 xvn,
1116 3469 1275 3523 Vens.
1308 3465 1738 3524 L—suumm
1781 3469 1932 3523 Iesus
1980 3470 2141 3524 oculis
2179 3472 2232 3523 in

684 3558 862 3615 calum
890 3559 1017 3612 dixit
1039 3572 1058 3611 :
1081 3555 1262 3622 Pater,
1286 3559 1416 3612 venit
1431 3559 1583 3622 liora,
1603 3557 1830 3626 clari/ica
1851 3556 2045 3610 Filium
2066 3567 2228 3610 tuum.

681 3648 859 3704 Potuit
877 3649 1094 3703 silenter
1115 3649 1228 3703 bzee
1244 3647 1431 3702 eadem
1449 3649 1606 3701 verba
1630 3647 1884 3702 orationis
1903 3645 2045 3701 Patri
2072 3647 2234 3703 Filius

681 3739 888 3801 dicere;
913 3739 1003 3792 sed
1023 3742 1196 3791 oratio
1215 3735 1332 3790 Filii
1351 3737 1587 3790 doctrina
1611 3746 1692 3791 est
1711 3737 2113 3809 discipulorum,
2137 3753 2233 3793 nec

683 3844 787 3888 non
819 3837 871 3882 et
897 3843 1080 3882 eorum
1118 3828 1208 3897 qui
1248 3827 1457 3882 illorum
1489 3827 1729 3896 exempla
1760 3828 1910 3895 sequi
1946 3827 2236 3882 voluissent

686 3918 836 3992 ιλιι,
877 3918 1183 3989 voluerint],
1221 3919 1304 3971 vel
1339 3934 1522 3973 eorum
1569 3919 1764 3987 scripta
1804 3904 1996 3992 legere.
2046 3918 2230 3972 Dixit:

642 4055 645 4057 _
687 3988 1003 4063 Venithoru.
1035 4007 1173 4062 Hora
1196 4007 1373 4077 itaque
1392 4008 1654 4080 passionis
1672 3988 2077 4078 appropinquat.
2114 4005 2233 4060 Cla-

684 4096 830 4164 riﬁca
875 4095 1067 4149 Filium
1109 4106 1276 4160 tuum,
1329 4097 1379 4150 id
1417 4105 1520 4160 est,
1564 4083 1966 4151 resurrectionis
2011 4096 2231 4168 gloriam

682 4170 944 4254 praecedat
965 4185 1232 4238 humilius
1252 4185 1535 4253 passionis,
1564 4193 1618 4238 et
1645 4185 1998 4251 subsequatur
2019 4185 2126 4238 cito
2154 4199 2234 4238 re

684 4276 1029 4330 surrectionis
1075 4275 1402 4330 clariﬁcatio.
1461 4274 1712 4343 Sequitur
1751 4293 1762 4326 :
1807 4272 1872 4328 Ut
1914 4272 2080 4327 Elius
2116 4284 2234 4328 tuus

684 4364 928 4430 ctariﬁcet
965 4374 1029 4416 te.
1070 4364 1390 4418 Clarilicatio
1417 4363 1592 4417 Patris
1618 4372 1814 4418 aeterna
1848 4375 1950 4427 est,
1987 4378 2103 4432 quae
2137 4379 2235 4419 nec

2253 3115 2302 3177 ο
2330 3130 2488 3182 quam
2521 3114 2711 3171 dedisti
2733 3114 2808 3174 ei.
2841 3110 2932 3172 Sic
2953 3111 3096 3166 enim
3123 3111 3332 3168 dedisti.
3370 3111 3553 3182 (Vens.
3575 3114 3654 3183 5.)
3681 3106 3749 3167 ω
3766 3130 3882 3168 ouk

2333 3219 2395 3257 ne
2416 3203 2552 3274 quod
2576 3203 2764 3256 dedisti
2783 3203 2853 3269 ei,
2874 3200 2958 3256 det
2982 3200 3054 3253 eis
3079 3197 3231 3262 vitam
3251 3209 3515 3263 (sternam.
3558 3201 3687 3260 Haec
3706 3212 3783 3264 est
3803 3205 3878 3258 si-

2330 3302 2384 3344 ta
2403 3300 2618 3355 cterna,
2633 3301 2687 3344 ut
2702 3299 3006 3360 cognoscant
3026 3297 3072 3342 te
3087 3287 3254 3342 solum
3275 3305 3446 3343 verum
3465 3289 3876 3361 Deum,stquem

2328 3381 2512 3435 misisti
2536 3379 2712 3434 Iesum
2741 3377 3020 3432 Christum.
3056 3376 3198 3431 Ordo
3218 3377 3495 3431 verborum
3517 3385 3626 3439 est,
3657 3386 3716 3432 nt
3740 3386 3792 3433 te
3819 3388 3878 3433 et

2329 3485 2486 3545 quem
2537 3468 2728 3522 misisti
2768 3465 3033 3522 Christum
3087 3463 3269 3520 Iesum
3322 3473 3645 3535 cognoscant
3703 3465 3876 3521 mum

2330 3557 2493 3612 Deum
2531 3570 2732 3611 verum.
2756 3574 2773 3606 ι
2814 3554 2974 3608 Plena
3010 3553 3238 3623 cognitio
3277 3551 3368 3607 Dei
3402 3551 3573 3607 Patris
3597 3561 3652 3607 et
3676 3551 3796 3608 Filii
3818 3562 3878 3608 et

2330 3646 2557 3717 Spiritus
2599 3645 2766 3700 sancti
2802 3645 2957 3714 plena
2992 3654 3074 3699 est
3121 3651 3175 3696 et
3212 3641 3447 3710 perfecta
3489 3641 3599 3695 vita
3639 3650 3873 3707 mterna;

2328 3736 2560 3807 perfecta
2591 3737 2698 3790 vita
2725 3743 2946 3796 aeterna,
2984 3725 3186 3786 summa
3214 3730 3482 3785 beatitudo
3507 3738 3628 3795 est;
3668 3745 3873 3786 summa

2330 3825 2601 3880 beatitudo
2635 3839 2740 3878 non
2773 3830 2874 3886 est,
2912 3822 3014 3876 nisi
3051 3822 3104 3873 in
3141 3820 3246 3875 vita
3281 3829 3498 3875 :eterna.
3536 3819 3658 3875 Ideo
3693 3819 3828 3875 dixit
3857 3839 3875 3873 :

2332 3914 2459 3968 Hm:
2487 3923 2560 3968 est
2585 3915 2686 3967 vita
2709 3922 2924 3976 aeterna,
2949 3921 3005 3964 ut
3025 3917 3333 3980 cognoscant
3365 3917 3435 3971 te,
3469 3919 3518 3962 et
3549 3924 3700 3979 quem
3734 3910 3876 3962 misi-

2329 4005 2395 4056 sti
2424 4002 2602 4065 Iesum
2628 4002 2890 4072 Christum
2920 4000 3088 4060 solum
3113 4009 3168 4063 et
3190 4011 3375 4052 verum
3401 3995 3586 4052 Deum.

2400 4101 2558 4160 Vens.
2599 4099 2652 4162 4,
2677 4098 2882 4170 —Eg_o_
2908 4107 2956 4151 te
2991 4095 3268 4162 clari/ﬁcari
3301 4110 3463 4163 super
3489 4103 3711 4158 terram,
3747 4111 3875 4165 opus

2332 4186 2676 4253 consummari
2709 4184 2846 4253 quod
2881 4182 3066 4236 dedisti
3101 4181 3227 4240 mihi
3264 4190 3320 4234 ut
3357 4181 3567 4250 faciam.
3623 4181 3760 4248 Quid
3794 4193 3878 4239 est

2332 4275 2472 4343 quod
2490 4257 2757 4343 przeterito
2783 4280 3018 4341 tempore
3045 4269 3241 4338 posuit,
3269 4269 3550 4336 clariﬁcavi
3567 4277 3616 4323 et
3636 4284 3875 4324 consum-

2335 4365 2490 4426 mari,
2516 4371 2571 4417 et
2597 4362 2776 4424 statim
2793 4360 3061 4430 subjunxit
3088 4358 3250 4412 futuri
3276 4358 3529 4426 temporis
3552 4358 3771 4413 verbum
3794 4355 3876 4423 fa»

686 4455 863 4524 augeri
891 4469 988 4507 nec
1013 4454 1174 4507 minui
1214 4463 1406 4522 potest.
1448 4455 1551 4509 Sed
1579 4455 1692 4509 hac
1717 4455 2112 4510 clariﬁcatio-ad
2136 4470 2231 4510 no-
2262 4432 2308 4490 ί)
2330 4453 2486 4514 ciam,
2513 4451 2612 4503 nisi
2637 4450 2777 4520 quod
2799 4449 2975 4503 omnia
2995 4447 3102 4512 Deo
3125 4453 3248 4500 sunt
3267 4445 3570 4524 praemia,
3596 4453 3651 4499 et
3669 4445 3724 4501 in
3741 4443 3875 4500 divi-

686 4546 855 4598 titiam
885 4543 975 4598 Dei
1003 4544 1174 4599 Patris
1201 4547 1452 4614 pertinet,
1481 4554 1540 4598 ut
1566 4547 1968 4600 resurrectionis
1987 4548 2152 4616 gloria
2179 4547 2229 4598 in

684 4635 819 4689 Filio
840 4647 1074 4704 peracta,
1104 4637 1453 4691 innotesceret
1481 4637 1621 4690 Deus
1656 4635 1815 4690 Pater
1851 4637 1902 4688 in
1942 4645 2050 4689 toto
2083 4637 2230 4699 orbe,

686 4725 775 4793 qui
804 4734 924 4776 ante
955 4727 1005 4777 in
1035 4723 1228 4779 Iudaeis
1259 4726 1620 4789 tantummodo
1649 4735 1804 4778 notus
1832 4734 1963 4779 erat.
2011 4743 2027 4774 ι
2063 4737 2085 4763 ι
2114 4723 2232 4776 Cla-

687 4814 832 4882 riﬁca
870 4811 1064 4865 Filium
1102 4823 1266 4876 tuum,
1295 4825 1347 4865 ut
1375 4813 1544 4867 Filius
1573 4827 1688 4868 tuus
1714 4815 1958 4882 clariﬁcet
1985 4824 2048 4874 te,
2081 4814 2232 4883 quasi

685 4905 902 4958 dixisset
928 4923 938 4956 :
965 4903 1236 4957 Resuscita
1260 4919 1365 4966 me,
1389 4913 1447 4956 ut
1467 4905 1767 4958 innotescas
1788 4906 1840 4972 in
1864 4914 1974 4959 toto
1995 4905 2122 4959 orbe
2138 4919 2234 4973 per

690 5009 789 5049 me.
805 4994 1106 5062 »Sequitur:
1128 4995 1306 5064 (Vens.
1323 4995 1398 5065 ‘2.)
1418 4993 1559 5048 Sicut
1573 4993 1756 5046 dedisti
1771 4993 1816 5045 ei
1824 5003 2118 5070 potestatem
2132 5007 2235 5045 om-

687 5089 766 5144 nis
791 5088 980 5139 carnis.
1014 5087 1068 5139 Id
1089 5096 1190 5152 est,
1221 5087 1394 5140 omnis
1411 5085 1658 5145 hominis,
1677 5099 1703 5135 τι
1724 5092 1872 5153 parte
1896 5090 2085 5151 totum,
2108 5096 2232 5136 caro

687 5194 782 5244 pro
814 5177 1043 5231 homine.
1086 5175 1207 5228 llaec
1241 5185 1313 5228 ait
1351 5185 1412 5244 ut.
1444 5176 1745 5228 ostenderet
1780 5173 1944 5241 magis
1971 5186 2034 5223 ac
2063 5172 2233 5240 magis

686 5265 947 5331 quomodo
981 5265 1366 5317 clariﬁcaturus
1402 5272 1539 5315 esset
1576 5263 1805 5317 Patrem.
1867 5280 1885 5313 s
1915 5260 2064 5315 Sicut
2109 5276 2232 5330 ergo

690 5354 874 5406 dedisti
887 5355 935 5405 ei
950 5361 1286 5420 potestatem,
1317 5352 1506 5420 inquit,
1537 5354 1706 5406 omnis
1731 5352 1926 5414 carnis,
1953 5351 2022 5403 ita
2051 5359 2101 5403 te
2122 5349 2229 5420 cla-

694 5446 857 5495 iilicct
893 5442 1084 5502 Filius;
1129 5443 1178 5495 id
1213 5453 1313 5503 est,
1359 5452 1537 5496 notum
1588 5451 1635 5494 te
1683 5442 1837 5495 faciat
1883 5441 2023 5493 omni
2061 5439 2228 5499 carui.

758 5610 783 5638 ι
824 5599 898 5652 Et
939 5599 993 5651 S.
1032 5599 1188 5661 Aug,
1233 5607 1386 5650 tract.
1424 5614 1506 5659 εγ,
1546 5613 1686 5649 num.
1727 5597 1751 5651 ί
1816 5597 1864 5646 8.

2336 4559 2401 4597 ua
2429 4541 2888 4610 prtedestinatione
2916 4538 3092 4596 futura
3117 4537 3266 4605 quasi
3305 4545 3570 4599 transacta
3605 4551 3724 4600 esse
3759 4550 3876 4599 cre-

2336 4634 2502 4688 denda
2529 4632 2693 4685 sunt?
2728 4629 2876 4696 Quod
2912 4630 3052 4683 enim
3088 4628 3322 4682 futurum
3357 4627 3456 4681 fuit
3480 4637 3539 4682 ut
3566 4628 3737 4693 ﬁeret,
3773 4628 3874 4685 hoc

2335 4725 2482 4792 quasi
2507 4723 2824 4776 transactum
2849 4723 2966 4779 fuit.
3003 4720 3113 4788 Ego
3140 4729 3189 4771 te
3213 4717 3512 4786 clariﬁcaei,
3542 4719 3692 4789 quasi
3712 4717 3874 4774 dixis-

2337 4825 2416 4869 set
2440 4833 2450 4866 :
2476 4815 2586 4884 Ego
2620 4824 2671 4868 te
2695 4812 2995 4868 clariﬁcabo
3023 4809 3408 4880 praedicationis
3427 4809 3616 4877 gloria,
3638 4821 3796 4877 quam
3817 4806 3872 4860 in

2337 4902 2604 4971 discipulis
2628 4903 2737 4956 suis
2759 4909 2870 4954 toto
2891 4900 3084 4953 mundo
3101 4895 3288 4959 eliicit;
3317 4898 3440 4954 dum
3465 4911 3599 4963 opus
3622 4909 3870 4954 consum—

2338 4994 2491 5047 mabo
2525 4991 2784 5062 passionis
2818 5003 2947 5042 mea:
2969 4997 3022 5042 et
3048 4985 3468 5047 resurrectionis,
3505 4983 3647 5052 quod
3682 4983 3869 5039 dedisti

2337 5082 2462 5135 mihi
2480 5078 2759 5133 utl‘aciam.
2780 5077 2959 5146 (Vens.
2976 5077 3028 5147 5)
3053 5076 3155 5131 Sed
3172 5088 3305 5127 nunc
3316 5088 3432 5126 vero
3453 5071 3681 5141 clariﬁca
3698 5081 3869 5140 me,“

2337 5170 2512 5224 Pater.
2525 5189 2541 5219 ι
2564 5169 2792 5224 Dicenda
2807 5171 2944 5222 enim
2954 5208 2968 5231 ,
2982 5177 3029 5219 te
3041 5164 3320 5231 clariﬁcavs'
3329 5179 3480 5233 super
3492 5173 3776 5231 ter-rami,”
3783 5175 3871 5214 an-

2335 5270 2439 5323 tem
2456 5275 2485 5311 a
2506 5259 2660 5312 Patre
2683 5259 2819 5326 apud
2837 5257 3076 5311 eumdem
3099 5253 3308 5308 Patrem
3330 5253 3559 5324 postulat
3579 5249 3874 5316 clariﬁcan-

2329 5350 2472 5412 dum,
2503 5349 2714 5403 modum
2733 5346 2965 5419 profecto
2985 5345 3260 5414 utriusque
3277 5340 3670 5403 clariﬁcationis
3695 5347 3869 5396 osten-

2332 5438 2423 5490 dit.
2443 5439 2554 5506 Ipse
2571 5439 2761 5507 quippe
2772 5433 2983 5488 Patrem
3007 5433 3314 5488 clariﬁcavit
3329 5445 3486 5499 super
3510 5438 3725 5497 terram,
3747 5443 3880 5494 eum
