4152 6204
313 349 408 400 9M

1113 345 1507 398 EXEGETMZA.
1549 376 1614 436 ;—~
1653 341 1998 398 COMMENT.
2040 343 2102 395 IN
2138 341 2400 397 JOAN.—-
2455 339 2573 389 Lm.
2620 339 2718 389 ΧΗ.

3384 333 3486 385 96'!

311 454 556 522 gentibus
584 455 912 523 praedicando
941 477 952 504 ι
977 453 1132 506 Pater
1159 467 1279 506 vero
1307 454 1472 526 ipsum
1503 453 1637 519 apud
1661 459 1850 504 scmet-
1880 460 1918 512 Α
1951 458 2119 500 autem
2148 451 2213 498 ad
2242 456 2290 497 te
2323 447 2494 506 uenio,
2540 459 2658 496 cum
2705 444 2718 512 ᾗ
2748 446 2872 510 Aug.
2895 483 2907 503 ,
2937 443 3070 493 unde
3093 441 3486 512 }.manifcstutn

313 541 486 609 ipsum
516 582 532 604 ,
569 543 634 596 ad
666 557 813 597 suam
848 543 1117 596 dexteram
1153 537 1477 595 collocando.
1520 540 1798 607 Subjunxit
1828 560 1840 594 :

311 629 562 682 Claritate
587 640 738 698 qnam
770 630 926 684 habiti
952 632 1245 700 priusquam
1281 629 1500 683 mundus
1535 631 1673 697 ﬁeret
1711 632 1847 697 apud

312 727 382 769 te.
419 716 562 771 Ordo
589 719 864 771 verborum
892 727 996 781 est,
1022 708 1174 787 quain
1210 718 1363 770 habui
1398 717 1536 786 apud
1583 726 1632 770 te
1675 719 1846 786 prius-

311 821 470 868 quam
494 805 716 858 mundus
747 815 895 858 esset.
945 805 1000 858 In
1021 806 1121 859 hoc
1144 805 1282 857 valet
1305 805 1444 874 quod
1472 805 1547 857 ait
1574 823 1587 856 :
1618 804 1686 857 Et
1715 821 1849 857 nunc

313 892 546 960 εἶπερω
583 908 684 955 nte,
727 893 828 946 hoc
861 901 967 956 est,
1004 893 1140 947 sicut
1167 901 1311 956 tunc,
1341 895 1413 946 ita
1439 900 1493 945 et
1522 907 1687 956 nunc;
1716 893 1851 946 sicut

316 991 444 1036 tunc
487 982 961 1050 prtedestinatione,
1010 982 1080 1035 ita
1125 992 1178 1036 et
1221 996 1360 1036 nunc
1387 981 1736 1049 perfectione;
1767 979 1851 1033 fac

318 1066 472 1138 μί...
502 1067 695 1140 statue]
740 1069 793 1123 in
833 1072 1028 1124 mundo
1069 1069 1206 1138 quod
1250 1071 1384 1139 apud
1424 1079 1476 1123 te
1519 1067 1690 1123 fuerat
1731 1077 1851 1120 ante

320 1155 608 1219 mundum;
635 1154 718 1211 fac
739 1155 889 1227 [Hs.,
918 1155 1111 1227 statue]
1137 1157 1188 1209 in
1210 1171 1306 1210 suo
1327 1165 1563 1224 tempore
1588 1155 1728 1225 quod
1754 1171 1849 1208 an-

319 1251 373 1293 te
411 1243 587 1318 omnia
617 1253 853 1312 tempora
891 1244 1143 1299 statuisti.
1193 1243 1446 1297 Convenit
1472 1259 1568 1298 nos
1598 1243 1852 1312 intellige-

319 1345 378 1384 re
418 1332 471 1384 in
512 1323 762 1387 boe'loco
795 1334 1303 1402 pnedestinationem
1331 1334 1585 1387 claritatis
1613 1334 1852 1387 humana:

317 1433 437 1485 qua:
467 1419 520 1472 in
547 1405 634 1472 illo
657 1428 739 1474 est
763 1429 986 1481 natum,
1028 1435 1093 1474 ex
1133 1419 1341 1475 mortali
1373 1419 1687 1474 immortalis
1715 1420 1850 1488 apud

320 1503 529 1559 Patrem
558 1503 779 1570 futura;
828 1515 880 1560 et
917 1508 1018 1575 hoc
1054 1495 1164 1575 jam
1199 1507 1617 1575 pmdestinando
1658 1507 1851 1560 factum

322 1591 507 1656 fuisse,
531 1604 812 1661 antequam
835 1595 1056 1648 mundus
1075 1603 1235 1657 esset,
1253 1595 1390 1663 quod
1413 1595 1465 1648 in
1486 1593 1678 1648 mundo
1698 1596 1854 1648 etiam

323 1695 420 1736 suo
450 1692 682 1750 tempore
707 1682 872 1737 ﬁeret.
914 1683 970 1738 Si
991 1684 1131 1738 enim
1151 1685 1215 1738 de
1236 1684 1388 1739 nobis
1414 1684 1546 1737 dixit
1564 1685 1650 1739 hic
1669 1685 1852 1739 videns

322 1772 832 1840 pmdestinationem
859 1772 975 1826 Filii
1001 1771 1316 1842 Apostolus:
1342 1771 1485 1827 Sicut
1511 1774 1657 1842 elegit
1687 1790 1776 1827 nos
1799 1775 1852 1826 in

321 1861 434 1927 ipso
456 1868 574 1913 ante
596 1860 773 1912 mundi
802 1861 1206 1914 constitutionem
1228 1861 1436 1931 (Ephes.
1470 1878 1510 1923 t,
1538 1862 1591 1931 4)
1621 1875 1667 1913 ι.
1699 1883 1716 1914 ι
1749 1861 1854 1916 Nec

324 1948 609 2002 formidare
633 1949 883 2004 debemus
902 1950 1323 2018 prmdestinatum
1349 1951 1522 2005 dicere
1545 1951 1732 2005 Filium
1760 1951 1852 2005 Dei

325 2037 610 2092 secundum
649 2038 1050 2103 humanitatem,
1089 2040 1178 2108 qui
1216 2040 1270 2094 in
1311 2049 1544 2109 tempore
1585 2056 1680 2095 suo
1712 2042 1854 2095 venit

324 2123 485 2194 617
530 2124 583 2178 in
617 2126 890 2190 mundum,
917 2135 1040 2181 ante
1064 2134 1236 2181 tamen
1258 2129 1434 2182 omnia
1461 2138 1693 2196 tempora
1720 2144 1853 2198 pra:-

326 2209 646 2266 destinatum
669 2226 786 2268 esse
811 2211 960 2284 μὴ..
983 2215 1379 2283 prm'destinatus
1405 2215 1527 2269 esti.
1564 2234 1581 2267 t
1607 2215 1735 2268 illud
1763 2230 1853 2268 au-

326 2300 436 2354 tem
458 2301 884 2368 pradestinatum
902 2301 1021 2368 fuit,
1044 2303 1182 2373 quod
1203 2304 1430 2357 nondum
1446 2312 1582 2368 erat,
1604 2313 1664 2357 ut
1684 2308 1852 2367 ﬂeret,

325 2389 466 2458 quod
494 2381 632 2444 Deus
660 2389 822 2445 voluit
857 2400 915 2444 ut
944 2399 1104 2446 esset.
1148 2391 1222 2446 De
1260 2406 1363 2462 qua
1400 2393 1855 2461 prazdestinatione

326 2463 703 2546 ait'Apostolus
723 2476 776 2531 in
798 2477 1054 2546 principio
1080 2477 1323 2548 Epistolze
1343 2479 1406 2531 ad
1432 2477 1694 2532 Romanos
1718 2495 1730 2530 :
1754 2476 1853 2542 Qui

323 2565 494 2633 [actus
518 2573 590 2618 est
613 2565 662 2618 ei
684 2580 747 2618 ex
769 2564 955 2618 semine
991 2565 1152 2618 Dauid
1194 2566 1468 2618 secundant
1507 2582 1731 2629 carnem,
1767 2568 1853 2634 qui

324 2652 712 2721 predestinattts
731 2661 804 2707 est
827 2649 994 2705 Filius
1016 2651 1108 2705 Dei
1127 2653 1178 2706 in
1199 2654 1378 2706 virtute
1402 2653 1574 2722 (Rom.
1599 2670 1639 2716 l,
1657 2654 1732 2723 2).
1761 2653 1856 2707 So-

326 2739 553 2794 cundum
573 2732 706 2794 hanc
726 2740 1229 2809 pra'niestinationem
1254 2741 1413 2793 etiam
1432 2739 1748 2795 elarilicatus
1773 2751 1858 2795 est

328 2834 609 2896 antequam
648 2828 874 2882 mundus
912 2839 1073 2892 esset,
1097 2836 1155 2881 ut
1178 2835 1232 2882 et
1255 2828 1465 2885 claritas
1485 2828 1600 2898 ejus
1622 2838 1762 2884 esset
1789 2845 1852 2882 es

328 2916 710 2969 resurrectione
736 2922 1059 2968 mortuorum
1084 2916 1220 2984 apud
1243 2915 1449 2969 Patrem
1475 2915 1540 2970 ad
1561 2917 1710 2985 cujus
1728 2916 1856 2970 dev-

328 3007 496 3056 témm
514 3002 677 3056 sedet.
703 3021 720 3052 s

401 3091 552 3145 Vens.
590 3091 658 3157 6.,
679 3120 748 3130 -
786 3090 1103 3160 Παιιὶίεειαιοὶ
1142 3106 1320 3146 nomen
1355 3099 1499 3144 tam
1529 3091 1848 3160 hominibus,

330 3194 454 3246 quos
503 3178 687 3231 dedisti
736 3179 858 3232 mihi
905 3178 970 3232 de
1014 3179 1220 3233 mundo.
1260 3177 1410 3244 Quod
1451 3192 1579 3250 ergo
1620 3176 1858 3234 facturus

328 3272 444 3320 erat
470 3278 563 3333 per
585 3263 829 3318 doctores
862 3273 1073 3319 sanctos
1105 3265 1157 3335 ip
1193 3273 1302 3319 toto
1325 3263 1455 3319 orbe
1487 3272 1607 3333 post
1638 3264 1856 3335 gloriam

331 3351 732 3406 resurrectionis
765 3358 820 3405 et
857 3350 1180 3431 ascensionis
1213 3366 1321 3405 sua:
1341 3391 1355 3414 ,
1385 3359 1440 3404 et
1475 3360 1595 3420 post
1628 3350 1859 3421 Spiritus

330 3439 499 3492 sancti
542 3441 706 3501 dotis,
753 3454 871 3507 qua:
914 3439 966 3492 in
1010 3435 1291 3507 didcipulos
1336 3439 1508 3494 delata
1556 3450 1706 3505 sunt,
1756 3442 1857 3495 hoc

330 3515 482 3592 quasi
509 3524 707 3577 factum
731 3539 849 3579 esse
874 3526 1079 3581 ὤιξεν]
1114 3526 1142 3565 δ
1170 3526 1292 3581 Tale
1330 3537 1414 3581 est
1449 3528 1583 3593 hoc,
1611 3529 1768 3598 quale
1805 3537 1860 3582 et

331 3602 458 3666 illud
485 3601 814 3684 quodpanlo
840 3621 962 3665 ante
989 3603 1120 3666 dixit
1150 3631 1163 3664 :
1195 3607 1305 3682 Ego
1330 3624 1377 3665 te
1404 3614 1681 3683 clariﬁrat'i
1707 3632 1858 3686 super

329 3712 520 3754 terram
545 3717 564 3754 :
592 3708 690 3770 pro
729 3712 961 3770 tempore
1000 3700 1176 3754 futuro
1203 3712 1256 3755 et
1282 3693 1384 3755 illic
1414 3711 1467 3756 ct
1495 3704 1579 3757 hic
1617 3706 1854 3772 prseteri-

331 3792 444 3842 tutn
469 3804 672 3858 ponens
700 3798 905 3858 tempus
924 3828 940 3853 ,
959 3784 1105 3843 sicut
1129 3780 1216 3857 qui
1245 3790 1404 3844 sciret
1429 3791 1854 3858 praedestinatum

328 3888 449 3930 esse
473 3882 532 3928 ut
559 3874 612 3928 id
641 3873 821 3937 lieret,
849 3883 905 3928 et
931 3863 1049 3928 ideo
1077 3871 1265 3930 iecisse
1287 3892 1345 3931 se
1377 3877 1556 3932 dicens
1581 3879 1719 3946 quod
1742 3889 1858 3933 erat

279 3953 292 3966 ’
331 3966 444 4021 sine
469 3960 573 4018 ulla
601 3962 926 4018 dubitatione
950 3957 1204 4018 facturus.
1235 3962 1486 4032 Sequitur
1512 3983 1525 4018 :

288 4069 313 4078 “
403 4053 558 4109 τελε.
597 4051 651 4115 'i,
687 4049 740 4106 8.
778 4078 847 4089 —
881 4042 976 4103 Tui
1011 4059 1182 4114 erant,
1213 4060 1260 4103 et
1293 4041 1416 4104 mihi
1448 4068 1532 4105 eos
1558 4053 1777 4118 dedisti,
1806 4065 1854 4106 et

333 4154 615 4196 temonem
642 4150 785 4193 tuum
813 4148 1152 4212 serracorum.
1194 4139 1345 4194 Nunc
1373 4153 1706 4212 cognoverunt
1734 4145 1854 4212 quia

331 4233 501 4283 omnia
526 4246 641 4300 qua:
666 4230 849 4284 dedisti
876 4230 1029 4293 mihi,
1059 4230 1148 4283 abs
1170 4239 1218 4283 te
1241 4240 1358 4283 sunt
1377 4263 1394 4294 ,
1420 4231 1542 4300 quia
1567 4232 1714 4285 verba
1741 4248 1854 4302 qua:

1875 3050 1924 3112 Ο

1946 547 2026 590 est
2063 552 2183 590 eum
2223 537 2287 590 de
2325 533 2582 604 corporali
2625 550 2718 586 sua
2765 534 2959 585 dixisse
3002 533 3280 600 prmseutia
3310 549 3322 583 :
3357 531 3487 584 Cum

1946 646 2104 682 essem
2133 646 2245 681 cum
2273 630 2371 688 eis,
2402 644 2490 696 ego
2518 628 2778 679 servabunt
2806 643 2886 677 ros
2911 643 2927 687 ;
2957 625 3113 679 veluti
3133 625 3241 693 jam
3265 640 3385 678 cum
3410 626 3488 679 cis

1945 733 2007 770 ca
2037 719 2309 785 pra-sentin
2341 733 2442 769 non
2483 727 2640 768 esset.
2689 716 2762 767 lio
2810 717 2968 768 molo
3007 701 3488 784 enimsigniﬁcare

1947 806 2112 859 voluit
2154 808 2514 858 ascensionem
2561 819 2678 855 mox
2731 803 2996 865 [utin-am,
3049 806 3114 856 dc
3162 820 3264 871 qua
3312 805 3484 858 dicit:

1951 891 2102 943 Nunc
2130 900 2301 942 autem
2330 889 2397 942 ad
2426 899 2474 941 te
2502 891 2680 942 venio:
2711 892 2880 942 iturus
2908 891 3087 957 utique
3116 890 3180 942 ad
3221 891 3488 944 dexteram

1948 978 2127 1031 Patris
2151 994 2163 1040 ;
2198 977 2335 1030 unde
2365 985 2622 1029 venturus
2651 987 2735 1029 est
2761 978 2825 1028 ad
2853 977 3001 1030 vivus
3029 987 3081 1030 et
3122 987 3359 1031 mortuos
3400 979 3488 1047 ju-

1949 1065 2233 1126 dieandos,
2270 1064 2551 1132 praesentia
2591 1064 2771 1117 itidem
2811 1065 3070 1132 corporali
3108 1067 3392 1120 sccmulum
3425 1068 3488 1119 tio

1949 1153 2033 1204 dei
2070 1152 2303 1221 regulam
2353 1167 2639 1219 sanatnque
2673 1152 2985 1205 doctrinam.
3038 1153 3168 1207 Nam
3208 1158 3486 1221 prmscntin
3561 1203 3566 1210 .

1949 1241 2171 1308 spiritali
2207 1255 2328 1294 cum
2364 1243 2442 1294 eis
2472 1250 2588 1294 erat
2622 1255 2848 1308 semper,
2878 1251 2930 1294 et
2967 1258 3084 1294 cum
3116 1251 3222 1295 tota
3255 1244 3485 1299 Ecclesia

1950 1346 2042 1382 sua
2080 1330 2131 1381 in
2168 1330 2266 1382 hoc
2300 1329 2494 1382 mundo
2530 1344 2696 1398 usque
2740 1331 2792 1382 in
2837 1332 3340 1385 consummationem
3392 1347 3487 1385 sa:-

1927 1417 2074 1471 'culi.
2109 1437 2124 1468 ι
2154 1417 2302 1484 Quod
2341 1433 2466 1471 vero
2502 1419 2601 1481 ait,
2641 1427 2698 1470 ut
2735 1419 2800 1471 ad
2851 1420 3122 1486 superiora
3174 1421 3485 1481 redeuums.

1953 1506 2276 1575 Manifestari
2331 1524 2511 1560 nomen
2565 1518 2708 1560 tuum
2761 1508 3086 1572 hominibus,
3136 1526 3261 1580 quos
3310 1513 3494 1565 dedisti

1952 1594 2106 1657 mihi,
2138 1611 2242 1649 non
2275 1594 2398 1648 illud
2427 1610 2618 1649 nomen
2647 1596 2786 1662 quod
2815 1594 2953 1651 Deus
2986 1612 3078 1660 es,
3116 1597 3206 1651 sed
3243 1598 3365 1650 illud
3403 1613 3494 1652 m-

1953 1694 2070 1734 men
2100 1682 2237 1749 quod
2267 1681 2424 1736 Pater
2450 1696 2598 1736 meus
2634 1697 2728 1736 es:
2761 1684 2900 1751 quod
2942 1700 3130 1739 nomen
3169 1687 3491 1742 manifestnrl

1885 1754 1926 1811 Β
1956 1784 2059 1824 non
2088 1780 2262 1838 potest
2286 1771 2401 1824 sine
2428 1771 2568 1824 illius
2593 1770 2712 1826 Filii
2743 1773 3182 1829 manifestatinne.
3210 1776 3340 1830 Nam
3367 1793 3494 1833 vero

1953 1856 2076 1910 illud
2105 1870 2294 1911 nomen
2322 1858 2461 1925 quod
2489 1856 2627 1911 Deus
2650 1868 2762 1921 est,
2795 1859 2919 1913 nulli
2952 1871 3152 1916 natura:
3192 1865 3486 1920 rationabili

1953 1944 2274 2015 incognitum
2313 1945 2628 1999 omnimodis
2662 1960 2778 2001 esse
2821 1949 3040 2016 putavit.
3083 1948 3206 2006 llazc
3229 1963 3312 2007 est
3348 1955 3488 2008 enim

1951 2045 2089 2084 vera:
2124 2033 2206 2083 vis
2238 2029 2555 2096 divinitatis,
2588 2041 2646 2086 ut
2674 2047 2933 2090 creatura:
2963 2037 3202 2092 rationali
3245 2055 3346 2094 non
3374 2056 3491 2095 om-

1951 2119 2077 2198 nino
2105 2120 2401 2188 incognitus
2427 2122 2590 2187 possit
2626 2121 2875 2176 abscondi
2896 2163 2912 2186 ,
2946 2130 3181 2196 exceptis
3218 2145 3400 2196 pauets
3438 2133 3491 2184 in

1951 2205 2140 2274 quibus
2167 2216 2353 2260 natura
2383 2208 2655 2264 rationalis
2677 2211 2897 2265 nimium
2927 2213 3210 2281 depravata
3239 2227 3339 2271 est.
3362 2217 3494 2273 Pro-

1951 2298 2230 2366 pemodum
2264 2301 2447 2352 omnes
2482 2308 2665 2368 gentes
2699 2299 2864 2354 Dequ
2907 2315 3027 2356 esse
3077 2303 3328 2369 fatentur,
3373 2306 3498 2363 licet

1952 2386 2176 2440 diversis
2199 2386 2472 2441 erroribus
2499 2402 2680 2442 verum
2706 2388 2871 2442 Deum
2899 2405 3185 2459 agnoscere
3211 2394 3497 2462 inmedinno

1953 2481 2058 2525 tur.
2093 2464 2243 2538 Quod
2271 2488 2398 2527 vero
2429 2474 2480 2529 in
2509 2471 2732 2530 Psalmis
2759 2475 2987 2546 legitur:
3021 2478 3192 2534 Notus
3225 2483 3281 2535 in
3305 2481 3497 2538 Judn'a

1952 2571 2153 2613 tantum
2191 2551 2328 2615 Deus
2365 2551 2551 2631 (Psai.
2585 2578 2720 2617 Lxxv
2742 2603 2757 2627 ,
2784 2564 2887 2635 2),
2923 2567 3046 2636 quia
3085 2568 3321 2640 legitimo
3353 2575 3497 2630 cultu

1955 2650 2315 2703 tantummodo
2342 2643 2506 2703 Deum
2532 2665 2712 2706 verum
2737 2667 3095 2723 cognoverunt
3121 2670 3176 2712 et
3198 2661 3494 2718 coluerunt:

1953 2736 2006 2789 in
2046 2736 2145 2789 hoc
2175 2751 2303 2791 vero
2339 2739 2478 2805 quod
2515 2731 2674 2794 Pater
2698 2751 2780 2795 est
2809 2741 3004 2799 Christi
3041 2761 3136 2814 per
3165 2746 3323 2818 quem
3361 2751 3495 2806 tollit

1952 2835 2167 2893 peccata
2188 2865 2203 2888 ,
2235 2827 2469 2895 ignotum
2498 2827 2593 2882 fuit
2620 2841 2900 2900 antequam
2926 2845 3156 2890 ventsset
3177 2836 3417 2896 Christus
3443 2841 3498 2896 in

1953 2915 2241 2978 mundum;
2273 2917 2372 2971 nisi
2400 2926 2601 2973 tantum
2624 2922 2816 2989 quibus
2839 2924 2975 2979 Deus
2996 2941 3092 2996 per
3110 2929 3351 2997 spiritum
3377 2945 3499 3000 pro-

1953 3004 2144 3071 phetia:
2171 3005 2422 3060 rcvelavit
2452 3007 2552 3062 hoc
2581 3012 2891 3078 mysterium
2918 3029 3167 3086 magnum
3193 3027 3250 3073 et
3273 3019 3499 3076 abscon-

1956 3093 2151 3154 ditum,
2181 3093 2320 3162 quod
2349 3104 2468 3163 post
2494 3098 2776 3154 a’.lventum
2803 3102 2920 3170 ejus
2952 3105 3006 3157 in
3039 3107 3293 3162 mundum
3313 3146 3330 3172 ,
3360 3115 3494 3180 pra:-

1957 3180 2186 3235 dicatnm
2217 3191 2297 3236 est
2328 3185 2596 3253 gentibus.
2626 3189 2885 3244 creditum
2919 3201 3001 3246 est
3035 3193 3086 3247 in
3125 3194 3223 3252 hoc
3259 3200 3487 3261 mundo.

1957 3278 2279 3338 assumptum
2304 3279 2388 3326 est
2412 3273 2464 3327 in
2491 3273 2678 3344 gloria.
2707 3275 2857 3342 Quod
2899 3293 3024 3335 vero
3065 3280 3299 3339 addidit:
3349 3285 3489 3351 Quos

1956 3359 2142 3412 dedisti
2166 3359 2320 3424 nti/ti,
2348 3360 2449 3416 hoc
2467 3373 2582 3426 est,
2610 3365 2753 3432 quod
2776 3366 2933 3436 paulo
2954 3379 3079 3425 ante
3107 3372 3241 3426 dixit
3267 3390 3280 3424 ε
3325 3374 3490 3428 Nemo

1954 3457 2115 3515 potest
2150 3450 2316 3502 renire
2350 3449 2418 3502 ad
2447 3468 2526 3505 me
2546 3492 2560 3516 ,
2604 3453 2704 3508 nisi
2743 3452 2920 3523 Pater,
2949 3460 3038 3528 qui
3076 3461 3212 3514 misit
3255 3479 3366 3524 nte,
3410 3474 3495 3516 at-

1956 3537 2173 3589 traxerit
2206 3553 2340 3592 eum.
2373 3538 2512 3605 Quos
2539 3541 2727 3597 dedisti
2754 3545 2880 3600 mihi
2907 3547 2971 3605 de
2996 3550 3186 3604 mundo
3207 3589 3224 3617 ,
3251 3551 3352 3608 hoc
3375 3549 3459 3609 est
3479 3593 3493 3612 .

1955 3623 2147 3692 quibus
2168 3640 2264 3694 per
2288 3632 2735 3698 regenerationem
2759 3634 2860 3690 hoc
2884 3638 3156 3704 prcutit.
3181 3653 3286 3694 non
3309 3641 3499 3709 quibus

1957 3719 2144 3766 natura
2168 3729 2265 3782 per
2289 3716 2614 3773 nativitatem
2635 3721 2875 3776 contulit.
2899 3722 3034 3790 Quid
3059 3728 3304 3797 estquod
3329 3733 3497 3798 sequi-

1959 3810 2077 3855 tur:
2121 3803 2218 3856 τ’κί
2253 3816 2434 3870 erant,
2469 3817 2518 3860 et
2552 3810 2678 3862 mihi
2711 3827 2797 3865 eos
2831 3813 3020 3868 dedisti
3038 3816 3066 3867 ν
3091 3816 3146 3869 In
3174 3818 3499 3874 humanitate

1957 3889 2093 3944 hanc
2125 3900 2438 3960 potestatem
2474 3911 2532 3950 se
2558 3900 2825 3968 accepisse
2860 3916 2891 3954 a
2929 3902 3084 3958 Patre
3116 3904 3278 3969 dicit,
3314 3916 3371 3960 ut
3404 3923 3500 3965 eos

1955 3972 2176 4036 haberet
2202 3998 2336 4052 quos
2362 3983 2519 4039 Pater
2543 3986 2701 4057 elegit
2727 3998 2784 4043 et
2806 3992 3197 4058 ps-aedestinavit
3221 4004 3347 4049 ante
3369 4011 3495 4050 con-

1953 4069 2279 4123 stitutionem
2315 4074 2533 4137 mundi;
2569 4090 2672 4129 non
2706 4076 2873 4132 solum
2909 4078 3085 4143 Pater,
3116 4083 3208 4136 sed
3240 4093 3296 4137 et
3331 4083 3497 4140 Filius

1953 4165 2008 4209 et
2035 4156 2262 4225 Spiritus
2295 4170 2510 4216 sanctus
2527 4203 2543 4227 ,
2572 4173 2629 4219 ut
2653 4167 2724 4219 sit
2749 4183 2907 4222 unum
2934 4185 3069 4241 opus
3093 4182 3291 4228 saneta
3318 4174 3494 4232 Trini-

1956 4245 2082 4299 tatis
2116 4247 2488 4347 ipseparaltilis
2503 4261 2568 4347 et
2592 4254 2892 4309 omnimodo
2915 4258 3168 4347 aequalis.‘
3192 4259 3382 4315 Pereat
3409 4263 3496 4317 hic

331 4314 512 4414 dedisti
548 4317 706 4414 mihi,
736 4316 856 4414 dedi
881 4318 998 4414 eis,
1017 4326 1064 4414 et
1090 4317 1187 4414 ipsi
1213 4327 1512 4414 αεσξηινις
1533 4327 1580 4371 ει
1608 4333 1854 4414 ςοσηοω-
1883 4356 1930 4414 υ
1952 4322 2181 4386 carnalis
2203 4314 2474 4402 ὼείιαιίο.
2503 4337 2576 4391 De
2602 4341 2797 4394 mundo
2823 4342 2922 4396 sibi
2948 4314 3166 4400 εἶναιτέ
3182 4314 3499 4404 neutrali}.

334 4411 448 4456 hiut
478 4419 585 4456 uere
618 4404 739 4473 quia
771 4420 803 4456 a
835 4412 883 4456 te
915 4404 1080 4466 exiri,
1111 4412 1158 4455 et
1195 4403 1516 4456 crediderunt
1541 4405 1661 4473 quia
1691 4414 1746 4456 tu
1775 4421 1855 4457 use

332 4490 531 4542 misisti.
580 4490 884 4558 Quanquam
929 4499 982 4544 et
1031 4490 1142 4545 haec
1185 4489 1359 4544 omnia
1397 4489 1462 4544 de
1498 4490 1740 4545 omnibus
1775 4490 1856 4545 lu-

334 4578 466 4631 taris
493 4579 730 4634 ﬁdelibus
755 4581 857 4634 dici
887 4581 1151 4649 potuerint
1179 4596 1238 4635 re
1267 4580 1570 4652 imperfecta
1602 4579 1735 4653 [ιιι.
1765 4597 1857 4650 spe

332 4663 590 4735 perfecta;
616 4666 772 4736 Aug.,
792 4683 884 4736 spe
899 4669 1007 4737 jam
1032 4670 1316 4739 perfecta],
1345 4686 1464 4726 cum
1490 4673 1662 4728 adlutc
1683 4682 1861 4728 essent

335 4756 536 4818 futura,
565 4762 744 4808 tamen
770 4766 826 4808 et
862 4757 974 4827 inec
1010 4759 1307 4828 specialiter
1346 4759 1412 4814 de
1450 4761 1719 4830 discipulis
1754 4763 1858 4817 dici

268 4849 271 4852 ’
331 4850 548 4913 possunt
570 4841 636 4895 ad
659 4855 790 4910 quos
814 4849 939 4911 tunc
960 4846 1355 4912 prasentialiter
1380 4846 1712 4914 loquebatur,
1737 4852 1859 4918 quin

335 4925 461 4990 ἰδιιὰ
488 4928 630 5000 Quod
657 4930 931 5000 sequitur:
962 4929 1089 4983 Cum
1115 4949 1272 4989 aselli
1301 4951 1415 4988 cum
1441 4937 1511 4989 eis
1529 4975 1542 4997 ,
1574 4952 1662 5003 ego
1689 4953 1860 4991 serua-

335 5018 559 5073 bamveos
583 5015 636 5073 in
665 5020 864 5075 nomine
888 5029 1013 5084 tuo;
1040 5036 1164 5089 quos
1189 5023 1373 5077 dedisti
1399 5017 1523 5078 milii
1539 5065 1553 5087 ,
1583 5026 1854 5089 custodiri,

332 5110 377 5160 et
408 5122 553 5160 nemo
575 5121 642 5160 ex
665 5105 744 5169 bis
767 5109 948 5177 periit,
988 5109 1086 5162 nisi
1122 5108 1261 5176 ﬁlius
1296 5113 1594 5178 perditionis
1633 5112 1856 5182 (ludam

334 5193 634 5264 signiﬁcans
653 5193 786 5263 ,_qui
815 5196 1027 5250 tradidit
1053 5211 1173 5250 eum
1190 5236 1204 5259 ,
1234 5196 1322 5266 qui
1349 5213 1486 5260 unus
1511 5199 1609 5256 fuit
1636 5202 1702 5257 de
1725 5203 1856 5258 duo-

333 5281 532 5350 decim)
556 5274 726 5352 magis
747 5281 870 5337 huic
893 5274 1070 5339 sensui
1091 5286 1361 5350 convenit,
1392 5297 1447 5341 ut
1471 5291 1719 5357 apostolis
1742 5309 1857 5361 spe-

335 5363 538 5423 cialiter
581 5373 694 5430 hzee
743 5372 1065 5442 loqueremr.
1111 5373 1307 5430 Deinde
1339 5377 1652 5448 subjungit:
1705 5383 1858 5438 Nunc

667 5497 729 5559 es
745 5482 1026 5559 Ang._loc.,
1037 5483 1128 5537 cit.
1148 5501 1162 5535 :
1182 5502 1205 5559 t_
1222 5484 1329 5538 Cur
1351 5487 1631 5559 abhorrere
1643 5500 1859 5559 putatur

339 5553 370 5597 s
413 5557 567 5606 vero.
606 5551 650 5600 si
697 5557 819 5603 tunc
862 5551 1016 5606 Pater
1059 5557 1212 5618 caput
1253 5561 1488 5607 nostrum
1529 5551 1857 5626 gloriﬂt-at'it,

1953 4421 2103 4509 datos
2137 4437 2252 4478 esse
2283 4425 2550 4490 homines.
2579 4429 2770 4498 quibus
2797 4431 2901 4487 alio
2927 4433 3044 4490 loco
3070 4437 3198 4492 dicit
3222 4456 3234 4490 :
3272 4438 3385 4509 Ego
3411 4457 3496 4494 ros

1952 4506 2015 4563 de
2039 4513 2230 4566 mundo
2252 4513 2380 4584 elegi
2411 4515 2607 4586 (Joan.
2639 4535 2727 4583 sv,
2754 4522 2876 4591 19).
2912 4523 3057 4591 Quos
3082 4525 3150 4580 de
3175 4506 3375 4582 mundo
3399 4529 3496 4582 Dei
3523 4553 3529 4562 υ
3561 4576 3563 4578 .

1953 4598 2118 4653 Filius
2150 4601 2310 4671 elegit
2340 4619 2461 4657 cum
2491 4604 2682 4670 Patre,
2713 4608 2851 4662 idem
2888 4612 3003 4678 ipse
3030 4613 3188 4667 house
3225 4614 3390 4670 Filius
3430 4619 3497 4672 de

1956 4694 2150 4746 mundo
2186 4709 2279 4749 eos
2315 4699 2519 4764 accepit
2557 4714 2588 4753 a
2624 4699 2800 4755 Patre.
2833 4721 2851 4751 ι
2881 4702 3165 4774 Sequitur:
3199 4706 3266 4760 Et
3298 4724 3493 4761 semo-

1956 4798 2066 4834 nem
2115 4791 2261 4836 tuum
2311 4798 2632 4840 semeeruut
2662 4788 2704 4842 τ’
2731 4807 2863 4844 nunc
2907 4804 3286 4862 cognouerant.
3332 4796 3497 4865 618

1953 4870 2074 4938 quia
2110 4873 2280 4924 omnia
2320 4888 2434 4941 qua
2476 4874 2663 4929 dediin
2700 4877 2857 4940 mihi,
2895 4879 2987 4932 abs
3023 4890 3072 4934 ts
3108 4893 3246 4938 sunt.
3287 4883 3342 4938 Id
3378 4891 3493 4947 est,

1953 4966 2342 5023 cognoverunt,
2373 4975 2488 5028 qua:
2517 4962 2610 5016 abs
2641 4972 2690 5017 te
2716 4974 2838 5019 sunt
2865 4965 3036 5036 (Aug.
3056 5008 3072 5032 ,
3098 4980 3454 5039 cognoverunt
3473 5011 3489 5033 ,

1953 5043 2074 5109 quia
2097 5045 2190 5098 abs
2211 5053 2262 5098 te
2280 5048 2438 5117 sum].
2465 5049 2628 5102 Simul
2647 5053 2789 5106 enim
2808 5053 2964 5109 Pater
2983 5058 3126 5110 dedit
3146 5058 3347 5117 omnia.
3369 5065 3490 5113 cum

1955 5132 2134 5197 genuit
2158 5131 2324 5205 [eum]
2349 5137 2437 5202 qui
2467 5137 2683 5194 haberet
2702 5145 2878 5197 omnia
2909 5160 2922 5207 ;
2954 5165 2973 5194 ι
2999 5145 3138 5198 sicut
3157 5147 3208 5200 in
3229 5147 3493 5214 prioribus

1954 5217 2106 5286 hujus
2127 5220 2395 5290 Evangelii
2419 5224 2530 5292 ipse
2550 5226 2802 5283 Dominus
2826 5231 2982 5286 dicit:
3009 5231 3153 5287 Sicut
3175 5235 3308 5287 cuius
3329 5234 3488 5288 Pater

1953 5303 2100 5358 habet
2121 5310 2271 5359 vitam
2293 5310 2345 5360 in
2364 5313 2647 5381 semetipso,
2663 5318 2738 5368 sic
2751 5316 2891 5370 dedit
2909 5328 2956 5372 et
2976 5317 3112 5374 Filio
3134 5321 3283 5374 vitam
3305 5319 3490 5376 habere

1953 5391 2002 5442 in
2026 5395 2312 5462 semetipso,
2337 5395 2386 5447 id
2407 5405 2487 5451 est
2502 5437 2515 5461 ,
2538 5404 2717 5469 genuit
2733 5403 3108 5465 Filiumvitam
3130 5406 3408 5461 habentem
3432 5410 3490 5463 in

1954 5498 2161 5581 quando
2180 5514 2274 5581 nos
2291 5502 2348 5581 in
2369 5503 2500 5569 ipso,
2525 5515 2582 5557 ut
2605 5509 2839 5562 membra
2861 5513 2974 5579 ejus
2992 5527 3246 5581 essemus,
3263 5514 3442 5581 elegit.
3459 5533 3484 5568 s

2025 5564 2049 5602 δ
2088 5564 2160 5617 Ex
2192 5565 2244 5618 S.
2279 5564 2434 5635 Augi,
2465 5564 2616 5626 tract.
2646 5590 2762 5642 cvt,
2794 5564 2936 5633 num.
2976 5564 3097 5639 Li.
3130 5564 3181 5648 ἱ,
3211 5564 3343 5646 ς’,θσζ
