4266 6204
686 377 788 431 965

1490 376 1563 446 ‘3.
1600 376 1661 430 Ρ.
1701 372 2091 430 Αιθιδτεευ
2118 374 2383 433 Αιεῐιδῖ
2420 370 2693 428 ΟΡΕῐζΕΜ
2728 368 2901 422 PARS
2936 369 2995 421 ll.
3078 351 3089 360 ’

3729 366 3828 417 966

680 479 1031 553 semetipso.‘
1058 481 1193 547 Quia
1220 460 1367 536 uerita
1395 500 1509 553 qua
1535 484 1721 536 dedisti
1756 485 1911 546 mihi,
1948 482 2065 535 dedi
2102 482 2206 547 eis,
2235 489 2283 544 Α
2376 474 2536 534 Vsus.
2562 473 2657 532 Η.
2692 506 2759 517 -
2794 476 2858 529 ει
2878 476 3022 544 jam,
3051 475 3244 541 inquit,
3270 490 3370 526 non
3398 490 3509 526 sunt
3536 473 3590 526 in
3618 474 3831 537 mundo,

680 582 728 627 et
753 573 850 643 ipsi
873 581 1201 641 acceperunt,
1231 572 1283 625 id
1306 580 1416 635 est,
1446 571 1814 625 intellexerunt
1838 580 1997 637 atque
2025 578 2206 623 tenue-

680 654 819 715 runt.
836 658 985 714 'l‘unc
998 659 1139 714 enim
1156 659 1371 713 verbum
1388 660 1660 728 accipitur,
1679 660 1887 727 quando
1904 666 2078 711 mente
2091 670 2208 724 per-

679 751 872 819 cipitur
884 756 939 802 et
948 756 1177 811 tenetur,
1187 762 1255 801 ne
1268 747 1530 802 oblivione
1548 754 1749 815 pereat.
1765 745 1831 798 Et
1845 736 2203 814 cognoverunt:

668 834 851 906 inquit
866 876 881 900 ,
902 851 1015 889 uere
1040 836 1160 907 quia
1187 852 1220 887 a
1248 844 1296 887 te
1316 835 1449 887 exiri
1465 873 1482 897 ,
1503 843 1552 886 et
1572 833 1893 887 crediderunt
1912 832 2034 901 quia
2054 840 2108 884 tu
2128 847 2207 909 me

679 927 881 980 misisti.
919 926 986 979 Et
1018 926 1107 979 hic
1138 924 1555 979 subaudiendum
1583 931 1695 987 est,
1727 938 1854 976 uere.
1886 920 2037 986 Quod
2063 920 2205 974 enim

680 1013 841 1085 dixit,
862 1019 1200 1081 cognouerunt
1227 1026 1357 1074 uere,
1380 1022 1644 1078 exponere
1661 1005 2204 1089 'voluitadjungendo;

678 1110 726 1154 et
764 1084 1100 1153 crediderunt.
1141 1097 1254 1152 Hoc
1290 1099 1469 1165 itaque
1506 1084 1845 1152 crediderunt
1876 1110 2001 1149 vere
2020 1134 2035 1159 ,
2068 1094 2207 1162 quod

678 1192 1033 1255 cognoverunt
1054 1198 1209 1237 vere:
1236 1184 1290 1238 id
1313 1185 1453 1238 enim
1478 1192 1593 1247 est,
1620 1202 1652 1236 a
1680 1192 1727 1236 te
1751 1185 1883 1237 exivi
1900 1223 1914 1249 ,
1940 1182 2079 1251 quod
2103 1191 2204 1245 est,

678 1284 736 1327 tu
764 1288 843 1327 me
870 1271 1070 1324 misisti.
1112 1268 1217 1324 Sed
1244 1270 1417 1323 tamen
1445 1270 1615 1323 adhuc
1649 1284 1753 1322 non
1782 1277 1933 1323 erant
1968 1267 2207 1335 discipuli

679 1361 842 1424 tales,
869 1358 1053 1428 quales
1076 1372 1169 1411 eos
1194 1358 1323 1412 dicit
1348 1356 1550 1411 futuros
1578 1372 1693 1411 esse
1710 1396 1724 1421 ,
1755 1357 1929 1410 verbis
1954 1356 2207 1425 praeteriti

680 1448 931 1516 temporis
955 1460 1107 1500 usus:
1132 1447 1281 1515 quasi
1302 1447 1411 1516 jam
1436 1455 1639 1510 essent,
1662 1447 2007 1514 pronuntians
2029 1446 2208 1514 quales

670 1536 842 1591 futuri
876 1544 1082 1601 essent,
1125 1544 1344 1608 accepto
1376 1535 1580 1590 scilicet
1611 1533 1809 1604 Spi"tu
1855 1543 2069 1597 sancto,
2116 1536 2205 1603 qui

680 1641 801 1690 eos,
843 1626 978 1680 sicut
1012 1624 1329 1691 promissum
1368 1630 1479 1686 est,
1518 1623 1735 1677 doceret
1771 1622 1945 1676 omnia
1971 1631 2019 1675 et
2052 1623 2205 1675 indu-

679 1720 823 1767 ceret
842 1727 935 1766 eus
955 1712 1009 1765 in
1032 1726 1245 1765 omnem
1267 1711 1562 1764 veritatem.
1591 1712 1742 1765 Dedit
1764 1712 1843 1765 eis
1865 1712 2043 1773 verba,
2071 1712 2208 1765 sicut

2302 578 2350 622 et
2375 568 2429 621 Ιιὶ
2452 566 2505 621 iii
2530 565 2722 619 mundo
2750 573 2885 616 sunt.
2916 561 3188 629 Significat
3216 564 3399 614 horam
3427 560 3479 613 in
3506 574 3607 629 qua
3637 560 3831 613 transi-

2296 662 2456 707 turus
2486 658 2606 706 erat
2634 665 2701 705 ex
2737 650 2837 704 hoc
2871 649 3095 711 mundo,
3124 656 3179 702 et
3211 648 3373 701 verbo
3397 647 3668 716 praesentis
3695 656 3832 700 tem-

2300 740 2446 810 poris
2479 752 2607 794 usus
2641 746 2724 792 est
2749 752 2847 806 pro
2882 736 3087 797 futuro,
3119 736 3241 804 quia
3282 736 3386 789 cito
3415 743 3532 788 erat
3560 724 3788 787 futui-um
3810 777 3827 803 ί

2302 826 2454 896 quasi
2474 826 2670 880 factum
2702 832 2844 877 esset
2862 823 3011 878 dixit.
3043 822 3192 889 Quod
3227 825 3400 877 autem
3424 824 3533 875 ait:
3556 821 3623 874 Et
3643 822 3695 873 Iri
3714 831 3832 875 sunt

2296 914 2355 966 in
2383 911 2603 976 missicio,
2631 910 2893 981 signiﬁcat
2926 911 3065 964 enim
3102 924 3194 963 eos
3229 909 3296 963 ad
3338 924 3469 978 quos
3502 908 3829 976 loquebatur,

2303 999 2505 1055 tardius
2530 1000 2756 1054 transire
2782 1011 2849 1051 ex
2876 999 2979 1053 hoc
3005 998 3226 1062 mundo,
3255 998 3379 1052 dum
3407 997 3494 1051 illo
3522 996 3741 1051 abeunte
3765 1009 3828 1050 es

2300 1090 2405 1143 hoc
2439 1088 2633 1141 mundo
2663 1100 2879 1149 necesse
2908 1094 3084 1152 esset,
3121 1095 3181 1140 ut
3215 1086 3286 1140 illi
3336 1092 3699 1149 remanerent,
3736 1100 3833 1154 per

2262 1198 2263 1205 η
2304 1166 2447 1243 quos
2474 1176 2849 1245 prmdicaretur
2883 1190 3071 1229 nomen
3107 1174 3220 1242 ejus
3252 1184 3489 1230 sanctum
3527 1177 3581 1229 in
3615 1178 3828 1231 mundo.

2301 1263 2703 1331 Prmvidensque
2729 1265 2855 1331 quid
2878 1280 2970 1318 eos
2994 1278 3204 1318 movere
3232 1273 3408 1333 posset
3424 1303 3439 1328 ,
3468 1266 3557 1332 qui
3587 1266 3831 1321 audirent

2303 1352 2416 1406 lucc
2439 1362 2555 1421 qua:
2580 1352 2815 1421 legerent
2830 1392 2844 1413 ,
2874 1352 3065 1433 adjecit
3090 1369 3103 1403 :
3136 1352 3288 1408 Nunc
3313 1362 3482 1406 autem
3506 1354 3575 1406 ad
3598 1363 3645 1406 te
3668 1357 3827 1407 uenio.

2301 1440 2635 1496 Ascensionis
2657 1440 2878 1511 gloriam
2905 1441 3169 1509 designat,
3194 1455 3291 1509 per
3313 1456 3471 1510 quam
3494 1441 3727 1495 elevatus
3752 1453 3832 1496 est

2259 1528 2272 1539 '
2302 1529 2463 1581 homo
2488 1541 2645 1595 super
2669 1528 2997 1581 altitudinem
3021 1528 3272 1583 calorum
3290 1568 3304 1592 ,
3333 1538 3388 1582 et
3413 1531 3646 1583 omnium
3673 1544 3831 1599 ange-

2302 1614 2524 1669 licarum
2545 1622 2867 1684 potestatum
2896 1615 3203 1683 dignitates,
3232 1616 3303 1670 ita
3328 1627 3387 1671 ut
3412 1619 3464 1671 in
3492 1618 3708 1673 dextera
3738 1619 3830 1673 Dei

2302 1700 2477 1755 Patris
2501 1701 2887 1755 collocaretur:
2917 1703 3348 1771 commendatque
3374 1699 3466 1760 eos
3496 1704 3671 1770 Patri,
3700 1720 3833 1773 quos

678 1799 843 1863 δίκη,
875 1813 992 1867 φη
1017 1798 1161 1853 dedit
1185 1798 1235 1852 ei
1262 1797 1454 1851 pater;
1486 1799 1578 1852 sed
1603 1799 1813 1867 quando
1839 1799 1925 1851 ma
1950 1807 2052 1851 ηοη
2080 1798 2208 1852 [οι-ξε
2242 1789 2282 1846 Β
2305 1787 2565 1856 corporali
2588 1788 2821 1840 absentia
2848 1786 3124 1841 relicturus
3142 1798 3225 1842 est
3244 1789 3423 1843 dicens
3439 1805 3454 1842 :
3471 1790 3626 1844 Pater
3637 1802 3830 1855 sancte,

679 1887 733 1939 in
761 1886 1001 1950 auribus,
1031 1885 1121 1939 sed
1149 1886 1288 1938 intus
1316 1885 1369 1937 in
1395 1885 1640 1947 cordibus
1664 1884 1971 1952 spiritaliter
1997 1898 2208 1951 accepe-

676 1980 834 2039 runt,
853 1981 983 2027 tunc
1004 1987 1129 2026 vere
1154 1978 1499 2039 acceperunt;
1520 1971 1644 2038 quia
1665 1979 1793 2025 tunc
1808 1985 1932 2026 vere
1955 1985 2211 2041 cognove-

673 2070 833 2127 runt;
869 2075 994 2116 vere
1024 2068 1198 2115 autem
1234 2069 1590 2131 cognoverunt
1610 2099 1626 2126 ,
1661 2060 1783 2130 quia
1815 2076 1938 2115 vere
1970 2062 2209 2116 credide-

676 2158 849 2204 runt.»
876 2150 983 2204 Sed
1011 2150 1123 2204 bac
1148 2150 1331 2214 verba,
1355 2165 1474 2217 qute
1500 2151 1626 2204 dicit
1649 2150 1815 2205 Filius
1843 2151 1942 2205 sibi
1971 2153 2176 2205 dedisse
2193 2192 2207 2215 ,

678 2237 726 2290 si
763 2236 830 2290 ad
858 2236 1159 2291 divinitatis
1182 2237 1435 2291 unitatem
1472 2236 1779 2307 intelligitur
1812 2238 2075 2307 pertinere
2100 2278 2113 2303 ,
2147 2253 2212 2292 eo

670 2324 835 2379 modo
865 2326 1010 2379 dedit
1036 2326 1197 2380 verba
1239 2326 1403 2380 Pater
1444 2326 1600 2391 Filio,
1630 2330 1739 2395 quo
1771 2329 1951 2397 genuit
1983 2329 2211 2382 Verbum

671 2421 997 2470 maternum
1024 2414 1153 2468 sibi.
1177 2412 1234 2467 Si
1274 2430 1399 2469 vero
1438 2400 1505 2479 ad
1546 2416 1924 2470 humanitatem
1967 2418 2207 2486 respicit,

674 2504 802 2573 quis
825 2503 1067 2574 intelligit
1088 2505 1349 2572 quomodo
1375 2504 1604 2559 dedisset
1624 2544 1638 2569 ,
1667 2505 1748 2557 vel
1777 2506 2036 2573 quomodo
2063 2520 2210 2560 accc-

672 2590 840 2657 pisset
877 2590 1019 2644 Deus
1050 2578 1219 2645 homo
1246 2589 1413 2645 factus
1451 2606 1517 2643 ex
1551 2591 1753 2659 virgine
1772 2631 1785 2654 ,
1816 2592 2022 2661 Quando
2048 2595 2208 2646 etiam

673 2680 844 2749 ipsum
861 2721 876 2743 ,
905 2693 1025 2750 quin
1049 2682 1115 2735 de
1136 2682 1341 2752 virgine
1364 2683 1499 2736 facta
1526 2692 1640 2747 est,
1670 2686 2058 2753 generationem
2087 2687 2208 2756 quis

678 2768 992 2825 enarratur?
1022 2767 1303 2837 Sequitur:
1634 2780 1637 2783 ‘
2028 2791 2031 2795 -

693 2883 701 2893 -
750 2857 909 2910 Vens.
951 2856 1003 2910 9.
1042 2887 1112 2896 ——
1140 2850 1247 2925 Ego
1283 2848 1481 2929 proicis
1518 2864 1681 2927 rogo,
1738 2870 1835 2913 non
1879 2877 1971 2928 pro
2018 2848 2205 2913 mundo

684 2954 803 3016 rogo
821 2986 836 3011 ,
863 2946 951 2999 sed
977 2961 1070 3015 pro
1092 2946 1195 3009 Itis,
1222 2955 1348 3015 quos
1377 2934 1564 2999 dediin
1591 2948 1732 3001 mihi.
1763 2946 1884 3003 Hinc
1909 2951 2047 3004 enim
2077 2938 2208 3005 dixit

673 3037 816 3091 inter
840 3034 939 3089 alia
957 3076 971 3100 ,
1001 3036 1122 3089 dum
1146 3043 1324 3089 oraret
1350 3046 1447 3103 pro
1472 3022 1550 3090 eis
1570 3076 1585 3100 ,
1613 3051 1746 3106 quos
1770 3038 1912 3092 dedit
1948 3040 1995 3093 ei
2025 3028 2201 3095 Pater.

2302 1892 2447 1929 serua
2481 1893 2565 1930 eos
2591 1878 2645 1929 in
2674 1877 2876 1950 nomine
2903 1886 3018 1938 tuo,
3047 1893 3171 1945 quos
3193 1876 3381 1931 dediin
3415 1878 3556 1932 mihi.
3589 1897 3608 1930 ‹
3636 1878 3833 1950 Nempe

2305 1965 2443 2019 sicut
2467 1964 2625 2018 homo
2655 1948 2819 2017 Deum
2849 1972 2995 2034 rogat
3021 1979 3116 2033 pro
3144 1965 3412 2034 discipulis
3439 1968 3549 2021 suis
3576 1979 3709 2038 quos
3737 1948 3829 2024 ac-

2303 2052 2446 2122 cepit
2470 2067 2501 2106 a
2525 2051 2650 2106 Deo.
2678 2052 2899 2109 Atti-nde
2926 2053 3048 2123 quid
3077 2053 3349 2124 sequitur:
3381 2052 3447 2110 Ut
3473 2058 3601 2122 sint,
3631 2056 3830 2127 inquit,

2297 2157 2465 2195 unum
2483 2176 2498 2207 ,
2522 2142 2652 2195 sicut
2677 2152 2725 2195 et
2749 2158 2863 2195 nos.
2893 2143 3006 2196 Non
3034 2145 3135 2209 ait,
3159 2144 3322 2214 διε
3343 2154 3402 2198 ut
3428 2146 3696 2200 nobiscum
3725 2132 3831 2201 sint

2306 2244 2507 2295 unum;
2537 2237 2631 2282 aut
2666 2238 2726 2283 ut
2761 2231 2926 2285 simus
2962 2246 3123 2285 unum
3151 2232 3249 2302 ipsi
3277 2241 3331 2286 et
3355 2247 3480 2299 nos,
3510 2234 3646 2288 sicut
3672 2251 3831 2289 unum

2305 2333 2488 2373 sumus
2512 2334 2645 2383 nos;
2677 2321 2769 2374 sed
2796 2321 2899 2384 ait,
2928 2330 2982 2373 ut
3011 2323 3111 2374 sint
3140 2322 3296 2374 unum
3321 2324 3452 2375 sicut
3478 2333 3524 2376 et
3561 2339 3693 2388 nos;
3733 2307 3831 2394 ipsi

2305 2407 2487 2474 utique
2516 2406 2566 2460 in
2597 2415 2781 2460 natura
2811 2423 2905 2461 sua
2933 2409 3037 2461 sint
3069 2423 3231 2462 unum
3249 2448 3265 2473 ,
3294 2410 3429 2463 sicut
3454 2418 3505 2465 et
3531 2412 3626 2465 nos
3653 2412 3706 2464 in
3733 2414 3831 2467 nu-

2304 2498 2413 2550 atra
2440 2510 2601 2549 unum
2629 2511 2830 2550 sumus.
2859 2496 3006 2561 Quod
3045 2499 3225 2566 procul
3266 2500 3421 2553 dubio
3459 2515 3563 2553 non
3599 2500 3829 2563 diceret,

2303 2585 2406 2638 nisi
2443 2586 2727 2638 secundum
2757 2585 2854 2638 hoc
2883 2587 3108 2650 diceiet,
3138 2589 3276 2657 quod
3314 2587 3477 2642 Filius
3505 2589 3722 2658 aequalis
3747 2597 3830 2646 est

2303 2673 2483 2737 Patri,
2522 2674 2659 2728 sicut
2695 2674 2747 2727 in
2788 2675 2890 2728 alio
2925 2676 3039 2730 loco
3072 2676 3240 2730 dicit:
3268 2677 3379 2746 Ego
3402 2686 3449 2731 et
3483 2675 3642 2732 Pater
3672 2696 3828 2734 unum

2300 2776 2477 2813 sumus
2511 2761 2699 2831 (Joan.
2730 2778 2791 2827 ι,
2820 2762 2917 2835 50)
2941 2780 2955 2827 ;
2986 2779 3088 2817 non
3118 2765 3402 2819 secundum
3431 2765 3482 2819 id
3509 2769 3647 2836 quod
3673 2770 3828 2823 homo

2302 2856 2421 2900 est:
2455 2863 2575 2901 nam
2602 2852 2888 2903 secundum
2918 2852 3016 2905 hoc
3043 2846 3173 2905 dixit
3200 2866 3215 2903 :
3246 2850 3403 2906 Pater
3440 2855 3607 2923 major
3641 2872 3718 2909 me
3752 2861 3827 2912 est

2302 2933 2491 3004 (Joait.
2522 2937 2641 2999 xxv,
2669 2936 2805 3006 28);
2849 2939 2941 2992 sed
2981 2938 3249 3007 quoniam—
3265 2955 3368 2993 una
3403 2942 3687 3012 eademque
3710 2959 3830 3013 pcr-

2301 3034 2429 3075 sona
2458 3031 2539 3075 est
2566 3023 2702 3077 Deus
2727 3033 2781 3077 et
2810 3026 2963 3077 homo
2981 3064 2995 3087 ,
3026 3026 3362 3095 intelligimus
3389 3024 3651 3083 hominem
3682 3031 3736 3083 in
3763 3022 3828 3085 co

677 3089 1039 3176 ηιιίιςιιηάέιω
1065 3124 1179 3177 vnn
1204 3089 1368 3178 modo.
1389 3089 1606 3195 intelligi
1622 3089 1659 3189 Ῐ-
1677 3089 1994 3195 animi
2020 3089 2206 3184 est;
2227 3089 2273 3147 c
2302 3110 2442 3177 (ιυοά
2476 3114 2665 3179 mam:
2709 3112 3044 3183 ίιιιειιῖείωυε
3082 3089 3260 3177 “lein
3298 3108 3461 3170 υδυιιι
3498 3118 3552 3171 in
3588 3133 3652 3172 εο
3689 3121 3827 3195 qua“

677 3212 799 3264 dum
822 3211 1297 3280 concupiscentiam
1318 3212 1528 3278 mundi,
1552 3222 1605 3267 et
1629 3229 1729 3267 non
1755 3224 1877 3269 sunt
1897 3218 1949 3269 in
1977 3214 2037 3270 ea
2064 3222 2207 3272 sorte

659 3286 859 3367 gratiae
882 3306 940 3352 ut
961 3300 1026 3353 ab
1049 3296 1137 3354 illo
1160 3299 1420 3369 eligantur
1440 3317 1505 3355 ex
1531 3296 1743 3357 mundo.
1770 3302 1883 3359 Non
1906 3307 2085 3375 itaque
2109 3324 2206 3378 pro

637 3454 647 3463 ~
678 3386 895 3451 mundo,
914 3386 1005 3441 sed
1028 3401 1123 3456 pro
1144 3388 1223 3443 eis
1245 3403 1376 3455 quos
1393 3388 1548 3444 Pater
1568 3390 1737 3456 dedit,
1760 3403 1944 3462 rogare
1968 3410 2025 3448 se
2044 3393 2200 3450 dicit:

673 3477 770 3541 per
794 3474 895 3528 hoc
921 3474 1059 3527 enim
1084 3476 1225 3544 quod
1248 3490 1342 3531 eos
1366 3476 1439 3530 illi
1466 3474 1627 3532 Pater
1650 3479 1761 3547 jam
1796 3481 1968 3545 dedit,
2001 3471 2199 3537 l'actum‘

675 3566 758 3612 est
779 3564 969 3612 utnon
987 3561 1300 3627 pertineant
1314 3562 1385 3615 ad
1398 3557 1800 3617 'eit‘m'mun'du‘m
1819 3603 1834 3628 ,
1850 3568 1954 3633 pro
1977 3582 2080 3635 quo
2101 3570 2203 3629 non

675 3651 846 3714 rogat.
874 3644 1070 3700 Deinde
1092 3645 1396 3716 sabinug‘it:
1426 3646 1561 3712 Quia
1591 3650 1678 3702 tttt"
1698 3642 1837 3703 sunt.
1861 3638 2040 3722 Néque
2066 3644 2204 3709 cnim

676 3732 808 3801 quin
837 3731 995 3787 Pater
1029 3723 1147 3787 eos"
1160 3732 1293 3788 Filio
1330 3724 1708 3799 dedit,'amisit
1735 3739 1845 3807 ipse
1868 3756 1999 3819 quos
2028 3744 2199 3819 dedit,

673 3830 792 3874 cum
821 3822 993 3875 adhuc
1030 3820 1202 3876 Filius
1226 3824 1479 3901 sequuti"
1503 3829 1567 3878 ac
1590 3826 1767 3880 dicat:
1794 3827 1981 3898 (Vens.
2017 3831 2101 3901 l0)
2134 3832 2202 3883 Et

673 3928 787 3965 mea
829 3912 999 3965 omnia
1039 3916 1129 3963 tito
1165 3907 1314 3975 time,
1345 3920 1391 3963 et
1414 3904 1512 3964 tua
1534 3926 1669 3966 mea.
1705 3914 1798 3969 [ibi
1828 3902 1957 3971 satis
1985 3904 2204 3987 apparet

677 3999 947 4065 quomodo
960 3996 1211 4066 unigeniti
1235 3996 1354 4051 Filii
1378 3997 1485 4052 sint
1509 4001 1683 4054 omnia
1707 3986 1822 4071 qua:
1847 4012 1966 4057 sunt
1988 3986 2197 4073 Patris;

674 4104 769 4155 per
792 4090 894 4143 hoe
920 4089 1103 4157 utique
1128 4078 1267 4156 quod
1294 4088 1454 4143 etiam
1482 4092 1592 4159 ipse
1618 4091 1756 4146 Deus
1782 4101 1892 4157 est;
1923 4102 1977 4148 et
2012 4096 2078 4150 de
2102 4096 2200 4150 Pa-

674 4187 755 4229 tre
781 4175 925 4228 Pstri
953 4183 1106 4229 natus
1131 4176 1348 4244 aequalis
1373 4174 1563 4247 [Aug.,
1590 4186 1672 4232 est
1694 4178 1861 4234 natus
1877 4183 2092 4250 equilis
2104 4183 2145 4254 ].
2176 4200 2193 4235 ι

674 4261 784 4316 Hoc
815 4263 953 4317 enim
995 4263 1193 4318 dictum
1234 4273 1316 4318 est
1344 4264 1409 4318 de
1436 4274 1617 4319 sancta
1645 4275 1700 4319 et
1726 4266 2022 4322 rationabili
2051 4286 2195 4324 crea-

2301 3210 2464 3248 unum
2501 3205 2655 3262 sunt,
2699 3206 2756 3251 et
2791 3200 2902 3266 ipse
2938 3208 2993 3255 et
3025 3200 3111 3254 ille
3145 3210 3299 3269 quem
3330 3211 3499 3270 rogat.
3531 3191 3780 3276 Sequitur
3810 3211 3822 3261 ἐ

2303 3283 2483 3352 (Vens.
2535 3282 2620 3352 i2)
2649 3283 2778 3337 Cum
2801 3296 2960 3357 essent
2984 3301 3098 3342 cum
3120 3290 3213 3353 eis,
3250 3302 3340 3360 ego
3368 3292 3627 3347 seruabam
3652 3312 3734 3348 eos
3775 3295 3830 3349 iit

2302 3371 2507 3451 nomine
2552 3378 2658 3423 tuo.
2699 3370 2809 3436 Me,
2850 3372 3051 3442 inquit“,
3081 3378 3322 3441 veniente
3359 3380 3426 3433 ad
3470 3389 3521 3434 te
3552 3396 3701 3435 serra
3736 3396 3830 3437 eos

2301 3458 2356 3510 in
2382 3460 2590 3514 nomine
2622 3467 2757 3537 tuo,"
2771 3461 2824 3515 in
2851 3451 3106 3530 quoeos,‘
3131 3461 3338 3533 quando
3373 3483 3491 3522 cum
3530 3464 3608 3524 eis
3646 3463 3826 3542 eram,

2300 3554 2352 3598 et
2379 3547 2486 3613 ipse
2508 3543 2805 3603 servabam.
2848 3550 2906 3603 ln’
2943 3552 3150 3606 nomine
3182 3552 3359 3609 Patris
3394 3548 3637 3612 servabat
3674 3560 3831 3617 disci-

2299 3636 2450 3705 pulos
2476 3650 2599 3690 suos
2624 3633 2788 3713 Pilius
2813 3639 3042 3694 hominis
3067 3641 3121 3693 in
3149 3639 3375 3719 humana
3401 3646 3679 3715 praesentia
3702 3634 3829 3714 con-

2301 3722 2555 3775 stitutus":
2588 3724 2679 3777 sed
2709 3720 2869 3777 etiam
2902 3722 3059 3777 Pater
3087 3725 3140 3777 in
3170 3721 3380 3781 nomine
3406 3728 3524 3783 Filii
3552 3732 3825 3798 servabat,

2300 3817 2432 3895 quos
2454 3812 2507 3864 in
2531 3814 2740 3866 nomine
2765 3813 2883 3866 Filii
2910 3822 3145 3882 petentes
3167 3816 3494 3872 exaudiebat.
3520 3818 3613 3874 His
3636 3822 3827 3895 quippe

2301 3894 2438 3948 idem
2467 3896 2630 3950 Filius
2659 3898 2903 3952 dixerat:
2931 3902 3117 3967 Amen,
3144 3902 3290 3959 amen
3312 3906 3425 3960 dico
3452 3909 3605 3974 uobis,
3626 3913 3678 3965 si
3702 3913 3824 3982 quid

2298 3983 2543 4050 petieritis
2573 3982 2780 4037 Patrem
2806 3988 2861 4038 in
2897 3988 3097 4040 nomine
3131 4004 3271 4056 meo,
3296 3993 3434 4047 dabit
3462 3996 3597 4050 vobis
3626 3992 3821 4069 (Joanl

2300 4083 2419 4134 xvi,
2448 4071 2516 4125 23
2537 4071 2576 4139 ).
2602 4068 2787 4125 Simul
2822 4075 2960 4127 enim
3000 4090 3096 4131 nos
3128 4082 3427 4135 custodiunt
3449 4084 3624 4149 Pater,
3654 4095 3715 4139 et
3733 4087 3823 4141 Fi-

2291 4156 2427 4220 lius,
2458 4165 2513 4211 et
2536 4156 2764 4236 Spiritus
2790 4170 3035 4223 sanctus.
3059 4165 3146 4231 qui
3173 4174 3260 4221 est
3292 4183 3459 4232 unus,
3488 4172 3671 4236 verus,
3702 4173 3822 4227 bea-

2299 4249 2385 4297 tus
2426 4234 2582 4297 Deus.
2624 4244 2980 4316 intelligamus
3018 4247 3177 4318 [Al.,
3221 4269 3376 4324 quem
3415 4273 3572 4312 unum
3606 4234 3819 4325 verum,

673 4350 833 4439 iam,
853 4360 1010 4439 quam
1035 4346 1192 4439 elegit
1216 4350 1472 4439 Deusta
1496 4368 1613 4423 quae
1637 4354 1842 4439 subdita
1868 4365 1949 4411 est
1972 4357 2115 4413 Patri
2144 4369 2198 4414 et
2224 4380 2273 4439 υ
2297 4327 2715 4439 ξ’ξξξιξῗζιίξῗυξξξ
2732 4333 3117 4439 ίηῇηίεθηιυε]
3148 4355 3266 4439 cut!)
3295 4343 3368 4439 ita
3409 4344 3657 4415 loquitur.
3687 4350 3823 4404 sicut

672 4424 837 4500 Filio,
868 4432 931 4490 Et
968 4430 1244 4507 mqualiter
1281 4444 1365 4492 est
1400 4429 1581 4494 Patris
1608 4449 1662 4495 et
1697 4436 1836 4496 Filii:
1868 4455 1886 4493 ι
1915 4446 2039 4500 Hinc
2074 4462 2199 4518 ergo

672 4532 789 4578 eum
817 4526 888 4579 sit
912 4525 1006 4580 Dei
1029 4525 1201 4580 Patris
1217 4541 1363 4590 ,-non
1387 4526 1541 4580 simul
1566 4537 1705 4583 esset
1724 4538 1777 4583 et
1799 4530 1945 4595 Filii,
1975 4535 2075 4587 nisi
2100 4534 2200 4589 Pa—

673 4606 743 4662 tri
780 4610 943 4665 Filius
981 4620 1120 4667 esset
1155 4614 1387 4683 :equalis.
1426 4614 1534 4669 Nec
1573 4614 1654 4671 fas
1690 4626 1772 4671 est
1806 4629 1865 4673 ut
1902 4624 2095 4687 sancti,
2134 4624 2198 4678 de

674 4696 862 4787 quibus
1022 4699 1363 4787 lounusest,
1386 4702 1698 4787 cujusquam
1736 4707 1871 4771 sint,
1900 4709 2001 4762 nisi
2029 4711 2141 4779 ejus
2167 4727 2196 4765 a

672 4785 776 4858 quo
801 4784 966 4839 creati
992 4790 1047 4837 et
1072 4785 1353 4839 santiilcatl
1378 4784 1517 4840 sunt.
1551 4788 1691 4858 Ergo
1725 4806 1844 4845 cum
1869 4802 1923 4847 et
1948 4794 2119 4850 Patris
2144 4807 2197 4851 et

673 4852 789 4951 filii
814 4877 957 4935 sunt,
983 4871 1212 4937 aequales
1234 4885 1349 4925 esse
1368 4852 1747 4939 demabstrant,
1777 4891 1999 4946 quorum
2024 4898 2197 4951 aqua.

672 4948 795 5040 liter
806 4968 947 5049 mut.
969 4960 1082 5049 rEt
1105 4961 1419 5049 clariﬁaetus
1436 4976 1549 5019 sum
1565 5006 1580 5031 ,
1606 4965 1801 5049 inquit,
1824 4972 1877 5023 in
1895 4972 1987 5027 eis.
2012 4948 2195 5031 «Nunc

655 5049 821 5097 suam
853 5045 1277 5119 dariﬂcuionetn
1315 5054 1563 5117 tam
1598 5045 1736 5107 facta
1774 5056 1842 5108 sit
1876 5057 2029 5123 dicit,
2074 5076 2194 5116 cum

672 5132 844 5186 adhuc
865 5142 1005 5188 aut
1030 5134 1222 5191 uttura.
1253 5154 1273 5187 ι
1301 5133 1629 5206 ϐίον-ἱρέων
1655 5160 1768 5197 sum
1795 5145 1849 5197 in
1875 5146 1979 5210 eis,
2007 5148 2059 5201 id
2084 5158 2191 5213 est,

671 5224 767 5289 per
806 5234 989 5275 eorum
1027 5222 1452 5289 Nomionem
1492 5226 1807 5285 clariﬁcatus
1846 5244 1963 5287 sum
1996 5234 2048 5287 in
2086 5243 2193 5291 toto

673 5307 886 5361 mundo.
914 5306 983 5361 Et
1007 5307 1130 5376 quis
1152 5310 1576 5377 prodentia-tum
1602 5322 1684 5369 est
1705 5324 1763 5370 ut
1780 5318 1931 5373 ﬁeret
1948 5359 1963 5383 ,
1992 5330 2192 5375 certum

672 5392 836 5447 Voluit
862 5408 981 5450 esse
1012 5395 1152 5464 quod
1182 5393 1415 5453 futurum
1446 5408 1579 5453 erat.
1616 5399 1737 5455 ideo
1770 5404 2020 5471 praeteriti
2056 5415 2189 5462 tem-

672 5478 997 5545 lion'nverbo
1017 5497 1145 5537 usus
1170 5489 1279 5538 est;
1379 5509 1391 5517 ’

741 5596 767 5627 ι
801 5586 879 5643 Ex
906 5588 964 5648 8.
986 5591 1147 5665 Διί..
1172 5602 1326 5651 met.
1356 5602 1458 5650 crit
1476 5637 1491 5664 ,
1509 5601 1665 5653 'num.
1698 5602 1719 5652 i
1746 5628 1768 5638 -
1791 5600 1842 5653 8.

2297 4417 2382 4470 hic
2405 4418 2612 4473 locutus
2636 4429 2716 4473 est
2739 4461 2751 4485 ,
2780 4436 3033 4488 personas
3058 4442 3175 4481 eum
3202 4431 3549 4503 distinguere,
3594 4453 3698 4493 non
3738 4450 3821 4495 se-

2295 4513 2482 4570 parare
2524 4516 2768 4562 naturam
2808 4508 2997 4581 [Aug.,
3026 4518 3355 4590 naturas];s
3382 4522 3503 4576 licet
3540 4525 3713 4581 ablata
3751 4528 3819 4581 ab

2295 4593 2373 4645 eis
2399 4596 2658 4690 corporali
2683 4600 2962 4690 pmsenua
2988 4600 3125 4653 Filii.
3155 4602 3258 4657 Sed
3282 4612 3829 4690 nunquam'spiritalis;

2295 4682 2531 4735 custodia
2571 4682 2779 4744 deerat,
2810 4685 2875 4737 de
2915 4701 3016 4754 qua
3057 4688 3221 4743 dicit:
3266 4691 3397 4746 Ecce
3434 4712 3522 4765 ego
3564 4698 3815 4753 uobiscum

2294 4778 2406 4821 sum
2426 4770 2655 4823 omnibus
2675 4770 2870 4837 diebus,
2884 4791 3042 4844 usque
3062 4778 3128 4829 ad
3149 4786 3625 4839 consummationem
3641 4788 3814 4842 ιιι-σπιιὶ

2294 4855 2501 4926 (Matth.
2530 4873 2696 4911 xxvm
2713 4898 2729 4921 ,
2753 4858 2862 4927 30).
2894 4859 3033 4922 Quos
3057 4862 3241 4917 dedisti
3269 4869 3390 4921 mihi
3409 4909 3424 4933 ,
3453 4872 3737 4938 custodis',‘
3759 4885 3814 4926 et

2293 4957 2436 4995 nemo
2464 4960 2528 4996 ex
2554 4945 2635 4997 Itis
2675 4946 2854 5015 periit,
2888 4948 2987 5000 nisi
3025 4950 3167 5017 ﬁlius
3206 4955 3539 5027 perditionis,
3574 4967 3628 5012 tu
3674 4958 3813 5016 sm-

2290 5038 2441 5095 ptura
2467 5028 2753 5097 impleatur.
2783 5047 2803 5081 (
2832 5030 2996 5089 Filius
3035 5039 3342 5105 perditionis
3384 5030 3812 5105 dictus‘traditor

2291 5113 2518 5179 Christi,
2546 5117 2610 5170 de
2634 5133 2739 5187 quo
2766 5119 2817 5174 in
2842 5122 3042 5190 psalmo
3068 5128 3351 5182 centesimo
3374 5141 3558 5189 octavo
3581 5135 3812 5191 maxime

2288 5204 2648 5271 propinentur.
2678 5206 2874 5276 (Vens.
2902 5210 3027 5281 l3.)
3056 5212 3207 5267 Nunc
3245 5228 3414 5273 autem
3435 5220 3505 5273 ad
3536 5230 3585 5273 te
3625 5223 3803 5285 uenia,

2289 5302 2336 5344 ct
2370 5292 2477 5345 Iure
2511 5292 2691 5363 loquor
2722 5297 2778 5349 in
2809 5299 3027 5359 mundo,
3058 5310 3111 5353 ut
3134 5302 3349 5358 habeant
3372 5306 3614 5374 gaudium
3644 5323 3806 5374 meum

2289 5378 2545 5470 impletum
2574 5381 2944 5470 inse-resimis.
2976 5404 2996 5435 ‹
3020 5383 3155 5470 Ecce
3178 5392 3230 5443 in
3258 5393 3452 5447 mundo
3478 5392 3618 5463 loqui
3645 5411 3701 5451 se
3723 5396 3806 5469 di-_

2288 5466 2391 5530 cit,
2417 5469 2503 5535 qui
2532 5469 2683 5536 paulo
2707 5478 2827 5525 ante
2851 5472 3053 5528 dixerat
3079 5494 3091 5527 :
3117 5466 3239 5531 iam
3263 5492 3362 5533 non
3385 5494 3495 5533 sum
3518 5482 3572 5538 in
3596 5466 3802 5539 mundo.
