  <div class='ocr_page' id='page_1' title='image "/cluster/home/n/w/nwhite01/storage/ocr_20150623/100/uva.x000827058/491.png"; bbox 0 0 4152 6206; ppageno 0'>
   <div class='ocr_carea' id='block_1_1' title="bbox 700 282 797 336">
    <p class='ocr_par' dir='ltr' id='par_1_1' title="bbox 700 282 797 336">
     <span class='ocr_line' id='line_1_1' title="bbox 700 282 797 336; baseline -0.021 0"><span class='ocrx_word' id='word_1_1' title='bbox 700 282 797 336; x_wconf 76' lang='lat'><strong>967</strong></span> 
     </span>
    </p>
   </div>
   <div class='ocr_carea' id='block_1_2' title="bbox 1449 271 3109 331">
    <p class='ocr_par' dir='ltr' id='par_1_2' title="bbox 1449 271 3109 331">
     <span class='ocr_line' id='line_1_2' title="bbox 1449 271 3109 331; baseline -0.001 -3"><span class='ocrx_word' id='word_1_2' title='bbox 1449 313 1453 318; x_wconf 65' lang='grc' dir='ltr'><strong>ι</strong></span> <span class='ocrx_word' id='word_1_3' title='bbox 1521 277 1581 329; x_wconf 78' lang='grc' dir='ltr'>ιι.</span> <span class='ocrx_word' id='word_1_4' title='bbox 1608 275 1681 327; x_wconf 72' lang='grc' dir='ltr'><strong>Γ.</strong></span> <span class='ocrx_word' id='word_1_5' title='bbox 1723 271 1935 326; x_wconf 66' lang='lat' dir='ltr'><strong>ALBINI</strong></span> <span class='ocrx_word' id='word_1_6' title='bbox 1976 273 2097 326; x_wconf 58' lang='lat' dir='ltr'><strong>Slil&#39;</strong></span> <span class='ocrx_word' id='word_1_7' title='bbox 2142 272 2401 327; x_wconf 69' lang='lat' dir='ltr'><strong>ALCUNI</strong></span> <span class='ocrx_word' id='word_1_8' title='bbox 2440 276 2712 331; x_wconf 70' lang='lat' dir='ltr'><strong>OPERL&#39;M</strong></span> <span class='ocrx_word' id='word_1_9' title='bbox 2751 274 2923 326; x_wconf 61' lang='lat' dir='ltr'><strong>PARS</strong></span> <span class='ocrx_word' id='word_1_10' title='bbox 2957 272 3010 327; x_wconf 75' lang='grc' dir='ltr'><strong>ιι</strong></span> <span class='ocrx_word' id='word_1_11' title='bbox 3102 286 3109 293; x_wconf 83' lang='lat'><strong><em>‘</em></strong></span> 
     </span>
    </p>
   </div>
   <div class='ocr_carea' id='block_1_3' title="bbox 3759 273 3859 327">
    <p class='ocr_par' dir='ltr' id='par_1_3' title="bbox 3759 273 3859 327">
     <span class='ocr_line' id='line_1_3' title="bbox 3759 273 3859 327; baseline 0.01 -1"><span class='ocrx_word' id='word_1_12' title='bbox 3759 273 3859 327; x_wconf 69' lang='grc' dir='ltr'><strong>θῦε</strong></span> 
     </span>
    </p>
   </div>
   <div class='ocr_carea' id='block_1_4' title="bbox 686 366 3861 456">
    <p class='ocr_par' dir='ltr' id='par_1_4' title="bbox 686 366 3861 456">
     <span class='ocr_line' id='line_1_4' title="bbox 686 366 3861 456; baseline -0.002 -13"><span class='ocrx_word' id='word_1_13' title='bbox 686 403 746 443; x_wconf 77' lang='lat' dir='ltr'><strong>et</strong></span> <span class='ocrx_word' id='word_1_14' title='bbox 771 400 825 442; x_wconf 86' lang='lat' dir='ltr'><strong>tu</strong></span> <span class='ocrx_word' id='word_1_15' title='bbox 853 366 1009 442; x_wconf 80' lang='lat' dir='ltr'><strong>Pater</strong></span> <span class='ocrx_word' id='word_1_16' title='bbox 1035 389 1086 440; x_wconf 90' lang='lat' dir='ltr'><strong>in</strong></span> <span class='ocrx_word' id='word_1_17' title='bbox 1114 404 1191 440; x_wconf 84' lang='lat' dir='ltr'><strong>nte</strong></span> <span class='ocrx_word' id='word_1_18' title='bbox 1209 428 1222 450; x_wconf 93' lang='lat'><strong>,</strong></span> <span class='ocrx_word' id='word_1_19' title='bbox 1252 396 1297 438; x_wconf 84' lang='lat' dir='ltr'><strong>et</strong></span> <span class='ocrx_word' id='word_1_20' title='bbox 1325 402 1415 453; x_wconf 85' lang='lat' dir='ltr'><strong>ego</strong></span> <span class='ocrx_word' id='word_1_21' title='bbox 1441 384 1491 437; x_wconf 87' lang='lat' dir='ltr'><strong>in</strong></span> <span class='ocrx_word' id='word_1_22' title='bbox 1518 394 1581 435; x_wconf 74' lang='lat' dir='ltr'><strong>te.</strong></span> <span class='ocrx_word' id='word_1_23' title='bbox 1615 383 1721 436; x_wconf 79' lang='lat' dir='ltr'><strong>Hoc</strong></span> <span class='ocrx_word' id='word_1_24' title='bbox 1750 392 1831 435; x_wconf 85' lang='lat' dir='ltr'><strong>est</strong></span> <span class='ocrx_word' id='word_1_25' title='bbox 1850 422 1862 443; x_wconf 91' lang='lat'><strong>,</strong></span> <span class='ocrx_word' id='word_1_26' title='bbox 1894 380 2029 456; x_wconf 82' lang='lat' dir='ltr'><strong>quod</strong></span> <span class='ocrx_word' id='word_1_27' title='bbox 2073 378 2226 447; x_wconf 80' lang='lat' dir='ltr'><strong>paulo</strong></span> <span class='ocrx_word' id='word_1_28' title='bbox 2255 384 2297 436; x_wconf 82' lang='grc' dir='ltr'><strong>Α</strong></span> <span class='ocrx_word' id='word_1_29' title='bbox 2325 381 2436 453; x_wconf 72' lang='lat'><strong>25.)</strong></span> <span class='ocrx_word' id='word_1_30' title='bbox 2459 382 2618 436; x_wconf 84' lang='lat' dir='ltr'><strong>Pater</strong></span> <span class='ocrx_word' id='word_1_31' title='bbox 2637 384 2793 453; x_wconf 66' lang='lat' dir='ltr'><strong>fuste,</strong></span> <span class='ocrx_word' id='word_1_32' title='bbox 2823 384 3037 435; x_wconf 75' lang='lat' dir='ltr'><strong>mundus</strong></span> <span class='ocrx_word' id='word_1_33' title='bbox 3066 392 3111 434; x_wconf 86' lang='lat' dir='ltr'><strong>te</strong></span> <span class='ocrx_word' id='word_1_34' title='bbox 3137 399 3235 435; x_wconf 88' lang='lat' dir='ltr'><strong>non</strong></span> <span class='ocrx_word' id='word_1_35' title='bbox 3260 385 3505 452; x_wconf 72' lang='lat' dir='ltr'><strong>cognorit.</strong></span> <span class='ocrx_word' id='word_1_36' title='bbox 3538 385 3667 448; x_wconf 80' lang='lat' dir='ltr'><strong>Quia</strong></span> <span class='ocrx_word' id='word_1_37' title='bbox 3683 381 3861 450; x_wconf 76' lang='lat' dir='ltr'><strong>justus</strong></span> 
     </span>
    </p>
   </div>
   <div class='ocr_carea' id='block_1_5' title="bbox 700 466 2228 546">
    <p class='ocr_par' dir='ltr' id='par_1_5' title="bbox 700 466 2228 546">
     <span class='ocr_line' id='line_1_5' title="bbox 700 466 2228 546; baseline -0.01 -13"><span class='ocrx_word' id='word_1_38' title='bbox 700 489 820 532; x_wconf 84' lang='lat' dir='ltr'><strong>ante</strong></span> <span class='ocrx_word' id='word_1_39' title='bbox 843 478 974 532; x_wconf 94' lang='lat' dir='ltr'><strong>dixit</strong></span> <span class='ocrx_word' id='word_1_40' title='bbox 997 491 1010 530; x_wconf 90' lang='lat'><strong>:</strong></span> <span class='ocrx_word' id='word_1_41' title='bbox 1042 475 1147 546; x_wconf 79' lang='lat' dir='ltr'><strong>Ego</strong></span> <span class='ocrx_word' id='word_1_42' title='bbox 1173 477 1225 529; x_wconf 90' lang='lat' dir='ltr'><strong>in</strong></span> <span class='ocrx_word' id='word_1_43' title='bbox 1256 472 1411 527; x_wconf 81' lang='lat' dir='ltr'><strong>Patre</strong></span> <span class='ocrx_word' id='word_1_44' title='bbox 1432 514 1445 537; x_wconf 93' lang='lat'><strong>,</strong></span> <span class='ocrx_word' id='word_1_45' title='bbox 1473 483 1517 544; x_wconf 78' lang='lat' dir='ltr'><strong>et</strong></span> <span class='ocrx_word' id='word_1_46' title='bbox 1554 469 1705 524; x_wconf 80' lang='lat' dir='ltr'><strong>Pater</strong></span> <span class='ocrx_word' id='word_1_47' title='bbox 1728 472 1779 543; x_wconf 82' lang='lat' dir='ltr'><strong>in</strong></span> <span class='ocrx_word' id='word_1_48' title='bbox 1806 485 1903 522; x_wconf 76' lang='lat' dir='ltr'><strong>me.</strong></span> <span class='ocrx_word' id='word_1_49' title='bbox 1933 466 2063 521; x_wconf 80' lang='lat' dir='ltr'><strong>Nam</strong></span> <span class='ocrx_word' id='word_1_50' title='bbox 2088 476 2228 541; x_wconf 82' lang='lat' dir='ltr'><strong>totus</strong></span> 
     </span>
    </p>
   </div>
   <div class='ocr_carea' id='block_1_6' title="bbox 700 552 2228 629">
    <p class='ocr_par' dir='ltr' id='par_1_6' title="bbox 700 552 2228 629">
     <span class='ocr_line' id='line_1_6' title="bbox 700 552 2228 629; baseline -0.007 -11"><span class='ocrx_word' id='word_1_51' title='bbox 700 564 855 619; x_wconf 77' lang='lat' dir='ltr'><strong>Pater</strong></span> <span class='ocrx_word' id='word_1_52' title='bbox 879 564 932 618; x_wconf 91' lang='lat' dir='ltr'><strong>in</strong></span> <span class='ocrx_word' id='word_1_53' title='bbox 953 563 1086 617; x_wconf 81' lang='lat' dir='ltr'><strong>Filio</strong></span> <span class='ocrx_word' id='word_1_54' title='bbox 1110 571 1211 626; x_wconf 81' lang='lat' dir='ltr'><strong>est,</strong></span> <span class='ocrx_word' id='word_1_55' title='bbox 1238 570 1289 616; x_wconf 89' lang='lat' dir='ltr'><strong>et</strong></span> <span class='ocrx_word' id='word_1_56' title='bbox 1317 569 1454 613; x_wconf 90' lang='lat' dir='ltr'><strong>totus</strong></span> <span class='ocrx_word' id='word_1_57' title='bbox 1478 559 1639 612; x_wconf 80' lang='lat' dir='ltr'><strong>Filius</strong></span> <span class='ocrx_word' id='word_1_58' title='bbox 1663 559 1714 611; x_wconf 90' lang='lat' dir='ltr'><strong>in</strong></span> <span class='ocrx_word' id='word_1_59' title='bbox 1737 557 1927 629; x_wconf 83' lang='lat' dir='ltr'><strong>Patre:</strong></span> <span class='ocrx_word' id='word_1_60' title='bbox 1953 564 2008 608; x_wconf 89' lang='lat' dir='ltr'><strong>et</strong></span> <span class='ocrx_word' id='word_1_61' title='bbox 2030 552 2118 622; x_wconf 84' lang='lat' dir='ltr'><strong>qui</strong></span> <span class='ocrx_word' id='word_1_62' title='bbox 2145 554 2228 608; x_wconf 79' lang='lat' dir='ltr'><strong>Fi-</strong></span> 
     </span>
    </p>
   </div>
   <div class='ocr_carea' id='block_1_7' title="bbox 696 643 2227 723">
    <p class='ocr_par' dir='ltr' id='par_1_7' title="bbox 696 643 2227 723">
     <span class='ocr_line' id='line_1_7' title="bbox 696 643 2227 723; baseline -0.008 -16"><span class='ocrx_word' id='word_1_63' title='bbox 696 655 823 709; x_wconf 90' lang='lat' dir='ltr'><strong>lium</strong></span> <span class='ocrx_word' id='word_1_64' title='bbox 852 655 1041 715; x_wconf 88' lang='lat' dir='ltr'><strong>habet,</strong></span> <span class='ocrx_word' id='word_1_65' title='bbox 1064 654 1224 706; x_wconf 85' lang='lat' dir='ltr'><strong>habet</strong></span> <span class='ocrx_word' id='word_1_66' title='bbox 1251 661 1303 704; x_wconf 89' lang='lat' dir='ltr'><strong>et</strong></span> <span class='ocrx_word' id='word_1_67' title='bbox 1327 650 1533 723; x_wconf 85' lang='lat' dir='ltr'><strong>Patrem</strong></span> <span class='ocrx_word' id='word_1_68' title='bbox 1560 665 1573 712; x_wconf 87' lang='lat'><strong>;</strong></span> <span class='ocrx_word' id='word_1_69' title='bbox 1602 656 1654 701; x_wconf 86' lang='lat' dir='ltr'><strong>et</strong></span> <span class='ocrx_word' id='word_1_70' title='bbox 1677 647 1764 715; x_wconf 91' lang='lat' dir='ltr'><strong>qui</strong></span> <span class='ocrx_word' id='word_1_71' title='bbox 1794 646 2002 717; x_wconf 80' lang='lat' dir='ltr'><strong>Patrem</strong></span> <span class='ocrx_word' id='word_1_72' title='bbox 2030 643 2187 696; x_wconf 85' lang='lat' dir='ltr'><strong>habet</strong></span> <span class='ocrx_word' id='word_1_73' title='bbox 2212 683 2227 707; x_wconf 95' lang='lat'><strong>,</strong></span> 
     </span>
    </p>
   </div>
   <div class='ocr_carea' id='block_1_8' title="bbox 698 732 2227 805">
    <p class='ocr_par' dir='ltr' id='par_1_8' title="bbox 698 732 2227 805">
     <span class='ocr_line' id='line_1_8' title="bbox 698 732 2227 805; baseline -0.009 -8"><span class='ocrx_word' id='word_1_74' title='bbox 698 744 860 797; x_wconf 85' lang='lat' dir='ltr'><strong>habet</strong></span> <span class='ocrx_word' id='word_1_75' title='bbox 882 749 937 795; x_wconf 89' lang='lat' dir='ltr'><strong>et</strong></span> <span class='ocrx_word' id='word_1_76' title='bbox 962 740 1170 794; x_wconf 79' lang='lat' dir='ltr'><strong>Filium.</strong></span> <span class='ocrx_word' id='word_1_77' title='bbox 1202 738 1349 793; x_wconf 83' lang='lat' dir='ltr'><strong>Unde</strong></span> <span class='ocrx_word' id='word_1_78' title='bbox 1377 736 1595 805; x_wconf 79' lang='lat' dir='ltr'><strong>subjecit</strong></span> <span class='ocrx_word' id='word_1_79' title='bbox 1628 753 1639 786; x_wconf 90' lang='lat'><strong>:</strong></span> <span class='ocrx_word' id='word_1_80' title='bbox 1668 733 1747 786; x_wconf 84' lang='lat' dir='ltr'><strong>.L&#39;t</strong></span> <span class='ocrx_word' id='word_1_81' title='bbox 1777 743 1825 785; x_wconf 89' lang='lat' dir='ltr'><strong>et</strong></span> <span class='ocrx_word' id='word_1_82' title='bbox 1863 733 1957 801; x_wconf 81' lang='lat' dir='ltr'><strong>ipsi</strong></span> <span class='ocrx_word' id='word_1_83' title='bbox 1994 733 2048 784; x_wconf 88' lang='lat' dir='ltr'><strong>in</strong></span> <span class='ocrx_word' id='word_1_84' title='bbox 2087 732 2227 784; x_wconf 87' lang='lat' dir='ltr'><strong>nobis</strong></span> 
     </span>
    </p>
   </div>
   <div class='ocr_carea' id='block_1_9' title="bbox 700 821 2226 889">
    <p class='ocr_par' dir='ltr' id='par_1_9' title="bbox 700 821 2226 889">
     <span class='ocr_line' id='line_1_9' title="bbox 700 821 2226 889; baseline -0.006 -8"><span class='ocrx_word' id='word_1_85' title='bbox 700 844 857 881; x_wconf 80' lang='lat' dir='ltr'><strong>unum</strong></span> <span class='ocrx_word' id='word_1_86' title='bbox 884 827 1003 881; x_wconf 83' lang='lat' dir='ltr'><strong>sint.</strong></span> <span class='ocrx_word' id='word_1_87' title='bbox 1027 826 1081 879; x_wconf 91' lang='lat' dir='ltr'><strong>ld</strong></span> <span class='ocrx_word' id='word_1_88' title='bbox 1107 835 1188 879; x_wconf 89' lang='lat' dir='ltr'><strong>est</strong></span> <span class='ocrx_word' id='word_1_89' title='bbox 1206 866 1220 886; x_wconf 94' lang='lat'><strong>,</strong></span> <span class='ocrx_word' id='word_1_90' title='bbox 1245 840 1345 877; x_wconf 88' lang='lat' dir='ltr'><strong>una</strong></span> <span class='ocrx_word' id='word_1_91' title='bbox 1371 825 1625 877; x_wconf 87' lang='lat' dir='ltr'><strong>charitate</strong></span> <span class='ocrx_word' id='word_1_92' title='bbox 1650 837 1744 875; x_wconf 91' lang='lat' dir='ltr'><strong>nos</strong></span> <span class='ocrx_word' id='word_1_93' title='bbox 1767 821 2016 889; x_wconf 80' lang='lat' dir='ltr'><strong>diligant,</strong></span> <span class='ocrx_word' id='word_1_94' title='bbox 2045 829 2099 873; x_wconf 91' lang='lat' dir='ltr'><strong>ct</strong></span> <span class='ocrx_word' id='word_1_95' title='bbox 2127 835 2226 873; x_wconf 87' lang='lat' dir='ltr'><strong>una</strong></span> 
     </span>
    </p>
   </div>
   <div class='ocr_carea' id='block_1_10' title="bbox 700 904 2224 979">
    <p class='ocr_par' dir='ltr' id='par_1_10' title="bbox 700 904 2224 979">
     <span class='ocr_line' id='line_1_10' title="bbox 700 904 2224 979; baseline -0.008 -7"><span class='ocrx_word' id='word_1_96' title='bbox 700 917 804 972; x_wconf 82' lang='lat' dir='ltr'><strong>iide</strong></span> <span class='ocrx_word' id='word_1_97' title='bbox 835 932 930 971; x_wconf 90' lang='lat' dir='ltr'><strong>nos</strong></span> <span class='ocrx_word' id='word_1_98' title='bbox 966 916 1213 975; x_wconf 85' lang='lat' dir='ltr'><strong>credant,</strong></span> <span class='ocrx_word' id='word_1_99' title='bbox 1243 924 1297 967; x_wconf 90' lang='lat' dir='ltr'><strong>et</strong></span> <span class='ocrx_word' id='word_1_100' title='bbox 1324 914 1374 965; x_wconf 91' lang='lat' dir='ltr'><strong>in</strong></span> <span class='ocrx_word' id='word_1_101' title='bbox 1405 928 1507 965; x_wconf 90' lang='lat' dir='ltr'><strong>una</strong></span> <span class='ocrx_word' id='word_1_102' title='bbox 1537 927 1629 979; x_wconf 91' lang='lat' dir='ltr'><strong>spe</strong></span> <span class='ocrx_word' id='word_1_103' title='bbox 1658 911 1708 963; x_wconf 92' lang='lat' dir='ltr'><strong>in</strong></span> <span class='ocrx_word' id='word_1_104' title='bbox 1740 910 1888 962; x_wconf 89' lang='lat' dir='ltr'><strong>nobis</strong></span> <span class='ocrx_word' id='word_1_105' title='bbox 1928 904 2224 971; x_wconf 79' lang='lat' dir='ltr'><strong>conﬁdant;</strong></span> 
     </span>
    </p>
   </div>
   <div class='ocr_carea' id='block_1_11' title="bbox 700 994 2229 1072">
    <p class='ocr_par' dir='ltr' id='par_1_11' title="bbox 700 994 2229 1072">
     <span class='ocr_line' id='line_1_11' title="bbox 700 994 2229 1072; baseline -0.005 -13"><span class='ocrx_word' id='word_1_106' title='bbox 700 1014 759 1059; x_wconf 89' lang='lat' dir='ltr'><strong>ut</strong></span> <span class='ocrx_word' id='word_1_107' title='bbox 801 1006 873 1059; x_wconf 88' lang='lat' dir='ltr'><strong>sit</strong></span> <span class='ocrx_word' id='word_1_108' title='bbox 908 1005 1082 1058; x_wconf 90' lang='lat' dir='ltr'><strong>unitas</strong></span> <span class='ocrx_word' id='word_1_109' title='bbox 1121 1003 1356 1072; x_wconf 88' lang='lat' dir='ltr'><strong>corporis</strong></span> <span class='ocrx_word' id='word_1_110' title='bbox 1397 1003 1447 1054; x_wconf 91' lang='lat' dir='ltr'><strong>in</strong></span> <span class='ocrx_word' id='word_1_111' title='bbox 1489 1001 1690 1069; x_wconf 78' lang='lat' dir='ltr'><strong>capite,</strong></span> <span class='ocrx_word' id='word_1_112' title='bbox 1732 1008 1786 1051; x_wconf 88' lang='lat' dir='ltr'><strong>et</strong></span> <span class='ocrx_word' id='word_1_113' title='bbox 1825 994 1892 1051; x_wconf 82' lang='lat' dir='ltr'><strong>sit</strong></span> <span class='ocrx_word' id='word_1_114' title='bbox 1931 1013 2066 1052; x_wconf 91' lang='lat' dir='ltr'><strong>unus</strong></span> <span class='ocrx_word' id='word_1_115' title='bbox 2094 998 2229 1051; x_wconf 89' lang='lat' dir='ltr'><strong>Dens</strong></span> 
     </span>
    </p>
   </div>
   <div class='ocr_carea' id='block_1_12' title="bbox 700 1088 2230 1155">
    <p class='ocr_par' dir='ltr' id='par_1_12' title="bbox 700 1088 2230 1155">
     <span class='ocr_line' id='line_1_12' title="bbox 700 1088 2230 1155; baseline -0.005 -7"><span class='ocrx_word' id='word_1_116' title='bbox 700 1095 877 1149; x_wconf 82' lang='lat' dir='ltr'><strong>omnia</strong></span> <span class='ocrx_word' id='word_1_117' title='bbox 906 1094 958 1147; x_wconf 90' lang='lat' dir='ltr'><strong>in</strong></span> <span class='ocrx_word' id='word_1_118' title='bbox 984 1091 1243 1146; x_wconf 89' lang='lat' dir='ltr'><strong>omnibus.</strong></span> <span class='ocrx_word' id='word_1_119' title='bbox 1273 1090 1371 1155; x_wconf 86' lang='lat' dir='ltr'><strong>Qui</strong></span> <span class='ocrx_word' id='word_1_120' title='bbox 1399 1090 1539 1144; x_wconf 92' lang='lat' dir='ltr'><strong>enim</strong></span> <span class='ocrx_word' id='word_1_121' title='bbox 1579 1099 1697 1143; x_wconf 90' lang='lat' dir='ltr'><strong>orat</strong></span> <span class='ocrx_word' id='word_1_122' title='bbox 1736 1103 1827 1155; x_wconf 92' lang='lat' dir='ltr'><strong>pro</strong></span> <span class='ocrx_word' id='word_1_123' title='bbox 1866 1088 2052 1149; x_wconf 86' lang='lat' dir='ltr'><strong>nobis,</strong></span> <span class='ocrx_word' id='word_1_124' title='bbox 2092 1103 2230 1141; x_wconf 90' lang='lat' dir='ltr'><strong>mor-</strong></span> 
     </span>
    </p>
   </div>
   <div class='ocr_carea' id='block_1_13' title="bbox 703 1164 2231 1251">
    <p class='ocr_par' dir='ltr' id='par_1_13' title="bbox 703 1164 2231 1251">
     <span class='ocr_line' id='line_1_13' title="bbox 703 1164 2231 1251; baseline -0.003 -14"><span class='ocrx_word' id='word_1_125' title='bbox 703 1164 823 1237; x_wconf 85' lang='lat' dir='ltr'><strong>tuus</strong></span> <span class='ocrx_word' id='word_1_126' title='bbox 851 1190 932 1237; x_wconf 87' lang='lat' dir='ltr'><strong>est</strong></span> <span class='ocrx_word' id='word_1_127' title='bbox 958 1196 1054 1251; x_wconf 90' lang='lat' dir='ltr'><strong>pro</strong></span> <span class='ocrx_word' id='word_1_128' title='bbox 1083 1182 1231 1235; x_wconf 64' lang='lat' dir='ltr'><strong>nobis</strong></span> <span class='ocrx_word' id='word_1_129' title='bbox 1251 1222 1264 1244; x_wconf 97' lang='lat'><strong>,</strong></span> <span class='ocrx_word' id='word_1_130' title='bbox 1294 1189 1349 1235; x_wconf 90' lang='lat' dir='ltr'><strong>et</strong></span> <span class='ocrx_word' id='word_1_131' title='bbox 1373 1180 1505 1232; x_wconf 80' lang='lat' dir='ltr'><strong>vivit</strong></span> <span class='ocrx_word' id='word_1_132' title='bbox 1528 1194 1624 1247; x_wconf 88' lang='lat' dir='ltr'><strong>pro</strong></span> <span class='ocrx_word' id='word_1_133' title='bbox 1651 1179 1800 1232; x_wconf 85' lang='lat' dir='ltr'><strong>nobis</strong></span> <span class='ocrx_word' id='word_1_134' title='bbox 1820 1218 1834 1241; x_wconf 88' lang='lat'><strong>,</strong></span> <span class='ocrx_word' id='word_1_135' title='bbox 1862 1188 1920 1232; x_wconf 90' lang='lat' dir='ltr'><strong>ut</strong></span> <span class='ocrx_word' id='word_1_136' title='bbox 1957 1194 2053 1232; x_wconf 89' lang='lat' dir='ltr'><strong>nos</strong></span> <span class='ocrx_word' id='word_1_137' title='bbox 2088 1180 2231 1232; x_wconf 84' lang='lat' dir='ltr'><strong>viva-</strong></span> 
     </span>
    </p>
   </div>
   <div class='ocr_carea' id='block_1_14' title="bbox 701 1267 2229 1341">
    <p class='ocr_par' dir='ltr' id='par_1_14' title="bbox 701 1267 2229 1341">
     <span class='ocr_line' id='line_1_14' title="bbox 701 1267 2229 1341; baseline -0.002 -16"><span class='ocrx_word' id='word_1_138' title='bbox 701 1286 822 1325; x_wconf 86' lang='lat' dir='ltr'><strong>mus</strong></span> <span class='ocrx_word' id='word_1_139' title='bbox 849 1270 902 1323; x_wconf 90' lang='lat' dir='ltr'><strong>in</strong></span> <span class='ocrx_word' id='word_1_140' title='bbox 932 1269 1021 1323; x_wconf 87' lang='lat' dir='ltr'><strong>illo</strong></span> <span class='ocrx_word' id='word_1_141' title='bbox 1044 1268 1067 1341; x_wconf 73' lang='lat'><strong>1</strong></span> <span class='ocrx_word' id='word_1_142' title='bbox 1093 1267 1217 1331; x_wconf 73' lang='lat' dir='ltr'><strong>Hs.,</strong></span> <span class='ocrx_word' id='word_1_143' title='bbox 1245 1284 1362 1322; x_wconf 90' lang='lat' dir='ltr'><strong>cum</strong></span> <span class='ocrx_word' id='word_1_144' title='bbox 1394 1268 1481 1321; x_wconf 89' lang='lat' dir='ltr'><strong>illo</strong></span> <span class='ocrx_word' id='word_1_145' title='bbox 1502 1267 1541 1336; x_wconf 92' lang='lat'><strong>].</strong></span> <span class='ocrx_word' id='word_1_146' title='bbox 1578 1268 1755 1321; x_wconf 81' lang='lat' dir='ltr'><strong>Potest</strong></span> <span class='ocrx_word' id='word_1_147' title='bbox 1782 1277 1835 1321; x_wconf 88' lang='lat' dir='ltr'><strong>et</strong></span> <span class='ocrx_word' id='word_1_148' title='bbox 1864 1268 1933 1321; x_wconf 86' lang='lat' dir='ltr'><strong>ita</strong></span> <span class='ocrx_word' id='word_1_149' title='bbox 1972 1269 2189 1338; x_wconf 74' lang='lat' dir='ltr'><strong>intelligi</strong></span> <span class='ocrx_word' id='word_1_150' title='bbox 2214 1310 2229 1331; x_wconf 94' lang='lat'><strong>,</strong></span> 
     </span>
    </p>
   </div>
   <div class='ocr_carea' id='block_1_15' title="bbox 701 1356 2231 1437">
    <p class='ocr_par' dir='ltr' id='par_1_15' title="bbox 701 1356 2231 1437">
     <span class='ocr_line' id='line_1_15' title="bbox 701 1356 2231 1437; baseline -0.001 -23"><span class='ocrx_word' id='word_1_151' title='bbox 701 1369 761 1413; x_wconf 90' lang='lat' dir='ltr'><strong>ut</strong></span> <span class='ocrx_word' id='word_1_152' title='bbox 798 1360 851 1413; x_wconf 91' lang='lat' dir='ltr'><strong>in</strong></span> <span class='ocrx_word' id='word_1_153' title='bbox 891 1357 1044 1411; x_wconf 89' lang='lat' dir='ltr'><strong>nobis</strong></span> <span class='ocrx_word' id='word_1_154' title='bbox 1081 1372 1240 1409; x_wconf 87' lang='lat' dir='ltr'><strong>unum</strong></span> <span class='ocrx_word' id='word_1_155' title='bbox 1284 1357 1421 1437; x_wconf 74' lang='lat' dir='ltr'><strong>sint,</strong></span> <span class='ocrx_word' id='word_1_156' title='bbox 1464 1356 1513 1409; x_wconf 91' lang='lat' dir='ltr'><strong>id</strong></span> <span class='ocrx_word' id='word_1_157' title='bbox 1551 1366 1661 1420; x_wconf 90' lang='lat' dir='ltr'><strong>est,</strong></span> <span class='ocrx_word' id='word_1_158' title='bbox 1703 1358 1753 1411; x_wconf 93' lang='lat' dir='ltr'><strong>in</strong></span> <span class='ocrx_word' id='word_1_159' title='bbox 1783 1358 2042 1412; x_wconf 89' lang='lat' dir='ltr'><strong>charitate</strong></span> <span class='ocrx_word' id='word_1_160' title='bbox 2070 1374 2231 1412; x_wconf 90' lang='lat' dir='ltr'><strong>unum</strong></span> 
     </span>
    </p>
   </div>
   <div class='ocr_carea' id='block_1_16' title="bbox 703 1436 2233 1517">
    <p class='ocr_par' dir='ltr' id='par_1_16' title="bbox 703 1436 2233 1517">
     <span class='ocr_line' id='line_1_16' title="bbox 703 1436 2233 1517; baseline -0.001 -15"><span class='ocrx_word' id='word_1_161' title='bbox 703 1448 811 1502; x_wconf 88' lang='lat' dir='ltr'><strong>sint</strong></span> <span class='ocrx_word' id='word_1_162' title='bbox 843 1449 993 1503; x_wconf 89' lang='lat' dir='ltr'><strong>nobis</strong></span> <span class='ocrx_word' id='word_1_163' title='bbox 1030 1436 1297 1517; x_wconf 85' lang='lat' dir='ltr'><strong>templum.</strong></span> <span class='ocrx_word' id='word_1_164' title='bbox 1341 1436 1487 1503; x_wconf 81' lang='lat' dir='ltr'><strong>Unde</strong></span> <span class='ocrx_word' id='word_1_165' title='bbox 1523 1448 1751 1501; x_wconf 87' lang='lat' dir='ltr'><strong>dicitur:</strong></span> <span class='ocrx_word' id='word_1_166' title='bbox 1791 1448 1919 1513; x_wconf 82' lang='lat' dir='ltr'><strong>Quia</strong></span> <span class='ocrx_word' id='word_1_167' title='bbox 1958 1449 2123 1515; x_wconf 80' lang='lat' dir='ltr'><strong>{actus</strong></span> <span class='ocrx_word' id='word_1_168' title='bbox 2161 1461 2233 1502; x_wconf 77' lang='lat' dir='ltr'><strong>est</strong></span> 
     </span>
    </p>
   </div>
   <div class='ocr_carea' id='block_1_17' title="bbox 702 1533 2228 1605">
    <p class='ocr_par' dir='ltr' id='par_1_17' title="bbox 702 1533 2228 1605">
     <span class='ocr_line' id='line_1_17' title="bbox 702 1533 2228 1605; baseline -0.001 -16"><span class='ocrx_word' id='word_1_169' title='bbox 702 1536 755 1589; x_wconf 87' lang='lat' dir='ltr'><strong>in</strong></span> <span class='ocrx_word' id='word_1_170' title='bbox 781 1552 905 1605; x_wconf 83' lang='lat' dir='ltr'><strong>pace</strong></span> <span class='ocrx_word' id='word_1_171' title='bbox 930 1536 1072 1591; x_wconf 84' lang='lat' dir='ltr'><strong>locus</strong></span> <span class='ocrx_word' id='word_1_172' title='bbox 1100 1535 1209 1605; x_wconf 82' lang='lat' dir='ltr'><strong>ejus</strong></span> <span class='ocrx_word' id='word_1_173' title='bbox 1230 1576 1245 1598; x_wconf 91' lang='lat'><strong>,</strong></span> <span class='ocrx_word' id='word_1_174' title='bbox 1291 1546 1336 1587; x_wconf 84' lang='lat' dir='ltr'><strong>et</strong></span> <span class='ocrx_word' id='word_1_175' title='bbox 1373 1535 1619 1587; x_wconf 72' lang='lat' dir='ltr'><strong>habitatio</strong></span> <span class='ocrx_word' id='word_1_176' title='bbox 1647 1535 1759 1603; x_wconf 86' lang='lat' dir='ltr'><strong>ejus</strong></span> <span class='ocrx_word' id='word_1_177' title='bbox 1786 1535 1840 1587; x_wconf 87' lang='lat' dir='ltr'><strong>in</strong></span> <span class='ocrx_word' id='word_1_178' title='bbox 1890 1534 2015 1588; x_wconf 84' lang='lat' dir='ltr'><strong>Sion</strong></span> <span class='ocrx_word' id='word_1_179' title='bbox 2046 1535 2063 1603; x_wconf 97' lang='lat'><strong>(</strong></span> <span class='ocrx_word' id='word_1_180' title='bbox 2089 1533 2228 1588; x_wconf 82' lang='lat' dir='ltr'><strong>Psal.</strong></span> 
     </span>
    </p>
   </div>
   <div class='ocr_carea' id='block_1_18' title="bbox 2326 469 3861 541">
    <p class='ocr_par' dir='ltr' id='par_1_18' title="bbox 2326 469 3861 541">
     <span class='ocr_line' id='line_1_18' title="bbox 2326 469 3861 541; baseline 0.004 -20"><span class='ocrx_word' id='word_1_181' title='bbox 2326 484 2406 533; x_wconf 87' lang='lat' dir='ltr'><strong>es,</strong></span> <span class='ocrx_word' id='word_1_182' title='bbox 2435 470 2551 525; x_wconf 88' lang='lat' dir='ltr'><strong>ideo</strong></span> <span class='ocrx_word' id='word_1_183' title='bbox 2580 481 2631 525; x_wconf 88' lang='lat' dir='ltr'><strong>te</strong></span> <span class='ocrx_word' id='word_1_184' title='bbox 2657 486 2759 525; x_wconf 90' lang='lat' dir='ltr'><strong>non</strong></span> <span class='ocrx_word' id='word_1_185' title='bbox 2788 472 3049 541; x_wconf 73' lang='lat' dir='ltr'><strong>cognovit.</strong></span> <span class='ocrx_word' id='word_1_186' title='bbox 3078 469 3298 525; x_wconf 80' lang='lat' dir='ltr'><strong>Mundus</strong></span> <span class='ocrx_word' id='word_1_187' title='bbox 3323 486 3469 535; x_wconf 85' lang='lat' dir='ltr'><strong>vero,</strong></span> <span class='ocrx_word' id='word_1_188' title='bbox 3491 472 3579 538; x_wconf 89' lang='lat' dir='ltr'><strong>qui</strong></span> <span class='ocrx_word' id='word_1_189' title='bbox 3605 473 3861 527; x_wconf 88' lang='lat' dir='ltr'><strong>damnan-</strong></span> 
     </span>
    </p>
   </div>
   <div class='ocr_carea' id='block_1_19' title="bbox 2327 559 3854 632">
    <p class='ocr_par' dir='ltr' id='par_1_19' title="bbox 2327 559 3854 632">
     <span class='ocr_line' id='line_1_19' title="bbox 2327 559 3854 632; baseline 0.005 -20"><span class='ocrx_word' id='word_1_190' title='bbox 2327 560 2423 621; x_wconf 84' lang='lat' dir='ltr'><strong>dus</strong></span> <span class='ocrx_word' id='word_1_191' title='bbox 2463 568 2545 614; x_wconf 90' lang='lat' dir='ltr'><strong>est</strong></span> <span class='ocrx_word' id='word_1_192' title='bbox 2565 574 2661 628; x_wconf 89' lang='lat' dir='ltr'><strong>per</strong></span> <span class='ocrx_word' id='word_1_193' title='bbox 2704 559 2983 627; x_wconf 79' lang='lat' dir='ltr'><strong>justitiam,</strong></span> <span class='ocrx_word' id='word_1_194' title='bbox 3012 569 3066 615; x_wconf 92' lang='lat' dir='ltr'><strong>te</strong></span> <span class='ocrx_word' id='word_1_195' title='bbox 3115 577 3219 616; x_wconf 89' lang='lat' dir='ltr'><strong>non</strong></span> <span class='ocrx_word' id='word_1_196' title='bbox 3270 565 3545 632; x_wconf 74' lang='lat' dir='ltr'><strong>cognovit;</strong></span> <span class='ocrx_word' id='word_1_197' title='bbox 3595 562 3683 616; x_wconf 89' lang='lat' dir='ltr'><strong>ille</strong></span> <span class='ocrx_word' id='word_1_198' title='bbox 3711 579 3854 623; x_wconf 83' lang='lat' dir='ltr'><strong>vero.</strong></span> 
     </span>
    </p>
   </div>
   <div class='ocr_carea' id='block_1_20' title="bbox 2325 647 3855 719">
    <p class='ocr_par' dir='ltr' id='par_1_20' title="bbox 2325 647 3855 719">
     <span class='ocr_line' id='line_1_20' title="bbox 2325 647 3855 719; baseline 0.005 -21"><span class='ocrx_word' id='word_1_199' title='bbox 2325 648 2414 715; x_wconf 91' lang='lat' dir='ltr'><strong>qui</strong></span> <span class='ocrx_word' id='word_1_200' title='bbox 2434 647 2714 702; x_wconf 81' lang='lat' dir='ltr'><strong>salvandus</strong></span> <span class='ocrx_word' id='word_1_201' title='bbox 2752 656 2867 703; x_wconf 88' lang='lat' dir='ltr'><strong>erat</strong></span> <span class='ocrx_word' id='word_1_202' title='bbox 2895 663 2991 716; x_wconf 90' lang='lat' dir='ltr'><strong>per</strong></span> <span class='ocrx_word' id='word_1_203' title='bbox 3019 650 3452 713; x_wconf 66' lang='lat' dir='ltr'><strong>m&#39;sericordiam,</strong></span> <span class='ocrx_word' id='word_1_204' title='bbox 3482 658 3533 703; x_wconf 90' lang='lat' dir='ltr'><strong>te</strong></span> <span class='ocrx_word' id='word_1_205' title='bbox 3560 653 3805 719; x_wconf 80' lang='lat' dir='ltr'><strong>cognovit</strong></span> <span class='ocrx_word' id='word_1_206' title='bbox 3840 669 3855 706; x_wconf 88' lang='lat'><strong>:</strong></span> 
     </span>
    </p>
   </div>
   <div class='ocr_carea' id='block_1_21' title="bbox 2327 733 3856 806">
    <p class='ocr_par' dir='ltr' id='par_1_21' title="bbox 2327 733 3856 806">
     <span class='ocr_line' id='line_1_21' title="bbox 2327 733 3856 806; baseline 0.005 -20"><span class='ocrx_word' id='word_1_207' title='bbox 2327 733 2554 787; x_wconf 90' lang='lat' dir='ltr'><strong>mundus</strong></span> <span class='ocrx_word' id='word_1_208' title='bbox 2579 749 2725 797; x_wconf 82' lang='lat' dir='ltr'><strong>vero,</strong></span> <span class='ocrx_word' id='word_1_209' title='bbox 2752 750 2905 803; x_wconf 93' lang='lat' dir='ltr'><strong>quem</strong></span> <span class='ocrx_word' id='word_1_210' title='bbox 2926 750 3038 803; x_wconf 10' lang='lat' dir='ltr'><strong>(per</strong></span> <span class='ocrx_word' id='word_1_211' title='bbox 3066 736 3329 790; x_wconf 89' lang='lat' dir='ltr'><strong>Christum</strong></span> <span class='ocrx_word' id='word_1_212' title='bbox 3357 738 3714 806; x_wconf 73' lang='lat' dir='ltr'><strong>reconciliavit</strong></span> <span class='ocrx_word' id='word_1_213' title='bbox 3734 740 3856 802; x_wconf 76' lang='lat' dir='ltr'><strong>sibi.</strong></span> 
     </span>
    </p>
   </div>
   <div class='ocr_carea' id='block_1_22' title="bbox 2328 812 3854 894">
    <p class='ocr_par' dir='ltr' id='par_1_22' title="bbox 2328 812 3854 894">
     <span class='ocr_line' id='line_1_22' title="bbox 2328 812 3854 894; baseline 0.008 -22"><span class='ocrx_word' id='word_1_214' title='bbox 2328 836 2429 873; x_wconf 92' lang='lat' dir='ltr'><strong>non</strong></span> <span class='ocrx_word' id='word_1_215' title='bbox 2453 822 2660 884; x_wconf 89' lang='lat' dir='ltr'><strong>merito,</strong></span> <span class='ocrx_word' id='word_1_216' title='bbox 2687 824 2777 887; x_wconf 82' lang='lat' dir='ltr'><strong>sed</strong></span> <span class='ocrx_word' id='word_1_217' title='bbox 2805 824 2971 891; x_wconf 82' lang='lat' dir='ltr'><strong>gratia</strong></span> <span class='ocrx_word' id='word_1_218' title='bbox 3010 812 3271 894; x_wconf 75' lang='lat' dir='ltr'><strong>cognovit.</strong></span> <span class='ocrx_word' id='word_1_219' title='bbox 3298 825 3433 890; x_wconf 85' lang='lat' dir='ltr'><strong>Quid</strong></span> <span class='ocrx_word' id='word_1_220' title='bbox 3472 836 3553 881; x_wconf 89' lang='lat' dir='ltr'><strong>est</strong></span> <span class='ocrx_word' id='word_1_221' title='bbox 3576 828 3717 881; x_wconf 89' lang='lat' dir='ltr'><strong>enim</strong></span> <span class='ocrx_word' id='word_1_222' title='bbox 3736 843 3854 884; x_wconf 83' lang='lat' dir='ltr'><strong>eum</strong></span> 
     </span>
    </p>
   </div>
   <div class='ocr_carea' id='block_1_23' title="bbox 2326 910 3859 983">
    <p class='ocr_par' dir='ltr' id='par_1_23' title="bbox 2326 910 3859 983">
     <span class='ocr_line' id='line_1_23' title="bbox 2326 910 3859 983; baseline 0.006 -22"><span class='ocrx_word' id='word_1_223' title='bbox 2326 923 2663 977; x_wconf 57' lang='lat' dir='ltr'><strong>cognoscere,</strong></span> <span class='ocrx_word' id='word_1_224' title='bbox 2694 910 2793 963; x_wconf 81' lang='lat' dir='ltr'><strong>nisi</strong></span> <span class='ocrx_word' id='word_1_225' title='bbox 2823 911 2929 963; x_wconf 86' lang='lat' dir='ltr'><strong>vita</strong></span> <span class='ocrx_word' id='word_1_226' title='bbox 2961 913 3190 965; x_wconf 65' lang='lat' dir='ltr'><strong>aeterna?</strong></span> <span class='ocrx_word' id='word_1_227' title='bbox 3213 928 3369 983; x_wconf 90' lang='lat' dir='ltr'><strong>quam</strong></span> <span class='ocrx_word' id='word_1_228' title='bbox 3391 916 3586 968; x_wconf 81' lang='lat' dir='ltr'><strong>mundo</strong></span> <span class='ocrx_word' id='word_1_229' title='bbox 3617 912 3859 971; x_wconf 74' lang='lat' dir='ltr'><strong>damnato</strong></span> 
     </span>
    </p>
   </div>
   <div class='ocr_carea' id='block_1_24' title="bbox 2327 998 3860 1073">
    <p class='ocr_par' dir='ltr' id='par_1_24' title="bbox 2327 998 3860 1073">
     <span class='ocr_line' id='line_1_24' title="bbox 2327 998 3860 1073; baseline 0.007 -24"><span class='ocrx_word' id='word_1_230' title='bbox 2327 999 2506 1067; x_wconf 79' lang='lat' dir='ltr'><strong>utique</strong></span> <span class='ocrx_word' id='word_1_231' title='bbox 2534 1013 2636 1052; x_wconf 90' lang='lat' dir='ltr'><strong>non</strong></span> <span class='ocrx_word' id='word_1_232' title='bbox 2665 998 2825 1061; x_wconf 90' lang='lat' dir='ltr'><strong>dedit,</strong></span> <span class='ocrx_word' id='word_1_233' title='bbox 2849 1000 3205 1054; x_wconf 85' lang='lat' dir='ltr'><strong>reconciliatio</strong></span> <span class='ocrx_word' id='word_1_234' title='bbox 3228 1001 3401 1065; x_wconf 83' lang='lat' dir='ltr'><strong>dedit;</strong></span> <span class='ocrx_word' id='word_1_235' title='bbox 3421 1011 3476 1055; x_wconf 89' lang='lat' dir='ltr'><strong>et</strong></span> <span class='ocrx_word' id='word_1_236' title='bbox 3497 1012 3549 1073; x_wconf 88' lang='lat' dir='ltr'><strong>ut</strong></span> <span class='ocrx_word' id='word_1_237' title='bbox 3573 1018 3860 1073; x_wconf 73' lang='lat' dir='ltr'><strong>cognosce-</strong></span> 
     </span>
    </p>
   </div>
   <div class='ocr_carea' id='block_1_25' title="bbox 2330 1081 3861 1166">
    <p class='ocr_par' dir='ltr' id='par_1_25' title="bbox 2330 1081 3861 1166">
     <span class='ocr_line' id='line_1_25' title="bbox 2330 1081 3861 1166; baseline 0.007 -30"><span class='ocrx_word' id='word_1_238' title='bbox 2330 1092 2427 1146; x_wconf 86' lang='lat' dir='ltr'><strong>ret,</strong></span> <span class='ocrx_word' id='word_1_239' title='bbox 2460 1094 2561 1138; x_wconf 86' lang='lat' dir='ltr'><strong>non</strong></span> <span class='ocrx_word' id='word_1_240' title='bbox 2585 1086 2633 1139; x_wconf 88' lang='lat' dir='ltr'><strong>ei</strong></span> <span class='ocrx_word' id='word_1_241' title='bbox 2662 1086 2867 1147; x_wconf 85' lang='lat' dir='ltr'><strong>merito,</strong></span> <span class='ocrx_word' id='word_1_242' title='bbox 2892 1088 2981 1141; x_wconf 89' lang='lat' dir='ltr'><strong>sed</strong></span> <span class='ocrx_word' id='word_1_243' title='bbox 3003 1088 3172 1156; x_wconf 76' lang='lat' dir='ltr'><strong>gratia</strong></span> <span class='ocrx_word' id='word_1_244' title='bbox 3200 1090 3508 1166; x_wconf 76' lang='lat' dir='ltr'><strong>subvenisti.</strong></span> <span class='ocrx_word' id='word_1_245' title='bbox 3528 1081 3861 1160; x_wconf 84' lang='lat' dir='ltr'><strong>Deniquese-</strong></span> 
     </span>
    </p>
   </div>
   <div class='ocr_carea' id='block_1_26' title="bbox 2328 1172 3861 1248">
    <p class='ocr_par' dir='ltr' id='par_1_26' title="bbox 2328 1172 3861 1248">
     <span class='ocr_line' id='line_1_26' title="bbox 2328 1172 3861 1248; baseline 0.006 -24"><span class='ocrx_word' id='word_1_246' title='bbox 2328 1174 2542 1241; x_wconf 83' lang='lat' dir='ltr'><strong>quitur:</strong></span> <span class='ocrx_word' id='word_1_247' title='bbox 2576 1172 2681 1241; x_wconf 83' lang='lat' dir='ltr'><strong>Ego</strong></span> <span class='ocrx_word' id='word_1_248' title='bbox 2726 1182 2895 1227; x_wconf 82' lang='lat' dir='ltr'><strong>autem</strong></span> <span class='ocrx_word' id='word_1_249' title='bbox 2921 1182 2967 1227; x_wconf 85' lang='lat' dir='ltr'><strong>te</strong></span> <span class='ocrx_word' id='word_1_250' title='bbox 2995 1177 3220 1243; x_wconf 81' lang='lat' dir='ltr'><strong>cognovi.</strong></span> <span class='ocrx_word' id='word_1_251' title='bbox 3271 1175 3384 1244; x_wconf 85' lang='lat' dir='ltr'><strong>ipse</strong></span> <span class='ocrx_word' id='word_1_252' title='bbox 3423 1176 3541 1232; x_wconf 83' lang='lat' dir='ltr'><strong>fons</strong></span> <span class='ocrx_word' id='word_1_253' title='bbox 3573 1180 3757 1248; x_wconf 75' lang='lat' dir='ltr'><strong>gratia:</strong></span> <span class='ocrx_word' id='word_1_254' title='bbox 3777 1190 3861 1233; x_wconf 78' lang='lat' dir='ltr'><strong>est</strong></span> 
     </span>
    </p>
   </div>
   <div class='ocr_carea' id='block_1_27' title="bbox 2328 1250 3859 1333">
    <p class='ocr_par' dir='ltr' id='par_1_27' title="bbox 2328 1250 3859 1333">
     <span class='ocr_line' id='line_1_27' title="bbox 2328 1250 3859 1333; baseline 0.005 -20"><span class='ocrx_word' id='word_1_255' title='bbox 2328 1261 2466 1314; x_wconf 85' lang='lat' dir='ltr'><strong>Deus</strong></span> <span class='ocrx_word' id='word_1_256' title='bbox 2499 1250 2713 1323; x_wconf 88' lang='lat' dir='ltr'><strong>natura;</strong></span> <span class='ocrx_word' id='word_1_257' title='bbox 2746 1262 3094 1318; x_wconf 13' lang='lat' dir='ltr'><strong>homotautem</strong></span> <span class='ocrx_word' id='word_1_258' title='bbox 3141 1264 3206 1318; x_wconf 90' lang='lat' dir='ltr'><strong>de</strong></span> <span class='ocrx_word' id='word_1_259' title='bbox 3241 1263 3439 1333; x_wconf 81' lang='lat' dir='ltr'><strong>Spiritu</strong></span> <span class='ocrx_word' id='word_1_260' title='bbox 3469 1276 3652 1320; x_wconf 88' lang='lat' dir='ltr'><strong>sancto</strong></span> <span class='ocrx_word' id='word_1_261' title='bbox 3670 1277 3725 1320; x_wconf 87' lang='lat' dir='ltr'><strong>et</strong></span> <span class='ocrx_word' id='word_1_262' title='bbox 3750 1250 3859 1320; x_wconf 73' lang='lat' dir='ltr'><strong>vir-</strong></span> 
     </span>
    </p>
   </div>
   <div class='ocr_carea' id='block_1_28' title="bbox 2329 1349 3861 1427">
    <p class='ocr_par' dir='ltr' id='par_1_28' title="bbox 2329 1349 3861 1427">
     <span class='ocr_line' id='line_1_28' title="bbox 2329 1349 3861 1427; baseline 0.005 -26"><span class='ocrx_word' id='word_1_263' title='bbox 2329 1350 2465 1418; x_wconf 68' lang='grc' dir='ltr'><em>εἰπε,</em></span> <span class='ocrx_word' id='word_1_264' title='bbox 2493 1349 2739 1403; x_wconf 75' lang='lat' dir='ltr'><strong>inetiabili</strong></span> <span class='ocrx_word' id='word_1_265' title='bbox 2790 1352 2979 1427; x_wconf 68' lang='lat' dir='ltr'><strong>gratia,</strong></span> <span class='ocrx_word' id='word_1_266' title='bbox 3016 1370 3034 1402; x_wconf 80' lang='grc' dir='ltr'><strong>ι</strong></span> <span class='ocrx_word' id='word_1_267' title='bbox 3067 1350 3119 1405; x_wconf 90' lang='lat' dir='ltr'><strong>in</strong></span> <span class='ocrx_word' id='word_1_268' title='bbox 3166 1353 3421 1406; x_wconf 90' lang='lat' dir='ltr'><strong>unitatem</strong></span> <span class='ocrx_word' id='word_1_269' title='bbox 3464 1368 3702 1421; x_wconf 81' lang='lat' dir='ltr'><strong>persona:</strong></span> <span class='ocrx_word' id='word_1_270' title='bbox 3743 1355 3861 1408; x_wconf 82' lang='lat' dir='ltr'><strong>Filii</strong></span> 
     </span>
    </p>
   </div>
   <div class='ocr_carea' id='block_1_29' title="bbox 2330 1438 3863 1512">
    <p class='ocr_par' dir='ltr' id='par_1_29' title="bbox 2330 1438 3863 1512">
     <span class='ocr_line' id='line_1_29' title="bbox 2330 1438 3863 1512; baseline 0.004 -19"><span class='ocrx_word' id='word_1_271' title='bbox 2330 1438 2422 1493; x_wconf 85' lang='lat' dir='ltr'><strong>Dei</strong></span> <span class='ocrx_word' id='word_1_272' title='bbox 2448 1450 2747 1509; x_wconf 81' lang='lat' dir='ltr'><strong>assumptus</strong></span> <span class='ocrx_word' id='word_1_273' title='bbox 2773 1450 2872 1493; x_wconf 89' lang='lat' dir='ltr'><strong>est.</strong></span> <span class='ocrx_word' id='word_1_274' title='bbox 2900 1440 3001 1495; x_wconf 89' lang='lat' dir='ltr'><strong>Pcr</strong></span> <span class='ocrx_word' id='word_1_275' title='bbox 3020 1442 3163 1496; x_wconf 90' lang='lat' dir='ltr'><strong>illum</strong></span> <span class='ocrx_word' id='word_1_276' title='bbox 3191 1453 3547 1512; x_wconf 73' lang='lat' dir='ltr'><strong>cognoverunt</strong></span> <span class='ocrx_word' id='word_1_277' title='bbox 3570 1445 3643 1506; x_wconf 87' lang='lat' dir='ltr'><strong>hi,</strong></span> <span class='ocrx_word' id='word_1_278' title='bbox 3674 1454 3728 1499; x_wconf 91' lang='lat' dir='ltr'><strong>ct</strong></span> <span class='ocrx_word' id='word_1_279' title='bbox 3750 1461 3863 1499; x_wconf 61' lang='lat' dir='ltr'><strong>om-</strong></span> 
     </span>
    </p>
   </div>
   <div class='ocr_carea' id='block_1_30' title="bbox 2332 1522 3861 1598">
    <p class='ocr_par' dir='ltr' id='par_1_30' title="bbox 2332 1522 3861 1598">
     <span class='ocr_line' id='line_1_30' title="bbox 2332 1522 3861 1598; baseline 0.004 -17"><span class='ocrx_word' id='word_1_280' title='bbox 2332 1522 2425 1581; x_wconf 88' lang='lat' dir='ltr'><strong>nes</strong></span> <span class='ocrx_word' id='word_1_281' title='bbox 2457 1544 2554 1596; x_wconf 87' lang='lat' dir='ltr'><strong>per</strong></span> <span class='ocrx_word' id='word_1_282' title='bbox 2578 1544 2668 1582; x_wconf 91' lang='lat' dir='ltr'><strong>eos</strong></span> <span class='ocrx_word' id='word_1_283' title='bbox 2709 1530 2981 1583; x_wconf 90' lang='lat' dir='ltr'><strong>credituri.</strong></span> <span class='ocrx_word' id='word_1_284' title='bbox 3021 1529 3155 1594; x_wconf 82' lang='lat' dir='ltr'><strong>Quia</strong></span> <span class='ocrx_word' id='word_1_285' title='bbox 3186 1541 3239 1585; x_wconf 87' lang='lat' dir='ltr'><strong>tu</strong></span> <span class='ocrx_word' id='word_1_286' title='bbox 3262 1548 3340 1584; x_wconf 85' lang='lat' dir='ltr'><strong>me</strong></span> <span class='ocrx_word' id='word_1_287' title='bbox 3360 1533 3561 1591; x_wconf 85' lang='lat' dir='ltr'><strong>misisti.</strong></span> <span class='ocrx_word' id='word_1_288' title='bbox 3595 1551 3614 1582; x_wconf 80' lang='grc' dir='ltr'><strong>ι</strong></span> <span class='ocrx_word' id='word_1_289' title='bbox 3649 1532 3781 1598; x_wconf 75' lang='lat' dir='ltr'><strong>Quia</strong></span> <span class='ocrx_word' id='word_1_290' title='bbox 3806 1544 3861 1589; x_wconf 89' lang='lat' dir='ltr'><strong>tu</strong></span> 
     </span>
    </p>
   </div>
   <div class='ocr_carea' id='block_1_31' title="bbox 700 1618 3863 1692">
    <p class='ocr_par' dir='ltr' id='par_1_31' title="bbox 700 1618 3863 1692">
     <span class='ocr_line' id='line_1_31' title="bbox 700 1618 3863 1692; baseline 0 -15"><span class='ocrx_word' id='word_1_291' title='bbox 700 1637 860 1686; x_wconf 78' lang='lat' dir='ltr'><strong>Lxxv,</strong></span> <span class='ocrx_word' id='word_1_292' title='bbox 885 1623 949 1692; x_wconf 74' lang='grc' dir='ltr'><strong>δ)</strong></span> <span class='ocrx_word' id='word_1_293' title='bbox 971 1662 986 1685; x_wconf 83' lang='grc'><strong><em>,</em></strong></span> <span class='ocrx_word' id='word_1_294' title='bbox 1015 1638 1132 1690; x_wconf 73' lang='lat' dir='ltr'><strong>qua:</strong></span> <span class='ocrx_word' id='word_1_295' title='bbox 1159 1638 1255 1676; x_wconf 92' lang='lat' dir='ltr'><strong>nos</strong></span> <span class='ocrx_word' id='word_1_296' title='bbox 1291 1638 1490 1676; x_wconf 89' lang='lat' dir='ltr'><strong>sumus.</strong></span> <span class='ocrx_word' id='word_1_297' title='bbox 1532 1622 1599 1675; x_wconf 85' lang='lat' dir='ltr'><strong>Et</strong></span> <span class='ocrx_word' id='word_1_298' title='bbox 1628 1622 1847 1675; x_wconf 82' lang='lat' dir='ltr'><strong>mundus</strong></span> <span class='ocrx_word' id='word_1_299' title='bbox 1876 1624 2083 1686; x_wconf 86' lang='lat' dir='ltr'><strong>credat,</strong></span> <span class='ocrx_word' id='word_1_300' title='bbox 2112 1624 2232 1691; x_wconf 83' lang='lat' dir='ltr'><strong>quia</strong></span> <span class='ocrx_word' id='word_1_301' title='bbox 2332 1632 2416 1671; x_wconf 90' lang='lat' dir='ltr'><strong>me</strong></span> <span class='ocrx_word' id='word_1_302' title='bbox 2462 1618 2673 1680; x_wconf 91' lang='lat' dir='ltr'><strong>misisti,</strong></span> <span class='ocrx_word' id='word_1_303' title='bbox 2724 1619 2841 1671; x_wconf 90' lang='lat' dir='ltr'><strong>idco</strong></span> <span class='ocrx_word' id='word_1_304' title='bbox 2886 1629 3242 1687; x_wconf 79' lang='lat' dir='ltr'><strong>cognoverunt</strong></span> <span class='ocrx_word' id='word_1_305' title='bbox 3275 1638 3289 1672; x_wconf 85' lang='lat'><strong>:</strong></span> <span class='ocrx_word' id='word_1_306' title='bbox 3321 1620 3479 1689; x_wconf 76' lang='lat' dir='ltr'><strong>igitur</strong></span> <span class='ocrx_word' id='word_1_307' title='bbox 3504 1637 3598 1690; x_wconf 87' lang='lat' dir='ltr'><strong>per</strong></span> <span class='ocrx_word' id='word_1_308' title='bbox 3640 1625 3863 1689; x_wconf 74' lang='lat' dir='ltr'><strong>gratiam</strong></span> 
     </span>
    </p>
   </div>
   <div class='ocr_carea' id='block_1_32' title="bbox 704 1696 3863 1779">
    <p class='ocr_par' dir='ltr' id='par_1_32' title="bbox 704 1696 3863 1779">
     <span class='ocr_line' id='line_1_32' title="bbox 704 1696 3863 1779; baseline 0.001 -18"><span class='ocrx_word' id='word_1_309' title='bbox 704 1720 758 1762; x_wconf 86' lang='lat' dir='ltr'><strong>tu</strong></span> <span class='ocrx_word' id='word_1_310' title='bbox 786 1727 865 1763; x_wconf 77' lang='lat' dir='ltr'><strong>tne</strong></span> <span class='ocrx_word' id='word_1_311' title='bbox 893 1711 1095 1764; x_wconf 82' lang='lat' dir='ltr'><strong>misisti.</strong></span> <span class='ocrx_word' id='word_1_312' title='bbox 1126 1696 1336 1763; x_wconf 90' lang='lat' dir='ltr'><strong>Duobus</strong></span> <span class='ocrx_word' id='word_1_313' title='bbox 1364 1710 1534 1763; x_wconf 90' lang='lat' dir='ltr'><strong>modis</strong></span> <span class='ocrx_word' id='word_1_314' title='bbox 1554 1749 1569 1773; x_wconf 93' lang='lat'><strong>,</strong></span> <span class='ocrx_word' id='word_1_315' title='bbox 1609 1719 1667 1763; x_wconf 91' lang='lat' dir='ltr'><strong>ut</strong></span> <span class='ocrx_word' id='word_1_316' title='bbox 1704 1710 1933 1763; x_wconf 76' lang='lat' dir='ltr'><strong>diximus</strong></span> <span class='ocrx_word' id='word_1_317' title='bbox 1955 1749 1969 1773; x_wconf 91' lang='lat'><strong>,</strong></span> <span class='ocrx_word' id='word_1_318' title='bbox 2009 1710 2232 1763; x_wconf 88' lang='lat' dir='ltr'><strong>mundus</strong></span> <span class='ocrx_word' id='word_1_319' title='bbox 2266 1696 2307 1752; x_wconf 74' lang='grc' dir='ltr'><strong><em>Β</em></strong></span> <span class='ocrx_word' id='word_1_320' title='bbox 2332 1714 2707 1774; x_wconf 80' lang='lat' dir='ltr'><strong>cognoverunt.</strong></span> <span class='ocrx_word' id='word_1_321' title='bbox 2741 1706 2922 1773; x_wconf 73' lang='lat' dir='ltr'><strong>(Vens.</strong></span> <span class='ocrx_word' id='word_1_322' title='bbox 2950 1707 3060 1776; x_wconf 69' lang='lat'><strong>26.)</strong></span> <span class='ocrx_word' id='word_1_323' title='bbox 3107 1707 3173 1760; x_wconf 78' lang='lat' dir='ltr'><strong>Et</strong></span> <span class='ocrx_word' id='word_1_324' title='bbox 3218 1718 3393 1760; x_wconf 82' lang='lat' dir='ltr'><strong>notum</strong></span> <span class='ocrx_word' id='word_1_325' title='bbox 3430 1709 3527 1777; x_wconf 79' lang='lat' dir='ltr'><strong>feci</strong></span> <span class='ocrx_word' id='word_1_326' title='bbox 3556 1711 3648 1771; x_wconf 80' lang='lat' dir='ltr'><strong>eis,</strong></span> <span class='ocrx_word' id='word_1_327' title='bbox 3675 1710 3863 1779; x_wconf 89' lang='lat' dir='ltr'><strong>inquit,</strong></span> 
     </span>
    </p>
   </div>
   <div class='ocr_carea' id='block_1_33' title="bbox 703 1785 2230 1869">
    <p class='ocr_par' dir='ltr' id='par_1_33' title="bbox 703 1785 2230 1869">
     <span class='ocr_line' id='line_1_33' title="bbox 703 1785 2230 1869; baseline -0.003 -16"><span class='ocrx_word' id='word_1_328' title='bbox 703 1798 1044 1869; x_wconf 72' lang='lat' dir='ltr'><strong>intelligitur:</strong></span> <span class='ocrx_word' id='word_1_329' title='bbox 1071 1798 1225 1852; x_wconf 82' lang='lat' dir='ltr'><strong>aliter</strong></span> <span class='ocrx_word' id='word_1_330' title='bbox 1252 1798 1305 1851; x_wconf 89' lang='lat' dir='ltr'><strong>in</strong></span> <span class='ocrx_word' id='word_1_331' title='bbox 1333 1785 1727 1865; x_wconf 83' lang='lat' dir='ltr'><strong>peccatoribus,</strong></span> <span class='ocrx_word' id='word_1_332' title='bbox 1756 1798 1910 1851; x_wconf 86' lang='lat' dir='ltr'><strong>aliter</strong></span> <span class='ocrx_word' id='word_1_333' title='bbox 1936 1798 1987 1849; x_wconf 92' lang='lat' dir='ltr'><strong>in</strong></span> <span class='ocrx_word' id='word_1_334' title='bbox 2015 1798 2230 1851; x_wconf 82' lang='lat' dir='ltr'><strong>sanctis.</strong></span> 
     </span>
    </p>
   </div>
   <div class='ocr_carea' id='block_1_34' title="bbox 702 1872 2235 1952">
    <p class='ocr_par' dir='ltr' id='par_1_34' title="bbox 702 1872 2235 1952">
     <span class='ocr_line' id='line_1_34' title="bbox 702 1872 2235 1952; baseline -0.001 -14"><span class='ocrx_word' id='word_1_335' title='bbox 702 1884 800 1940; x_wconf 80' lang='lat' dir='ltr'><strong>ilic</strong></span> <span class='ocrx_word' id='word_1_336' title='bbox 829 1886 1066 1940; x_wconf 89' lang='lat' dir='ltr'><strong>nominat</strong></span> <span class='ocrx_word' id='word_1_337' title='bbox 1089 1886 1336 1939; x_wconf 90' lang='lat' dir='ltr'><strong>mundum</strong></span> <span class='ocrx_word' id='word_1_338' title='bbox 1356 1925 1369 1949; x_wconf 93' lang='lat'><strong>,</strong></span> <span class='ocrx_word' id='word_1_339' title='bbox 1396 1900 1489 1939; x_wconf 89' lang='lat' dir='ltr'><strong>eos</strong></span> <span class='ocrx_word' id='word_1_340' title='bbox 1516 1872 1605 1952; x_wconf 85' lang='lat' dir='ltr'><strong>qui</strong></span> <span class='ocrx_word' id='word_1_341' title='bbox 1643 1883 1892 1938; x_wconf 85' lang='lat' dir='ltr'><strong>credituri</strong></span> <span class='ocrx_word' id='word_1_342' title='bbox 1933 1894 2113 1946; x_wconf 88' lang='lat' dir='ltr'><strong>erant,</strong></span> <span class='ocrx_word' id='word_1_343' title='bbox 2153 1884 2235 1937; x_wconf 84' lang='lat' dir='ltr'><strong>vel</strong></span> 
     </span>
    </p>
   </div>
   <div class='ocr_carea' id='block_1_35' title="bbox 703 1963 2235 2041">
    <p class='ocr_par' dir='ltr' id='par_1_35' title="bbox 703 1963 2235 2041">
     <span class='ocr_line' id='line_1_35' title="bbox 703 1963 2235 2041; baseline 0.001 -16"><span class='ocrx_word' id='word_1_344' title='bbox 703 1976 791 2041; x_wconf 86' lang='lat' dir='ltr'><strong>qni</strong></span> <span class='ocrx_word' id='word_1_345' title='bbox 833 1983 956 2028; x_wconf 90' lang='lat' dir='ltr'><strong>tunc</strong></span> <span class='ocrx_word' id='word_1_346' title='bbox 991 1974 1277 2028; x_wconf 86' lang='lat' dir='ltr'><strong>credebant</strong></span> <span class='ocrx_word' id='word_1_347' title='bbox 1311 1974 1579 2029; x_wconf 85' lang='lat' dir='ltr'><strong>Christum</strong></span> <span class='ocrx_word' id='word_1_348' title='bbox 1615 1963 1802 2028; x_wconf 83' lang='lat' dir='ltr'><strong>Filium</strong></span> <span class='ocrx_word' id='word_1_349' title='bbox 1846 1974 1940 2027; x_wconf 88' lang='lat' dir='ltr'><strong>Dei</strong></span> <span class='ocrx_word' id='word_1_350' title='bbox 1976 1988 2091 2027; x_wconf 86' lang='lat' dir='ltr'><strong>esse</strong></span> <span class='ocrx_word' id='word_1_351' title='bbox 2114 2013 2129 2035; x_wconf 90' lang='lat'><strong>,</strong></span> <span class='ocrx_word' id='word_1_352' title='bbox 2172 1974 2235 2027; x_wconf 89' lang='lat' dir='ltr'><strong>ad</strong></span> 
     </span>
    </p>
   </div>
   <div class='ocr_carea' id='block_1_36' title="bbox 703 2052 2233 2135">
    <p class='ocr_par' dir='ltr' id='par_1_36' title="bbox 703 2052 2233 2135">
     <span class='ocr_line' id='line_1_36' title="bbox 703 2052 2233 2135; baseline -0.004 -14"><span class='ocrx_word' id='word_1_353' title='bbox 703 2066 927 2121; x_wconf 80' lang='lat' dir='ltr'><strong>salutem</strong></span> <span class='ocrx_word' id='word_1_354' title='bbox 976 2065 1191 2120; x_wconf 79' lang='lat' dir='ltr'><strong>humani</strong></span> <span class='ocrx_word' id='word_1_355' title='bbox 1237 2064 1445 2135; x_wconf 70' lang='lat' dir='ltr'><strong>generis</strong></span> <span class='ocrx_word' id='word_1_356' title='bbox 1487 2052 1863 2120; x_wconf 54' lang='lat' dir='ltr'><strong>missum&#39;esse</strong></span> <span class='ocrx_word' id='word_1_357' title='bbox 1903 2079 1932 2116; x_wconf 89' lang='lat' dir='ltr'><strong>a</strong></span> <span class='ocrx_word' id='word_1_358' title='bbox 1973 2063 2137 2117; x_wconf 85' lang='lat' dir='ltr'><strong>Patre</strong></span> <span class='ocrx_word' id='word_1_359' title='bbox 2182 2063 2233 2115; x_wconf 91' lang='lat' dir='ltr'><strong>in</strong></span> 
     </span>
    </p>
   </div>
   <div class='ocr_carea' id='block_1_37' title="bbox 705 2153 974 2207">
    <p class='ocr_par' dir='ltr' id='par_1_37' title="bbox 705 2153 974 2207">
     <span class='ocr_line' id='line_1_37' title="bbox 705 2153 974 2207; baseline -0.011 0"><span class='ocrx_word' id='word_1_360' title='bbox 705 2153 974 2207; x_wconf 88' lang='lat' dir='ltr'><strong>mundum.</strong></span> 
     </span>
    </p>
   </div>
   <div class='ocr_carea' id='block_1_38' title="bbox 776 2230 2238 2312">
    <p class='ocr_par' dir='ltr' id='par_1_38' title="bbox 776 2230 2238 2312">
     <span class='ocr_line' id='line_1_38' title="bbox 776 2230 2238 2312; baseline -0.003 -18"><span class='ocrx_word' id='word_1_361' title='bbox 776 2243 932 2296; x_wconf 73' lang='lat' dir='ltr'><strong>Vens.</strong></span> <span class='ocrx_word' id='word_1_362' title='bbox 971 2242 1061 2296; x_wconf 72' lang='lat'><strong>22.</strong></span> <span class='ocrx_word' id='word_1_363' title='bbox 1104 2270 1173 2283; x_wconf 88' lang='lat'><strong>-——</strong></span> <span class='ocrx_word' id='word_1_364' title='bbox 1205 2230 1308 2297; x_wconf 80' lang='lat' dir='ltr'><strong>Sed</strong></span> <span class='ocrx_word' id='word_1_365' title='bbox 1338 2252 1386 2296; x_wconf 87' lang='lat' dir='ltr'><strong>ct</strong></span> <span class='ocrx_word' id='word_1_366' title='bbox 1421 2259 1511 2312; x_wconf 91' lang='lat' dir='ltr'><strong>ego</strong></span> <span class='ocrx_word' id='word_1_367' title='bbox 1548 2235 1829 2296; x_wconf 78' lang='lat' dir='ltr'><strong>claritatem</strong></span> <span class='ocrx_word' id='word_1_368' title='bbox 1864 2253 2017 2309; x_wconf 78' lang='lat' dir='ltr'><strong>quam</strong></span> <span class='ocrx_word' id='word_1_369' title='bbox 2054 2238 2238 2291; x_wconf 88' lang='lat' dir='ltr'><strong>dedisti</strong></span> 
     </span>
    </p>
   </div>
   <div class='ocr_carea' id='block_1_39' title="bbox 708 2324 2238 2399">
    <p class='ocr_par' dir='ltr' id='par_1_39' title="bbox 708 2324 2238 2399">
     <span class='ocr_line' id='line_1_39' title="bbox 708 2324 2238 2399; baseline 0 -20"><span class='ocrx_word' id='word_1_370' title='bbox 708 2329 833 2381; x_wconf 78' lang='lat' dir='ltr'><strong>inihi</strong></span> <span class='ocrx_word' id='word_1_371' title='bbox 852 2367 867 2391; x_wconf 93' lang='lat'><strong>,</strong></span> <span class='ocrx_word' id='word_1_372' title='bbox 896 2328 1014 2381; x_wconf 85' lang='lat' dir='ltr'><strong>dedi</strong></span> <span class='ocrx_word' id='word_1_373' title='bbox 1040 2331 1131 2384; x_wconf 88' lang='lat' dir='ltr'><strong>eis.</strong></span> <span class='ocrx_word' id='word_1_374' title='bbox 1162 2329 1289 2394; x_wconf 76' lang='lat' dir='ltr'><strong>Qua:</strong></span> <span class='ocrx_word' id='word_1_375' title='bbox 1310 2337 1392 2383; x_wconf 89' lang='lat' dir='ltr'><strong>est</strong></span> <span class='ocrx_word' id='word_1_376' title='bbox 1419 2330 1521 2399; x_wconf 87' lang='lat' dir='ltr'><strong>ista</strong></span> <span class='ocrx_word' id='word_1_377' title='bbox 1549 2328 1890 2390; x_wconf 81' lang='lat' dir='ltr'><strong>clariﬁcatio,</strong></span> <span class='ocrx_word' id='word_1_378' title='bbox 1918 2326 2018 2380; x_wconf 84' lang='lat' dir='ltr'><strong>nisi</strong></span> <span class='ocrx_word' id='word_1_379' title='bbox 2049 2324 2136 2378; x_wconf 91' lang='lat' dir='ltr'><strong>illa</strong></span> <span class='ocrx_word' id='word_1_380' title='bbox 2173 2327 2238 2379; x_wconf 87' lang='lat' dir='ltr'><strong>de</strong></span> 
     </span>
    </p>
   </div>
   <div class='ocr_carea' id='block_1_40' title="bbox 703 2406 2237 2483">
    <p class='ocr_par' dir='ltr' id='par_1_40' title="bbox 703 2406 2237 2483">
     <span class='ocr_line' id='line_1_40' title="bbox 703 2406 2237 2483; baseline 0.002 -18"><span class='ocrx_word' id='word_1_381' title='bbox 703 2427 807 2482; x_wconf 85' lang='lat' dir='ltr'><strong>qua</strong></span> <span class='ocrx_word' id='word_1_382' title='bbox 841 2406 996 2483; x_wconf 79' lang='lat' dir='ltr'><strong>paulo</strong></span> <span class='ocrx_word' id='word_1_383' title='bbox 1036 2410 1158 2470; x_wconf 79' lang='lat' dir='ltr'><strong>ante</strong></span> <span class='ocrx_word' id='word_1_384' title='bbox 1195 2417 1357 2480; x_wconf 90' lang='lat' dir='ltr'><strong>dixit,</strong></span> <span class='ocrx_word' id='word_1_385' title='bbox 1398 2410 1676 2483; x_wconf 81' lang='lat' dir='ltr'><strong>clari/icavi</strong></span> <span class='ocrx_word' id='word_1_386' title='bbox 1715 2431 1897 2469; x_wconf 85' lang='lat' dir='ltr'><strong>nomen</strong></span> <span class='ocrx_word' id='word_1_387' title='bbox 1920 2414 2109 2467; x_wconf 79' lang='lat' dir='ltr'><strong>tuum?</strong></span> <span class='ocrx_word' id='word_1_388' title='bbox 2134 2412 2237 2468; x_wconf 82' lang='lat' dir='ltr'><strong>ista</strong></span> 
     </span>
    </p>
   </div>
   <div class='ocr_carea' id='block_1_41' title="bbox 704 2500 2239 2583">
    <p class='ocr_par' dir='ltr' id='par_1_41' title="bbox 704 2500 2239 2583">
     <span class='ocr_line' id='line_1_41' title="bbox 704 2500 2239 2583; baseline 0 -30"><span class='ocrx_word' id='word_1_389' title='bbox 704 2501 1031 2567; x_wconf 78' lang='lat' dir='ltr'><strong>clariﬁcatio,</strong></span> <span class='ocrx_word' id='word_1_390' title='bbox 1057 2500 1285 2574; x_wconf 75' lang='lat' dir='ltr'><strong>cognitio</strong></span> <span class='ocrx_word' id='word_1_391' title='bbox 1309 2512 1390 2558; x_wconf 91' lang='lat' dir='ltr'><strong>est</strong></span> <span class='ocrx_word' id='word_1_392' title='bbox 1415 2504 1648 2558; x_wconf 91' lang='lat' dir='ltr'><strong>nominis</strong></span> <span class='ocrx_word' id='word_1_393' title='bbox 1671 2501 2045 2583; x_wconf 76' lang='lat' dir='ltr'><strong>omnipotentis</strong></span> <span class='ocrx_word' id='word_1_394' title='bbox 2065 2500 2239 2583; x_wconf 79' lang='lat' dir='ltr'><strong>Patris</strong></span> 
     </span>
    </p>
   </div>
   <div class='ocr_carea' id='block_1_42' title="bbox 704 2578 2240 2661">
    <p class='ocr_par' dir='ltr' id='par_1_42' title="bbox 704 2578 2240 2661">
     <span class='ocr_line' id='line_1_42' title="bbox 704 2578 2240 2661; baseline -0.002 -17"><span class='ocrx_word' id='word_1_395' title='bbox 704 2590 757 2644; x_wconf 90' lang='lat' dir='ltr'><strong>in</strong></span> <span class='ocrx_word' id='word_1_396' title='bbox 786 2589 936 2643; x_wconf 84' lang='lat' dir='ltr'><strong>Filio.</strong></span> <span class='ocrx_word' id='word_1_397' title='bbox 966 2590 1111 2645; x_wconf 73' lang='lat' dir='ltr'><strong>lianc</strong></span> <span class='ocrx_word' id='word_1_398' title='bbox 1140 2591 1434 2644; x_wconf 86' lang='lat' dir='ltr'><strong>claritatem</strong></span> <span class='ocrx_word' id='word_1_399' title='bbox 1464 2592 1606 2646; x_wconf 86' lang='lat' dir='ltr'><strong>dedit</strong></span> <span class='ocrx_word' id='word_1_400' title='bbox 1629 2591 1792 2644; x_wconf 85' lang='lat' dir='ltr'><strong>Filius</strong></span> <span class='ocrx_word' id='word_1_401' title='bbox 1815 2578 1968 2660; x_wconf 62' lang='lat'><strong>621</strong></span> <span class='ocrx_word' id='word_1_402' title='bbox 2001 2578 2240 2661; x_wconf 78' lang='lat' dir='ltr'><strong>ﬁdelibus</strong></span> 
     </span>
    </p>
   </div>
   <div class='ocr_carea' id='block_1_43' title="bbox 704 2666 2241 2762">
    <p class='ocr_par' dir='ltr' id='par_1_43' title="bbox 704 2666 2241 2762">
     <span class='ocr_line' id='line_1_43' title="bbox 704 2666 2241 2762; baseline -0.001 -30"><span class='ocrx_word' id='word_1_403' title='bbox 704 2676 849 2744; x_wconf 86' lang='lat' dir='ltr'><strong>suis,</strong></span> <span class='ocrx_word' id='word_1_404' title='bbox 886 2666 940 2733; x_wconf 83' lang='lat' dir='ltr'><strong>id</strong></span> <span class='ocrx_word' id='word_1_405' title='bbox 975 2679 1089 2743; x_wconf 86' lang='lat' dir='ltr'><strong>est,</strong></span> <span class='ocrx_word' id='word_1_406' title='bbox 1126 2672 1261 2735; x_wconf 89' lang='lat' dir='ltr'><strong>hanc</strong></span> <span class='ocrx_word' id='word_1_407' title='bbox 1297 2670 1721 2762; x_wconf 57' lang='lat' dir='ltr'><strong>prmdi’cationcm</strong></span> <span class='ocrx_word' id='word_1_408' title='bbox 1748 2720 1763 2744; x_wconf 95' lang='lat'><strong>,</strong></span> <span class='ocrx_word' id='word_1_409' title='bbox 1800 2668 1858 2733; x_wconf 75' lang='lat' dir='ltr'><strong>ut</strong></span> <span class='ocrx_word' id='word_1_410' title='bbox 1890 2678 2241 2762; x_wconf 68' lang='lat' dir='ltr'><strong>praedicarent</strong></span> 
     </span>
    </p>
   </div>
   <div class='ocr_carea' id='block_1_44' title="bbox 630 2753 2239 2846">
    <p class='ocr_par' dir='ltr' id='par_1_44' title="bbox 630 2753 2239 2846">
     <span class='ocr_line' id='line_1_44' title="bbox 630 2753 2239 2846; baseline 0.001 -28"><span class='ocrx_word' id='word_1_411' title='bbox 630 2754 633 2757; x_wconf 26' lang='grc' dir='ltr'><strong><em>λ</em></strong></span> <span class='ocrx_word' id='word_1_412' title='bbox 704 2780 825 2819; x_wconf 85' lang='lat' dir='ltr'><strong>eum</strong></span> <span class='ocrx_word' id='word_1_413' title='bbox 853 2764 992 2820; x_wconf 86' lang='lat' dir='ltr'><strong>Patri</strong></span> <span class='ocrx_word' id='word_1_414' title='bbox 1022 2770 1137 2821; x_wconf 78' lang='lat' dir='ltr'><strong>esse</strong></span> <span class='ocrx_word' id='word_1_415' title='bbox 1164 2753 1416 2837; x_wconf 72' lang='lat' dir='ltr'><strong>aequalem</strong></span> <span class='ocrx_word' id='word_1_416' title='bbox 1444 2769 1495 2821; x_wconf 87' lang='lat' dir='ltr'><strong>in</strong></span> <span class='ocrx_word' id='word_1_417' title='bbox 1524 2755 1796 2822; x_wconf 84' lang='lat' dir='ltr'><strong>divinitate</strong></span> <span class='ocrx_word' id='word_1_418' title='bbox 1817 2807 1832 2831; x_wconf 91' lang='lat'><strong>,</strong></span> <span class='ocrx_word' id='word_1_419' title='bbox 1860 2776 1915 2822; x_wconf 89' lang='lat' dir='ltr'><strong>et</strong></span> <span class='ocrx_word' id='word_1_420' title='bbox 1942 2753 2098 2846; x_wconf 80' lang='lat' dir='ltr'><strong>Patre</strong></span> <span class='ocrx_word' id='word_1_421' title='bbox 2120 2763 2239 2820; x_wconf 73' lang='lat' dir='ltr'><strong>esse</strong></span> 
     </span>
    </p>
   </div>
   <div class='ocr_carea' id='block_1_45' title="bbox 704 2843 2240 2929">
    <p class='ocr_par' dir='ltr' id='par_1_45' title="bbox 704 2843 2240 2929">
     <span class='ocr_line' id='line_1_45' title="bbox 704 2843 2240 2929; baseline -0.001 -23"><span class='ocrx_word' id='word_1_422' title='bbox 704 2852 960 2909; x_wconf 86' lang='lat' dir='ltr'><strong>minorem</strong></span> <span class='ocrx_word' id='word_1_423' title='bbox 998 2855 1050 2908; x_wconf 91' lang='lat' dir='ltr'><strong>in</strong></span> <span class='ocrx_word' id='word_1_424' title='bbox 1089 2853 1256 2908; x_wconf 79' lang='lat' dir='ltr'><strong>forma</strong></span> <span class='ocrx_word' id='word_1_425' title='bbox 1292 2855 1462 2929; x_wconf 81' lang='lat' dir='ltr'><strong>servi,</strong></span> <span class='ocrx_word' id='word_1_426' title='bbox 1495 2856 1547 2909; x_wconf 93' lang='lat' dir='ltr'><strong>in</strong></span> <span class='ocrx_word' id='word_1_427' title='bbox 1592 2870 1695 2925; x_wconf 83' lang='lat' dir='ltr'><strong>qua</strong></span> <span class='ocrx_word' id='word_1_428' title='bbox 1743 2854 1912 2909; x_wconf 81' lang='lat' dir='ltr'><strong>factus</strong></span> <span class='ocrx_word' id='word_1_429' title='bbox 1955 2843 2037 2908; x_wconf 82' lang='lat' dir='ltr'><strong>est</strong></span> <span class='ocrx_word' id='word_1_430' title='bbox 2078 2843 2240 2906; x_wconf 75' lang='lat' dir='ltr'><strong>Filius</strong></span> 
     </span>
    </p>
   </div>
   <div class='ocr_carea' id='block_1_46' title="bbox 703 2938 2240 3012">
    <p class='ocr_par' dir='ltr' id='par_1_46' title="bbox 703 2938 2240 3012">
     <span class='ocr_line' id='line_1_46' title="bbox 703 2938 2240 3012; baseline -0.002 -15"><span class='ocrx_word' id='word_1_431' title='bbox 703 2942 955 3007; x_wconf 83' lang='lat' dir='ltr'><strong>hominis,</strong></span> <span class='ocrx_word' id='word_1_432' title='bbox 980 2954 1036 2996; x_wconf 88' lang='lat' dir='ltr'><strong>ut</strong></span> <span class='ocrx_word' id='word_1_433' title='bbox 1064 2941 1161 2998; x_wconf 85' lang='lat' dir='ltr'><strong>nos</strong></span> <span class='ocrx_word' id='word_1_434' title='bbox 1188 2942 1423 2999; x_wconf 83' lang='lat' dir='ltr'><strong>essemus</strong></span> <span class='ocrx_word' id='word_1_435' title='bbox 1448 2938 1565 2998; x_wconf 80' lang='lat' dir='ltr'><strong>Filii</strong></span> <span class='ocrx_word' id='word_1_436' title='bbox 1590 2939 1683 2999; x_wconf 87' lang='lat' dir='ltr'><strong>Dei</strong></span> <span class='ocrx_word' id='word_1_437' title='bbox 1711 2962 1723 2995; x_wconf 91' lang='lat'><strong>:</strong></span> <span class='ocrx_word' id='word_1_438' title='bbox 1753 2945 1805 2998; x_wconf 90' lang='lat' dir='ltr'><strong>in</strong></span> <span class='ocrx_word' id='word_1_439' title='bbox 1830 2958 1935 3012; x_wconf 89' lang='lat' dir='ltr'><strong>qua</strong></span> <span class='ocrx_word' id='word_1_440' title='bbox 1964 2942 2240 2997; x_wconf 83' lang='lat' dir='ltr'><strong>nativitate</strong></span> 
     </span>
    </p>
   </div>
   <div class='ocr_carea' id='block_1_47' title="bbox 2333 1794 3864 1867">
    <p class='ocr_par' dir='ltr' id='par_1_47' title="bbox 2333 1794 3864 1867">
     <span class='ocr_line' id='line_1_47' title="bbox 2333 1794 3864 1867; baseline 0.003 -21"><span class='ocrx_word' id='word_1_441' title='bbox 2333 1808 2513 1846; x_wconf 82' lang='lat' dir='ltr'><strong>nomen</strong></span> <span class='ocrx_word' id='word_1_442' title='bbox 2546 1802 2708 1856; x_wconf 82' lang='lat' dir='ltr'><strong>tuum,</strong></span> <span class='ocrx_word' id='word_1_443' title='bbox 2735 1802 2793 1863; x_wconf 85' lang='lat' dir='ltr'><strong>et</strong></span> <span class='ocrx_word' id='word_1_444' title='bbox 2821 1803 2995 1846; x_wconf 84' lang='lat' dir='ltr'><strong>notum</strong></span> <span class='ocrx_word' id='word_1_445' title='bbox 3034 1794 3240 1865; x_wconf 75' lang='lat' dir='ltr'><strong>faciam.</strong></span> <span class='ocrx_word' id='word_1_446' title='bbox 3268 1813 3284 1844; x_wconf 84' lang='grc' dir='ltr'><strong>ι</strong></span> <span class='ocrx_word' id='word_1_447' title='bbox 3312 1794 3500 1849; x_wconf 79' lang='lat' dir='ltr'><strong>Notum</strong></span> <span class='ocrx_word' id='word_1_448' title='bbox 3528 1795 3637 1859; x_wconf 75' lang='lat' dir='ltr'><strong>ieci</strong></span> <span class='ocrx_word' id='word_1_449' title='bbox 3685 1813 3776 1867; x_wconf 75' lang='lat' dir='ltr'><strong>per</strong></span> <span class='ocrx_word' id='word_1_450' title='bbox 3802 1798 3864 1850; x_wconf 80' lang='lat' dir='ltr'><strong>ii-</strong></span> 
     </span>
    </p>
   </div>
   <div class='ocr_carea' id='block_1_48' title="bbox 2333 1868 3866 1958">
    <p class='ocr_par' dir='ltr' id='par_1_48' title="bbox 2333 1868 3866 1958">
     <span class='ocr_line' id='line_1_48' title="bbox 2333 1868 3866 1958; baseline 0.006 -25"><span class='ocrx_word' id='word_1_451' title='bbox 2333 1881 2470 1943; x_wconf 87' lang='lat' dir='ltr'><strong>dem,</strong></span> <span class='ocrx_word' id='word_1_452' title='bbox 2500 1890 2679 1935; x_wconf 90' lang='lat' dir='ltr'><strong>notum</strong></span> <span class='ocrx_word' id='word_1_453' title='bbox 2702 1881 2889 1936; x_wconf 80' lang='lat' dir='ltr'><strong>iaciam</strong></span> <span class='ocrx_word' id='word_1_454' title='bbox 2911 1898 3003 1951; x_wconf 88' lang='lat' dir='ltr'><strong>per</strong></span> <span class='ocrx_word' id='word_1_455' title='bbox 3023 1869 3267 1951; x_wconf 84' lang='lat' dir='ltr'><strong>speciem.</strong></span> <span class='ocrx_word' id='word_1_456' title='bbox 3309 1868 3498 1939; x_wconf 72' lang='lat' dir='ltr'><strong>Notum</strong></span> <span class='ocrx_word' id='word_1_457' title='bbox 3522 1884 3618 1940; x_wconf 61' lang='lat' dir='ltr'><strong>feci</strong></span> <span class='ocrx_word' id='word_1_458' title='bbox 3641 1887 3691 1940; x_wconf 89' lang='lat' dir='ltr'><strong>in</strong></span> <span class='ocrx_word' id='word_1_459' title='bbox 3717 1886 3866 1958; x_wconf 88' lang='lat' dir='ltr'><strong>[hoc]</strong></span> 
     </span>
    </p>
   </div>
   <div class='ocr_carea' id='block_1_49' title="bbox 2333 1963 3867 2042">
    <p class='ocr_par' dir='ltr' id='par_1_49' title="bbox 2333 1963 3867 2042">
     <span class='ocr_line' id='line_1_49' title="bbox 2333 1963 3867 2042; baseline 0.005 -21"><span class='ocrx_word' id='word_1_460' title='bbox 2333 1968 2522 2023; x_wconf 64' lang='lat' dir='ltr'><strong>sarculo</strong></span> <span class='ocrx_word' id='word_1_461' title='bbox 2544 1963 3020 2039; x_wconf 75' lang='lat' dir='ltr'><strong>peregrinantibus,</strong></span> <span class='ocrx_word' id='word_1_462' title='bbox 3062 1979 3245 2025; x_wconf 85' lang='lat' dir='ltr'><strong>notum</strong></span> <span class='ocrx_word' id='word_1_463' title='bbox 3294 1971 3484 2027; x_wconf 79' lang='lat' dir='ltr'><strong>faciam</strong></span> <span class='ocrx_word' id='word_1_464' title='bbox 3530 1974 3582 2026; x_wconf 91' lang='lat' dir='ltr'><strong>in</strong></span> <span class='ocrx_word' id='word_1_465' title='bbox 3620 1974 3755 2028; x_wconf 76' lang='lat' dir='ltr'><strong>cmlo</strong></span> <span class='ocrx_word' id='word_1_466' title='bbox 3779 1988 3867 2042; x_wconf 57' lang='lat' dir='ltr'><strong>re-</strong></span> 
     </span>
    </p>
   </div>
   <div class='ocr_carea' id='block_1_50' title="bbox 2333 2055 3865 2129">
    <p class='ocr_par' dir='ltr' id='par_1_50' title="bbox 2333 2055 3865 2129">
     <span class='ocr_line' id='line_1_50' title="bbox 2333 2055 3865 2129; baseline 0.003 -21"><span class='ocrx_word' id='word_1_467' title='bbox 2333 2058 2629 2124; x_wconf 78' lang='lat' dir='ltr'><strong>gnantibus.</strong></span> <span class='ocrx_word' id='word_1_468' title='bbox 2662 2055 2725 2109; x_wconf 86' lang='lat' dir='ltr'><strong>Ut</strong></span> <span class='ocrx_word' id='word_1_469' title='bbox 2761 2056 2984 2120; x_wconf 80' lang='lat' dir='ltr'><strong>dilectio,</strong></span> <span class='ocrx_word' id='word_1_470' title='bbox 3013 2074 3113 2126; x_wconf 83' lang='lat' dir='ltr'><strong>qua</strong></span> <span class='ocrx_word' id='word_1_471' title='bbox 3144 2059 3369 2113; x_wconf 68' lang='lat' dir='ltr'><strong>dilea‘isti</strong></span> <span class='ocrx_word' id='word_1_472' title='bbox 3405 2076 3504 2121; x_wconf 80' lang='lat' dir='ltr'><strong>nte,</strong></span> <span class='ocrx_word' id='word_1_473' title='bbox 3538 2062 3592 2113; x_wconf 87' lang='lat' dir='ltr'><strong>in</strong></span> <span class='ocrx_word' id='word_1_474' title='bbox 3618 2062 3739 2129; x_wconf 84' lang='lat' dir='ltr'><strong>ipsis</strong></span> <span class='ocrx_word' id='word_1_475' title='bbox 3778 2061 3865 2122; x_wconf 71' lang='lat' dir='ltr'><strong>sit,</strong></span> 
     </span>
    </p>
   </div>
   <div class='ocr_carea' id='block_1_51' title="bbox 2332 2145 3871 2219">
    <p class='ocr_par' dir='ltr' id='par_1_51' title="bbox 2332 2145 3871 2219">
     <span class='ocr_line' id='line_1_51' title="bbox 2332 2145 3871 2219; baseline 0.005 -22"><span class='ocrx_word' id='word_1_476' title='bbox 2332 2154 2378 2197; x_wconf 84' lang='lat' dir='ltr'><strong>et</strong></span> <span class='ocrx_word' id='word_1_477' title='bbox 2412 2161 2501 2214; x_wconf 85' lang='lat' dir='ltr'><strong>ego</strong></span> <span class='ocrx_word' id='word_1_478' title='bbox 2527 2147 2580 2197; x_wconf 84' lang='lat' dir='ltr'><strong>in</strong></span> <span class='ocrx_word' id='word_1_479' title='bbox 2604 2146 2745 2214; x_wconf 84' lang='lat' dir='ltr'><strong>ipsis.</strong></span> <span class='ocrx_word' id='word_1_480' title='bbox 2789 2145 3059 2211; x_wconf 90' lang='lat' dir='ltr'><strong>Quomodo</strong></span> <span class='ocrx_word' id='word_1_481' title='bbox 3089 2157 3263 2203; x_wconf 90' lang='lat' dir='ltr'><strong>autem</strong></span> <span class='ocrx_word' id='word_1_482' title='bbox 3291 2148 3520 2214; x_wconf 89' lang='lat' dir='ltr'><strong>dilectio,</strong></span> <span class='ocrx_word' id='word_1_483' title='bbox 3560 2166 3663 2219; x_wconf 87' lang='lat' dir='ltr'><strong>qua</strong></span> <span class='ocrx_word' id='word_1_484' title='bbox 3686 2152 3871 2206; x_wconf 72' lang='lat' dir='ltr'><strong>dilexit</strong></span> 
     </span>
    </p>
   </div>
   <div class='ocr_carea' id='block_1_52' title="bbox 2334 2222 3870 2309">
    <p class='ocr_par' dir='ltr' id='par_1_52' title="bbox 2334 2222 3870 2309">
     <span class='ocr_line' id='line_1_52' title="bbox 2334 2222 3870 2309; baseline 0.008 -27"><span class='ocrx_word' id='word_1_485' title='bbox 2334 2222 2490 2284; x_wconf 83' lang='lat' dir='ltr'><strong>Pater</strong></span> <span class='ocrx_word' id='word_1_486' title='bbox 2517 2231 2724 2294; x_wconf 83' lang='lat' dir='ltr'><strong>Filium,</strong></span> <span class='ocrx_word' id='word_1_487' title='bbox 2753 2241 2834 2286; x_wconf 91' lang='lat' dir='ltr'><strong>est</strong></span> <span class='ocrx_word' id='word_1_488' title='bbox 2853 2241 2908 2286; x_wconf 87' lang='lat' dir='ltr'><strong>et</strong></span> <span class='ocrx_word' id='word_1_489' title='bbox 2945 2234 2996 2287; x_wconf 91' lang='lat' dir='ltr'><strong>in</strong></span> <span class='ocrx_word' id='word_1_490' title='bbox 3022 2235 3188 2297; x_wconf 88' lang='lat' dir='ltr'><strong>nobis,</strong></span> <span class='ocrx_word' id='word_1_491' title='bbox 3219 2236 3318 2289; x_wconf 87' lang='lat' dir='ltr'><strong>nisi</strong></span> <span class='ocrx_word' id='word_1_492' title='bbox 3349 2237 3469 2304; x_wconf 82' lang='lat' dir='ltr'><strong>quia</strong></span> <span class='ocrx_word' id='word_1_493' title='bbox 3496 2240 3732 2292; x_wconf 85' lang='lat' dir='ltr'><strong>membra</strong></span> <span class='ocrx_word' id='word_1_494' title='bbox 3754 2240 3870 2309; x_wconf 87' lang='lat' dir='ltr'><strong>ejus</strong></span> 
     </span>
    </p>
   </div>
   <div class='ocr_carea' id='block_1_53' title="bbox 2334 2322 3865 2399">
    <p class='ocr_par' dir='ltr' id='par_1_53' title="bbox 2334 2322 3865 2399">
     <span class='ocr_line' id='line_1_53' title="bbox 2334 2322 3865 2399; baseline 0.003 -26"><span class='ocrx_word' id='word_1_495' title='bbox 2334 2336 2531 2383; x_wconf 87' lang='lat' dir='ltr'><strong>sumus,</strong></span> <span class='ocrx_word' id='word_1_496' title='bbox 2578 2330 2631 2374; x_wconf 90' lang='lat' dir='ltr'><strong>et</strong></span> <span class='ocrx_word' id='word_1_497' title='bbox 2655 2322 2706 2374; x_wconf 94' lang='lat' dir='ltr'><strong>in</strong></span> <span class='ocrx_word' id='word_1_498' title='bbox 2746 2322 2835 2375; x_wconf 91' lang='lat' dir='ltr'><strong>illo</strong></span> <span class='ocrx_word' id='word_1_499' title='bbox 2858 2323 3141 2390; x_wconf 79' lang='lat' dir='ltr'><strong>diligimur,</strong></span> <span class='ocrx_word' id='word_1_500' title='bbox 3172 2339 3291 2378; x_wconf 88' lang='lat' dir='ltr'><strong>cum</strong></span> <span class='ocrx_word' id='word_1_501' title='bbox 3319 2324 3405 2399; x_wconf 73' lang='lat' dir='ltr'><strong>ille</strong></span> <span class='ocrx_word' id='word_1_502' title='bbox 3444 2325 3680 2393; x_wconf 77' lang='lat' dir='ltr'><strong>diligitur</strong></span> <span class='ocrx_word' id='word_1_503' title='bbox 3701 2323 3865 2387; x_wconf 81' lang='lat' dir='ltr'><strong>totus.</strong></span> 
     </span>
    </p>
   </div>
   <div class='ocr_carea' id='block_1_54' title="bbox 2336 2410 3871 2488">
    <p class='ocr_par' dir='ltr' id='par_1_54' title="bbox 2336 2410 3871 2488">
     <span class='ocr_line' id='line_1_54' title="bbox 2336 2410 3871 2488; baseline 0.002 -27"><span class='ocrx_word' id='word_1_504' title='bbox 2336 2410 2388 2463; x_wconf 89' lang='lat' dir='ltr'><strong>id</strong></span> <span class='ocrx_word' id='word_1_505' title='bbox 2413 2417 2514 2471; x_wconf 88' lang='lat' dir='ltr'><strong>est,</strong></span> <span class='ocrx_word' id='word_1_506' title='bbox 2545 2412 2713 2476; x_wconf 74' lang='lat' dir='ltr'><strong>caput&quot;</strong></span> <span class='ocrx_word' id='word_1_507' title='bbox 2749 2419 2802 2463; x_wconf 90' lang='lat' dir='ltr'><strong>et</strong></span> <span class='ocrx_word' id='word_1_508' title='bbox 2833 2411 3059 2478; x_wconf 80' lang='lat' dir='ltr'><strong>corpus?</strong></span> <span class='ocrx_word' id='word_1_509' title='bbox 3096 2410 3215 2464; x_wconf 74' lang='lat' dir='ltr'><strong>Ideo</strong></span> <span class='ocrx_word' id='word_1_510' title='bbox 3263 2412 3532 2480; x_wconf 84' lang='lat' dir='ltr'><strong>suhjunxit</strong></span> <span class='ocrx_word' id='word_1_511' title='bbox 3564 2429 3577 2463; x_wconf 90' lang='lat'><strong>:</strong></span> <span class='ocrx_word' id='word_1_512' title='bbox 3606 2411 3670 2464; x_wconf 85' lang='lat' dir='ltr'><strong>Et</strong></span> <span class='ocrx_word' id='word_1_513' title='bbox 3698 2430 3787 2488; x_wconf 79' lang='lat' dir='ltr'><strong>ego</strong></span> <span class='ocrx_word' id='word_1_514' title='bbox 3814 2415 3871 2464; x_wconf 81' lang='lat' dir='ltr'><strong>in</strong></span> 
     </span>
    </p>
   </div>
   <div class='ocr_carea' id='block_1_55' title="bbox 2334 2498 3869 2571">
    <p class='ocr_par' dir='ltr' id='par_1_55' title="bbox 2334 2498 3869 2571">
     <span class='ocr_line' id='line_1_55' title="bbox 2334 2498 3869 2571; baseline 0.003 -22"><span class='ocrx_word' id='word_1_515' title='bbox 2334 2498 2476 2564; x_wconf 88' lang='lat' dir='ltr'><strong>ipsis,</strong></span> <span class='ocrx_word' id='word_1_516' title='bbox 2511 2507 2757 2566; x_wconf 88' lang='lat' dir='ltr'><strong>tanquam</strong></span> <span class='ocrx_word' id='word_1_517' title='bbox 2802 2498 3017 2561; x_wconf 88' lang='lat' dir='ltr'><strong>diceret,</strong></span> <span class='ocrx_word' id='word_1_518' title='bbox 3057 2500 3296 2568; x_wconf 85' lang='lat' dir='ltr'><strong>quoniam</strong></span> <span class='ocrx_word' id='word_1_519' title='bbox 3337 2516 3425 2559; x_wconf 77' lang='lat' dir='ltr'><strong>mo</strong></span> <span class='ocrx_word' id='word_1_520' title='bbox 3458 2517 3573 2553; x_wconf 86' lang='lat' dir='ltr'><strong>smn</strong></span> <span class='ocrx_word' id='word_1_521' title='bbox 3615 2506 3662 2553; x_wconf 77' lang='lat' dir='ltr'><strong>et</strong></span> <span class='ocrx_word' id='word_1_522' title='bbox 3702 2504 3755 2554; x_wconf 86' lang='lat' dir='ltr'><strong>in</strong></span> <span class='ocrx_word' id='word_1_523' title='bbox 3788 2504 3869 2571; x_wconf 84' lang='lat' dir='ltr'><strong>ip-</strong></span> 
     </span>
    </p>
   </div>
   <div class='ocr_carea' id='block_1_56' title="bbox 2335 2587 2491 2639">
    <p class='ocr_par' dir='ltr' id='par_1_56' title="bbox 2335 2587 2491 2639">
     <span class='ocr_line' id='line_1_56' title="bbox 2335 2587 2491 2639; baseline -0.013 -1"><span class='ocrx_word' id='word_1_524' title='bbox 2335 2587 2424 2639; x_wconf 85' lang='lat' dir='ltr'><strong>sis.</strong></span> <span class='ocrx_word' id='word_1_525' title='bbox 2474 2605 2491 2636; x_wconf 79' lang='grc' dir='ltr'><strong>ι</strong></span> 
     </span>
    </p>
   </div>
   <div class='ocr_carea' id='block_1_57' title="bbox 2404 2672 3872 2745">
    <p class='ocr_par' dir='ltr' id='par_1_57' title="bbox 2404 2672 3872 2745">
     <span class='ocr_line' id='line_1_57' title="bbox 2404 2672 3872 2745; baseline 0.004 -20"><span class='ocrx_word' id='word_1_526' title='bbox 2404 2672 2709 2728; x_wconf 80' lang='lat' dir='ltr'><strong>Terminato</strong></span> <span class='ocrx_word' id='word_1_527' title='bbox 2730 2689 2920 2743; x_wconf 71' lang='lat' dir='ltr'><strong>magno</strong></span> <span class='ocrx_word' id='word_1_528' title='bbox 2939 2675 3243 2743; x_wconf 77' lang='lat' dir='ltr'><strong>prolixoque</strong></span> <span class='ocrx_word' id='word_1_529' title='bbox 3272 2691 3533 2739; x_wconf 83' lang='lat' dir='ltr'><strong>sermone,</strong></span> <span class='ocrx_word' id='word_1_530' title='bbox 3568 2692 3722 2745; x_wconf 71' lang='lat' dir='ltr'><strong>qurm</strong></span> <span class='ocrx_word' id='word_1_531' title='bbox 3752 2689 3872 2744; x_wconf 87' lang='lat' dir='ltr'><strong>post</strong></span> 
     </span>
    </p>
   </div>
   <div class='ocr_carea' id='block_1_58' title="bbox 2310 2750 3872 2833">
    <p class='ocr_par' dir='ltr' id='par_1_58' title="bbox 2310 2750 3872 2833">
     <span class='ocr_line' id='line_1_58' title="bbox 2310 2750 3872 2833; baseline 0.003 -20"><span class='ocrx_word' id='word_1_532' title='bbox 2310 2750 2539 2815; x_wconf 60' lang='lat' dir='ltr'><strong>&#39;cmuatn</strong></span> <span class='ocrx_word' id='word_1_533' title='bbox 2587 2761 2838 2821; x_wconf 86' lang='lat' dir='ltr'><strong>Dominus</strong></span> <span class='ocrx_word' id='word_1_534' title='bbox 2863 2764 2926 2817; x_wconf 90' lang='lat' dir='ltr'><strong>de</strong></span> <span class='ocrx_word' id='word_1_535' title='bbox 2970 2762 3236 2817; x_wconf 75' lang='lat' dir='ltr'><strong>fundendo</strong></span> <span class='ocrx_word' id='word_1_536' title='bbox 3286 2779 3380 2833; x_wconf 81' lang='lat' dir='ltr'><strong>pzo</strong></span> <span class='ocrx_word' id='word_1_537' title='bbox 3415 2766 3566 2819; x_wconf 75' lang='lat' dir='ltr'><strong>nobis</strong></span> <span class='ocrx_word' id='word_1_538' title='bbox 3617 2760 3872 2833; x_wconf 71' lang='lat' dir='ltr'><strong>sanguine</strong></span> 
     </span>
    </p>
   </div>
   <div class='ocr_carea' id='block_1_59' title="bbox 2336 2852 3871 2923">
    <p class='ocr_par' dir='ltr' id='par_1_59' title="bbox 2336 2852 3871 2923">
     <span class='ocr_line' id='line_1_59' title="bbox 2336 2852 3871 2923; baseline 0.001 -17"><span class='ocrx_word' id='word_1_539' title='bbox 2336 2852 2606 2918; x_wconf 79' lang='lat' dir='ltr'><strong>proximus</strong></span> <span class='ocrx_word' id='word_1_540' title='bbox 2627 2852 2856 2920; x_wconf 83' lang='lat' dir='ltr'><strong>passioni</strong></span> <span class='ocrx_word' id='word_1_541' title='bbox 2885 2853 2951 2906; x_wconf 87' lang='lat' dir='ltr'><strong>ad</strong></span> <span class='ocrx_word' id='word_1_542' title='bbox 2975 2854 3260 2923; x_wconf 85' lang='lat' dir='ltr'><strong>discipulos</strong></span> <span class='ocrx_word' id='word_1_543' title='bbox 3278 2853 3477 2915; x_wconf 78' lang='lat' dir='ltr'><strong>habuit,</strong></span> <span class='ocrx_word' id='word_1_544' title='bbox 3508 2856 3597 2923; x_wconf 85' lang='lat' dir='ltr'><strong>qui</strong></span> <span class='ocrx_word' id='word_1_545' title='bbox 3631 2870 3751 2911; x_wconf 78' lang='lat' dir='ltr'><strong>eam</strong></span> <span class='ocrx_word' id='word_1_546' title='bbox 3778 2856 3871 2910; x_wconf 73' lang='lat' dir='ltr'><strong>iiiu</strong></span> 
     </span>
    </p>
   </div>
   <div class='ocr_carea' id='block_1_60' title="bbox 2340 2941 3870 3010">
    <p class='ocr_par' dir='ltr' id='par_1_60' title="bbox 2340 2941 3870 3010">
     <span class='ocr_line' id='line_1_60' title="bbox 2340 2941 3870 3010; baseline 0.003 -19"><span class='ocrx_word' id='word_1_547' title='bbox 2340 2947 2464 2993; x_wconf 89' lang='lat' dir='ltr'><strong>tunc</strong></span> <span class='ocrx_word' id='word_1_548' title='bbox 2488 2950 2656 3002; x_wconf 80' lang='lat' dir='ltr'><strong>erant,</strong></span> <span class='ocrx_word' id='word_1_549' title='bbox 2681 2941 2921 3009; x_wconf 85' lang='lat' dir='ltr'><strong>adjuncta</strong></span> <span class='ocrx_word' id='word_1_550' title='bbox 2962 2943 3220 3006; x_wconf 77' lang='lat' dir='ltr'><strong>oratione,</strong></span> <span class='ocrx_word' id='word_1_551' title='bbox 3245 2956 3403 3010; x_wconf 88' lang='lat' dir='ltr'><strong>quam</strong></span> <span class='ocrx_word' id='word_1_552' title='bbox 3449 2942 3643 2996; x_wconf 84' lang='lat' dir='ltr'><strong>direxit</strong></span> <span class='ocrx_word' id='word_1_553' title='bbox 3676 2944 3741 2995; x_wconf 90' lang='lat' dir='ltr'><strong>ad</strong></span> <span class='ocrx_word' id='word_1_554' title='bbox 3766 2942 3870 2996; x_wconf 83' lang='lat' dir='ltr'><strong>Pa-</strong></span> 
     </span>
    </p>
   </div>
   <div class='ocr_carea' id='block_1_61' title="bbox 705 3007 3868 3100">
    <p class='ocr_par' dir='ltr' id='par_1_61' title="bbox 705 3007 3868 3100">
     <span class='ocr_line' id='line_1_61' title="bbox 705 3007 3868 3100; baseline 0.001 -17"><span class='ocrx_word' id='word_1_555' title='bbox 705 3046 865 3084; x_wconf 90' lang='lat' dir='ltr'><strong>unum</strong></span> <span class='ocrx_word' id='word_1_556' title='bbox 911 3030 1160 3085; x_wconf 86' lang='lat' dir='ltr'><strong>debemus</strong></span> <span class='ocrx_word' id='word_1_557' title='bbox 1202 3046 1349 3095; x_wconf 85' lang='lat' dir='ltr'><strong>esse,</strong></span> <span class='ocrx_word' id='word_1_558' title='bbox 1389 3032 1455 3087; x_wconf 90' lang='lat' dir='ltr'><strong>de</strong></span> <span class='ocrx_word' id='word_1_559' title='bbox 1490 3047 1592 3100; x_wconf 89' lang='lat' dir='ltr'><strong>qua</strong></span> <span class='ocrx_word' id='word_1_560' title='bbox 1635 3020 1691 3085; x_wconf 88' lang='lat' dir='ltr'><strong>et</strong></span> <span class='ocrx_word' id='word_1_561' title='bbox 1723 3007 1989 3086; x_wconf 78' lang='lat' dir='ltr'><strong>subdidit:</strong></span> <span class='ocrx_word' id='word_1_562' title='bbox 2032 3028 2098 3084; x_wconf 88' lang='lat' dir='ltr'><strong>Ut</strong></span> <span class='ocrx_word' id='word_1_563' title='bbox 2130 3030 2232 3083; x_wconf 89' lang='lat' dir='ltr'><strong>sint</strong></span> <span class='ocrx_word' id='word_1_564' title='bbox 2257 3007 2305 3070; x_wconf 71' lang='grc' dir='ltr'><strong>θ</strong></span> <span class='ocrx_word' id='word_1_565' title='bbox 2334 3036 2469 3084; x_wconf 85' lang='lat' dir='ltr'><strong>trem</strong></span> <span class='ocrx_word' id='word_1_566' title='bbox 2502 3044 2597 3098; x_wconf 82' lang='lat' dir='ltr'><strong>pro</strong></span> <span class='ocrx_word' id='word_1_567' title='bbox 2647 3007 2783 3095; x_wconf 80' lang='lat' dir='ltr'><strong>suis;</strong></span> <span class='ocrx_word' id='word_1_568' title='bbox 2835 3030 3079 3098; x_wconf 79' lang='lat' dir='ltr'><strong>deinceps</strong></span> <span class='ocrx_word' id='word_1_569' title='bbox 3133 3007 3591 3098; x_wconf 35' lang='lat' dir='ltr'><strong>ejus&#39;passionem</strong></span> <span class='ocrx_word' id='word_1_570' title='bbox 3639 3029 3868 3086; x_wconf 77' lang='lat' dir='ltr'><strong>Joannes</strong></span> 
     </span>
    </p>
   </div>
   <div class='ocr_carea' id='block_1_62' title="bbox 704 3116 2233 3182">
    <p class='ocr_par' dir='ltr' id='par_1_62' title="bbox 704 3116 2233 3182">
     <span class='ocr_line' id='line_1_62' title="bbox 704 3116 2233 3182; baseline 0.003 -13"><span class='ocrx_word' id='word_1_571' title='bbox 704 3134 863 3170; x_wconf 84' lang='lat' dir='ltr'><strong>unum</strong></span> <span class='ocrx_word' id='word_1_572' title='bbox 882 3156 898 3182; x_wconf 92' lang='lat'><strong>,</strong></span> <span class='ocrx_word' id='word_1_573' title='bbox 928 3119 1059 3171; x_wconf 91' lang='lat' dir='ltr'><strong>sicut</strong></span> <span class='ocrx_word' id='word_1_574' title='bbox 1087 3129 1135 3172; x_wconf 87' lang='lat' dir='ltr'><strong>et</strong></span> <span class='ocrx_word' id='word_1_575' title='bbox 1171 3136 1262 3173; x_wconf 85' lang='lat' dir='ltr'><strong>nos</strong></span> <span class='ocrx_word' id='word_1_576' title='bbox 1295 3137 1454 3174; x_wconf 72' lang='lat' dir='ltr'><strong>unum</strong></span> <span class='ocrx_word' id='word_1_577' title='bbox 1486 3116 1681 3175; x_wconf 69' lang='lat' dir='ltr'><strong>sumus.</strong></span> <span class='ocrx_word' id='word_1_578' title='bbox 1716 3120 1792 3175; x_wconf 82' lang='lat' dir='ltr'><strong>illi</strong></span> <span class='ocrx_word' id='word_1_579' title='bbox 1828 3121 1882 3175; x_wconf 90' lang='lat' dir='ltr'><strong>in</strong></span> <span class='ocrx_word' id='word_1_580' title='bbox 1913 3135 2009 3175; x_wconf 80' lang='lat' dir='ltr'><strong>sua</strong></span> <span class='ocrx_word' id='word_1_581' title='bbox 2044 3128 2233 3175; x_wconf 87' lang='lat' dir='ltr'><strong>natura</strong></span> 
     </span>
    </p>
   </div>
   <div class='ocr_carea' id='block_1_63' title="bbox 703 3205 2233 3285">
    <p class='ocr_par' dir='ltr' id='par_1_63' title="bbox 703 3205 2233 3285">
     <span class='ocr_line' id='line_1_63' title="bbox 703 3205 2233 3285; baseline 0.005 -27"><span class='ocrx_word' id='word_1_582' title='bbox 703 3221 867 3259; x_wconf 89' lang='lat' dir='ltr'><strong>unum</strong></span> <span class='ocrx_word' id='word_1_583' title='bbox 903 3205 955 3260; x_wconf 90' lang='lat' dir='ltr'><strong>in</strong></span> <span class='ocrx_word' id='word_1_584' title='bbox 992 3207 1289 3270; x_wconf 86' lang='lat' dir='ltr'><strong>charitate;</strong></span> <span class='ocrx_word' id='word_1_585' title='bbox 1330 3223 1426 3263; x_wconf 84' lang='lat' dir='ltr'><strong>nos</strong></span> <span class='ocrx_word' id='word_1_586' title='bbox 1462 3210 1514 3263; x_wconf 91' lang='lat' dir='ltr'><strong>in</strong></span> <span class='ocrx_word' id='word_1_587' title='bbox 1551 3218 1731 3263; x_wconf 90' lang='lat' dir='ltr'><strong>nostra</strong></span> <span class='ocrx_word' id='word_1_588' title='bbox 1768 3224 1939 3285; x_wconf 82' lang='lat' dir='ltr'><strong>unum</strong></span> <span class='ocrx_word' id='word_1_589' title='bbox 1966 3224 2147 3265; x_wconf 89' lang='lat' dir='ltr'><strong>sumus</strong></span> <span class='ocrx_word' id='word_1_590' title='bbox 2178 3210 2233 3281; x_wconf 83' lang='lat' dir='ltr'><strong>in</strong></span> 
     </span>
    </p>
   </div>
   <div class='ocr_carea' id='block_1_64' title="bbox 706 3288 2234 3371">
    <p class='ocr_par' dir='ltr' id='par_1_64' title="bbox 706 3288 2234 3371">
     <span class='ocr_line' id='line_1_64' title="bbox 706 3288 2234 3371; baseline 0.003 -23"><span class='ocrx_word' id='word_1_591' title='bbox 706 3295 907 3349; x_wconf 88' lang='lat' dir='ltr'><strong>unitate</strong></span> <span class='ocrx_word' id='word_1_592' title='bbox 933 3296 1237 3352; x_wconf 65' lang='lat' dir='ltr'><strong>substantia:</strong></span> <span class='ocrx_word' id='word_1_593' title='bbox 1262 3306 1319 3352; x_wconf 91' lang='lat' dir='ltr'><strong>et</strong></span> <span class='ocrx_word' id='word_1_594' title='bbox 1343 3296 1540 3367; x_wconf 72' lang='lat' dir='ltr'><strong>gloriae.</strong></span> <span class='ocrx_word' id='word_1_595' title='bbox 1571 3288 1891 3371; x_wconf 68' lang='lat' dir='ltr'><strong>(Vens._23.)</strong></span> <span class='ocrx_word' id='word_1_596' title='bbox 1923 3296 2032 3367; x_wconf 82' lang='lat' dir='ltr'><strong>Ego</strong></span> <span class='ocrx_word' id='word_1_597' title='bbox 2058 3297 2112 3353; x_wconf 77' lang='lat' dir='ltr'><strong>in</strong></span> <span class='ocrx_word' id='word_1_598' title='bbox 2140 3298 2234 3361; x_wconf 78' lang='lat' dir='ltr'><strong>eis,</strong></span> 
     </span>
    </p>
   </div>
   <div class='ocr_carea' id='block_1_65' title="bbox 705 3380 2239 3459">
    <p class='ocr_par' dir='ltr' id='par_1_65' title="bbox 705 3380 2239 3459">
     <span class='ocr_line' id='line_1_65' title="bbox 705 3380 2239 3459; baseline 0.003 -22"><span class='ocrx_word' id='word_1_599' title='bbox 705 3394 754 3437; x_wconf 87' lang='lat' dir='ltr'><strong>et</strong></span> <span class='ocrx_word' id='word_1_600' title='bbox 782 3392 839 3436; x_wconf 89' lang='lat' dir='ltr'><strong>tu</strong></span> <span class='ocrx_word' id='word_1_601' title='bbox 864 3384 917 3440; x_wconf 79' lang='lat' dir='ltr'><strong>in</strong></span> <span class='ocrx_word' id='word_1_602' title='bbox 943 3400 1043 3438; x_wconf 72' lang='lat' dir='ltr'><strong>tne.</strong></span> <span class='ocrx_word' id='word_1_603' title='bbox 1076 3385 1184 3456; x_wconf 73' lang='lat' dir='ltr'><strong>Ego</strong></span> <span class='ocrx_word' id='word_1_604' title='bbox 1218 3386 1269 3440; x_wconf 90' lang='lat' dir='ltr'><strong>in</strong></span> <span class='ocrx_word' id='word_1_605' title='bbox 1302 3386 1382 3441; x_wconf 86' lang='lat' dir='ltr'><strong>cis</strong></span> <span class='ocrx_word' id='word_1_606' title='bbox 1401 3426 1417 3450; x_wconf 96' lang='lat'><strong>,</strong></span> <span class='ocrx_word' id='word_1_607' title='bbox 1443 3386 1581 3441; x_wconf 85' lang='lat' dir='ltr'><strong>sicut</strong></span> <span class='ocrx_word' id='word_1_608' title='bbox 1605 3394 1765 3456; x_wconf 88' lang='lat' dir='ltr'><strong>caput</strong></span> <span class='ocrx_word' id='word_1_609' title='bbox 1789 3386 1844 3440; x_wconf 90' lang='lat' dir='ltr'><strong>in</strong></span> <span class='ocrx_word' id='word_1_610' title='bbox 1870 3380 2154 3451; x_wconf 79' lang='lat' dir='ltr'><strong>membris;</strong></span> <span class='ocrx_word' id='word_1_611' title='bbox 2183 3396 2239 3459; x_wconf 85' lang='lat' dir='ltr'><strong>et</strong></span> 
     </span>
    </p>
   </div>
   <div class='ocr_carea' id='block_1_66' title="bbox 706 3472 2236 3538">
    <p class='ocr_par' dir='ltr' id='par_1_66' title="bbox 706 3472 2236 3538">
     <span class='ocr_line' id='line_1_66' title="bbox 706 3472 2236 3538; baseline -0.001 -10"><span class='ocrx_word' id='word_1_612' title='bbox 706 3478 763 3527; x_wconf 88' lang='lat' dir='ltr'><strong>tu</strong></span> <span class='ocrx_word' id='word_1_613' title='bbox 798 3474 852 3528; x_wconf 89' lang='lat' dir='ltr'><strong>in</strong></span> <span class='ocrx_word' id='word_1_614' title='bbox 883 3489 998 3538; x_wconf 83' lang='lat' dir='ltr'><strong>me,</strong></span> <span class='ocrx_word' id='word_1_615' title='bbox 1035 3476 1172 3530; x_wconf 84' lang='lat' dir='ltr'><strong>sicut</strong></span> <span class='ocrx_word' id='word_1_616' title='bbox 1201 3474 1361 3530; x_wconf 83' lang='lat' dir='ltr'><strong>Pater</strong></span> <span class='ocrx_word' id='word_1_617' title='bbox 1390 3476 1444 3529; x_wconf 92' lang='lat' dir='ltr'><strong>in</strong></span> <span class='ocrx_word' id='word_1_618' title='bbox 1478 3474 1634 3529; x_wconf 81' lang='lat' dir='ltr'><strong>Filio.</strong></span> <span class='ocrx_word' id='word_1_619' title='bbox 1671 3472 1738 3529; x_wconf 82' lang='lat' dir='ltr'><strong>Ut</strong></span> <span class='ocrx_word' id='word_1_620' title='bbox 1771 3474 1872 3529; x_wconf 86' lang='lat' dir='ltr'><strong>sint</strong></span> <span class='ocrx_word' id='word_1_621' title='bbox 1902 3476 2236 3533; x_wconf 62' lang='lat' dir='ltr'><strong>consum“</strong></span> 
     </span>
    </p>
   </div>
   <div class='ocr_carea' id='block_1_67' title="bbox 704 3555 2238 3633">
    <p class='ocr_par' dir='ltr' id='par_1_67' title="bbox 704 3555 2238 3633">
     <span class='ocr_line' id='line_1_67' title="bbox 704 3555 2238 3633; baseline 0.003 -22"><span class='ocrx_word' id='word_1_622' title='bbox 704 3559 760 3631; x_wconf 83' lang='lat' dir='ltr'><strong>in</strong></span> <span class='ocrx_word' id='word_1_623' title='bbox 787 3576 962 3613; x_wconf 71' lang='lat' dir='ltr'><strong>unum.</strong></span> <span class='ocrx_word' id='word_1_624' title='bbox 989 3560 1045 3614; x_wconf 86' lang='lat' dir='ltr'><strong>id</strong></span> <span class='ocrx_word' id='word_1_625' title='bbox 1073 3568 1186 3624; x_wconf 87' lang='lat' dir='ltr'><strong>est,</strong></span> <span class='ocrx_word' id='word_1_626' title='bbox 1210 3555 1430 3630; x_wconf 80' lang='lat' dir='ltr'><strong>perfecti</strong></span> <span class='ocrx_word' id='word_1_627' title='bbox 1450 3600 1467 3624; x_wconf 94' lang='lat'><strong>,</strong></span> <span class='ocrx_word' id='word_1_628' title='bbox 1489 3562 1628 3632; x_wconf 89' lang='lat' dir='ltr'><strong>quod</strong></span> <span class='ocrx_word' id='word_1_629' title='bbox 1648 3555 1889 3630; x_wconf 75' lang='lat' dir='ltr'><strong>perﬁciet</strong></span> <span class='ocrx_word' id='word_1_630' title='bbox 1908 3561 2000 3633; x_wconf 83' lang='lat' dir='ltr'><strong>qui</strong></span> <span class='ocrx_word' id='word_1_631' title='bbox 2026 3577 2123 3617; x_wconf 83' lang='lat' dir='ltr'><strong>nos</strong></span> <span class='ocrx_word' id='word_1_632' title='bbox 2149 3577 2238 3616; x_wconf 86' lang='lat' dir='ltr'><strong>vo-</strong></span> 
     </span>
    </p>
   </div>
   <div class='ocr_carea' id='block_1_68' title="bbox 705 3648 2236 3726">
    <p class='ocr_par' dir='ltr' id='par_1_68' title="bbox 705 3648 2236 3726">
     <span class='ocr_line' id='line_1_68' title="bbox 705 3648 2236 3726; baseline 0.004 -27"><span class='ocrx_word' id='word_1_633' title='bbox 705 3648 804 3701; x_wconf 84' lang='lat' dir='ltr'><strong>luit</strong></span> <span class='ocrx_word' id='word_1_634' title='bbox 829 3663 987 3702; x_wconf 89' lang='lat' dir='ltr'><strong>unum</strong></span> <span class='ocrx_word' id='word_1_635' title='bbox 1014 3663 1130 3705; x_wconf 84' lang='lat' dir='ltr'><strong>esse</strong></span> <span class='ocrx_word' id='word_1_636' title='bbox 1158 3649 1209 3702; x_wconf 92' lang='lat' dir='ltr'><strong>in</strong></span> <span class='ocrx_word' id='word_1_637' title='bbox 1235 3663 1291 3702; x_wconf 87' lang='lat' dir='ltr'><strong>se</strong></span> <span class='ocrx_word' id='word_1_638' title='bbox 1314 3657 1368 3703; x_wconf 91' lang='lat' dir='ltr'><strong>et</strong></span> <span class='ocrx_word' id='word_1_639' title='bbox 1395 3664 1489 3726; x_wconf 84' lang='lat' dir='ltr'><strong>per</strong></span> <span class='ocrx_word' id='word_1_640' title='bbox 1513 3663 1588 3704; x_wconf 85' lang='lat' dir='ltr'><strong>se.</strong></span> <span class='ocrx_word' id='word_1_641' title='bbox 1622 3648 1689 3703; x_wconf 85' lang='lat' dir='ltr'><strong>Ut</strong></span> <span class='ocrx_word' id='word_1_642' title='bbox 1715 3659 1981 3724; x_wconf 72' lang='lat' dir='ltr'><strong>cognoscat</strong></span> <span class='ocrx_word' id='word_1_643' title='bbox 2015 3652 2236 3726; x_wconf 74' lang='lat' dir='ltr'><strong>rutundus</strong></span> 
     </span>
    </p>
   </div>
   <div class='ocr_carea' id='block_1_69' title="bbox 705 3722 2238 3807">
    <p class='ocr_par' dir='ltr' id='par_1_69' title="bbox 705 3722 2238 3807">
     <span class='ocr_line' id='line_1_69' title="bbox 705 3722 2238 3807; baseline 0.005 -17"><span class='ocrx_word' id='word_1_644' title='bbox 705 3738 825 3807; x_wconf 80' lang='lat' dir='ltr'><strong>quia</strong></span> <span class='ocrx_word' id='word_1_645' title='bbox 851 3744 906 3791; x_wconf 87' lang='lat' dir='ltr'><strong>tu</strong></span> <span class='ocrx_word' id='word_1_646' title='bbox 936 3754 1013 3791; x_wconf 73' lang='lat' dir='ltr'><strong>nte</strong></span> <span class='ocrx_word' id='word_1_647' title='bbox 1047 3738 1260 3803; x_wconf 69' lang='lat' dir='ltr'><strong>misisti,</strong></span> <span class='ocrx_word' id='word_1_648' title='bbox 1296 3749 1342 3792; x_wconf 90' lang='lat' dir='ltr'><strong>et</strong></span> <span class='ocrx_word' id='word_1_649' title='bbox 1377 3722 1600 3794; x_wconf 70' lang='lat' dir='ltr'><strong>dilexisti</strong></span> <span class='ocrx_word' id='word_1_650' title='bbox 1636 3756 1719 3794; x_wconf 85' lang='lat' dir='ltr'><strong>eos</strong></span> <span class='ocrx_word' id='word_1_651' title='bbox 1752 3722 1883 3793; x_wconf 81' lang='lat' dir='ltr'><strong>sicut</strong></span> <span class='ocrx_word' id='word_1_652' title='bbox 1916 3751 1965 3795; x_wconf 82' lang='lat' dir='ltr'><strong>et</strong></span> <span class='ocrx_word' id='word_1_653' title='bbox 2000 3758 2079 3796; x_wconf 80' lang='lat' dir='ltr'><strong>tne</strong></span> <span class='ocrx_word' id='word_1_654' title='bbox 2113 3722 2238 3797; x_wconf 84' lang='lat' dir='ltr'><strong>dile-</strong></span> 
     </span>
    </p>
   </div>
   <div class='ocr_carea' id='block_1_70' title="bbox 703 3820 2235 3898">
    <p class='ocr_par' dir='ltr' id='par_1_70' title="bbox 703 3820 2235 3898">
     <span class='ocr_line' id='line_1_70' title="bbox 703 3820 2235 3898; baseline 0.004 -18"><span class='ocrx_word' id='word_1_655' title='bbox 703 3827 844 3881; x_wconf 70' lang='lat' dir='ltr'><strong>xisti.</strong></span> <span class='ocrx_word' id='word_1_656' title='bbox 878 3827 1111 3882; x_wconf 65' lang='lat' dir='ltr'><strong>Dihxisti</strong></span> <span class='ocrx_word' id='word_1_657' title='bbox 1139 3844 1264 3892; x_wconf 85' lang='lat' dir='ltr'><strong>eos,</strong></span> <span class='ocrx_word' id='word_1_658' title='bbox 1293 3837 1353 3883; x_wconf 91' lang='lat' dir='ltr'><strong>ut</strong></span> <span class='ocrx_word' id='word_1_659' title='bbox 1377 3838 1555 3885; x_wconf 85' lang='lat' dir='ltr'><strong>essent</strong></span> <span class='ocrx_word' id='word_1_660' title='bbox 1582 3831 1720 3898; x_wconf 88' lang='lat' dir='ltr'><strong>quod</strong></span> <span class='ocrx_word' id='word_1_661' title='bbox 1747 3845 1850 3884; x_wconf 90' lang='lat' dir='ltr'><strong>non</strong></span> <span class='ocrx_word' id='word_1_662' title='bbox 1889 3840 2075 3895; x_wconf 88' lang='lat' dir='ltr'><strong>erant;</strong></span> <span class='ocrx_word' id='word_1_663' title='bbox 2104 3820 2235 3888; x_wconf 81' lang='lat' dir='ltr'><strong>dile-</strong></span> 
     </span>
    </p>
   </div>
   <div class='ocr_carea' id='block_1_71' title="bbox 706 3903 2238 3983">
    <p class='ocr_par' dir='ltr' id='par_1_71' title="bbox 706 3903 2238 3983">
     <span class='ocr_line' id='line_1_71' title="bbox 706 3903 2238 3983; baseline 0.004 -17"><span class='ocrx_word' id='word_1_664' title='bbox 706 3914 832 3968; x_wconf 84' lang='lat' dir='ltr'><strong>xisti</strong></span> <span class='ocrx_word' id='word_1_665' title='bbox 856 3930 974 3979; x_wconf 86' lang='lat' dir='ltr'><strong>me,</strong></span> <span class='ocrx_word' id='word_1_666' title='bbox 1002 3923 1062 3967; x_wconf 91' lang='lat' dir='ltr'><strong>ut</strong></span> <span class='ocrx_word' id='word_1_667' title='bbox 1092 3929 1264 3970; x_wconf 83' lang='lat' dir='ltr'><strong>essem</strong></span> <span class='ocrx_word' id='word_1_668' title='bbox 1303 3916 1444 3983; x_wconf 85' lang='lat' dir='ltr'><strong>quod</strong></span> <span class='ocrx_word' id='word_1_669' title='bbox 1484 3914 1692 3983; x_wconf 82' lang='lat' dir='ltr'><strong>semper</strong></span> <span class='ocrx_word' id='word_1_670' title='bbox 1730 3914 1846 3979; x_wconf 81' lang='lat' dir='ltr'><strong>iui;</strong></span> <span class='ocrx_word' id='word_1_671' title='bbox 1884 3903 2114 3971; x_wconf 83' lang='lat' dir='ltr'><strong>dilexisti</strong></span> <span class='ocrx_word' id='word_1_672' title='bbox 2153 3933 2238 3972; x_wconf 90' lang='lat' dir='ltr'><strong>me</strong></span> 
     </span>
    </p>
   </div>
   <div class='ocr_carea' id='block_1_72' title="bbox 707 3999 2235 4071">
    <p class='ocr_par' dir='ltr' id='par_1_72' title="bbox 707 3999 2235 4071">
     <span class='ocr_line' id='line_1_72' title="bbox 707 3999 2235 4071; baseline 0.006 -19"><span class='ocrx_word' id='word_1_673' title='bbox 707 3999 845 4052; x_wconf 81' lang='lat' dir='ltr'><strong>sicut</strong></span> <span class='ocrx_word' id='word_1_674' title='bbox 873 4001 1119 4063; x_wconf 85' lang='lat' dir='ltr'><strong>unicum;</strong></span> <span class='ocrx_word' id='word_1_675' title='bbox 1152 4000 1271 4054; x_wconf 82' lang='lat' dir='ltr'><strong>illos</strong></span> <span class='ocrx_word' id='word_1_676' title='bbox 1298 4002 1475 4069; x_wconf 81' lang='lat' dir='ltr'><strong>itaque</strong></span> <span class='ocrx_word' id='word_1_677' title='bbox 1504 4003 1641 4055; x_wconf 74' lang='lat' dir='ltr'><strong>sicut</strong></span> <span class='ocrx_word' id='word_1_678' title='bbox 1668 4003 1955 4071; x_wconf 79' lang='lat' dir='ltr'><strong>adoptivos.</strong></span> <span class='ocrx_word' id='word_1_679' title='bbox 2000 4006 2235 4061; x_wconf 87' lang='lat' dir='ltr'><strong>Dilexisti</strong></span> 
     </span>
    </p>
   </div>
   <div class='ocr_carea' id='block_1_73' title="bbox 708 4082 2237 4163">
    <p class='ocr_par' dir='ltr' id='par_1_73' title="bbox 708 4082 2237 4163">
     <span class='ocr_line' id='line_1_73' title="bbox 708 4082 2237 4163; baseline 0.005 -21"><span class='ocrx_word' id='word_1_680' title='bbox 708 4104 798 4142; x_wconf 89' lang='lat' dir='ltr'><strong>eos</strong></span> <span class='ocrx_word' id='word_1_681' title='bbox 816 4128 831 4151; x_wconf 92' lang='lat'><strong>,</strong></span> <span class='ocrx_word' id='word_1_682' title='bbox 860 4096 919 4140; x_wconf 91' lang='lat' dir='ltr'><strong>ut</strong></span> <span class='ocrx_word' id='word_1_683' title='bbox 943 4102 1037 4156; x_wconf 87' lang='lat' dir='ltr'><strong>per</strong></span> <span class='ocrx_word' id='word_1_684' title='bbox 1064 4104 1147 4143; x_wconf 89' lang='lat' dir='ltr'><strong>me</strong></span> <span class='ocrx_word' id='word_1_685' title='bbox 1174 4090 1227 4142; x_wconf 94' lang='lat' dir='ltr'><strong>in</strong></span> <span class='ocrx_word' id='word_1_686' title='bbox 1254 4098 1305 4143; x_wconf 81' lang='lat' dir='ltr'><strong>te</strong></span> <span class='ocrx_word' id='word_1_687' title='bbox 1332 4099 1545 4144; x_wconf 87' lang='lat' dir='ltr'><strong>essent:</strong></span> <span class='ocrx_word' id='word_1_688' title='bbox 1577 4092 1805 4147; x_wconf 73' lang='lat' dir='ltr'><strong>dilexisti</strong></span> <span class='ocrx_word' id='word_1_689' title='bbox 1834 4108 1917 4147; x_wconf 88' lang='lat' dir='ltr'><strong>me</strong></span> <span class='ocrx_word' id='word_1_690' title='bbox 1937 4133 1951 4157; x_wconf 93' lang='lat'><strong>,</strong></span> <span class='ocrx_word' id='word_1_691' title='bbox 1981 4082 2041 4147; x_wconf 92' lang='lat' dir='ltr'><strong>ut</strong></span> <span class='ocrx_word' id='word_1_692' title='bbox 2067 4109 2160 4163; x_wconf 89' lang='lat' dir='ltr'><strong>per</strong></span> <span class='ocrx_word' id='word_1_693' title='bbox 2186 4104 2237 4149; x_wconf 88' lang='lat' dir='ltr'><strong>te</strong></span> 
     </span>
    </p>
   </div>
   <div class='ocr_carea' id='block_1_74' title="bbox 706 4166 2235 4263">
    <p class='ocr_par' dir='ltr' id='par_1_74' title="bbox 706 4166 2235 4263">
     <span class='ocr_line' id='line_1_74' title="bbox 706 4166 2235 4263; baseline 0.006 -33"><span class='ocrx_word' id='word_1_694' title='bbox 706 4178 760 4230; x_wconf 87' lang='lat' dir='ltr'><strong>in</strong></span> <span class='ocrx_word' id='word_1_695' title='bbox 788 4185 839 4230; x_wconf 87' lang='lat' dir='ltr'><strong>te</strong></span> <span class='ocrx_word' id='word_1_696' title='bbox 864 4191 1050 4231; x_wconf 89' lang='lat' dir='ltr'><strong>essem.</strong></span> <span class='ocrx_word' id='word_1_697' title='bbox 1082 4179 1332 4248; x_wconf 88' lang='lat' dir='ltr'><strong>Sequitur</strong></span> <span class='ocrx_word' id='word_1_698' title='bbox 1370 4198 1383 4231; x_wconf 91' lang='lat'><strong>:</strong></span> <span class='ocrx_word' id='word_1_699' title='bbox 1420 4180 1437 4248; x_wconf 96' lang='lat'><strong>(</strong></span> <span class='ocrx_word' id='word_1_700' title='bbox 1460 4174 1617 4235; x_wconf 73' lang='lat' dir='ltr'><strong>Vens.</strong></span> <span class='ocrx_word' id='word_1_701' title='bbox 1646 4182 1749 4251; x_wconf 66' lang='grc' dir='ltr'><strong>(Μ’)</strong></span> <span class='ocrx_word' id='word_1_702' title='bbox 1788 4166 1964 4263; x_wconf 64' lang='lat' dir='ltr'><strong>Pater,</strong></span> <span class='ocrx_word' id='word_1_703' title='bbox 1992 4201 2117 4254; x_wconf 85' lang='lat' dir='ltr'><strong>quos</strong></span> <span class='ocrx_word' id='word_1_704' title='bbox 2145 4186 2235 4239; x_wconf 77' lang='lat' dir='ltr'><strong>de-</strong></span> 
     </span>
    </p>
   </div>
   <div class='ocr_carea' id='block_1_75' title="bbox 2333 3116 3082 3185">
    <p class='ocr_par' dir='ltr' id='par_1_75' title="bbox 2333 3116 3082 3185">
     <span class='ocr_line' id='line_1_75' title="bbox 2333 3116 3082 3185; baseline -0.001 -15"><span class='ocrx_word' id='word_1_705' title='bbox 2333 3116 2647 3185; x_wconf 72' lang='lat' dir='ltr'><strong>evaugelista</strong></span> <span class='ocrx_word' id='word_1_706' title='bbox 2674 3116 2752 3170; x_wconf 78' lang='lat' dir='ltr'><strong>sic</strong></span> <span class='ocrx_word' id='word_1_707' title='bbox 2778 3131 2931 3181; x_wconf 76' lang='lat' dir='ltr'><strong>orsus</strong></span> <span class='ocrx_word' id='word_1_708' title='bbox 2964 3126 3082 3171; x_wconf 87' lang='lat' dir='ltr'><strong>cst:</strong></span> 
     </span>
    </p>
   </div>
   <div class='ocr_carea' id='block_1_76' title="bbox 2916 3194 3269 3282">
    <p class='ocr_par' dir='ltr' id='par_1_76' title="bbox 2916 3194 3269 3282">
     <span class='ocr_line' id='line_1_76' title="bbox 2916 3194 3269 3282; baseline 0.003 -2"><span class='ocrx_word' id='word_1_709' title='bbox 2916 3225 3140 3282; x_wconf 66' lang='lat' dir='ltr'><strong>eam</strong></span> <span class='ocrx_word' id='word_1_710' title='bbox 3179 3194 3269 3281; x_wconf 74' lang='grc' dir='ltr'><strong>χι.</strong></span> 
     </span>
    </p>
   </div>
   <div class='ocr_carea' id='block_1_77' title="bbox 2339 3316 3873 3391">
    <p class='ocr_par' dir='ltr' id='par_1_77' title="bbox 2339 3316 3873 3391">
     <span class='ocr_line' id='line_1_77' title="bbox 2339 3316 3873 3391; baseline 0.007 -23"><span class='ocrx_word' id='word_1_711' title='bbox 2339 3316 2647 3373; x_wconf 79' lang='lat' dir='ltr'><strong>Traditionis</strong></span> <span class='ocrx_word' id='word_1_712' title='bbox 2669 3338 2729 3373; x_wconf 86' lang='lat' dir='ltr'><strong>ac</strong></span> <span class='ocrx_word' id='word_1_713' title='bbox 2764 3322 3016 3390; x_wconf 68' lang='lat' dir='ltr'><strong>passionis</strong></span> <span class='ocrx_word' id='word_1_714' title='bbox 3054 3324 3165 3391; x_wconf 68' lang='lat' dir='ltr'><strong>ejus</strong></span> <span class='ocrx_word' id='word_1_715' title='bbox 3201 3339 3292 3390; x_wconf 81' lang='lat' dir='ltr'><strong>per</strong></span> <span class='ocrx_word' id='word_1_716' title='bbox 3325 3324 3553 3376; x_wconf 80' lang='lat' dir='ltr'><strong>ordinem</strong></span> <span class='ocrx_word' id='word_1_717' title='bbox 3587 3340 3672 3390; x_wconf 62' lang='lat' dir='ltr'><strong>ges</strong></span> <span class='ocrx_word' id='word_1_718' title='bbox 3695 3343 3724 3380; x_wconf 89' lang='lat' dir='ltr'><strong>a</strong></span> <span class='ocrx_word' id='word_1_719' title='bbox 3751 3343 3873 3382; x_wconf 75' lang='lat' dir='ltr'><strong>nar-</strong></span> 
     </span>
    </p>
   </div>
   <div class='ocr_carea' id='block_1_78' title="bbox 2993 3400 3192 3442">
    <p class='ocr_par' dir='ltr' id='par_1_78' title="bbox 2993 3400 3192 3442">
     <span class='ocr_line' id='line_1_78' title="bbox 2993 3400 3192 3442; baseline 0.005 -1"><span class='ocrx_word' id='word_1_720' title='bbox 2993 3400 3192 3442; x_wconf 71' lang='lat' dir='ltr'><strong>rantur.</strong></span> 
     </span>
    </p>
   </div>
   <div class='ocr_carea' id='block_1_79' title="bbox 2401 3494 3869 3567">
    <p class='ocr_par' dir='ltr' id='par_1_79' title="bbox 2401 3494 3869 3567">
     <span class='ocr_line' id='line_1_79' title="bbox 2401 3494 3869 3567; baseline 0.008 -20"><span class='ocrx_word' id='word_1_721' title='bbox 2401 3494 2573 3549; x_wconf 66' lang='lat' dir='ltr'><strong>Circi</strong></span> <span class='ocrx_word' id='word_1_722' title='bbox 2610 3512 2757 3560; x_wconf 82' lang='lat' dir='ltr'><strong>xvnt,</strong></span> <span class='ocrx_word' id='word_1_723' title='bbox 2786 3497 2945 3552; x_wconf 73' lang='lat' dir='ltr'><strong>Vens.</strong></span> <span class='ocrx_word' id='word_1_724' title='bbox 2984 3498 3033 3551; x_wconf 84' lang='lat' dir='ltr'><strong>i.</strong></span> <span class='ocrx_word' id='word_1_725' title='bbox 3056 3525 3124 3538; x_wconf 86' lang='lat'><strong>--</strong></span> <span class='ocrx_word' id='word_1_726' title='bbox 3157 3497 3282 3552; x_wconf 71' lang='lat' dir='ltr'><strong>&quot;(rc</strong></span> <span class='ocrx_word' id='word_1_727' title='bbox 3305 3515 3421 3553; x_wconf 81' lang='lat' dir='ltr'><strong>cunt</strong></span> <span class='ocrx_word' id='word_1_728' title='bbox 3458 3501 3671 3556; x_wconf 59' lang='lat' dir='ltr'><strong>dixisset</strong></span> <span class='ocrx_word' id='word_1_729' title='bbox 3694 3501 3869 3567; x_wconf 74' lang='lat' dir='ltr'><strong>Iesus;</strong></span> 
     </span>
    </p>
   </div>
   <div class='ocr_carea' id='block_1_80' title="bbox 2333 3584 3874 3653">
    <p class='ocr_par' dir='ltr' id='par_1_80' title="bbox 2333 3584 3874 3653">
     <span class='ocr_line' id='line_1_80' title="bbox 2333 3584 3874 3653; baseline 0.007 -20"><span class='ocrx_word' id='word_1_730' title='bbox 2333 3597 2559 3649; x_wconf 74' lang='lat' dir='ltr'><strong>egressus</strong></span> <span class='ocrx_word' id='word_1_731' title='bbox 2587 3592 2660 3636; x_wconf 73' lang='lat' dir='ltr'><strong>est</strong></span> <span class='ocrx_word' id='word_1_732' title='bbox 2686 3599 2803 3637; x_wconf 78' lang='lat' dir='ltr'><strong>cunt</strong></span> <span class='ocrx_word' id='word_1_733' title='bbox 2847 3584 3110 3653; x_wconf 74' lang='lat' dir='ltr'><strong>discipulis</strong></span> <span class='ocrx_word' id='word_1_734' title='bbox 3154 3585 3263 3638; x_wconf 85' lang='lat' dir='ltr'><strong>suis</strong></span> <span class='ocrx_word' id='word_1_735' title='bbox 3297 3594 3439 3638; x_wconf 76' lang='lat' dir='ltr'><strong>trans</strong></span> <span class='ocrx_word' id='word_1_736' title='bbox 3467 3596 3742 3641; x_wconf 73' lang='lat' dir='ltr'><strong>torrentem</strong></span> <span class='ocrx_word' id='word_1_737' title='bbox 3778 3587 3874 3644; x_wconf 82' lang='lat' dir='ltr'><strong>Ce-</strong></span> 
     </span>
    </p>
   </div>
   <div class='ocr_carea' id='block_1_81' title="bbox 2334 3664 3871 3749">
    <p class='ocr_par' dir='ltr' id='par_1_81' title="bbox 2334 3664 3871 3749">
     <span class='ocr_line' id='line_1_81' title="bbox 2334 3664 3871 3749; baseline 0.006 -28"><span class='ocrx_word' id='word_1_738' title='bbox 2334 3670 2463 3723; x_wconf 78' lang='lat' dir='ltr'><strong>dron</strong></span> <span class='ocrx_word' id='word_1_739' title='bbox 2486 3664 2761 3743; x_wconf 78' lang='lat' dir='ltr'><strong>[Cedron].</strong></span> <span class='ocrx_word' id='word_1_740' title='bbox 2778 3670 3055 3725; x_wconf 79' lang='lat' dir='ltr'><strong>Genitivus</strong></span> <span class='ocrx_word' id='word_1_741' title='bbox 3074 3670 3290 3741; x_wconf 74' lang='lat' dir='ltr'><strong>pluralis</strong></span> <span class='ocrx_word' id='word_1_742' title='bbox 3314 3671 3368 3726; x_wconf 90' lang='lat' dir='ltr'><strong>in</strong></span> <span class='ocrx_word' id='word_1_743' title='bbox 3386 3670 3592 3749; x_wconf 57' lang='lat' dir='ltr'><strong>Greco,</strong></span> <span class='ocrx_word' id='word_1_744' title='bbox 3617 3675 3757 3746; x_wconf 88' lang='lat' dir='ltr'><strong>quod</strong></span> <span class='ocrx_word' id='word_1_745' title='bbox 3779 3692 3871 3746; x_wconf 85' lang='lat' dir='ltr'><strong>po-</strong></span> 
     </span>
    </p>
   </div>
   <div class='ocr_carea' id='block_1_82' title="bbox 2335 3757 3871 3833">
    <p class='ocr_par' dir='ltr' id='par_1_82' title="bbox 2335 3757 3871 3833">
     <span class='ocr_line' id='line_1_82' title="bbox 2335 3757 3871 3833; baseline 0.007 -23"><span class='ocrx_word' id='word_1_746' title='bbox 2335 3766 2439 3811; x_wconf 81' lang='lat' dir='ltr'><strong>test</strong></span> <span class='ocrx_word' id='word_1_747' title='bbox 2456 3758 2643 3818; x_wconf 73' lang='lat' dir='ltr'><strong>Latine</strong></span> <span class='ocrx_word' id='word_1_748' title='bbox 2660 3757 2949 3813; x_wconf 86' lang='lat' dir='ltr'><strong>Cedrorum</strong></span> <span class='ocrx_word' id='word_1_749' title='bbox 2972 3759 3097 3813; x_wconf 92' lang='lat' dir='ltr'><strong>dici.</strong></span> <span class='ocrx_word' id='word_1_750' title='bbox 3119 3758 3267 3814; x_wconf 82' lang='lat' dir='ltr'><strong>Tunc</strong></span> <span class='ocrx_word' id='word_1_751' title='bbox 3286 3762 3723 3833; x_wconf 80' lang='lat' dir='ltr'><strong>appropinquavit</strong></span> <span class='ocrx_word' id='word_1_752' title='bbox 3740 3774 3871 3821; x_wconf 83' lang='lat' dir='ltr'><strong>tem-</strong></span> 
     </span>
    </p>
   </div>
   <div class='ocr_carea' id='block_1_83' title="bbox 2334 3842 3870 3917">
    <p class='ocr_par' dir='ltr' id='par_1_83' title="bbox 2334 3842 3870 3917">
     <span class='ocr_line' id='line_1_83' title="bbox 2334 3842 3870 3917; baseline 0.005 -18"><span class='ocrx_word' id='word_1_753' title='bbox 2334 3859 2450 3912; x_wconf 84' lang='lat' dir='ltr'><strong>pus,</strong></span> <span class='ocrx_word' id='word_1_754' title='bbox 2486 3845 2552 3898; x_wconf 88' lang='lat' dir='ltr'><strong>de</strong></span> <span class='ocrx_word' id='word_1_755' title='bbox 2571 3860 2677 3914; x_wconf 87' lang='lat' dir='ltr'><strong>quo</strong></span> <span class='ocrx_word' id='word_1_756' title='bbox 2702 3845 2754 3900; x_wconf 87' lang='lat' dir='ltr'><strong>in</strong></span> <span class='ocrx_word' id='word_1_757' title='bbox 2781 3842 2993 3900; x_wconf 75' lang='lat' dir='ltr'><strong>Pssimo</strong></span> <span class='ocrx_word' id='word_1_758' title='bbox 3019 3846 3246 3917; x_wconf 75' lang='lat' dir='ltr'><strong>legitur:</strong></span> <span class='ocrx_word' id='word_1_759' title='bbox 3276 3848 3351 3902; x_wconf 79' lang='lat' dir='ltr'><strong>De</strong></span> <span class='ocrx_word' id='word_1_760' title='bbox 3370 3858 3594 3904; x_wconf 80' lang='lat' dir='ltr'><strong>torrente</strong></span> <span class='ocrx_word' id='word_1_761' title='bbox 3618 3851 3675 3905; x_wconf 79' lang='lat' dir='ltr'><strong>in</strong></span> <span class='ocrx_word' id='word_1_762' title='bbox 3694 3854 3777 3907; x_wconf 74' lang='lat' dir='ltr'><strong>aia</strong></span> <span class='ocrx_word' id='word_1_763' title='bbox 3795 3852 3870 3906; x_wconf 75' lang='lat' dir='ltr'><strong>bt-</strong></span> 
     </span>
    </p>
   </div>
   <div class='ocr_carea' id='block_1_84' title="bbox 2334 3932 3867 4005">
    <p class='ocr_par' dir='ltr' id='par_1_84' title="bbox 2334 3932 3867 4005">
     <span class='ocr_line' id='line_1_84' title="bbox 2334 3932 3867 4005; baseline 0.008 -23"><span class='ocrx_word' id='word_1_764' title='bbox 2334 3932 2425 3986; x_wconf 83' lang='lat' dir='ltr'><strong>bit.</strong></span> <span class='ocrx_word' id='word_1_765' title='bbox 2469 3934 2524 3987; x_wconf 90' lang='lat' dir='ltr'><strong>in</strong></span> <span class='ocrx_word' id='word_1_766' title='bbox 2549 3933 2633 3988; x_wconf 87' lang='lat' dir='ltr'><strong>via</strong></span> <span class='ocrx_word' id='word_1_767' title='bbox 2663 3933 2818 4001; x_wconf 75' lang='lat' dir='ltr'><strong>hujus</strong></span> <span class='ocrx_word' id='word_1_768' title='bbox 2861 3936 2985 3987; x_wconf 67' lang='lat' dir='ltr'><strong>vita:</strong></span> <span class='ocrx_word' id='word_1_769' title='bbox 3011 3935 3076 3989; x_wconf 82' lang='lat' dir='ltr'><strong>de</strong></span> <span class='ocrx_word' id='word_1_770' title='bbox 3121 3943 3355 3990; x_wconf 88' lang='lat' dir='ltr'><strong>torrente</strong></span> <span class='ocrx_word' id='word_1_771' title='bbox 3397 3937 3661 4005; x_wconf 81' lang='lat' dir='ltr'><strong>passionis</strong></span> <span class='ocrx_word' id='word_1_772' title='bbox 3696 3940 3867 3998; x_wconf 77' lang='lat' dir='ltr'><strong>bibit:</strong></span> 
     </span>
    </p>
   </div>
   <div class='ocr_carea' id='block_1_85' title="bbox 2332 4019 3871 4095">
    <p class='ocr_par' dir='ltr' id='par_1_85' title="bbox 2332 4019 3871 4095">
     <span class='ocr_line' id='line_1_85' title="bbox 2332 4019 3871 4095; baseline 0.005 -23"><span class='ocrx_word' id='word_1_773' title='bbox 2332 4031 2593 4089; x_wconf 77' lang='lat' dir='ltr'><strong>propterea</strong></span> <span class='ocrx_word' id='word_1_774' title='bbox 2612 4019 2854 4074; x_wconf 73' lang='lat' dir='ltr'><strong>exultauit</strong></span> <span class='ocrx_word' id='word_1_775' title='bbox 2872 4030 3023 4091; x_wconf 80' lang='lat' dir='ltr'><strong>caput</strong></span> <span class='ocrx_word' id='word_1_776' title='bbox 3047 4020 3215 4091; x_wconf 78' lang='lat' dir='ltr'><strong>(Psat.</strong></span> <span class='ocrx_word' id='word_1_777' title='bbox 3243 4039 3351 4087; x_wconf 82' lang='lat' dir='ltr'><strong>etx,</strong></span> <span class='ocrx_word' id='word_1_778' title='bbox 3381 4023 3435 4093; x_wconf 83' lang='lat'><strong>7)</strong></span> <span class='ocrx_word' id='word_1_779' title='bbox 3458 4042 3471 4075; x_wconf 90' lang='lat'><strong>:</strong></span> <span class='ocrx_word' id='word_1_780' title='bbox 3491 4025 3635 4095; x_wconf 84' lang='lat' dir='ltr'><strong>quod</strong></span> <span class='ocrx_word' id='word_1_781' title='bbox 3651 4024 3871 4095; x_wconf 62' lang='lat' dir='ltr'><strong>Apasiol</strong></span> 
     </span>
    </p>
   </div>
   <div class='ocr_carea' id='block_1_86' title="bbox 2334 4105 3871 4183">
    <p class='ocr_par' dir='ltr' id='par_1_86' title="bbox 2334 4105 3871 4183">
     <span class='ocr_line' id='line_1_86' title="bbox 2334 4105 3871 4183; baseline 0.006 -25"><span class='ocrx_word' id='word_1_782' title='bbox 2334 4107 2415 4159; x_wconf 86' lang='lat' dir='ltr'><strong>ius</strong></span> <span class='ocrx_word' id='word_1_783' title='bbox 2446 4108 2517 4159; x_wconf 89' lang='lat' dir='ltr'><strong>ita</strong></span> <span class='ocrx_word' id='word_1_784' title='bbox 2551 4109 2793 4176; x_wconf 85' lang='lat' dir='ltr'><strong>exposuit</strong></span> <span class='ocrx_word' id='word_1_785' title='bbox 2822 4125 2835 4159; x_wconf 90' lang='lat'><strong>:</strong></span> <span class='ocrx_word' id='word_1_786' title='bbox 2866 4105 3100 4161; x_wconf 74' lang='lat' dir='ltr'><strong>Christus</strong></span> <span class='ocrx_word' id='word_1_787' title='bbox 3139 4109 3375 4163; x_wconf 78' lang='lat' dir='ltr'><strong>obediens</strong></span> <span class='ocrx_word' id='word_1_788' title='bbox 3418 4108 3571 4163; x_wconf 83' lang='lat' dir='ltr'><strong>Patri</strong></span> <span class='ocrx_word' id='word_1_789' title='bbox 3602 4128 3762 4183; x_wconf 73' lang='lat' dir='ltr'><strong>usque</strong></span> <span class='ocrx_word' id='word_1_790' title='bbox 3801 4113 3871 4167; x_wconf 84' lang='lat' dir='ltr'><strong>ad</strong></span> 
     </span>
    </p>
   </div>
   <div class='ocr_carea' id='block_1_87' title="bbox 2334 4192 3869 4268">
    <p class='ocr_par' dir='ltr' id='par_1_87' title="bbox 2334 4192 3869 4268">
     <span class='ocr_line' id='line_1_87' title="bbox 2334 4192 3869 4268; baseline 0.007 -24"><span class='ocrx_word' id='word_1_791' title='bbox 2334 4200 2565 4254; x_wconf 84' lang='lat' dir='ltr'><strong>mortem,</strong></span> <span class='ocrx_word' id='word_1_792' title='bbox 2589 4197 2800 4246; x_wconf 78' lang='lat' dir='ltr'><strong>mortem</strong></span> <span class='ocrx_word' id='word_1_793' title='bbox 2823 4202 2992 4246; x_wconf 82' lang='lat' dir='ltr'><strong>autent</strong></span> <span class='ocrx_word' id='word_1_794' title='bbox 3039 4196 3224 4248; x_wconf 76' lang='lat' dir='ltr'><strong>crucis.</strong></span> <span class='ocrx_word' id='word_1_795' title='bbox 3254 4192 3475 4266; x_wconf 84' lang='lat' dir='ltr'><strong>Propter</strong></span> <span class='ocrx_word' id='word_1_796' title='bbox 3501 4199 3640 4268; x_wconf 80' lang='lat' dir='ltr'><strong>quod</strong></span> <span class='ocrx_word' id='word_1_797' title='bbox 3659 4210 3706 4253; x_wconf 84' lang='lat' dir='ltr'><strong>et</strong></span> <span class='ocrx_word' id='word_1_798' title='bbox 3733 4200 3869 4255; x_wconf 74' lang='lat' dir='ltr'><strong>Deus</strong></span> 
     </span>
    </p>
   </div>
   <div class='ocr_carea' id='block_1_88' title="bbox 704 4265 3869 4357">
    <p class='ocr_par' dir='ltr' id='par_1_88' title="bbox 704 4265 3869 4357">
     <span class='ocr_line' id='line_1_88' title="bbox 704 4265 3869 4357; baseline 0.009 -42"><span class='ocrx_word' id='word_1_799' title='bbox 704 4265 981 4357; x_wconf 48' lang='lat' dir='ltr'><strong>disti‘mihi</strong></span> <span class='ocrx_word' id='word_1_800' title='bbox 1002 4305 1015 4329; x_wconf 97' lang='lat'><strong>,</strong></span> <span class='ocrx_word' id='word_1_801' title='bbox 1044 4266 1165 4357; x_wconf 59' lang='lat' dir='ltr'><strong>uoto</strong></span> <span class='ocrx_word' id='word_1_802' title='bbox 1188 4277 1242 4319; x_wconf 92' lang='lat' dir='ltr'><strong>ut</strong></span> <span class='ocrx_word' id='word_1_803' title='bbox 1275 4268 1360 4320; x_wconf 85' lang='lat' dir='ltr'><strong>ubi</strong></span> <span class='ocrx_word' id='word_1_804' title='bbox 1395 4285 1507 4321; x_wconf 80' lang='lat' dir='ltr'><strong>sum</strong></span> <span class='ocrx_word' id='word_1_805' title='bbox 1542 4286 1665 4347; x_wconf 85' lang='lat' dir='ltr'><strong>ego,</strong></span> <span class='ocrx_word' id='word_1_806' title='bbox 1695 4280 1741 4323; x_wconf 84' lang='lat' dir='ltr'><strong>et</strong></span> <span class='ocrx_word' id='word_1_807' title='bbox 1778 4270 1852 4324; x_wconf 66' lang='lat' dir='ltr'><strong>illi</strong></span> <span class='ocrx_word' id='word_1_808' title='bbox 1881 4273 1982 4326; x_wconf 74' lang='lat' dir='ltr'><strong>sint</strong></span> <span class='ocrx_word' id='word_1_809' title='bbox 2019 4290 2231 4329; x_wconf 78' lang='lat' dir='ltr'><strong>mecum.</strong></span> <span class='ocrx_word' id='word_1_810' title='bbox 2264 4301 2310 4357; x_wconf 79' lang='grc' dir='ltr'><strong>υ</strong></span> <span class='ocrx_word' id='word_1_811' title='bbox 2334 4284 2573 4338; x_wconf 73' lang='lat' dir='ltr'><strong>exultauit</strong></span> <span class='ocrx_word' id='word_1_812' title='bbox 2609 4282 2754 4336; x_wconf 82' lang='lat' dir='ltr'><strong>illum</strong></span> <span class='ocrx_word' id='word_1_813' title='bbox 2777 4282 2989 4353; x_wconf 79' lang='lat' dir='ltr'><strong>(Philip.</strong></span> <span class='ocrx_word' id='word_1_814' title='bbox 3019 4298 3078 4345; x_wconf 83' lang='lat' dir='ltr'><strong>tl,</strong></span> <span class='ocrx_word' id='word_1_815' title='bbox 3108 4286 3161 4347; x_wconf 89' lang='lat'><strong>8,</strong></span> <span class='ocrx_word' id='word_1_816' title='bbox 3191 4284 3266 4353; x_wconf 85' lang='lat'><strong>9).</strong></span> <span class='ocrx_word' id='word_1_817' title='bbox 3312 4283 3409 4339; x_wconf 80' lang='lat' dir='ltr'><strong>Ubi</strong></span> <span class='ocrx_word' id='word_1_818' title='bbox 3439 4265 3549 4339; x_wconf 76' lang='lat' dir='ltr'><strong>erat</strong></span> <span class='ocrx_word' id='word_1_819' title='bbox 3580 4289 3779 4352; x_wconf 77' lang='lat' dir='ltr'><strong>hortus,</strong></span> <span class='ocrx_word' id='word_1_820' title='bbox 3814 4292 3869 4342; x_wconf 84' lang='lat' dir='ltr'><strong>iit</strong></span> 
     </span>
    </p>
   </div>
   <div class='ocr_carea' id='block_1_89' title="bbox 711 4348 3870 4441">
    <p class='ocr_par' dir='ltr' id='par_1_89' title="bbox 711 4348 3870 4441">
     <span class='ocr_line' id='line_1_89' title="bbox 711 4348 3870 4441; baseline 0.009 -39"><span class='ocrx_word' id='word_1_821' title='bbox 711 4370 731 4441; x_wconf 76' lang='grc' dir='ltr'><strong>ι</strong></span> <span class='ocrx_word' id='word_1_822' title='bbox 761 4364 785 4391; x_wconf 83' lang='grc' dir='ltr'><strong>ι</strong></span> <span class='ocrx_word' id='word_1_823' title='bbox 807 4348 958 4404; x_wconf 86' lang='lat' dir='ltr'><strong>Nune</strong></span> <span class='ocrx_word' id='word_1_824' title='bbox 981 4367 1074 4419; x_wconf 91' lang='lat' dir='ltr'><strong>per</strong></span> <span class='ocrx_word' id='word_1_825' title='bbox 1099 4352 1251 4407; x_wconf 80' lang='lat' dir='ltr'><strong>ﬁdem</strong></span> <span class='ocrx_word' id='word_1_826' title='bbox 1270 4393 1283 4417; x_wconf 91' lang='lat'><strong>,</strong></span> <span class='ocrx_word' id='word_1_827' title='bbox 1308 4363 1432 4408; x_wconf 91' lang='lat' dir='ltr'><strong>tunc</strong></span> <span class='ocrx_word' id='word_1_828' title='bbox 1453 4370 1579 4422; x_wconf 79' lang='lat' dir='ltr'><strong>ergo</strong></span> <span class='ocrx_word' id='word_1_829' title='bbox 1603 4357 1692 4411; x_wconf 80' lang='lat' dir='ltr'><strong>ﬁet</strong></span> <span class='ocrx_word' id='word_1_830' title='bbox 1713 4374 1808 4436; x_wconf 83' lang='lat' dir='ltr'><strong>per</strong></span> <span class='ocrx_word' id='word_1_831' title='bbox 1830 4361 2078 4425; x_wconf 86' lang='lat' dir='ltr'><strong>speciem.</strong></span> <span class='ocrx_word' id='word_1_832' title='bbox 2104 4364 2235 4417; x_wconf 89' lang='lat' dir='ltr'><strong>Cum</strong></span> <span class='ocrx_word' id='word_1_833' title='bbox 2267 4348 2304 4357; x_wconf 58' lang='grc'>⁷</span> <span class='ocrx_word' id='word_1_834' title='bbox 2333 4389 2479 4440; x_wconf 85' lang='lat' dir='ltr'><strong>quem</strong></span> <span class='ocrx_word' id='word_1_835' title='bbox 2507 4374 2734 4424; x_wconf 80' lang='lat' dir='ltr'><strong>introivit</strong></span> <span class='ocrx_word' id='word_1_836' title='bbox 2754 4348 2858 4440; x_wconf 81' lang='lat' dir='ltr'><strong>ipse</strong></span> <span class='ocrx_word' id='word_1_837' title='bbox 2876 4381 2923 4424; x_wconf 89' lang='lat' dir='ltr'><strong>et</strong></span> <span class='ocrx_word' id='word_1_838' title='bbox 2938 4348 3185 4441; x_wconf 71' lang='lat' dir='ltr'><strong>discipuli</strong></span> <span class='ocrx_word' id='word_1_839' title='bbox 3204 4348 3337 4441; x_wconf 68' lang='lat' dir='ltr'><strong>ejus.</strong></span> <span class='ocrx_word' id='word_1_840' title='bbox 3364 4374 3503 4428; x_wconf 86' lang='lat' dir='ltr'><strong>Bene</strong></span> <span class='ocrx_word' id='word_1_841' title='bbox 3524 4377 3579 4428; x_wconf 89' lang='lat' dir='ltr'><strong>in</strong></span> <span class='ocrx_word' id='word_1_842' title='bbox 3602 4376 3755 4429; x_wconf 87' lang='lat' dir='ltr'><strong>horto</strong></span> <span class='ocrx_word' id='word_1_843' title='bbox 3766 4348 3870 4431; x_wconf 66' lang='lat' dir='ltr'><strong>tul-</strong></span> 
     </span>
    </p>
   </div>
   <div class='ocr_carea' id='block_1_90' title="bbox 706 4440 3866 4527">
    <p class='ocr_par' dir='ltr' id='par_1_90' title="bbox 706 4440 3866 4527">
     <span class='ocr_line' id='line_1_90' title="bbox 706 4440 3866 4527; baseline 0.007 -33"><span class='ocrx_word' id='word_1_844' title='bbox 706 4440 947 4496; x_wconf 87' lang='lat' dir='ltr'><strong>Christus</strong></span> <span class='ocrx_word' id='word_1_845' title='bbox 969 4444 1270 4511; x_wconf 88' lang='lat' dir='ltr'><strong>apparuerit</strong></span> <span class='ocrx_word' id='word_1_846' title='bbox 1289 4445 1396 4496; x_wconf 86' lang='lat' dir='ltr'><strong>vita</strong></span> <span class='ocrx_word' id='word_1_847' title='bbox 1425 4452 1634 4507; x_wconf 78' lang='lat' dir='ltr'><strong>nostra,</strong></span> <span class='ocrx_word' id='word_1_848' title='bbox 1662 4444 1861 4520; x_wconf 80' lang='lat' dir='ltr'><strong>tuncet</strong></span> <span class='ocrx_word' id='word_1_849' title='bbox 1886 4463 1981 4501; x_wconf 88' lang='lat' dir='ltr'><strong>nos</strong></span> <span class='ocrx_word' id='word_1_850' title='bbox 2003 4447 2120 4503; x_wconf 81' lang='lat' dir='ltr'><strong>cum</strong></span> <span class='ocrx_word' id='word_1_851' title='bbox 2150 4452 2236 4505; x_wconf 90' lang='lat' dir='ltr'><strong>illo</strong></span> <span class='ocrx_word' id='word_1_852' title='bbox 2334 4461 2486 4513; x_wconf 61' lang='lat' dir='ltr'><strong>seria:</strong></span> <span class='ocrx_word' id='word_1_853' title='bbox 2512 4468 2703 4513; x_wconf 68' lang='lat' dir='ltr'><strong>nostra:</strong></span> <span class='ocrx_word' id='word_1_854' title='bbox 2756 4440 3168 4527; x_wconf 83' lang='lat' dir='ltr'><strong>comprehensus</strong></span> <span class='ocrx_word' id='word_1_855' title='bbox 3203 4440 3303 4518; x_wconf 78' lang='lat' dir='ltr'><strong>est,</strong></span> <span class='ocrx_word' id='word_1_856' title='bbox 3333 4468 3392 4511; x_wconf 86' lang='lat' dir='ltr'><strong>ut</strong></span> <span class='ocrx_word' id='word_1_857' title='bbox 3434 4473 3535 4515; x_wconf 88' lang='lat' dir='ltr'><strong>nos</strong></span> <span class='ocrx_word' id='word_1_858' title='bbox 3562 4461 3616 4515; x_wconf 89' lang='lat' dir='ltr'><strong>in</strong></span> <span class='ocrx_word' id='word_1_859' title='bbox 3659 4461 3866 4517; x_wconf 89' lang='lat' dir='ltr'><strong>ho&#39;rtum</strong></span> 
     </span>
    </p>
   </div>
   <div class='ocr_carea' id='block_1_91' title="bbox 708 4529 2235 4607">
    <p class='ocr_par' dir='ltr' id='par_1_91' title="bbox 708 4529 2235 4607">
     <span class='ocr_line' id='line_1_91' title="bbox 708 4529 2235 4607; baseline 0.009 -26"><span class='ocrx_word' id='word_1_860' title='bbox 708 4529 1072 4597; x_wconf 79' lang='lat' dir='ltr'><strong>apparebimus</strong></span> <span class='ocrx_word' id='word_1_861' title='bbox 1107 4532 1158 4585; x_wconf 94' lang='lat' dir='ltr'><strong>in</strong></span> <span class='ocrx_word' id='word_1_862' title='bbox 1202 4531 1363 4601; x_wconf 81' lang='lat' dir='ltr'><strong>gloria</strong></span> <span class='ocrx_word' id='word_1_863' title='bbox 1404 4532 1631 4600; x_wconf 88' lang='lat' dir='ltr'><strong>(Coloss.</strong></span> <span class='ocrx_word' id='word_1_864' title='bbox 1662 4533 1758 4597; x_wconf 82' lang='grc' dir='ltr'>ιιι,</span> <span class='ocrx_word' id='word_1_865' title='bbox 1786 4533 1873 4603; x_wconf 77' lang='grc'><strong>4).</strong></span> <span class='ocrx_word' id='word_1_866' title='bbox 1911 4554 1928 4586; x_wconf 80' lang='grc' dir='ltr'><strong>ι</strong></span> <span class='ocrx_word' id='word_1_867' title='bbox 1966 4536 2006 4590; x_wconf 88' lang='grc' dir='ltr'><strong>Τ</strong></span> <span class='ocrx_word' id='word_1_868' title='bbox 2011 4553 2235 4607; x_wconf 87' lang='lat' dir='ltr'><strong>uncap-</strong></span> 
     </span>
    </p>
   </div>
   <div class='ocr_carea' id='block_1_92' title="bbox 706 4612 2230 4692">
    <p class='ocr_par' dir='ltr' id='par_1_92' title="bbox 706 4612 2230 4692">
     <span class='ocr_line' id='line_1_92' title="bbox 706 4612 2230 4692; baseline 0.008 -24"><span class='ocrx_word' id='word_1_869' title='bbox 706 4612 1006 4684; x_wconf 87' lang='lat' dir='ltr'><strong>parebimus</strong></span> <span class='ocrx_word' id='word_1_870' title='bbox 1030 4620 1169 4687; x_wconf 89' lang='lat' dir='ltr'><strong>quod</strong></span> <span class='ocrx_word' id='word_1_871' title='bbox 1199 4627 1321 4673; x_wconf 88' lang='lat' dir='ltr'><strong>tunc</strong></span> <span class='ocrx_word' id='word_1_872' title='bbox 1347 4620 1582 4684; x_wconf 89' lang='lat' dir='ltr'><strong>erimus;</strong></span> <span class='ocrx_word' id='word_1_873' title='bbox 1615 4622 1747 4689; x_wconf 86' lang='lat' dir='ltr'><strong>quia</strong></span> <span class='ocrx_word' id='word_1_874' title='bbox 1777 4631 1900 4677; x_wconf 87' lang='lat' dir='ltr'><strong>tunc</strong></span> <span class='ocrx_word' id='word_1_875' title='bbox 1926 4626 2197 4692; x_wconf 86' lang='lat' dir='ltr'><strong>apparebit</strong></span> <span class='ocrx_word' id='word_1_876' title='bbox 2216 4668 2230 4691; x_wconf 93' lang='lat'><strong>,</strong></span> 
     </span>
    </p>
   </div>
   <div class='ocr_carea' id='block_1_93' title="bbox 708 4708 1887 4774">
    <p class='ocr_par' dir='ltr' id='par_1_93' title="bbox 708 4708 1887 4774">
     <span class='ocr_line' id='line_1_93' title="bbox 708 4708 1887 4774; baseline 0.006 -17"><span class='ocrx_word' id='word_1_877' title='bbox 708 4712 989 4773; x_wconf 85' lang='lat' dir='ltr'><strong>antequam</strong></span> <span class='ocrx_word' id='word_1_878' title='bbox 1014 4720 1248 4759; x_wconf 78' lang='lat' dir='ltr'><strong>essemus</strong></span> <span class='ocrx_word' id='word_1_879' title='bbox 1267 4747 1280 4769; x_wconf 91' lang='lat'><strong>,</strong></span> <span class='ocrx_word' id='word_1_880' title='bbox 1309 4708 1448 4774; x_wconf 84' lang='lat' dir='ltr'><strong>quod</strong></span> <span class='ocrx_word' id='word_1_881' title='bbox 1476 4709 1825 4762; x_wconf 85' lang='lat' dir='ltr'><strong>tunccrimus</strong></span> <span class='ocrx_word' id='word_1_882' title='bbox 1842 4710 1887 4764; x_wconf 70' lang='lat' dir='ltr'><strong>l‘.</strong></span> 
     </span>
    </p>
   </div>
   <div class='ocr_carea' id='block_1_94' title="bbox 775 4792 2235 4864">
    <p class='ocr_par' dir='ltr' id='par_1_94' title="bbox 775 4792 2235 4864">
     <span class='ocr_line' id='line_1_94' title="bbox 775 4792 2235 4864; baseline 0.003 -18"><span class='ocrx_word' id='word_1_883' title='bbox 775 4792 841 4847; x_wconf 85' lang='lat' dir='ltr'><strong>Ut</strong></span> <span class='ocrx_word' id='word_1_884' title='bbox 871 4794 1068 4847; x_wconf 78' lang='lat' dir='ltr'><strong>rideant</strong></span> <span class='ocrx_word' id='word_1_885' title='bbox 1106 4794 1387 4847; x_wconf 84' lang='lat' dir='ltr'><strong>claritatem</strong></span> <span class='ocrx_word' id='word_1_886' title='bbox 1430 4811 1616 4859; x_wconf 82' lang='lat' dir='ltr'><strong>meam,</strong></span> <span class='ocrx_word' id='word_1_887' title='bbox 1660 4812 1814 4864; x_wconf 77' lang='lat' dir='ltr'><strong>quam</strong></span> <span class='ocrx_word' id='word_1_888' title='bbox 1860 4796 2045 4849; x_wconf 88' lang='lat' dir='ltr'><strong>dedisti</strong></span> <span class='ocrx_word' id='word_1_889' title='bbox 2093 4800 2235 4852; x_wconf 75' lang='lat' dir='ltr'><strong>mihi.</strong></span> 
     </span>
    </p>
   </div>
   <div class='ocr_carea' id='block_1_95' title="bbox 708 4882 2237 4951">
    <p class='ocr_par' dir='ltr' id='par_1_95' title="bbox 708 4882 2237 4951">
     <span class='ocr_line' id='line_1_95' title="bbox 708 4882 2237 4951; baseline 0.003 -15"><span class='ocrx_word' id='word_1_890' title='bbox 708 4883 969 4937; x_wconf 79' lang='lat' dir='ltr'><strong>Fortassis</strong></span> <span class='ocrx_word' id='word_1_891' title='bbox 997 4898 1123 4951; x_wconf 69' lang='lat' dir='ltr'><strong>ergo</strong></span> <span class='ocrx_word' id='word_1_892' title='bbox 1147 4883 1211 4935; x_wconf 89' lang='lat' dir='ltr'><strong>de</strong></span> <span class='ocrx_word' id='word_1_893' title='bbox 1239 4882 1322 4934; x_wconf 82' lang='lat' dir='ltr'><strong>illa</strong></span> <span class='ocrx_word' id='word_1_894' title='bbox 1347 4883 1587 4935; x_wconf 90' lang='lat' dir='ltr'><strong>claritate</strong></span> <span class='ocrx_word' id='word_1_895' title='bbox 1621 4883 1766 4944; x_wconf 88' lang='lat' dir='ltr'><strong>dicit,</strong></span> <span class='ocrx_word' id='word_1_896' title='bbox 1798 4884 1850 4937; x_wconf 91' lang='lat' dir='ltr'><strong>in</strong></span> <span class='ocrx_word' id='word_1_897' title='bbox 1878 4900 1978 4951; x_wconf 83' lang='lat' dir='ltr'><strong>qua</strong></span> <span class='ocrx_word' id='word_1_898' title='bbox 2004 4886 2149 4939; x_wconf 85' lang='lat' dir='ltr'><strong>sedet</strong></span> <span class='ocrx_word' id='word_1_899' title='bbox 2171 4889 2237 4942; x_wconf 89' lang='lat' dir='ltr'><strong>ad</strong></span> 
     </span>
    </p>
   </div>
   <div class='ocr_carea' id='block_1_96' title="bbox 710 4968 2236 5039">
    <p class='ocr_par' dir='ltr' id='par_1_96' title="bbox 710 4968 2236 5039">
     <span class='ocr_line' id='line_1_96' title="bbox 710 4968 2236 5039; baseline 0.004 -18"><span class='ocrx_word' id='word_1_900' title='bbox 710 4970 975 5021; x_wconf 80' lang='lat' dir='ltr'><strong>dexteram</strong></span> <span class='ocrx_word' id='word_1_901' title='bbox 1010 4968 1103 5022; x_wconf 89' lang='lat' dir='ltr'><strong>Dei</strong></span> <span class='ocrx_word' id='word_1_902' title='bbox 1155 4968 1347 5022; x_wconf 88' lang='lat' dir='ltr'><strong>Patris.</strong></span> <span class='ocrx_word' id='word_1_903' title='bbox 1372 4969 1632 5023; x_wconf 89' lang='lat' dir='ltr'><strong>Continuo</strong></span> <span class='ocrx_word' id='word_1_904' title='bbox 1655 4969 1920 5039; x_wconf 72' lang='lat' dir='ltr'><strong>subiungit</strong></span> <span class='ocrx_word' id='word_1_905' title='bbox 1951 4990 1963 5024; x_wconf 92' lang='lat'>:</span> <span class='ocrx_word' id='word_1_906' title='bbox 1992 4972 2126 5036; x_wconf 82' lang='lat' dir='ltr'><strong>Quia</strong></span> <span class='ocrx_word' id='word_1_907' title='bbox 2152 4976 2236 5028; x_wconf 87' lang='lat' dir='ltr'><strong>di—</strong></span> 
     </span>
    </p>
   </div>
   <div class='ocr_carea' id='block_1_97' title="bbox 709 5056 2237 5116">
    <p class='ocr_par' dir='ltr' id='par_1_97' title="bbox 709 5056 2237 5116">
     <span class='ocr_line' id='line_1_97' title="bbox 709 5056 2237 5116; baseline 0.007 -10"><span class='ocrx_word' id='word_1_908' title='bbox 709 5056 877 5108; x_wconf 77' lang='lat' dir='ltr'><strong>lexisti</strong></span> <span class='ocrx_word' id='word_1_909' title='bbox 906 5071 984 5107; x_wconf 83' lang='lat' dir='ltr'><strong>me</strong></span> <span class='ocrx_word' id='word_1_910' title='bbox 1022 5064 1137 5108; x_wconf 84' lang='lat' dir='ltr'><strong>ante</strong></span> <span class='ocrx_word' id='word_1_911' title='bbox 1161 5058 1567 5109; x_wconf 83' lang='lat' dir='ltr'><strong>constitutionem</strong></span> <span class='ocrx_word' id='word_1_912' title='bbox 1602 5059 1799 5111; x_wconf 84' lang='lat' dir='ltr'><strong>mundi.</strong></span> <span class='ocrx_word' id='word_1_913' title='bbox 1835 5076 1852 5107; x_wconf 80' lang='grc' dir='ltr'><strong>ι</strong></span> <span class='ocrx_word' id='word_1_914' title='bbox 1897 5058 1951 5110; x_wconf 86' lang='lat' dir='ltr'><strong>in</strong></span> <span class='ocrx_word' id='word_1_915' title='bbox 1990 5058 2076 5113; x_wconf 92' lang='lat' dir='ltr'><strong>illo</strong></span> <span class='ocrx_word' id='word_1_916' title='bbox 2097 5063 2237 5116; x_wconf 86' lang='lat' dir='ltr'><strong>enim</strong></span> 
     </span>
    </p>
   </div>
   <div class='ocr_carea' id='block_1_98' title="bbox 710 5144 2235 5210">
    <p class='ocr_par' dir='ltr' id='par_1_98' title="bbox 710 5144 2235 5210">
     <span class='ocr_line' id='line_1_98' title="bbox 710 5144 2235 5210; baseline 0.006 -15"><span class='ocrx_word' id='word_1_917' title='bbox 710 5144 892 5197; x_wconf 85' lang='lat' dir='ltr'><strong>dilexit</strong></span> <span class='ocrx_word' id='word_1_918' title='bbox 930 5150 983 5195; x_wconf 92' lang='lat' dir='ltr'><strong>et</strong></span> <span class='ocrx_word' id='word_1_919' title='bbox 1022 5158 1119 5195; x_wconf 89' lang='lat' dir='ltr'><strong>nos</strong></span> <span class='ocrx_word' id='word_1_920' title='bbox 1168 5152 1288 5196; x_wconf 84' lang='lat' dir='ltr'><strong>ante</strong></span> <span class='ocrx_word' id='word_1_921' title='bbox 1329 5146 1753 5200; x_wconf 90' lang='lat' dir='ltr'><strong>constitutionem</strong></span> <span class='ocrx_word' id='word_1_922' title='bbox 1795 5147 1996 5210; x_wconf 91' lang='lat' dir='ltr'><strong>mundi,</strong></span> <span class='ocrx_word' id='word_1_923' title='bbox 2030 5157 2083 5201; x_wconf 90' lang='lat' dir='ltr'><strong>et</strong></span> <span class='ocrx_word' id='word_1_924' title='bbox 2112 5158 2235 5204; x_wconf 91' lang='lat' dir='ltr'><strong>tunc</strong></span> 
     </span>
    </p>
   </div>
   <div class='ocr_carea' id='block_1_99' title="bbox 712 5226 2229 5304">
    <p class='ocr_par' dir='ltr' id='par_1_99' title="bbox 712 5226 2229 5304">
     <span class='ocr_line' id='line_1_99' title="bbox 712 5226 2229 5304; baseline 0.008 -26"><span class='ocrx_word' id='word_1_925' title='bbox 712 5230 1098 5297; x_wconf 74' lang='lat' dir='ltr'><strong>pra:destinavit</strong></span> <span class='ocrx_word' id='word_1_926' title='bbox 1117 5230 1256 5297; x_wconf 87' lang='lat' dir='ltr'><strong>quod</strong></span> <span class='ocrx_word' id='word_1_927' title='bbox 1279 5229 1331 5282; x_wconf 91' lang='lat' dir='ltr'><strong>in</strong></span> <span class='ocrx_word' id='word_1_928' title='bbox 1346 5229 1447 5283; x_wconf 82' lang='lat' dir='ltr'><strong>ﬁne</strong></span> <span class='ocrx_word' id='word_1_929' title='bbox 1473 5231 1706 5287; x_wconf 80' lang='lat' dir='ltr'><strong>facturus</strong></span> <span class='ocrx_word' id='word_1_930' title='bbox 1724 5226 1813 5287; x_wconf 85' lang='lat' dir='ltr'><strong>est</strong></span> <span class='ocrx_word' id='word_1_931' title='bbox 1830 5235 2027 5288; x_wconf 90' lang='lat' dir='ltr'><strong>mundi.</strong></span> <span class='ocrx_word' id='word_1_932' title='bbox 2050 5234 2229 5304; x_wconf 69' lang='lat' dir='ltr'><strong>(Vens.</strong></span> 
     </span>
    </p>
   </div>
   <div class='ocr_carea' id='block_1_100' title="bbox 781 5356 1786 5426">
    <p class='ocr_par' dir='ltr' id='par_1_100' title="bbox 781 5356 1786 5426">
     <span class='ocr_line' id='line_1_100' title="bbox 781 5356 1786 5426; baseline 0.001 -16"><span class='ocrx_word' id='word_1_933' title='bbox 781 5356 906 5426; x_wconf 50' lang='lat' dir='ltr'><strong>{Ex</strong></span> <span class='ocrx_word' id='word_1_934' title='bbox 930 5356 988 5410; x_wconf 87' lang='lat' dir='ltr'><strong>S.</strong></span> <span class='ocrx_word' id='word_1_935' title='bbox 1010 5356 1347 5426; x_wconf 7' lang='lat' dir='ltr'><strong>Auguqtract.</strong></span> <span class='ocrx_word' id='word_1_936' title='bbox 1364 5372 1482 5426; x_wconf 60' lang='grc' dir='ltr'><strong>ευ,</strong></span> <span class='ocrx_word' id='word_1_937' title='bbox 1508 5374 1651 5409; x_wconf 91' lang='lat' dir='ltr'><strong>num.</strong></span> <span class='ocrx_word' id='word_1_938' title='bbox 1676 5360 1786 5411; x_wconf 81' lang='grc'><strong>4-6.</strong></span> 
     </span>
    </p>
   </div>
   <div class='ocr_carea' id='block_1_101' title="bbox 782 5420 2235 5497">
    <p class='ocr_par' dir='ltr' id='par_1_101' title="bbox 782 5420 2235 5497">
     <span class='ocr_line' id='line_1_101' title="bbox 782 5420 2235 5497; baseline 0.009 -25"><span class='ocrx_word' id='word_1_939' title='bbox 782 5420 812 5497; x_wconf 67' lang='grc' dir='ltr'>ξι</span> <span class='ocrx_word' id='word_1_940' title='bbox 836 5423 991 5492; x_wconf 69' lang='grc' dir='ltr'><strong>Διιε.ν</strong></span> <span class='ocrx_word' id='word_1_941' title='bbox 1017 5420 1118 5497; x_wconf 51' lang='lat' dir='ltr'><strong>loc:</strong></span> <span class='ocrx_word' id='word_1_942' title='bbox 1140 5424 1232 5476; x_wconf 89' lang='lat' dir='ltr'><strong>cit.</strong></span> <span class='ocrx_word' id='word_1_943' title='bbox 1268 5442 1280 5474; x_wconf 92' lang='lat'><strong>:</strong></span> <span class='ocrx_word' id='word_1_944' title='bbox 1312 5440 1329 5472; x_wconf 83' lang='grc' dir='ltr'><strong>ι</strong></span> <span class='ocrx_word' id='word_1_945' title='bbox 1363 5423 1512 5497; x_wconf 81' lang='lat' dir='ltr'><strong>Tunc</strong></span> <span class='ocrx_word' id='word_1_946' title='bbox 1538 5426 1908 5497; x_wconf 75' lang='lat' dir='ltr'><strong>apparebimus</strong></span> <span class='ocrx_word' id='word_1_947' title='bbox 1950 5432 2086 5497; x_wconf 86' lang='lat' dir='ltr'><strong>quod</strong></span> <span class='ocrx_word' id='word_1_948' title='bbox 2113 5441 2235 5485; x_wconf 85' lang='lat' dir='ltr'><strong>tunc</strong></span> 
     </span>
    </p>
   </div>
   <div class='ocr_carea' id='block_1_102' title="bbox 724 5488 2234 5559">
    <p class='ocr_par' dir='ltr' id='par_1_102' title="bbox 724 5488 2234 5559">
     <span class='ocr_line' id='line_1_102' title="bbox 724 5488 2234 5559; baseline 0.011 -21"><span class='ocrx_word' id='word_1_949' title='bbox 724 5488 955 5543; x_wconf 52' lang='lat' dir='ltr'><strong>Erimus?</strong></span> <span class='ocrx_word' id='word_1_950' title='bbox 986 5492 1105 5559; x_wconf 87' lang='lat' dir='ltr'><strong>quia</strong></span> <span class='ocrx_word' id='word_1_951' title='bbox 1136 5500 1259 5543; x_wconf 89' lang='lat' dir='ltr'><strong>tunc</strong></span> <span class='ocrx_word' id='word_1_952' title='bbox 1307 5488 1591 5559; x_wconf 67' lang='lat' dir='ltr'><strong>apparebit,</strong></span> <span class='ocrx_word' id='word_1_953' title='bbox 1611 5488 1731 5545; x_wconf 60' lang='lat' dir='ltr'><strong>&#39;non</strong></span> <span class='ocrx_word' id='word_1_954' title='bbox 1785 5488 2007 5549; x_wconf 74' lang='lat' dir='ltr'><strong>inaniter</strong></span> <span class='ocrx_word' id='word_1_955' title='bbox 2048 5513 2142 5552; x_wconf 86' lang='lat' dir='ltr'><strong>nus</strong></span> <span class='ocrx_word' id='word_1_956' title='bbox 2182 5500 2234 5554; x_wconf 79' lang='lat' dir='ltr'><strong>id</strong></span> 
     </span>
    </p>
   </div>
   <div class='ocr_carea' id='block_1_103' title="bbox 2332 4542 3864 4616">
    <p class='ocr_par' dir='ltr' id='par_1_103' title="bbox 2332 4542 3864 4616">
     <span class='ocr_line' id='line_1_103' title="bbox 2332 4542 3864 4616; baseline 0.003 -12"><span class='ocrx_word' id='word_1_957' title='bbox 2332 4550 2669 4604; x_wconf 81' lang='lat' dir='ltr'><strong>beatitudinis</strong></span> <span class='ocrx_word' id='word_1_958' title='bbox 2680 4563 2788 4602; x_wconf 75' lang='lat' dir='ltr'><strong>sua:</strong></span> <span class='ocrx_word' id='word_1_959' title='bbox 2806 4548 3095 4601; x_wconf 88' lang='lat' dir='ltr'><strong>induceret.</strong></span> <span class='ocrx_word' id='word_1_960' title='bbox 3110 4542 3346 4616; x_wconf 53' lang='lat' dir='ltr'><strong>igitur‘in</strong></span> <span class='ocrx_word' id='word_1_961' title='bbox 3367 4548 3523 4603; x_wconf 87' lang='lat' dir='ltr'><strong>horto</strong></span> <span class='ocrx_word' id='word_1_962' title='bbox 3539 4549 3864 4611; x_wconf 80' lang='lat' dir='ltr'><strong>deliciarum.</strong></span> 
     </span>
    </p>
   </div>
   <div class='ocr_carea' id='block_1_104' title="bbox 2330 4635 3868 4708">
    <p class='ocr_par' dir='ltr' id='par_1_104' title="bbox 2330 4635 3868 4708">
     <span class='ocr_line' id='line_1_104' title="bbox 2330 4635 3868 4708; baseline 0.001 -17"><span class='ocrx_word' id='word_1_963' title='bbox 2330 4639 2381 4690; x_wconf 82' lang='grc' dir='ltr'><strong>ιιι</strong></span> <span class='ocrx_word' id='word_1_964' title='bbox 2394 4646 2495 4700; x_wconf 87' lang='lat' dir='ltr'><strong>est,</strong></span> <span class='ocrx_word' id='word_1_965' title='bbox 2506 4639 2558 4689; x_wconf 93' lang='lat' dir='ltr'><strong>in</strong></span> <span class='ocrx_word' id='word_1_966' title='bbox 2570 4637 2727 4706; x_wconf 68' lang='lat'><strong>622</strong></span> <span class='ocrx_word' id='word_1_967' title='bbox 2739 4636 2999 4703; x_wconf 86' lang='lat' dir='ltr'><strong>paradiso,</strong></span> <span class='ocrx_word' id='word_1_968' title='bbox 3012 4637 3212 4705; x_wconf 88' lang='lat' dir='ltr'><strong>primus</strong></span> <span class='ocrx_word' id='word_1_969' title='bbox 3224 4635 3424 4707; x_wconf 88' lang='lat' dir='ltr'><strong>[Pater]</strong></span> <span class='ocrx_word' id='word_1_970' title='bbox 3435 4638 3649 4694; x_wconf 88' lang='lat' dir='ltr'><strong>humani</strong></span> <span class='ocrx_word' id='word_1_971' title='bbox 3660 4642 3868 4708; x_wconf 71' lang='lat' dir='ltr'><strong>generis</strong></span> 
     </span>
    </p>
   </div>
   <div class='ocr_carea' id='block_1_105' title="bbox 2333 4723 3865 4796">
    <p class='ocr_par' dir='ltr' id='par_1_105' title="bbox 2333 4723 3865 4796">
     <span class='ocr_line' id='line_1_105' title="bbox 2333 4723 3865 4796; baseline 0.003 -18"><span class='ocrx_word' id='word_1_972' title='bbox 2333 4725 2592 4791; x_wconf 79' lang='lat' dir='ltr'><strong>peccavit,</strong></span> <span class='ocrx_word' id='word_1_973' title='bbox 2621 4732 2675 4777; x_wconf 90' lang='lat' dir='ltr'><strong>et</strong></span> <span class='ocrx_word' id='word_1_974' title='bbox 2696 4723 2815 4778; x_wconf 90' lang='lat' dir='ltr'><strong>inde</strong></span> <span class='ocrx_word' id='word_1_975' title='bbox 2841 4724 3043 4791; x_wconf 80' lang='lat' dir='ltr'><strong>ejectus</strong></span> <span class='ocrx_word' id='word_1_976' title='bbox 3066 4724 3219 4776; x_wconf 87' lang='lat' dir='ltr'><strong>estin</strong></span> <span class='ocrx_word' id='word_1_977' title='bbox 3240 4724 3377 4778; x_wconf 90' lang='lat' dir='ltr'><strong>hanc</strong></span> <span class='ocrx_word' id='word_1_978' title='bbox 3395 4726 3584 4781; x_wconf 86' lang='lat' dir='ltr'><strong>vallem</strong></span> <span class='ocrx_word' id='word_1_979' title='bbox 3607 4727 3865 4796; x_wconf 78' lang='lat' dir='ltr'><strong>laeryma-</strong></span> 
     </span>
    </p>
   </div>
   <div class='ocr_carea' id='block_1_106' title="bbox 2337 4808 3864 4868">
    <p class='ocr_par' dir='ltr' id='par_1_106' title="bbox 2337 4808 3864 4868">
     <span class='ocr_line' id='line_1_106' title="bbox 2337 4808 3864 4868; baseline 0.003 -4"><span class='ocrx_word' id='word_1_980' title='bbox 2337 4826 2471 4864; x_wconf 88' lang='lat' dir='ltr'><strong>rum.</strong></span> <span class='ocrx_word' id='word_1_981' title='bbox 2504 4810 2623 4865; x_wconf 90' lang='lat' dir='ltr'><strong>ideo</strong></span> <span class='ocrx_word' id='word_1_982' title='bbox 2649 4810 2890 4865; x_wconf 82' lang='lat' dir='ltr'><strong>Christus</strong></span> <span class='ocrx_word' id='word_1_983' title='bbox 2913 4809 3172 4863; x_wconf 85' lang='lat' dir='ltr'><strong>secundus</strong></span> <span class='ocrx_word' id='word_1_984' title='bbox 3192 4810 3357 4865; x_wconf 82' lang='lat' dir='ltr'><strong>Adam</strong></span> <span class='ocrx_word' id='word_1_985' title='bbox 3377 4826 3435 4868; x_wconf 82' lang='lat' dir='ltr'><strong>se</strong></span> <span class='ocrx_word' id='word_1_986' title='bbox 3461 4808 3514 4866; x_wconf 89' lang='lat' dir='ltr'><strong>in</strong></span> <span class='ocrx_word' id='word_1_987' title='bbox 3532 4814 3694 4867; x_wconf 65' lang='lat' dir='ltr'><strong>homo</strong></span> <span class='ocrx_word' id='word_1_988' title='bbox 3720 4828 3864 4868; x_wconf 76' lang='lat' dir='ltr'><strong>corn-</strong></span> 
     </span>
    </p>
   </div>
   <div class='ocr_carea' id='block_1_107' title="bbox 2336 4899 3860 4978">
    <p class='ocr_par' dir='ltr' id='par_1_107' title="bbox 2336 4899 3860 4978">
     <span class='ocr_line' id='line_1_107' title="bbox 2336 4899 3860 4978; baseline 0.002 -24"><span class='ocrx_word' id='word_1_989' title='bbox 2336 4901 2587 4969; x_wconf 87' lang='lat' dir='ltr'><strong>prehendi</strong></span> <span class='ocrx_word' id='word_1_990' title='bbox 2612 4899 2796 4961; x_wconf 79' lang='lat' dir='ltr'><strong>voluit,</strong></span> <span class='ocrx_word' id='word_1_991' title='bbox 2818 4906 2876 4950; x_wconf 87' lang='lat' dir='ltr'><strong>ut</strong></span> <span class='ocrx_word' id='word_1_992' title='bbox 2899 4906 3191 4965; x_wconf 86' lang='lat' dir='ltr'><strong>peccatum;</strong></span> <span class='ocrx_word' id='word_1_993' title='bbox 3206 4901 3344 4968; x_wconf 88' lang='lat' dir='ltr'><strong>quod</strong></span> <span class='ocrx_word' id='word_1_994' title='bbox 3362 4901 3418 4953; x_wconf 86' lang='lat' dir='ltr'><strong>in</strong></span> <span class='ocrx_word' id='word_1_995' title='bbox 3442 4901 3599 4955; x_wconf 84' lang='lat' dir='ltr'><strong>librto</strong></span> <span class='ocrx_word' id='word_1_996' title='bbox 3630 4904 3860 4978; x_wconf 74' lang='lat' dir='ltr'><strong>paradisi</strong></span> 
     </span>
    </p>
   </div>
   <div class='ocr_carea' id='block_1_108' title="bbox 2336 4986 3868 5061">
    <p class='ocr_par' dir='ltr' id='par_1_108' title="bbox 2336 4986 3868 5061">
     <span class='ocr_line' id='line_1_108' title="bbox 2336 4986 3868 5061; baseline 0.003 -20"><span class='ocrx_word' id='word_1_997' title='bbox 2336 4990 2479 5057; x_wconf 88' lang='lat' dir='ltr'><strong>(nam</strong></span> <span class='ocrx_word' id='word_1_998' title='bbox 2504 4987 2777 5054; x_wconf 86' lang='lat' dir='ltr'><strong>paradisus</strong></span> <span class='ocrx_word' id='word_1_999' title='bbox 2798 4986 2983 5046; x_wconf 80' lang='lat' dir='ltr'><strong>hortus</strong></span> <span class='ocrx_word' id='word_1_1000' title='bbox 3000 4987 3304 5041; x_wconf 86' lang='lat' dir='ltr'><strong>deliciarum</strong></span> <span class='ocrx_word' id='word_1_1001' title='bbox 3334 4988 3731 5061; x_wconf 86' lang='lat' dir='ltr'><strong>interpretatur)</strong></span> <span class='ocrx_word' id='word_1_1002' title='bbox 3754 4994 3868 5060; x_wconf 81' lang='lat' dir='ltr'><strong>pri-</strong></span> 
     </span>
    </p>
   </div>
   <div class='ocr_carea' id='block_1_109' title="bbox 2336 5073 3863 5146">
    <p class='ocr_par' dir='ltr' id='par_1_109' title="bbox 2336 5073 3863 5146">
     <span class='ocr_line' id='line_1_109' title="bbox 2336 5073 3863 5146; baseline 0.001 -19"><span class='ocrx_word' id='word_1_1003' title='bbox 2336 5090 2451 5127; x_wconf 86' lang='lat' dir='ltr'><strong>mus</strong></span> <span class='ocrx_word' id='word_1_1004' title='bbox 2479 5075 2636 5126; x_wconf 87' lang='lat' dir='ltr'><strong>homo</strong></span> <span class='ocrx_word' id='word_1_1005' title='bbox 2664 5073 2943 5136; x_wconf 87' lang='lat' dir='ltr'><strong>commisit,</strong></span> <span class='ocrx_word' id='word_1_1006' title='bbox 2988 5074 3267 5128; x_wconf 86' lang='lat' dir='ltr'><strong>deleretur.</strong></span> <span class='ocrx_word' id='word_1_1007' title='bbox 3310 5075 3491 5142; x_wconf 62' lang='lat' dir='ltr'><strong>(Veis.</strong></span> <span class='ocrx_word' id='word_1_1008' title='bbox 3534 5076 3614 5146; x_wconf 73' lang='lat'><strong>2.)</strong></span> <span class='ocrx_word' id='word_1_1009' title='bbox 3659 5076 3863 5131; x_wconf 80' lang='lat' dir='ltr'><strong>Sciebat</strong></span> 
     </span>
    </p>
   </div>
   <div class='ocr_carea' id='block_1_110' title="bbox 2339 5160 3865 5233">
    <p class='ocr_par' dir='ltr' id='par_1_110' title="bbox 2339 5160 3865 5233">
     <span class='ocr_line' id='line_1_110' title="bbox 2339 5160 3865 5233; baseline 0.003 -20"><span class='ocrx_word' id='word_1_1010' title='bbox 2339 5170 2505 5213; x_wconf 84' lang='lat' dir='ltr'><strong>autem</strong></span> <span class='ocrx_word' id='word_1_1011' title='bbox 2529 5170 2575 5213; x_wconf 87' lang='lat' dir='ltr'><strong>ct</strong></span> <span class='ocrx_word' id='word_1_1012' title='bbox 2600 5160 2785 5224; x_wconf 73' lang='lat' dir='ltr'><strong>ludas,</strong></span> <span class='ocrx_word' id='word_1_1013' title='bbox 2812 5163 2900 5229; x_wconf 81' lang='lat' dir='ltr'><strong>qui</strong></span> <span class='ocrx_word' id='word_1_1014' title='bbox 2924 5161 3155 5213; x_wconf 82' lang='lat' dir='ltr'><strong>tradebat</strong></span> <span class='ocrx_word' id='word_1_1015' title='bbox 3195 5176 3327 5224; x_wconf 78' lang='lat' dir='ltr'><strong>eum,</strong></span> <span class='ocrx_word' id='word_1_1016' title='bbox 3371 5162 3559 5226; x_wconf 69' lang='lat' dir='ltr'><strong>(om,</strong></span> <span class='ocrx_word' id='word_1_1017' title='bbox 3598 5165 3720 5233; x_wconf 73' lang='lat' dir='ltr'><strong>quia</strong></span> <span class='ocrx_word' id='word_1_1018' title='bbox 3761 5162 3865 5229; x_wconf 80' lang='lat' dir='ltr'><strong>fre-</strong></span> 
     </span>
    </p>
   </div>
   <div class='ocr_carea' id='block_1_111' title="bbox 2341 5244 3867 5319">
    <p class='ocr_par' dir='ltr' id='par_1_111' title="bbox 2341 5244 3867 5319">
     <span class='ocr_line' id='line_1_111' title="bbox 2341 5244 3867 5319; baseline 0.001 -20"><span class='ocrx_word' id='word_1_1019' title='bbox 2341 5257 2544 5314; x_wconf 61' lang='lat' dir='ltr'><strong>quenter</strong></span> <span class='ocrx_word' id='word_1_1020' title='bbox 2569 5244 2720 5300; x_wconf 74' lang='lat' dir='ltr'><strong>Iesus</strong></span> <span class='ocrx_word' id='word_1_1021' title='bbox 2744 5256 3043 5300; x_wconf 80' lang='lat' dir='ltr'><strong>convenerat</strong></span> <span class='ocrx_word' id='word_1_1022' title='bbox 3065 5247 3186 5303; x_wconf 80' lang='lat' dir='ltr'><strong>illuc</strong></span> <span class='ocrx_word' id='word_1_1023' title='bbox 3204 5266 3318 5303; x_wconf 81' lang='lat' dir='ltr'><strong>cum</strong></span> <span class='ocrx_word' id='word_1_1024' title='bbox 3339 5250 3623 5319; x_wconf 80' lang='lat' dir='ltr'><strong>discipulis.</strong></span> <span class='ocrx_word' id='word_1_1025' title='bbox 3650 5268 3672 5301; x_wconf 81' lang='grc' dir='ltr'><strong>ι</strong></span> <span class='ocrx_word' id='word_1_1026' title='bbox 3702 5262 3727 5292; x_wconf 70' lang='grc' dir='ltr'><strong>ε</strong></span> <span class='ocrx_word' id='word_1_1027' title='bbox 3750 5250 3867 5310; x_wconf 73' lang='lat' dir='ltr'><strong>Hoc</strong></span> 
     </span>
    </p>
   </div>
   <div class='ocr_carea' id='block_1_112' title="bbox 2342 5366 3631 5443">
    <p class='ocr_par' dir='ltr' id='par_1_112' title="bbox 2342 5366 3631 5443">
     <span class='ocr_line' id='line_1_112' title="bbox 2342 5366 3631 5443; baseline 0.003 -17"><span class='ocrx_word' id='word_1_1028' title='bbox 2342 5374 2621 5443; x_wconf 68' lang='lat' dir='ltr'><strong>credidisse</strong></span> <span class='ocrx_word' id='word_1_1029' title='bbox 2646 5388 2709 5443; x_wconf 83' lang='lat' dir='ltr'><strong>ac</strong></span> <span class='ocrx_word' id='word_1_1030' title='bbox 2735 5366 2989 5440; x_wconf 78' lang='lat' dir='ltr'><strong>sperasse,</strong></span> <span class='ocrx_word' id='word_1_1031' title='bbox 3031 5382 3307 5443; x_wconf 88' lang='lat' dir='ltr'><strong>antequam</strong></span> <span class='ocrx_word' id='word_1_1032' title='bbox 3327 5390 3582 5443; x_wconf 75' lang='lat' dir='ltr'><strong>essemus.</strong></span> <span class='ocrx_word' id='word_1_1033' title='bbox 3608 5393 3631 5430; x_wconf 72' lang='grc' dir='ltr'><strong>ι</strong></span> 
     </span>
    </p>
   </div>
   <div class='ocr_carea' id='block_1_113' title="bbox 2409 5440 3449 5510">
    <p class='ocr_par' dir='ltr' id='par_1_113' title="bbox 2409 5440 3449 5510">
     <span class='ocr_line' id='line_1_113' title="bbox 2409 5440 3449 5510; baseline 0.003 -16"><span class='ocrx_word' id='word_1_1034' title='bbox 2409 5453 2430 5479; x_wconf 71' lang='grc' dir='ltr'><em>ε</em></span> <span class='ocrx_word' id='word_1_1035' title='bbox 2459 5440 2533 5494; x_wconf 81' lang='lat' dir='ltr'><strong>Ex</strong></span> <span class='ocrx_word' id='word_1_1036' title='bbox 2558 5441 2613 5495; x_wconf 87' lang='lat' dir='ltr'><strong>S.</strong></span> <span class='ocrx_word' id='word_1_1037' title='bbox 2640 5442 2794 5510; x_wconf 76' lang='lat' dir='ltr'><strong>Attg.,</strong></span> <span class='ocrx_word' id='word_1_1038' title='bbox 2826 5447 2977 5493; x_wconf 85' lang='lat' dir='ltr'><strong>tract.</strong></span> <span class='ocrx_word' id='word_1_1039' title='bbox 3007 5456 3137 5505; x_wconf 83' lang='lat' dir='ltr'><strong>cxn,</strong></span> <span class='ocrx_word' id='word_1_1040' title='bbox 3162 5440 3307 5496; x_wconf 79' lang='lat' dir='ltr'><strong>num.</strong></span> <span class='ocrx_word' id='word_1_1041' title='bbox 3340 5441 3449 5497; x_wconf 69' lang='grc'><strong>1-6.</strong></span> 
     </span>
    </p>
   </div>
  </div>
