4266 6198
461 338 566 396 969

1258 330 1655 385 EXl-ZGI'ZTlt.Z.\.
1696 359 1759 366 —
1800 326 2141 381 COMMENT.
2181 325 2242 376 IN
2282 323 2466 411 Jf).\.V.
2498 354 2531 362 —
2594 324 2715 376 LIB.
2762 325 2863 377 Vll.

3521 320 3620 375 970

459 450 599 519 quod
622 456 819 511 narrat,
839 447 1127 515 ingressum
1154 443 1427 496 Dominum
1450 457 1568 495 cum
1590 441 1860 508 discipulis
1882 439 1990 491 suis
2018 442 2063 494 Α
2094 435 2202 503 liga
2245 453 2377 495 sitm,
2409 436 2552 497 dicit,
2584 447 2633 488 et
2674 437 2858 502 impius
2906 433 3106 499 ιιι-μονὴ.
3137 435 3268 499 Quid
3296 434 3625 500 judicatnms

460 538 513 591 in
540 538 770 600 hortum,
802 550 905 589 non
957 535 1203 588 continuo
1234 530 1425 585 factum
1452 539 1552 591 est,
1596 546 1715 581 cum
1743 529 1852 597 ejus
1901 530 1986 582 illa

458 628 605 679 finita
637 634 778 679 esset
819 626 1008 686 oratio,
1057 625 1119 677 de
1167 622 1315 689 cujus
1360 622 1534 675 verbis
1574 622 1646 673 ait
1676 641 1686 672 :
1722 621 1844 673 "(re
1877 639 1987 673 cum

456 714 665 767 dixisset
706 713 892 778 Iesus;
943 713 1033 766 sed
1076 714 1176 765 alia
1209 712 1446 779 quredam
1491 720 1612 762 sunt
1664 712 1987 779 interposita,

456 818 576 869 qua:
596 802 661 854 ab
688 802 789 855 isto
821 801 1194 868 praetermissa,
1225 800 1360 866 apud
1384 799 1515 850 alios
1542 799 1890 865 evangelistas
1915 799 1988 848 le-

454 901 652 959 guntur
678 909 688 941 :
718 892 854 944 sicut
877 891 1012 958 apud
1043 892 1179 943 hunc
1210 887 1545 940 inveniuntur
1568 886 1747 947 multa,
1779 902 1894 953 qua!
1920 887 1990 938 illi

456 979 699 1032 similiter
729 980 780 1032 in
814 994 907 1032 sua
954 979 1254 1031 narratione
1288 984 1586 1029 tacuerunt.
1639 976 1715 1027 Ad
1742 977 1839 1029 huc
1868 992 1991 1029 vero

456 1068 614 1130 valet,
642 1068 781 1135 quod
816 1068 1009 1120 dictum
1047 1075 1129 1119 est
1160 1084 1171 1117 :
1207 1063 1333 1116 11ηέ
1360 1080 1474 1115 cum
1501 1064 1709 1115 dixisset
1735 1062 1907 1125 Iesus,
1937 1074 1992 1115 ut

457 1169 559 1208 non
582 1171 703 1208 cum
723 1164 845 1207 ante
872 1155 1147 1221 opinemur
1176 1153 1355 1205 venire
1384 1153 1435 1205 in
1463 1153 1690 1213 hortum,
1721 1166 1880 1220 quam
1906 1152 1988 1203 illa

456 1242 617 1293 verba
652 1241 846 1305 finiret,
880 1260 897 1291 ι
928 1252 982 1293 ct
1015 1241 1154 1293 illam
1178 1240 1490 1299 orationem,
1532 1255 1647 1305 qum
1672 1238 1917 1304 leguntur
1939 1240 1989 1290 in

455 1330 718 1397 prioribus
758 1337 875 1397 post
925 1344 1129 1383 cmnam
1176 1337 1407 1381 sanctam
1459 1342 1577 1380 eum
1625 1327 1855 1384 dixisse,
1910 1328 1989 1379 vel

454 1433 651 1471 orasse.
681 1436 698 1467 ι
738 1416 935 1497 Sciebat
960 1427 1149 1480 autem,
1181 1418 1368 1484 inquit,
1398 1426 1444 1467 et
1471 1416 1503 1467 J
1512 1416 1659 1475 udas,
1682 1417 1769 1483 qui
1816 1417 1989 1467 trade-

455 1504 537 1557 bat
566 1521 699 1567 eunt,
727 1504 911 1558 locum.
934 1504 1074 1559 Ordo
1103 1505 1378 1557 verborum
1414 1512 1496 1556 est
1526 1522 1537 1555 :
1568 1504 1768 1556 sciebat
1794 1503 1987 1565 locum,

450 1594 543 1658 qui
566 1593 969 1646 tradebateum.
999 1591 1132 1656 Quia
1153 1592 1455 1661 frequenter,
1489 1592 1675 1658 inquit,
1699 1590 1851 1643 Iesus
1871 1608 1990 1642 eon-

454 1690 652 1731 uenerat
674 1679 794 1732 illuc
816 1696 930 1731 cum
956 1677 1216 1748 discipulis
1239 1682 1365 1731 suis.
1385 1679 1456 1730 lbi
1479 1693 1605 1745 ergo
1632 1678 1803 1745 lupus,
1833 1678 1987 1730 ovilia

2092 526 2267 587 faciet,
2310 527 2396 594 qui
2440 524 2765 590 judicaudus.
2795 527 2891 577 hoc.
2939 524 3056 576 fecit
3081 526 3101 573 ’ὲ
3131 524 3264 588 Quid
3314 532 3627 590 regnaturus

2090 616 2298 680 puti-rit,
2346 616 2431 680 qui
2462 615 2745 665 moriturus
2785 614 2883 665 hoc
2925 613 3131 679 potuit?
3158 613 3219 663 Et
3250 621 3383 663 niqu
3433 613 3626 680 ubique

2089 716 2183 768 per
2213 703 2569 765 livangclium,
2612 703 2715 765 ['qu
2740 719 2884 758 sum,
2918 702 3043 752 dicit
3078 702 3354 753 Christus:
3384 710 3436 753 et
3484 717 3509 751 a
3541 698 3625 764 Jq«

2090 792 2215 841 ibt-is
2248 799 2583 857 exspectatur
2620 788 2990 841 Antichristus.
3025 798 3079 838 ut
3123 799 3261 842 retro
3308 790 3541 849 redi-aut,
3573 796 3626 858 γε

2093 875 2141 925 in
2180 884 2371 927 terram
2402 876 2609 927 cadant.
2646 895 2661 924 ι
2699 878 2871 940 Quare
2900 878 2986 943 qui
3018 887 3271 929 venerunt
3300 879 3363 928 ad
3389 895 3626 945 t'ttlltpt‘v-

2060 952 2442 1026 :hctulemluu‘i,
2484 983 2585 1019 non
2633 976 2907 1018 tenuerunt
2942 983 3119 1033 quem,
3149 970 3189 1019 si
3248 970 3498 1020 lii-luisset
3545 971 3627 1020 ille

2091 1054 2177 1119 qui
2206 1055 2279 1105 ait
2310 1053 2416 1121 ligo
2438 1071 2567 1112 sum,
2602 1071 2702 1105 nun
2734 1064 2970 1106 teneri-ut
2998 1072 3043 1105 ει.
3077 1057 3147 1107 Illi
3181 1061 3479 1123 qun-rei-nut
3507 1076 3623 1111 cum

2088 1143 2481 1208 amirehcmlcre
2511 1143 2581 1211 [et
2608 1144 2897 1213 occidere],
2936 1146 3019 1197 ille
3045 1150 3312 1212 qun-rebnt
3343 1163 3434 1197 cos
3467 1148 3626 1216 [redi-
3713 1204 3716 1208 ,

2091 1230 2256 1299 tuere]
2293 1239 2344 1281 et
2370 1230 2654 1292 \‘ivifirare,
2686 1241 2903 1299 propter
2943 1235 3080 1300 quml
3112 1238 3247 1287 venit
3275 1237 3338 1287 :ul
3377 1253 3488 1287 nus.
3532 1238 3625 1285 (ls-

2092 1317 2257 1368 temlit
2301 1319 2654 1383 qua-rentibus
2690 1329 3025 1386 potestatem,
3064 1325 3183 1390 quin
3217 1325 3396 1377 habuit
3432 1328 3479 1377 iu
3533 1344 3623 1393 pa-

2093 1415 2279 1458 tcstnte
2306 1408 2533 1459 animant
2570 1424 2715 1461 suum
2742 1425 2950 1476 ponere,
2980 1428 3135 1479 quant
3171 1416 3345 1479 posuit
3373 1416 3625 1481 lim-apus-

2091 1498 2254 1549 siouis
2280 1514 2291 1559 ;
2318 1499 2548 1551 ostendit
2594 1498 2729 1565 quod
2768 1499 2916 1568 [.lls..
2965 1501 3040 1569 ut]
3091 1508 3281 1555 no‘stra-
3313 1506 3625 1571 redemptio-
3707 1526 3710 1529 λ

2091 1588 2172 1639 nis
2200 1587 2502 1654 impleretur
2518 1591 2843 1656 mysterium.
2878 1591 3055 1657 (Vnus.
3087 1591 3161 1659 7.)
3187 1591 3377 1644 lterum
3406 1613 3522 1662 ergo
3545 1615 3626 1648 res

2090 1673 2415 1740 interrogarit
2442 1688 2459 1723 :
2483 1673 2640 1736 Qnein
2673 1679 2937 1744 qmrritis?
2971 1678 3023 1730 Si
3048 1680 3303 1745 quzcritis,
3328 1696 3491 1747 quare
3526 1700 3626 1735 non

450 1765 585 1833 pelle
620 1774 908 1833 contectus,
948 1741 1096 1818 inter.
1119 1780 1242 1819 oves
1281 1763 1386 1817 alto
1412 1741 1581 1817 Patris
1606 1741 1835 1819 familias
1862 1781 1985 1819 cou—
2024 1741 2063 1797 Β
2091 1762 2501 1827 apprehenditis,
2540 1766 2638 1817 nisi
2670 1768 2789 1832 quia
2822 1768 2871 1818 in
2914 1777 3083 1821 vestra
3119 1783 3219 1821 non
3256 1781 3335 1822 cst
3371 1783 3628 1838 potestate

448 1855 568 1908 silio
594 1855 861 1919 toleratus,
884 1856 1065 1909 didicit
1090 1855 1175 1908 ubi
1198 1854 1264 1908 ad
1290 1862 1494 1922 tempus
1517 1856 1763 1923 exiguum
1786 1856 1986 1922 disper-

447 1950 599 2011 geret
622 1957 854 2011 gregem,
880 1943 1084 1997 insidiis
1109 1943 1400 2011 appetendo
1425 1953 1708 2010 pastorem.

519 2029 679 2082 Vens.
723 2029 774 2081 5.
819 2059 888 2068 —
916 2029 1082 2082 ludas
1122 2046 1259 2097 ergo,
1314 2031 1502 2097 inquit,
1553 2048 1667 2082 cum
1713 2033 1983 2098 arrepisset

450 2115 724 2178 cohortem,
752 2123 800 2167 et
827 2133 860 2167 a
879 2117 1192 2184 principibus
1218 2126 1262 2168 et
1287 2115 1566 2169 I’ltaris:ris
1597 2120 1876 2180 ministros,
1909 2136 1983 2172 rc-

451 2203 525 2255 nit
584 2202 705 2253 illuc
758 2218 873 2254 cum
925 2202 1134 2255 (uternis
1188 2213 1235 2256 et
1285 2204 1483 2271 [aribus
1539 2215 1584 2256 et
1637 2208 1816 2257 armis.
1878 2208 1982 2259 Co-

449 2288 694 2366 horsnon
717 2289 1035 2356 Judzeorum,
1064 2293 1155 2345 sed
1180 2292 1401 2345 militum
1418 2292 1534 2345 fuit.
1566 2296 1605 2345 Α
1627 2296 1848 2362 ρνίυδίιιρ
1882 2297 1979 2347 ita-

449 2393 551 2446 que
604 2379 925 2448 intelligatur
990 2389 1222 2449 accepta,
1280 2390 1524 2449 tanquam
1579 2384 1644 2435 ad
1702 2384 1982 2436 tenendum

451 2450 616 2530 reum,
641 2476 847 2520 servam
882 2468 1063 2521 ordine
1098 2470 1340 2536 legitiuue
1392 2472 1689 2538 potestatis,
1722 2482 1778 2523 ut
1810 2472 1983 2525 nullus

448 2556 746 2607 tenentibus
812 2555 1029 2608 auderet
1099 2557 1373 2610 obsistere.
1408 2577 1425 2607 ι
1482 2558 1601 2611 ideo
1673 2568 1816 2612 tanta
1879 2576 1984 2613 ina-

448 2658 546 2696 nus
564 2643 892 2696 inimicorum
926 2653 1245 2712 congregata
1272 2655 1373 2709 est,
1402 2655 1456 2697 ut
1483 2647 1657 2699 nullus
1690 2648 1982 2715 apprehen-

448 2731 690 2784 dentibus
732 2717 814 2783 vel
856 2732 1239 2795 contradicere,
1272 2734 1350 2786 vel
1381 2734 1662 2788 defendere
1691 2734 1866 2788 Jesum
1890 2751 1983 2788 au-

449 2820 616 2874 deret.
674 2838 691 2871 t
723 2820 797 2873 lta
831 2822 1021 2889 quippe
1059 2818 1172 2886 ejus
1238 2822 1660 2877 abscondebatur
1723 2835 1978 2891 potestas,

445 2909 547 2980 let]
572 2910 955 2964 obtendebatur
982 2910 1278 2974 infirmitas,
1309 2921 1363 2963 ut
1388 2912 1498 2965 luce
1530 2913 1758 2967 inimicis
1795 2930 1979 2970 neces-

448 3000 587 3053 saria
624 3000 927 3053 viderentur
974 3003 1224 3055 adversus
1265 3018 1404 3065 eum,
1438 3003 1488 3055 in
1529 3018 1684 3071 quem
1732 3018 1833 3057 non
1888 3020 1979 3056 va-

2085 1850 2478 1915 apprcheudcre
2506 1849 2653 1919 [.lls.,
2684 1856 3103 1920 apprehemleudi
3130 1856 3298 1927 hara],
3328 1857 3415 1913 sed
3443 1862 3491 1913 in
3518 1861 3630 1927 ejus

2087 1937 2173 2003 qui
2207 1937 2347 1990 venit
2378 1947 2437 1991 ut
2462 1940 2905 2006 apprehendatur.

2342 2028 2497 2080 Vens.
2525 2030 2577 2090 8,
2608 2029 2657 2081 9.
2700 2060 2765 2068 —
2793 2030 2877 2101 Ilii
2922 2044 3088 2085 autent
3139 2037 3378 2090 dixerunt
3402 2054 3419 2088 .·
3448 2039 3624 2092 Jesum

2088 2111 2436 2167 Nazarenam.
2489 2116 2762 2184 Respondit
2799 2118 2950 2172 Jesus
2976 2136 2991 2169 :
3022 2122 3141 2173 Dixi
3188 2125 3343 2183 rubis.
3390 2130 3510 2193 quia
3538 2145 3627 2195 ego

2082 2217 2214 2253 sum.
2248 2202 2303 2253 Si
2330 2220 2449 2270 ergo
2484 2221 2562 2256 me
2600 2208 2846 2273 qua‘ritis,
2875 2210 3023 2260 sinite
3051 2211 3141 2261 hos
3169 2212 3326 2261 abire.
3363 2211 3423 2262 ΓΙ
3456 2217 3631 2265 adim-‘

2080 2288 2304 2353 pleretur
2336 2308 2520 2355 sermo,
2546 2309 2693 2360 quem
2737 2296 2815 2345 dii
2831 2297 2867 2345 it
2900 2311 2916 2345 :
2946 2296 3079 2359 Quia
3108 2316 3232 2367 quos
3263 2302 3446 2353 dedisti
3478 2305 3621 2364 milii,

2084 2393 2180 2428 non
2207 2380 2406 2444 perdidi
2436 2398 2499 2433 ex
2536 2384 2608 2434 eis
2638 2399 2959 2452 quemquam.
2996 2404 3013 2433 ‹
3049 2386 3106 2439 Si
3140 2404 3218 2439 me.
3262 2392 3513 2457 queritis,
3548 2395 3624 2444 in-

2082 2464 2213 2530 quit,
2235 2468 2383 2519 sinite
2420 2469 2511 2521 Icos
2558 2471 2715 2522 abire.
2747 2472 2989 2526 Inimicos
3020 2474 3157 2527 videt
3187 2476 3333 2545 [.lls.,
3359 2477 3501 2543 jubet
3522 2481 3548 2548 Ι,
3574 2492 3627 2533 et

2082 2553 2181 2603 hoc
2206 2552 2403 2606 faciunt
2430 2558 2567 2622 quod
2587 2556 2733 2622 jubet
2763 2577 2771 2609 :
2808 2561 2985 2613 sinunt
3013 2564 3106 2616 hos
3153 2566 3298 2617 abire
3339 2583 3469 2634 qtius
3524 2585 3623 2621 non

2081 2641 2189 2692 vult
2214 2644 2404 2707 petire.
2438 2644 2680 2711 Nunquid
2708 2658 2880 2701 autem
2928 2665 3027 2702 non
3079 2664 3226 2705 erant
3256 2666 3432 2722 postea
3466 2661 3626 2709 n’mri-

2083 2729 2222 2779 turi?
2261 2728 2367 2782 Cur
2400 2746 2547 2798 ergo,
2588 2733 2629 2785 si
2669 2743 2791 2788 tunc
2823 2749 3184 2800 morerentur,
3235 2744 3468 2809 perderet
3505 2762 3625 2808 ms,

2082 2818 2181 2871 nisi
2216 2820 2336 2887 quia
2366 2823 2595 2874 nondum
2637 2824 2687 2875 in
2718 2840 2837 2879 eum
2868 2829 2944 2881 sic
2993 2832 3277 2885 credebant
3299 2872 3313 2893 .
3367 2839 3627 2901 quomodo

2080 2908 2302 2961 Credunt
2340 2912 2638 2978 quicunque
2682 2929 2784 2965 non
2810 2921 3071 2981 pereunt?
3100 2920 3277 2985 (Vens.
3317 2924 3421 2987 l0.)
3449 2923 3627 2977 Simon

2081 3014 2198 3065 ergo
2232 2997 2415 3051 Petrus
2439 3001 2625 3054 habens
2648 3003 2881 3071 gladium
2925 3009 3097 3060 eduxit
3127 3029 3260 3073 eum,
3291 3023 3337 3065 et
3380 3020 3628 3081 percussit

449 3085 688 3149 luissem,
726 3086 825 3138 nisi
857 3088 978 3153 quia
1010 3086 1158 3157 [.lls.,
1187 3089 1317 3141 nihil
1358 3090 1643 3144 valuissent
1681 3093 1783 3146 nisi
1813 3093 1976 3165 quod]
2006 3071 2050 3132 (δ
2080 3089 2321 3156 principis
2351 3106 2546 3142 serram
2580 3092 2691 3161 [Sic
2716 3103 2767 3145 et
2796 3095 2846 3145 in
2871 3111 3001 3157 ms.;
3034 3099 3137 3160 .\|.,
3156 3117 3352 3153 serram
3382 3106 3627 3172 principis

452 3172 562 3241 ipse
590 3172 873 3226 voluisset:
902 3176 1035 3252 bene
1073 3184 1223 3228 utens
1266 3178 1435 3230 bonus
1463 3178 1633 3242 malis,
1679 3188 1735 3234 et
1780 3178 1981 3237 faciens

450 3266 588 3320 bona
608 3266 673 3317 de
706 3265 875 3319 malis.
910 3286 926 3315 ι
960 3264 1111 3319 Jesus
1136 3277 1326 3326 autem.
1360 3268 1494 3322 sicut
1528 3272 1851 3341 evangelista
1898 3290 1981 3328 se-

452 3361 603 3406 cutus
651 3354 917 3423 adjungit:
952 3356 1134 3425 (Vens.
1182 3358 1233 3425 4)
1274 3357 1449 3411 Sciens
1476 3362 1663 3422 omnia,
1697 3379 1811 3429 qua:
1860 3382 1979 3417 reu-

452 3453 569 3493 tura
594 3452 736 3493 erant
780 3459 931 3510 super
956 3461 1090 3495 eum.
1124 3444 1336 3498 Sciebat
1368 3457 1421 3499 et
1450 3450 1613 3501 voluit
1657 3460 1714 3502 ut
1738 3467 1981 3520 compre-

450 3530 809 3593 benderetur;
852 3530 975 3597 quia
1032 3531 1097 3583 ad
1150 3533 1251 3584 hoc
1297 3534 1442 3584 venit
1491 3533 1542 3585 in
1598 3538 1868 3601 mundum,
1925 3548 1983 3592 ut

453 3619 554 3672 hoc
583 3617 731 3672 ﬁeret
758 3619 896 3687 quod
934 3620 1113 3683 voluit,
1161 3632 1215 3673 et
1252 3631 1375 3675 tunc
1428 3623 1736 3691 impleretur
1768 3629 1981 3694 quando

453 3706 635 3759 voluit.
686 3705 941 3759 Processit
973 3718 1018 3759 et
1050 3709 1178 3761 dixit
1226 3712 1318 3773 eis,
1352 3729 1497 3779 quem
1545 3716 1813 3781 qua'ritis?
1850 3717 1978 3769 1)ιό-

453 3793 627 3853 cessit,
649 3799 869 3859 paratus
917 3793 982 3845 ad
1008 3794 1326 3862 passionem,
1357 3805 1411 3849 et
1466 3799 1799 3868 interrogans
1826 3817 1982 3869 quem

454 3888 781 3951 quaerent;
837 3897 940 3934 non
1006 3885 1154 3950 quasi
1215 3885 1426 3952 ignarus
1496 3901 1680 3939 eorum
1739 3892 1980 3944 volunta-

456 3968 543 4031 tis,
589 3968 679 4021 sed
733 3977 790 4021 ut
831 3970 1028 4023 scirent
1077 3972 1245 4039 ipsum
1300 3987 1417 4027 esse
1467 3989 1621 4041 quem
1662 3987 1978 4043 quzerercnt.

454 4058 633 4127 (V'Ens.
664 4058 739 4126 5.)
776 4058 1193 4128 Responderunt:
1222 4060 1399 4114 Iesum
1444 4062 1790 4117 Nazarenam.
1830 4064 1983 4120 Iesus

454 4143 752 4198 Nazarenus
779 4147 1069 4210 dicebatur,
1100 4149 1221 4215 quia
1255 4150 1307 4203 in
1333 4149 1593 4205 Nazareth
1624 4155 1851 4208 nutritus
1880 4165 1981 4219 est,

456 4240 511 4283 ut
558 4232 863 4300 impleretur
890 4236 1164 4301 prophetia
1191 4255 1202 4289 :
1234 4235 1489 4300 Quoniam
1528 4240 1797 4296 Nasareus
1835 4261 1983 4297 voca-

455 4319 606 4371 bitur.
634 4319 771 4372 Dicit
798 4321 867 4373 eis
892 4337 909 4373 :
937 4321 1045 4391 Ego
1065 4339 1199 4377 sum.
1228 4323 1340 4377 Non
1374 4326 1649 4380 abscondit
1674 4344 1749 4393 se,
1777 4333 1867 4385 sed
1894 4348 1982 4386 os-

2078 3177 2418 3249 sacerdotum]
2439 3189 2485 3230 et
2502 3180 2715 3233 abst‘tdit
2733 3184 2843 3249 ejus
2866 3186 3151 3237 auriculam
3182 3190 3460 3241 (lectarum.
3498 3191 3627 3243 Erat

2078 3277 2245 3318 autent
2275 3285 2451 3320 nomen
2490 3286 2633 3321 seruo
2676 3269 2928 3324 Maii-ltus.
2976 3275 3128 3328 Salus
3171 3279 3256 3330 hic
3303 3281 3624 3349 evangelista

2078 3357 2237 3407 etiam
2277 3372 2464 3410 nomen
2496 3360 2634 3411 servi
2663 3360 2819 3427 hujus
2853 3367 3111 3430 cvprcssit
3142 3383 3153 3415 :
3189 3368 3323 3418 sicut
3352 3368 3521 3423 Lucas
3544 3387 3627 3424 sri-

2080 3441 2177 3503 lus,
2204 3445 2340 3511 quod
2382 3446 2496 3513 ejus
2543 3450 2831 3502 auriculam
2873 3453 3123 3508 Dominus
3144 3458 3375 3525 tetigerit
3401 3468 3451 3511 ct
3473 3475 3630 3513 sana-

2079 3532 2213 3583 verit
2235 3549 2374 3585 cum.
2409 3536 2640 3589 Malcbus
2691 3547 2863 3591 autem
2892 3541 3269 3608 interpretatur
3297 3536 3626 3613 regimturus.

2080 3617 2212 3681 Quid
2239 3636 2363 3685 ergo
2397 3624 2542 3675 auris
2577 3640 2672 3691 pro
2694 3628 2914 3681 Domino
2953 3641 3237 3697 amputata,
3273 3643 3325 3686 et
3355 3650 3381 3685 a
3408 3635 3628 3688 Domina

2079 3716 2260 3760 sanata
2297 3709 2574 3777 significat,
2614 3716 2714 3769 nisi
2759 3718 2992 3770 auditum
3045 3732 3312 3787 amputata
3365 3736 3623 3779 vetustate

2080 3804 2405 3857 renovatum,
2435 3806 2491 3849 ut
2520 3800 2587 3851 sit
2617 3801 2669 3852 in
2696 3802 2929 3857 novitate
2955 3807 3188 3872 spiritus,
3216 3821 3268 3862 et
3292 3827 3393 3865 non
3439 3814 3489 3865 in
3534 3829 3621 3866 vc-

2081 3888 2274 3935 tustate
2295 3883 2513 3939 litterte?
2558 3888 2704 3952 Quod
2726 3890 2809 3941 cui
2831 3896 3124 3958 prmstitum
3156 3896 3312 3951 fuerit
3341 3916 3369 3951 a
3390 3900 3617 3959 Christo.

2081 3975 2198 4041 quis
2221 3976 2425 4030 dubitet
2452 3988 2788 4046 regnaturum
2815 3997 2932 4035 esse
2958 3999 3077 4037 eum
3101 3986 3349 4042 Christo?
3381 4010 3399 4042 ι
3431 3990 3622 4045 Servus

2081 4062 2254 4117 dictus
2279 4072 2361 4117 est
2402 4076 2617 4135 propter
2675 4073 2979 4126 servitutem
3013 4076 3254 4143 legalem,
3285 4094 3443 4133 sanus
3477 4080 3625 4151 [.lls.,

2083 4152 2319 4222 sanatus]
2351 4162 2525 4207 autem
2554 4156 2746 4209 dicitur
2789 4171 3005 4235 propter
3031 4167 3383 4234 evangelicam
3416 4170 3631 4225 liberta-

2085 4247 2208 4290 tem.
2249 4256 2264 4286 ‹
2299 4239 2515 4293 Factum
2549 4249 2722 4296 tamen
2752 4244 2890 4299 Petri
2923 4247 3175 4305 Dominus
3200 4255 3545 4323 improbavit.
3576 4272 3629 4315 et

2085 4329 2325 4396 progredi
2366 4330 2500 4383 ultra
2545 4333 2810 4399 pmhibuit
2862 4337 3084 4392 dicens:
3131 4344 3307 4409 (Vens.
3360 4349 3445 4409 il)
3485 4350 3630 4402 Mitte

454 4407 657 4470 tendit;
690 4410 812 4477 quia
859 4411 946 4479 qui
982 4412 1245 4465 voluntate
1291 4428 1383 4465 sua
1437 4415 1579 4467 venit
1608 4415 1659 4467 in
1711 4391 1983 4482 mundum,
2012 4391 2061 4448 υ
2086 4417 2312 4484 gladium
2334 4420 2385 4471 in
2413 4422 2665 4489 vaginam.
2697 4422 2917 4478 Calicem
2949 4445 3095 4497 quem
3134 4391 3273 4484 dedit
3299 4437 3422 4488 mihi
3450 4437 3628 4497 Pater.

454 4496 718 4550 voluntate
769 4514 861 4551 sua
916 4502 1091 4569 posuit
1139 4504 1366 4555 animam
1414 4518 1562 4555 suam
1616 4519 1711 4572 pro
1769 4508 1982 4559 mundo.

456 4585 634 4656 (Vans.
658 4588 733 4655 6.)
765 4587 942 4641 Stabat
975 4602 1140 4645 autem
1176 4604 1222 4647 et
1246 4593 1433 4658 ludas,
1461 4598 1547 4665 qui
1577 4598 1806 4650 tradebat
1846 4616 1984 4663 eum,

455 4693 567 4728 cum
606 4678 747 4745 ipsis.
798 4675 859 4729 Ut
888 4696 1003 4747 ergo
1037 4682 1163 4735 dixit
1188 4685 1299 4735 eis:
1328 4684 1437 4752 Ego
1466 4700 1598 4749 sum,
1640 4688 1869 4740 abierunt
1915 4706 1989 4739 re-

456 4773 694 4825 trorsum,
718 4776 761 4817 et
786 4768 1069 4819 ceciderunt
1098 4771 1150 4821 in
1174 4780 1382 4826 terram.
1413 4794 1429 4823 ι
1468 4776 1563 4829 Ubi
1597 4793 1733 4831 nunc
1763 4780 1983 4832 militum

457 4852 666 4913 cohors,
738 4861 790 4906 et
837 4855 1060 4907 ministri
1104 4857 1396 4925 principum
1446 4877 1507 4915 ac
1559 4863 1985 4919 Pharismorum?

460 4935 555 4990 Ubi
603 4946 770 4990 terror
797 4950 849 4993 et
886 4943 1147 4995 munimen
1178 4959 1442 4998 armorum
1464 4948 1486 4998 ?
1508 4949 1702 5017 Nempe
1740 4968 1842 5005 una
1887 4970 1983 5007 vox

459 5025 849 5094 dicentiszEgo
897 5046 1029 5091 sum,
1079 5039 1273 5085 tantam
1315 5035 1517 5087 turbant
1564 5040 1698 5092 odiis
1733 5040 1981 5106 ferocem,

460 5115 723 5182 armisque
762 5116 1069 5181 terribilem.
1107 5122 1220 5174 sine
1256 5123 1359 5176 ullo
1386 5124 1489 5177 telo
1518 5130 1795 5192 percussit,
1828 5147 1980 5197 repu-

458 5198 537 5263 lit,
564 5202 769 5254 stravit.
798 5202 937 5256 Deus
961 5206 1099 5257 enim
1128 5205 1323 5263 latebat
1348 5212 1397 5263 in
1426 5226 1605 5274 carne,
1627 5222 1680 5263 et
1709 5219 1984 5283 sempiter-

460 5304 557 5340 nus
605 5288 717 5341 dies
743 5290 813 5343 ita
860 5293 1108 5346 membris
1138 5296 1497 5353 occultabatur
1522 5302 1784 5361 humanis,
1826 5315 1882 5357 ut
1912 5307 1984 5359 la-

460 5376 623 5429 ternis
669 5383 719 5428 et
747 5375 946 5431 facibus
976 5390 1297 5447 quaereretur
1316 5386 1630 5440 occidendus
1662 5404 1689 5440 a
1731 5392 1981 5444 tenebris.

528 5494 551 5521 ι
586 5480 703 5534 Ms:
734 5498 751 5529 ί
786 5480 980 5546 Quare,
1010 5487 1098 5551 qui
1144 5498 1398 5541 venerunt
1437 5492 1499 5561 ad
1542 5497 1853 5561 comprehcn
1878 5500 1985 5548 fen-

463 5547 603 5609 dum,
657 5564 756 5601 non
802 5547 1096 5613 tenuerunt,
1149 5570 1177 5605 a
1226 5571 1326 5621 quo
1351 5560 1625 5613 audierunt
1655 5547 1676 5612 ε’
1699 5564 1805 5629 Ego
1832 5547 1938 5615 Milli
1965 5567 1988 5617 ?

697 5637 958 5694 Ριτκιιι..
1006 5638 1076 5698 C.

2089 4525 2188 4560 non
2211 4510 2375 4563 bibant
2402 4510 2587 4564 illum?
2617 4533 2633 4564 ι
2667 4512 2783 4566 Non
2832 4516 2998 4568 bibam
3024 4517 3167 4569 illum
3188 4560 3201 4581 ,
3255 4522 3627 4593 interrogative.

2086 4597 2168 4647 vel
2208 4599 2526 4666 increpativc
2554 4603 2821 4670 legendum
2862 4612 2971 4667 est,
3030 4608 3178 4675 quasi
3223 4612 3476 4667 dixisset:
3515 4618 3625 4670 Non

2086 4684 2259 4736 bibam
2289 4686 2432 4739 illum
2456 4689 2675 4742 calicem
2702 4706 2857 4757 quem
2883 4693 3042 4747 Pater
3082 4697 3207 4750 mihi
3247 4700 3386 4753 dedit
3411 4704 3629 4758 bibere?

2086 4772 2260 4837 Quare
2289 4777 2534 4831 resistere
2579 4780 2658 4831 vis
2689 4781 2941 4836 voluntati
3004 4788 3376 4853 omnipotentis
3424 4790 3624 4852 Patris,

2091 4862 2196 4914 imo
2233 4871 2287 4915 et
2308 4863 2491 4918 salutis
2516 4874 2616 4921 tuae
2637 4870 2819 4923 calici?
2844 4871 2898 4923 In
2939 4888 3033 4926 suo
3066 4876 3257 4943 quippe
3287 4876 3424 4930 facto
3445 4880 3529 4931 ille
3550 4882 3627 4932 di-

2072 4951 2316 5017 scipulus
2349 4954 2653 5021 magistrum
2706 4956 2985 5013 defendere
3011 4962 3190 5025 voluit,
3217 4962 3424 5018 nescius
3457 4969 3629 5023 adhuc

2087 5039 2532 5106 dispensationem
2580 5051 2811 5110 paterna:
2848 5048 3133 5102 voluntatis
3182 5049 3329 5121 [Ms.,
3356 5055 3622 5123 pictatis].

2084 5132 2209 5196 quid
2229 5145 2292 5184 ex
2329 5133 2429 5187 hoc
2451 5133 2561 5185 fieri
2585 5142 2859 5187 venturum
2910 5137 3179 5191 voluisset.
3217 5158 3233 5190 ι
3270 5141 3415 5205 Quod
3444 5156 3620 5197 autem

2084 5232 2111 5268 a
2134 5214 2288 5271 Patre
2324 5220 2423 5271 sibi
2452 5219 2578 5272 dicit
2608 5220 2781 5273 datum
2812 5224 3028 5277 calicem
3056 5229 3344 5293 passionis,
3382 5231 3620 5296 profecto

2084 5302 2208 5355 illud
2232 5312 2311 5356 est
2336 5306 2473 5371 quod
2496 5306 2568 5357 ait
2616 5306 2922 5373 Apostolus:
2955 5312 3014 5364 Si
3043 5313 3174 5365 Deus
3203 5330 3293 5381 pro
3323 5317 3481 5373 nobis.
3508 5322 3620 5385 quis

2084 5400 2259 5442 contra
2290 5392 2417 5442 nos?
2456 5393 2541 5459 qui
2574 5392 2709 5446 Filio
2737 5399 2940 5463 proprio
2982 5414 3081 5450 non
3126 5404 3360 5468 pepercit.
3394 5405 3481 5456 sed
3532 5423 3623 5471 pro

2085 5498 2247 5616 Quia,‘
2271 5509 2392 5551 ante
2438 5517 2539 5555 non
2592 5512 2888 5571 potuerunt,
2917 5519 3073 5571 quam
3100 5507 3352 5561 voluisset
3379 5509 3482 5572 ille,
3529 5515 3620 5579 qui

2086 5580 2151 5616 an
2184 5585 2193 5616 :
2228 5583 2312 5616 που
2342 5585 2472 5616 sum.
2513 5590 2529 5616 ι

2086 5580 2151 5619 an
2184 5580 2312 5635 :t-.go
2342 5585 2472 5620 sum.
2513 5590 2529 5619 ι

3119 5664 3189 5722 31
