4266 6234
600 312 695 365 9ἸΙ

1419 308 1475 360 Β.
1518 306 1577 359 1-⁸.
1608 305 1824 360 Αιιιικι
1862 304 1987 358 διευ
2026 297 2294 355 ALCUINI
2329 294 2604 353 OPERUM
2642 289 2815 344 PARS
2846 286 2907 343 ﬂ.

602 422 743 477 nobis
779 422 1009 475 omnibus
1035 420 1245 473 tradidit
1276 433 1389 470 eum
1413 416 1581 486 (Rom.
1620 431 1735 477 vm.
1762 413 1983 481 51,32).
2029 412 2127 466 γε·
2159 416 2199 467 Α
2228 406 2459 460 missima
2487 404 2552 456 ad
2577 402 2733 456 unius
2781 415 2925 454 aurae
2966 397 3245 486 impulsum
3284 403 3391 486 tota
3421 390 3758 486 contremuit.

599 528 719 567 rum
749 519 931 566 auctor
954 510 1131 565 caiicis
1154 508 1305 575 hujus
1330 516 1444 568 est,
1489 508 1648 558 etiam
1700 505 1811 574 ipse
1839 504 1928 572 qui
1978 501 2128 555 bibit.

608 598 755 654 Unde
767 598 903 652 idem
922 595 1199 664 Apostolus
1219 594 1343 647 item
1361 591 1489 645 dicit
1513 606 1527 644 :
1552 589 1784 643 Christus
1811 588 1989 640 dilexit
2018 601 2129 647 nos,

606 699 652 743 et
677 688 888 741 tradidit
921 686 1239 754 semetipsum
1279 699 1371 752 pro
1414 682 1577 746 nobis,
1606 681 1909 734 oblationem
1954 686 2000 730 et
2045 677 2135 728 ho-

608 777 755 831 stiant
771 769 875 829 Deo
889 776 940 827 in
956 770 1456 827 odoremsuaeitatis.
1473 767 1744 838 (Ephes.v,
1756 768 1812 836 ‘2)
1828 766 2007 836 (Vatis.
2028 762 2136 832 ιε.)

610 863 801 917 Cohors
826 879 964 932 ergo,
992 871 1039 915 et
1070 859 1318 923 tribunus,
1356 868 1403 913 et
1431 858 1651 911 ministri
1678 856 1979 908 Iudaorum
2003 870 2140 906 com-

607 946 976 1017 prehenderunt
988 946 1185 1011 Iesum,
1197 957 1243 999 et
1260 945 1542 1015 ligaverunt
1566 959 1701 997 eum.
1714 941 2134 1010 Comprehende-

613 1046 753 1099 runt,
782 1036 849 1091 ad
871 1050 1027 1105 quem
1066 1040 1170 1089 non
1198 1041 1538 1105 accesserpnt
1585 1032 1855 1101 [quoniam
1881 1031 1992 1084 dies
2018 1028 2104 1082 ille
2124 1067 2138 1091 ,

615 1124 687 1178 illi
723 1137 849 1177 vero
902 1125 1132 1178 tenebrat
1184 1118 1637 1191 permanserunt];
1690 1135 1786 1175 nec
1828 1118 2138 1171 audierunt:

616 1209 848 1267 Accedite
873 1211 940 1277 qd
983 1227 1119 1276 eum,
1146 1221 1193 1264 et
1234 1209 1597 1263 illuminamini
1628 1205 1795 1277 (Psal.
1837 1222 2028 1269 χχχιιι,
2066 1205 2142 1275 6).

618 1299 763 1357 Nunc
789 1309 963 1355 autem
996 1300 1211 1368 quando
1236 1314 1357 1354 eum
1408 1298 1500 1353 illo
1541 1298 1696 1353 modo
1726 1297 2149 1365 ‘wmprehendc-

612 1399 761 1455 runt,
793 1398 917 1444 tunc
951 1391 1017 1445 ab
1040 1404 1103 1445 eo
1127 1388 1335 1459 longius
1381 1397 1751 1443 recesserunt:
1782 1395 1836 1441 et
1856 1386 2151 1456 ligaverunt

621 1496 764 1545 cum,
792 1495 823 1533 a
853 1494 958 1549 quo
989 1479 1118 1533 solvi
1147 1468 1319 1548 potius
1342 1477 1474 1531 velle
1502 1477 1812 1531 debuerunt.
1852 1494 1871 1526 ι

684 1588 715 1643 ,ι
745 1581 769 1610 ι
790 1568 1137 1635 Posteaquam
1187 1573 1552 1635 persecutores
1576 1564 1814 1617 tradente
1850 1561 1981 1616 Inda
2011 1549 2153 1616 com-

624 1655 943 1721 prehensum
969 1653 1245 1707 Dominum
1274 1652 1587 1721 ligaverunt,
1611 1651 1700 1719 qui
1734 1664 1830 1704 nos
1865 1648 2063 1712 dilexit,
2101 1656 2156 1701 et

2233 495 2330 552 Ubi
2368 501 2449 547 est
2470 492 2558 546 illa
2586 487 2942 560 promittentis
2959 485 3199 545 audacia,
3220 492 3269 537 et
3292 483 3359 537 de
3387 486 3445 534 se
3484 478 3765 547 plurimum

2231 577 2627 650 prmsumcntis?
2656 569 2896 637 Ubi'sunt
2916 574 3070 627 verba
3098 572 3199 636 illa,
3222 569 3429 639 quando
3450 567 3560 619 ait:
3595 563 3766 629 Quare

2233 683 2335 721 non
2352 680 2556 735 possum
2578 664 2718 731 sequi
2738 672 2785 715 te
2808 660 2999 714 modo!
3032 659 3267 713 Animam
3288 670 3454 709 meam
3480 668 3571 721 pro
3591 661 3639 705 te
3674 666 3765 719 po-

2234 772 2353 808 nam
2380 752 2554 823 (Ioan.
2579 766 2696 813 xm,
2717 749 2839 818 37);
2884 749 2987 803 hoc
3031 762 3137 802 non
3162 755 3244 800 est
3270 744 3420 813 sequi
3441 742 3768 810 magistrum,
3829 771 3837 779 ι

2235 841 2327 895 sed
2350 854 2406 894 se
2449 851 2640 904 negare
2671 834 2983 904 discipulum
3021 848 3157 888 esse.
3202 831 3359 885 Sicne
3411 843 3505 898 pro
3554 825 3773 880 Domino

2238 931 2410 985 anima
2438 928 2667 997 ponitur,
2690 934 2748 981 ut
2784 926 2885 980 hoc
2911 941 2979 980 ne
3001 924 3092 978 flat
3115 963 3131 988 ,
3178 938 3278 977 vox
3306 910 3507 975 ancillae
3531 919 3775 972 formide-

2240 1018 2361 1072 tur?
2393 1036 2411 1069 ι
2444 1016 2582 1070 Sane
2610 1014 2665 1068 in
2703 1014 2804 1068 hoc
2828 1012 2989 1084 [loco]
3013 1010 3451 1067 considerandum
3480 1016 3582 1073 est,
3613 1022 3776 1075 quam

2239 1105 2583 1177 periculosum
2611 1104 2682 1157 sit
2720 1102 3022 1157 Christiano
3061 1114 3118 1154 se
3146 1096 3502 1153 Christianum
3529 1110 3646 1149 esse
3682 1109 3776 1148 nc—

2241 1208 2385 1265 gare.
2413 1192 2527 1247 Non
2554 1191 2694 1245 enim
2712 1188 2901 1244 Petrus
2924 1189 2978 1243 in
3000 1187 3101 1242 hoc
3123 1185 3242 1241 loco
3266 1186 3398 1240 dixit
3430 1198 3487 1238 se
3511 1182 3781 1237 Christum

2244 1298 2453 1353 negare,
2485 1280 2577 1336 sed
2624 1279 2937 1349 discipulum
2977 1277 3216 1333 Christi:
3253 1284 3424 1329 tamen
3476 1275 3587 1341 ipsc
3631 1271 3783 1325 Clu-i-

2246 1380 2360 1426 stus
2387 1379 2508 1425 ante
2534 1368 2809 1439 praedixit:
2844 1366 2944 1420 Ter
2982 1380 3062 1418 nte
3103 1374 3377 1433 negaturus
3402 1377 3474 1413 es.
3502 1359 3602 1424 Qui
3643 1359 3783 1410 enim

2248 1457 2558 1526 discipulum
2582 1470 2640 1510 se
2660 1453 2857 1509 Christi
2898 1452 3108 1521 negavit
3140 1464 3259 1504 esse
3285 1446 3641 1501 Christianum
3686 1443 3785 1512 [se]

2248 1545 2491 1615 negavit:
2539 1538 2785 1596 similiter
2838 1537 2929 1608 qui
2967 1552 3024 1592 se
3070 1534 3428 1591 Christianum
3474 1542 3631 1601 negat
3673 1546 3791 1585 esse

2251 1641 2467 1702 prepter
2511 1628 2736 1696 aliquem
2782 1626 3058 1686 timorem,
3099 1620 3568 1677 etiamChristum
3614 1626 3786 1686 negat.

532 1760 539 1763 ·
626 1709 841 1795 iradidit
860 1740 1193 1808 semetipsum
1222 1709 1499 1809 provtiobis
1524 1709 1786 1799 omnibus,
1811 1744 1864 1791 et
1883 1737 1967 1790 cui
2003 1709 2157 1789 Pater
2184 1718 2213 1777 ε

2256 1722 2438 1791 (Vatis.
2469 1717 2577 1789 18.)
2608 1716 2822 1771 Stabant
2842 1726 3009 1768 autem
3029 1714 3157 1767 servi
3179 1722 3224 1766 et
3252 1711 3470 1809 ministri
3489 1709 3557 1761 ad
3577 1724 3789 1777 prunas,

628 1842 731 1881 non
769 1828 1020 1897 pepercit,
1043 1828 1133 1881 sed
1163 1843 1258 1896 pro
1302 1827 1453 1880 nobis
1497 1825 1742 1879 omnibus
1777 1824 1991 1878 tradidit
2041 1838 2161 1877 cum

633 1917 806 1986 (Rom.
832 1933 949 1982 vm,
979 1918 1089 1985 52),
1144 1918 1323 1987 (Vnus.
1351 1918 1436 1988 l3)
1474 1918 1807 1971 Adduxerunt
1830 1933 1944 1970 eum
1965 1916 2032 1968 ad
2055 1916 2162 1968 An-

635 2022 753 2059 nam
790 2006 1026 2075 primum.
1078 2004 1185 2059 Nec
1226 2005 1364 2059 enim
1412 2004 1639 2058 Joannes
1682 2004 1835 2057 istam
1862 2011 2000 2067 tacet
2043 2015 2165 2055 cau-

544 2164 549 2167 _
634 2108 765 2158 sam,
790 2108 953 2161 quare
978 2093 1077 2147 hoc
1105 2094 1176 2146 ita
1203 2092 1396 2146 factum
1417 2093 1486 2145 sit
1522 2090 1679 2161 (ita,
1703 2105 1865 2159 quare
1890 2091 1992 2143 hoc
2016 2088 2170 2142 fecis-

635 2179 795 2249 sent],
828 2178 1040 2233 dicens:
1071 2178 1198 2233 Erat
1222 2179 1376 2242 enim,
1406 2177 1595 2246 inquit,
1633 2193 1777 2231 socer
1802 2175 2038 2245 Caiphte,
2081 2175 2169 2244 qui

636 2278 747 2325 erat
771 2268 999 2337 pontifex
1023 2268 1144 2321 anni
1168 2267 1326 2320 illius.
1366 2287 1384 2318 s
1719 2329 1723 2334 Δ

708 2356 865 2409 Vens.
881 2354 964 2409 14.
998 2385 1053 2395 --
1069 2355 1193 2409 Erat
1208 2364 1373 2409 autem
1387 2353 1628 2424 Caiphas,
1641 2356 1728 2424 qui
1744 2352 2012 2406 consilium
2036 2352 2173 2404 dedit

638 2443 861 2511 Iudicis,
883 2445 1004 2513 quia
1025 2444 1224 2514 expedit
1246 2460 1401 2497 unum
1429 2444 1683 2497 hominem
1709 2444 1838 2495 mori
1857 2458 1949 2510 pro
1967 2440 2169 2510 populo.

642 2532 839 2587 Ductus
859 2538 939 2587 est
961 2534 1027 2587 ad
1043 2531 1247 2586 Annam
1273 2532 1523 2601 primum,
1542 2540 1595 2587 et
1616 2539 1796 2600 postea
1814 2530 1880 2584 ad
1900 2529 2171 2599 Caipham,

642 2625 701 2668 ut
722 2616 963 2685 cognatio
982 2617 1252 2687 sanguinis
1276 2626 1328 2670 et
1357 2617 1575 2672 sceleris
1599 2633 1692 2673 eos
1726 2616 1923 2671 faceret
1964 2632 2177 2671 consor-

646 2717 743 2760 tes.
770 2705 973 2775 Moyses
993 2707 1099 2764 Deo.
1128 2706 1344 2775 iubente
1369 2716 1690 2775 praeceperat
1709 2715 1767 2760 ut
1791 2706 2063 2775 pontifices
2082 2721 2175 2775 pa-

650 2799 820 2851 tribus
849 2798 1206 2862 succederent,
1239 2805 1297 2850 ut
1322 2796 1674 2864 generationis
1721 2798 1775 2850 in
1824 2798 2180 2852 sacerdotibus

643 2887 810 2941 series
832 2894 1251 2941 conservaretur.
1268 2880 1451 2939 Refert
1468 2883 1723 2955 Iosephus
1749 2886 1906 2939 istum
1931 2884 2179 2954 Caipham

2258 1812 2378 1879 quia
2407 1809 2567 1878 frigus
2591 1816 2721 1869 erat,
2750 1814 2797 1859 et
2833 1803 3195 1871 calefaciebant
3224 1816 3295 1854 se.
3326 1794 3516 1868 Frigus
3535 1807 3652 1851 erat
3678 1798 3794 1849 inii-

2260 1895 2490 1951 delitatis
2510 1895 2561 1946 in
2578 1892 2829 1948 cordibus
2853 1890 3075 1950 illorum,
3109 1889 3162 1941 in
3191 1896 3395 1941 tantum
3422 1886 3585 1939 etiam
3612 1892 3671 1937 ut
3707 1883 3796 1937 ille

2260 1984 2502 2052 princeps
2537 1978 2889 2048 apostolorum
2924 1977 2976 2031 in
2998 1991 3061 2031 eo
3089 1974 3281 2045 frigore
3306 1978 3643 2041 torpescerct,
3668 1972 3789 2039 quia

2263 2069 2483 2123 necdum
2517 2068 2691 2122 calore
2721 2064 2885 2120 sancti
2923 2062 3149 2132 Spiritus
3192 2059 3543 2114 inﬂammatus
3584 2056 3716 2110 fuit:
3747 2057 3800 2109 in

2265 2172 2369 2226 quo
2408 2172 2510 2212 non
2553 2155 2720 2209 solum
2776 2154 2887 2224 ipse
2916 2153 3105 2206 iterum
3157 2157 3275 2218 post
3311 2156 3586 2217 acceptum
3633 2144 3802 2199 sancti

2268 2249 2494 2316 Spiritus
2518 2247 2710 2300 donum
2749 2258 2851 2297 non
2882 2242 3054 2295 timuit
3079 2239 3348 2294 Christum
3380 2251 3560 2292 coram
3580 2236 3803 2304 impera-

2269 2347 2382 2390 tore
2397 2345 2450 2389 et-
2466 2334 2657 2404 popnlo
2678 2332 2913 2385 Romano
2932 2327 3202 2392 confiteri;
3232 2326 3323 2381 sed
3347 2325 3505 2380 etiam
3532 2324 3681 2394 pueri
3709 2324 3807 2378 im-

2268 2425 2456 2478 berbes
2478 2430 2531 2485 et
2557 2420 2761 2490 puellae,
2794 2418 2960 2471 sancti
2985 2416 3209 2485 Spiritus
3246 2414 3421 2469 calore
3444 2411 3804 2475 inﬂammata,

2271 2510 2535 2565 Christum
2556 2508 2768 2577 publice
2788 2519 2955 2574 usque
2984 2503 3050 2557 ad
3070 2511 3291 2557 mortem
3325 2500 3728 2562 conﬁtebantur,
3755 2511 3809 2552 et

2272 2614 2367 2669 pro
2386 2613 2451 2652 eo
2474 2596 2604 2651 mori
2627 2610 2730 2649 non
2757 2593 3072 2653 metuebant,
3099 2602 3254 2659 quem
3284 2588 3514 2658 claviger
3541 2586 3662 2642 ειειί
3681 2603 3809 2642 cou-

2276 2688 2412 2743 literi
2449 2686 2514 2740 ad
2542 2685 2695 2739 unius
2720 2682 2922 2736 ancilla:
2942 2693 3124 2734 vocem
3150 2677 3466 2732 formidavit.

2347 2814 2504 2866 Vens.
2537 2810 2619 2863 l9.
2643 2839 2711 2850 —-
2742 2806 2983 2875 Pontifex
3015 2803 3533 2871 autem’interragavit
3554 2767 3731 2853 Iesum
3752 2802 3815 2853 de

2278 2900 2541 2969 discipulis
2570 2899 2704 2967 ejus,
2733 2907 2779 2949 et
2808 2896 2869 2948 de
2890 2895 3125 2947 doctrina
3149 2892 3279 2961 ejus.
3302 2890 3415 2944 Non
3444 2890 3817 2959 cognoscendae

644 2974 803 3027 unius
819 2981 1019 3027 tantum
1042 2973 1167 3027 anni
1191 2974 1257 3027 ab
1276 2972 1477 3026 ileroie
1500 2974 1670 3040 pretio
1686 2972 1968 3027 redemisse
1997 2986 2148 3025 sacer
2163 3002 2177 3011 ο
2208 3034 2213 3068 1

659 3060 848 3079 J-.!_-_.
902 3059 1010 3079 ιτ-..
1051 3073 1164 3079 -__-
1191 3058 1377 3079 ...Ξ-η...
1433 3058 1474 3079 ,Ξ
1513 3059 1717 3079 2..3------
1747 3057 1974 3079 ----.ερ-..
2004 3057 2178 3079 2-2----

2234 3022 2250 3079 1
2282 2988 2520 3042 veritatis
2555 2998 2733 3039 amore
2762 2981 3120 3049 interrogavit,
3147 2980 3237 3035 sed
3272 2987 3330 3032 ut
3368 2993 3579 3032 causam
3615 2979 3819 3043 inveni-

641 3060 874 3113 .dotium.
902 3059 1016 3115 Non
1045 3073 1170 3127 ergo
1191 3058 1407 3121 mirum,
1432 3058 1478 3111 si
1513 3059 1722 3125 iniquus
1746 3057 1976 3125 pontifex
2004 3057 2181 3125 inique

635 3146 977 3215 :judicaverit.
1018 3144 1169 3213 Scepe
1205 3145 1415 3213 quipcr
1445 3145 1719 3198 avaritiam
1743 3144 1808 3197 ad
1836 3144 2184 3198 sacerdotium

652 3234 875 3298 accedit,
905 3248 998 3301 per
1052 3231 1359 3299 iniustitiam
1384 3240 1637 3299 versatur
1664 3232 1717 3285 in
1765 3245 1849 3294 eo,
1870 3238 1923 3284 et
1964 3230 2187 3284 scelera-

655 3329 767 3376 tum
798 3322 1008 3376 initium
1022 3320 1239 3375 funesto
1263 3322 1366 3375 ﬁne
1386 3320 1729 3378 consumitur.

727 3410 884 3473 Vens.
913 3408 997 3462 15.
1027 3436 1097 3448 -—-
1120 3407 1433 3477 Sequebatur
1470 3416 1661 3469 autem,
1689 3407 1877 3474 inquit,
1899 3405 2075 3458 Iesum
2102 3405 2187 3459 Si-

656 3512 775 3548 mon
807 3493 989 3548 Petrus
1027 3504 1075 3548 et
1118 3494 1253 3547 alius
1292 3493 1596 3563 discipulus.
1645 3512 1663 3544 ι
1698 3494 1949 3559 Quisnam
1998 3495 2067 3547 sit
2094 3495 2191 3547 iste

660 3584 961 3652 discipulus,
989 3599 1091 3638 non
1129 3590 1325 3639 temere
1350 3582 1711 3637 aliirmandum
1763 3593 1860 3647 est,
1888 3585 2009 3652 quia
2055 3593 2192 3638 tace—

661 3682 766 3724 tur.
797 3672 938 3725 Solet
967 3680 1141 3726 autem
1170 3687 1230 3726 se
1256 3672 1393 3725 idem
1419 3669 1649 3726 Joannes
1676 3672 1746 3724 ita
1767 3672 2061 3739 significare
2088 3712 2101 3734 ,
2140 3680 2195 3725 et

661 3760 854 3813 addere
879 3777 891 3811 :
918 3776 1066 3829 quem
1090 3759 1331 3828 diligebat
1358 3758 1531 3813 Iesus.
1580 3758 1843 3811 Fortassis
1871 3772 1995 3825 ergo
2016 3766 2069 3810 et
2110 3759 2197 3812 hic

661 3849 773 3913 ipse
793 3855 892 3909 est,
922 3864 940 3897 s
974 3847 1065 3915 qui
1082 3846 1233 3912 juxta
1254 3859 1467 3900 crucem
1499 3845 1619 3900 Iesu
1657 3846 1848 3907 stabat,
1873 3847 1955 3898 cui
1978 3846 2065 3899 ille
2088 3861 2196 3898 ma~

656 3936 761 3987 tris
784 3935 1169 3997 commendavit
1211 3935 1519 3989 custodiam.
1570 3935 1706 3988 Dicit
1730 3942 1785 3988 et
1810 3935 2082 3989 Matthzeus
2136 3937 2198 3990 de

614 4089 618 4093 _
664 4021 859 4075 Petro:
900 4020 1084 4076 Petrus
1106 4023 1407 4093 sequebatur
1428 4039 1543 4076 eum
1569 4027 1605 4076 α
1639 4022 1786 4092 longe
1812 4024 2021 4093 (Matth.
2052 4040 2196 4089 xxVI,
2254 4032 2257 4037 λ

667 4110 775 4180 58).
799 4111 841 4164 Α
866 4112 1020 4181 longe
1054 4113 1372 4180 sequebatur
1396 4110 1751 4182 [Dominum],
1806 4111 1895 4179 qui
1921 4120 2037 4165 erat
2080 4127 2202 4165 eum

670 4209 947 4273 negaturus
971 4240 987 4263 ,
1018 4210 1072 4253 ut
1107 4200 1291 4253 videret
1312 4202 1484 4268 ﬁnem,
1513 4200 1605 4254 uel:
1624 4214 1806 4253 more
1840 4200 2101 4267 magistri,
2123 4199 2203 4251 vel

2284 3083 2364 3128 rct
2383 3089 2485 3141 qua
2506 3073 2662 3125 etiam
2688 3085 2807 3125 eum
2832 3082 3080 3122 accusare
3104 3067 3377 3137 potuisset,
3403 3075 3457 3138 et
3477 3066 3686 3120 tradere
3706 3065 3814 3119 Ro-

2284 3175 2441 3213 mano
2462 3159 2670 3228 praesidi
2691 3159 2754 3211 ad
2790 3156 3167 3210 damnandum.
3203 3156 3383 3225 (Vens.
3404 3152 3516 3223 20.)
3545 3153 3822 3221 Respondit

2283 3245 2435 3299 Iesus
2462 3258 2478 3295 :
2508 3241 2617 3314 Ego
2632 3242 2809 3311 palam
2825 3240 3020 3293 locutus
3039 3228 3385 3301 summundo:
3410 3257 3499 3309 ego
3524 3240 3823 3309 semperdo-

2286 3334 2435 3387 cuiin
2456 3346 2712 3401 synagoga
2738 3338 2784 3380 et
2812 3330 2865 3404 in
2892 3328 3091 3395 templo.
3119 3345 3218 3397 quo
3246 3344 3418 3381 omnes
3445 3327 3617 3381 Iudwi
3638 3344 3820 3381 conve-

2290 3421 2453 3483 niunt,
2480 3427 2525 3471 et
2548 3417 2601 3468 in
2629 3413 2825 3468 occulto
2860 3413 3056 3467 locutus
3097 3430 3208 3467 sum
3244 3415 3387 3467 nihil.
3412 3415 3545 3481 Quid
3580 3416 3826 3483 estquod

2288 3510 2460 3577 palam
2489 3522 2545 3561 se
2572 3506 2700 3561 dicit
2723 3505 2886 3574 loqui,
2902 3504 3027 3557 etin
3052 3504 3270 3581 occulto,
3283 3502 3413 3558 nihil
3438 3504 3600 3572 loqui,
3624 3505 3747 3558 dum
3766 3504 3823 3555 in

2290 3596 2394 3648 alio
2415 3595 2529 3648 loco
2554 3591 2806 3661 apostolis
2831 3590 2979 3655 dicit,
3003 3590 3123 3643 dum
3148 3582 3536 3658 per’parabolas
3562 3590 3730 3644 turbis
3752 3591 3826 3641 lo-

2291 3683 2503 3749 quitur:
2536 3680 2687 3733 Vobis
2707 3679 2883 3731 datum
2914 3688 2988 3731 est
3031 3694 3173 3731 nosse
3200 3680 3492 3748 mysterium
3514 3680 3653 3748 regni
3690 3679 3785 3732 Dei
3808 3716 3827 3741 ν

2294 3769 2485 3820 caeteris
2510 3776 2680 3821 autem
2713 3768 2765 3820 in
2810 3766 3102 3836 parabolis?
3135 3787 3153 3817 ι
3195 3767 3589 3836 Intelligendum
3631 3778 3713 3822 est
3758 3768 3830 3821 ita

2294 3870 2413 3909 cum
2444 3855 2659 3919 dixisse,
2680 3854 2850 3924 palam
2884 3854 3081 3908 locutus
3104 3870 3216 3913 sunt
3239 3848 3447 3921 munda,
3477 3871 3541 3911 ac
3581 3857 3626 3911 si
3670 3856 3833 3912 dixis.

2297 3952 2375 3997 set
2407 3961 2418 3994 :
2451 3942 2597 3994 Multi
2624 3956 2709 3995 me
2749 3932 3044 4009 loquentiam
3092 3943 3387 3995 audierunt.
3435 3942 3608 4009 Ipsum
3657 3937 3831 3997 autem

2296 4028 2467 4098 palam
2489 4068 2514 4089 ,,
2538 4027 2922 4095 quodammodo
2948 4036 3062 4079 erat
3098 4028 3290 4094 palam,
3322 4028 3704 4097 quodammodo
3742 4044 3835 4081 au-

2300 4122 2404 4167 tem
2435 4114 2537 4165 non
2573 4121 2688 4168 erat
2715 4113 2904 4182 palam.
2939 4108 3115 4166 Palam
3137 4128 3326 4181 quippe
3352 4122 3484 4177 erat,
3511 4115 3634 4183 quia
3684 4115 3836 4169 multi

2301 4217 2420 4256 eum
2444 4201 2751 4256 audiebant:
2781 4211 2833 4256 et
2851 4218 3032 4257 rursus
3058 4218 3160 4256 non
3197 4210 3310 4255 erat
3332 4203 3505 4271 Italam
3526 4242 3541 4266 ,
3588 4203 3707 4270 quia
3732 4218 3835 4259 non

669 4293 892 4344 humana
922 4288 1221 4344 curiositate
1245 4291 1381 4343 scire
1408 4290 1643 4357 cupiens,
1670 4290 1797 4357 quid
1815 4288 2049 4381 pontifex
2067 4288 2205 4356 judi-
2235 4320 2285 4381 ι)
2308 4294 2680 4363 intelligebant.
2719 4292 2936 4362 thuod
2955 4306 3190 4345 seorsum
3207 4291 3477 4358 discipulis
3504 4291 3835 4358 loquebatur,

668 4391 813 4437 caret
842 4381 928 4451 [de
947 4381 1089 4445 Iesu,
1114 4388 1287 4434 utrum
1298 4395 1418 4433 eum
1440 4380 1557 4434 neci
1579 4379 1885 4450 addiceret],
1911 4395 1976 4433 an
1997 4380 2211 4450 ﬂagellis
2242 4379 2254 4381 ⁷
2310 4397 2412 4436 non
2434 4382 2485 4435 in
2514 4381 2718 4436 occulto
2738 4383 2916 4448 utique
2940 4380 3267 4447 loquebatur.
3292 4379 3417 4445 Quis
3440 4395 3662 4448 namque
3688 4381 3737 4433 in
3752 4396 3841 4434 oc-

602 4534 607 4539 ,
668 4486 860 4523 cesam
884 4471 1187 4525 dimitteret.
1216 4469 2008 4539 (VensJGJDiscipulusaatens
2021 4471 2125 4535 ille,
2141 4473 2213 4525 in-

672 4560 805 4623 quit,
832 4570 936 4611 erat
961 4569 1107 4613 notus
1126 4561 1373 4628 pontiﬁci,
1396 4570 1441 4613 et
1462 4561 1655 4613 introiit
1678 4577 1793 4612 cum
1812 4560 1936 4613 Iesu
1953 4563 2008 4613 in
2025 4563 2212 4613 atrium

675 4646 949 4711 pontiﬁcis.
971 4643 1157 4701 Petrus
1194 4657 1363 4703 autem
1384 4648 1550 4702 stabat
1594 4648 1661 4700 ad
1683 4648 1865 4701 ostium
1890 4647 2036 4715 foris.
2064 4647 2216 4700 Foris

672 4740 844 4786 autem
861 4732 1053 4793 stabat,
1069 4733 1188 4799 quia
1213 4744 1493 4800 negaturus
1514 4743 1629 4787 erat
1642 4735 1920 4791 Dominum
1946 4748 1961 4787 :
1992 4746 2086 4788 nec
2101 4744 2213 4789 erat

676 4821 726 4871 iu
744 4819 970 4882 Christo,
986 4819 1075 4888 qui
1094 4819 1363 4877 Christum
1381 4821 1617 4874 confiteri
1632 4836 1735 4873 non
1747 4822 2018 4892 mittit
2032 4838 2209 4877 ausus.

678 4907 859 4973 (Vens.
884 4906 993 4975 Π.)
1022 4906 1162 4959 Exiit
1187 4923 1305 4974 ergo
1323 4908 1601 4975 discipulus
1630 4908 1784 4972 alius,
1810 4910 1895 4977 qui
1930 4920 2039 4961 erat
2064 4921 2212 4963 notus

582 5014 586 5019 ·
677 4993 925 5059 pontiﬁci,
943 5003 993 5045 et
1167 4996 1411 5057 ostiaria,
1438 5007 1482 5048 et
1509 4998 1788 5049 introduxit
1817 4994 2044 5050 Petrum.
2074 4998 2214 5052 Dicit

676 5094 793 5145 ergo
818 5074 969 5131 Petro
990 5078 1179 5131 ancilla
1196 5082 1441 5137 ostiaria:
1468 5082 1715 5151 Nunquid
1737 5091 1784 5134 et
1806 5092 1859 5134 tu
1880 5082 2214 5152 “discipulis

677 5178 729 5214 es
751 5162 969 5216 hominis
999 5164 1184 5216 istius?
1208 5165 1344 5216 Dicit
1357 5165 1443 5218 ille
1464 5181 1481 5217 :
1512 5165 1633 5219 Non
1656 5184 1788 5220 sum.
1808 5166 1901 5220 Hic
1918 5170 2218 5233 agnoscitur

684 5262 840 5311 quam
868 5264 1051 5304 verum
1082 5250 1152 5302 sit
1184 5250 1331 5318 quod
1344 5252 1454 5317 ipsa
1479 5253 1687 5317 Veritas
1711 5250 1869 5322 paulo
1890 5263 2014 5309 ante
2052 5257 2219 5310 dixit:

697 5338 827 5398 Quia
846 5340 955 5394 sine
980 5354 1061 5397 me
1083 5341 1210 5394 nihil
1233 5342 1437 5407 potatis
1460 5342 1645 5408 facere.
1680 5362 1698 5394 ι
1721 5345 1854 5399 Ecce
1879 5347 2117 5400 columna
2137 5348 2224 5400 tiro

755 5502 777 5528 ι
820 5492 892 5543 Ex
918 5492 976 5545 S.
1008 5494 1162 5563 Aug.,
1191 5504 1347 5549 tract.
1378 5513 1530 5561 cxttt,
1558 5512 1701 5550 num.
1734 5498 1837 5551 l-6.

2304 4470 2450 4524 culto
2463 4470 2711 4537 loquitur,
2728 4470 2815 4537 qui
2844 4484 3019 4522 coram
3037 4468 3421 4522 totlnminibus
3443 4468 3692 4537 loquitur,
3717 4485 3836 4523 cum

2311 4560 2562 4626 scriptum
2590 4559 2692 4611 sit:
2728 4557 2791 4611 In
2820 4574 2905 4611 ore
2925 4557 3143 4609 duorum
3168 4556 3245 4608 vel
3280 4558 3433 4609 trium
3460 4560 3661 4611 testium
3686 4558 3841 4611 stabit

2311 4664 2457 4701 omne
2487 4645 2698 4701 Verbum
2724 4648 2893 4715 (Deut.
2920 4661 3029 4706 xix,
3064 4644 3147 4712 15)
3177 4661 3190 4698 :
3218 4646 3506 4713 praesertim
3527 4646 3570 4699 si
3595 4643 3715 4715 [sic]
3743 4644 3849 4702 hoc

2312 4737 2541 4805 loquitur
2584 4738 2783 4804 paucis.
2814 4733 2951 4800 quod
2992 4747 3085 4801 per
3119 4748 3213 4786 eos
3235 4716 3389 4786 vellet
3427 4734 3753 4801 innotescere
3789 4743 3842 4786 et

2312 4823 2525 4877 multis?
2556 4822 2693 4888 Ergo
2712 4829 2765 4873 et
2791 4820 2888 4872 hoc
2924 4820 3121 4886 ipsum,
3168 4820 3307 4886 quod
3329 4817 3395 4872 ab
3418 4833 3481 4873 eo
3506 4817 3606 4883 dici
3630 4818 3843 4873 videba-

2311 4921 2396 4966 tur
2418 4907 2909 4976 occulte,quomodo
2936 4906 3112 4976 (Aug,
3129 4904 3533 4975 qquammodo]
3572 4922 3677 4963 non
3704 4908 3842 4960 dice.

2311 5000 2465 5053 batur
2509 4998 2563 5049 in
2620 4994 2857 5049 occulto?
2904 4994 3035 5058 Quia
3084 5006 3188 5044 non
3234 4993 3305 5045 ita
3342 4992 3631 5055 dicebatur,
3672 5000 3733 5044 ut
3777 4992 3844 5045 ah

2311 5089 2389 5140 eis
2436 5086 2625 5153 quibus
2668 5086 2863 5139 dictum
2920 5082 3090 5136 fuerat
3142 5090 3437 5145 taceretur,
3495 5081 3593 5136 sed
3637 5080 3710 5134 ita
3750 5093 3846 5150 po-

2320 5176 2439 5235 tius,
2478 5180 2534 5225 ut
2588 5182 2957 5240 usquequaque
3008 5169 3399 5235 praedicantur.
3458 5163 3705 5236 s'(Vns.
3730 5165 3842 5236 Si.)

2323 5258 2457 5321 Quid
2506 5274 2583 5310 me
2628 5254 2949 5323 interrogas!
3003 5250 3268 5322 Interroga
3312 5269 3395 5306 eos
3440 5254 3526 5322 qui
3573 5252 3848 5306 audierunt

2321 5345 2442 5410 qutid
2478 5346 2675 5399 locutus
2712 5354 2823 5396 sum
2870 5341 3243 5410 ἐρείπει-ιε’ἠὶ
3267 5340 3429 5392 sciunt
3473 5356 3582 5408 qua:
3629 5339 3846 5393 dixerint

3656 270 3763 329 tt?!
3877 286 3880 291 λ
