  <div class='ocr_page' id='page_1' title='image "/cluster/home/n/w/nwhite01/storage/ocr_20150623/100/uva.x000827058/494.png"; bbox 0 0 4152 6192; ppageno 0'>
   <div class='ocr_carea' id='block_1_1' title="bbox 318 264 480 356">
    <p class='ocr_par' dir='ltr' id='par_1_1' title="bbox 318 264 480 356">
     <span class='ocr_line' id='line_1_1' title="bbox 318 264 480 356; baseline -0.006 0"><span class='ocrx_word' id='word_1_1' title='bbox 318 264 480 356; x_wconf 58' lang='grc' dir='ltr'><strong>ὑπ’</strong></span> 
     </span>
    </p>
   </div>
   <div class='ocr_carea' id='block_1_2' title="bbox 1071 295 2695 356">
    <p class='ocr_par' dir='ltr' id='par_1_2' title="bbox 1071 295 2695 356">
     <span class='ocr_line' id='line_1_2' title="bbox 1071 295 2695 356; baseline -0.002 -4"><span class='ocrx_word' id='word_1_2' title='bbox 1071 301 1465 356; x_wconf 70' lang='lat' dir='ltr'><strong>EXEGETICA.</strong></span> <span class='ocrx_word' id='word_1_3' title='bbox 1505 332 1569 342; x_wconf 91' lang='lat'><strong>—-</strong></span> <span class='ocrx_word' id='word_1_4' title='bbox 1608 298 1952 355; x_wconf 67' lang='grc' dir='ltr'><strong>(ΣΟΜΜΕΧΤ.</strong></span> <span class='ocrx_word' id='word_1_5' title='bbox 1996 299 2058 350; x_wconf 62' lang='grc' dir='ltr'>ιχ</span> <span class='ocrx_word' id='word_1_6' title='bbox 2100 296 2280 350; x_wconf 67' lang='lat' dir='ltr'><strong>JOAN.</strong></span> <span class='ocrx_word' id='word_1_7' title='bbox 2323 325 2391 335; x_wconf 87' lang='lat'><strong>--</strong></span> <span class='ocrx_word' id='word_1_8' title='bbox 2426 297 2546 348; x_wconf 81' lang='lat' dir='ltr'><strong>LIB.</strong></span> <span class='ocrx_word' id='word_1_9' title='bbox 2591 295 2695 348; x_wconf 69' lang='lat' dir='ltr'><strong>Vll.</strong></span> 
     </span>
    </p>
   </div>
   <div class='ocr_carea' id='block_1_3' title="bbox 3377 292 3472 341">
    <p class='ocr_par' dir='ltr' id='par_1_3' title="bbox 3377 292 3472 341">
     <span class='ocr_line' id='line_1_3' title="bbox 3377 292 3472 341; baseline -0.032 0"><span class='ocrx_word' id='word_1_10' title='bbox 3377 292 3472 341; x_wconf 68' lang='lat'><strong>974</strong></span> 
     </span>
    </p>
   </div>
   <div class='ocr_carea' id='block_1_4' title="bbox 317 400 3475 477">
    <p class='ocr_par' dir='ltr' id='par_1_4' title="bbox 317 400 3475 477">
     <span class='ocr_line' id='line_1_4' title="bbox 317 400 3475 477; baseline -0.003 -18"><span class='ocrx_word' id='word_1_11' title='bbox 317 425 426 476; x_wconf 80' lang='lat' dir='ltr'><strong>ego.</strong></span> <span class='ocrx_word' id='word_1_12' title='bbox 452 405 608 471; x_wconf 84' lang='lat' dir='ltr'><strong>Quasi</strong></span> <span class='ocrx_word' id='word_1_13' title='bbox 640 408 854 468; x_wconf 78' lang='lat' dir='ltr'><strong>dixisset</strong></span> <span class='ocrx_word' id='word_1_14' title='bbox 882 426 894 458; x_wconf 74' lang='grc' dir='ltr'>ι</span> <span class='ocrx_word' id='word_1_15' title='bbox 925 405 1058 469; x_wconf 81' lang='lat' dir='ltr'><strong>Quid</strong></span> <span class='ocrx_word' id='word_1_16' title='bbox 1095 423 1174 459; x_wconf 86' lang='lat' dir='ltr'><strong>me</strong></span> <span class='ocrx_word' id='word_1_17' title='bbox 1197 407 1498 477; x_wconf 72' lang='lat' dir='ltr'><strong>interrogas,</strong></span> <span class='ocrx_word' id='word_1_18' title='bbox 1529 424 1558 462; x_wconf 91' lang='lat' dir='ltr'><strong>a</strong></span> <span class='ocrx_word' id='word_1_19' title='bbox 1582 408 1839 477; x_wconf 32' lang='lat' dir='ltr'><strong>quo‘veri-</strong></span> <span class='ocrx_word' id='word_1_20' title='bbox 1871 411 1914 468; x_wconf 78' lang='grc' dir='ltr'><strong>Λ</strong></span> <span class='ocrx_word' id='word_1_21' title='bbox 1947 405 2186 471; x_wconf 76' lang='lat' dir='ltr'><strong>xttt,58),</strong></span> <span class='ocrx_word' id='word_1_22' title='bbox 2217 403 2306 456; x_wconf 83' lang='lat' dir='ltr'><strong>sed</strong></span> <span class='ocrx_word' id='word_1_23' title='bbox 2336 403 2526 455; x_wconf 83' lang='lat' dir='ltr'><strong>factum</strong></span> <span class='ocrx_word' id='word_1_24' title='bbox 2559 413 2638 455; x_wconf 90' lang='lat' dir='ltr'><strong>est</strong></span> <span class='ocrx_word' id='word_1_25' title='bbox 2665 443 2678 464; x_wconf 88' lang='lat'><strong>,</strong></span> <span class='ocrx_word' id='word_1_26' title='bbox 2730 401 2866 469; x_wconf 89' lang='lat' dir='ltr'><strong>quod</strong></span> <span class='ocrx_word' id='word_1_27' title='bbox 2891 402 2973 455; x_wconf 85' lang='lat' dir='ltr'><strong>ille</strong></span> <span class='ocrx_word' id='word_1_28' title='bbox 2999 403 3339 468; x_wconf 71' lang='lat' dir='ltr'><strong>pnedixerat:</strong></span> <span class='ocrx_word' id='word_1_29' title='bbox 3380 400 3475 452; x_wconf 83' lang='lat' dir='ltr'><strong>Ter</strong></span> 
     </span>
    </p>
   </div>
   <div class='ocr_carea' id='block_1_5' title="bbox 317 493 1845 564">
    <p class='ocr_par' dir='ltr' id='par_1_5' title="bbox 317 493 1845 564">
     <span class='ocr_line' id='line_1_5' title="bbox 317 493 1845 564; baseline -0.001 -16"><span class='ocrx_word' id='word_1_30' title='bbox 317 505 478 550; x_wconf 88' lang='lat' dir='ltr'><strong>tatem</strong></span> <span class='ocrx_word' id='word_1_31' title='bbox 506 497 686 550; x_wconf 89' lang='lat' dir='ltr'><strong>audire</strong></span> <span class='ocrx_word' id='word_1_32' title='bbox 713 510 814 548; x_wconf 93' lang='lat' dir='ltr'><strong>non</strong></span> <span class='ocrx_word' id='word_1_33' title='bbox 861 493 1147 557; x_wconf 81' lang='lat' dir='ltr'><strong>desideras,</strong></span> <span class='ocrx_word' id='word_1_34' title='bbox 1172 497 1265 551; x_wconf 87' lang='lat' dir='ltr'><strong>sed</strong></span> <span class='ocrx_word' id='word_1_35' title='bbox 1285 512 1438 564; x_wconf 86' lang='lat' dir='ltr'><strong>quem</strong></span> <span class='ocrx_word' id='word_1_36' title='bbox 1468 498 1718 551; x_wconf 87' lang='lat' dir='ltr'><strong>damnare</strong></span> <span class='ocrx_word' id='word_1_37' title='bbox 1760 511 1845 548; x_wconf 92' lang='lat' dir='ltr'><strong>cu-</strong></span> 
     </span>
    </p>
   </div>
   <div class='ocr_carea' id='block_1_6' title="bbox 308 585 1846 655">
    <p class='ocr_par' dir='ltr' id='par_1_6' title="bbox 308 585 1846 655">
     <span class='ocr_line' id='line_1_6' title="bbox 308 585 1846 655; baseline -0.001 -17"><span class='ocrx_word' id='word_1_38' title='bbox 308 585 427 653; x_wconf 71' lang='lat' dir='ltr'><strong>pis?</strong></span> <span class='ocrx_word' id='word_1_39' title='bbox 451 585 713 655; x_wconf 84' lang='lat' dir='ltr'><strong>interroga</strong></span> <span class='ocrx_word' id='word_1_40' title='bbox 741 586 905 654; x_wconf 88' lang='lat' dir='ltr'><strong>magis</strong></span> <span class='ocrx_word' id='word_1_41' title='bbox 929 600 1020 638; x_wconf 90' lang='lat' dir='ltr'><strong>eos</strong></span> <span class='ocrx_word' id='word_1_42' title='bbox 1067 585 1133 637; x_wconf 91' lang='lat' dir='ltr'><strong>de</strong></span> <span class='ocrx_word' id='word_1_43' title='bbox 1175 601 1401 653; x_wconf 90' lang='lat' dir='ltr'><strong>quorum</strong></span> <span class='ocrx_word' id='word_1_44' title='bbox 1429 587 1580 640; x_wconf 88' lang='lat' dir='ltr'><strong>dictis</strong></span> <span class='ocrx_word' id='word_1_45' title='bbox 1627 600 1728 638; x_wconf 90' lang='lat' dir='ltr'><strong>non</strong></span> <span class='ocrx_word' id='word_1_46' title='bbox 1756 585 1846 637; x_wconf 86' lang='lat' dir='ltr'><strong>ha-</strong></span> 
     </span>
    </p>
   </div>
   <div class='ocr_carea' id='block_1_7' title="bbox 320 674 1843 743">
    <p class='ocr_par' dir='ltr' id='par_1_7' title="bbox 320 674 1843 743">
     <span class='ocr_line' id='line_1_7' title="bbox 320 674 1843 743; baseline -0.001 -17"><span class='ocrx_word' id='word_1_47' title='bbox 320 675 448 727; x_wconf 88' lang='lat' dir='ltr'><strong>beas</strong></span> <span class='ocrx_word' id='word_1_48' title='bbox 470 674 734 727; x_wconf 92' lang='lat' dir='ltr'><strong>invidiam.</strong></span> <span class='ocrx_word' id='word_1_49' title='bbox 757 674 832 726; x_wconf 84' lang='lat' dir='ltr'><strong>ita</strong></span> <span class='ocrx_word' id='word_1_50' title='bbox 861 674 1167 741; x_wconf 86' lang='lat' dir='ltr'><strong>temperavit</strong></span> <span class='ocrx_word' id='word_1_51' title='bbox 1187 674 1434 728; x_wconf 87' lang='lat' dir='ltr'><strong>Dominus</strong></span> <span class='ocrx_word' id='word_1_52' title='bbox 1456 675 1843 743; x_wconf 87' lang='lat' dir='ltr'><strong>responsionem</strong></span> 
     </span>
    </p>
   </div>
   <div class='ocr_carea' id='block_1_8' title="bbox 315 762 1842 825">
    <p class='ocr_par' dir='ltr' id='par_1_8' title="bbox 315 762 1842 825">
     <span class='ocr_line' id='line_1_8' title="bbox 315 762 1842 825; baseline 0 -11"><span class='ocrx_word' id='word_1_53' title='bbox 315 776 486 824; x_wconf 81' lang='lat' dir='ltr'><strong>suam,</strong></span> <span class='ocrx_word' id='word_1_54' title='bbox 510 771 565 814; x_wconf 89' lang='lat' dir='ltr'><strong>nt</strong></span> <span class='ocrx_word' id='word_1_55' title='bbox 594 778 689 816; x_wconf 88' lang='lat' dir='ltr'><strong>nec</strong></span> <span class='ocrx_word' id='word_1_56' title='bbox 721 764 989 815; x_wconf 73' lang='lat' dir='ltr'><strong>veritatem</strong></span> <span class='ocrx_word' id='word_1_57' title='bbox 1022 771 1238 825; x_wconf 88' lang='lat' dir='ltr'><strong>taceret,</strong></span> <span class='ocrx_word' id='word_1_58' title='bbox 1261 778 1359 815; x_wconf 86' lang='lat' dir='ltr'><strong>nec</strong></span> <span class='ocrx_word' id='word_1_59' title='bbox 1380 778 1436 816; x_wconf 90' lang='lat' dir='ltr'><strong>se</strong></span> <span class='ocrx_word' id='word_1_60' title='bbox 1463 762 1741 816; x_wconf 78' lang='lat' dir='ltr'><strong>defendere</strong></span> <span class='ocrx_word' id='word_1_61' title='bbox 1765 765 1842 814; x_wconf 90' lang='lat' dir='ltr'><strong>vi-</strong></span> 
     </span>
    </p>
   </div>
   <div class='ocr_carea' id='block_1_9' title="bbox 315 847 1844 915">
    <p class='ocr_par' dir='ltr' id='par_1_9' title="bbox 315 847 1844 915">
     <span class='ocr_line' id='line_1_9' title="bbox 315 847 1844 915; baseline 0.001 -16"><span class='ocrx_word' id='word_1_62' title='bbox 315 849 544 901; x_wconf 86' lang='lat' dir='ltr'><strong>deretur.</strong></span> <span class='ocrx_word' id='word_1_63' title='bbox 573 849 754 915; x_wconf 78' lang='lat' dir='ltr'><strong>(Vens.</strong></span> <span class='ocrx_word' id='word_1_64' title='bbox 783 849 892 915; x_wconf 67' lang='lat'><strong>‘22.)</strong></span> <span class='ocrx_word' id='word_1_65' title='bbox 943 847 1067 900; x_wconf 68' lang='lat' dir='ltr'><strong>Hice</strong></span> <span class='ocrx_word' id='word_1_66' title='bbox 1101 862 1268 902; x_wconf 84' lang='lat' dir='ltr'><strong>autem</strong></span> <span class='ocrx_word' id='word_1_67' title='bbox 1292 867 1406 901; x_wconf 89' lang='lat' dir='ltr'><strong>cum</strong></span> <span class='ocrx_word' id='word_1_68' title='bbox 1431 851 1672 912; x_wconf 70' lang='lat' dir='ltr'><strong>dixisset,</strong></span> <span class='ocrx_word' id='word_1_69' title='bbox 1715 866 1844 900; x_wconf 79' lang='lat' dir='ltr'><strong>unus</strong></span> 
     </span>
    </p>
   </div>
   <div class='ocr_carea' id='block_1_10' title="bbox 315 936 1845 1005">
    <p class='ocr_par' dir='ltr' id='par_1_10' title="bbox 315 936 1845 1005">
     <span class='ocr_line' id='line_1_10' title="bbox 315 936 1845 1005; baseline 0.001 -19"><span class='ocrx_word' id='word_1_70' title='bbox 315 937 553 987; x_wconf 74' lang='lat' dir='ltr'><strong>assistens</strong></span> <span class='ocrx_word' id='word_1_71' title='bbox 581 937 927 988; x_wconf 81' lang='lat' dir='ltr'><strong>ministrorum</strong></span> <span class='ocrx_word' id='word_1_72' title='bbox 954 937 1090 987; x_wconf 84' lang='lat' dir='ltr'><strong>dedit</strong></span> <span class='ocrx_word' id='word_1_73' title='bbox 1115 936 1317 1005; x_wconf 85' lang='lat' dir='ltr'><strong>alapam</strong></span> <span class='ocrx_word' id='word_1_74' title='bbox 1352 936 1477 989; x_wconf 78' lang='lat' dir='ltr'><strong>Jcsu</strong></span> <span class='ocrx_word' id='word_1_75' title='bbox 1504 938 1674 988; x_wconf 86' lang='lat' dir='ltr'><strong>dicens</strong></span> <span class='ocrx_word' id='word_1_76' title='bbox 1705 950 1721 985; x_wconf 89' lang='lat'><strong><em>:</em></strong></span> <span class='ocrx_word' id='word_1_77' title='bbox 1762 936 1845 987; x_wconf 79' lang='lat' dir='ltr'><strong>Sic</strong></span> 
     </span>
    </p>
   </div>
   <div class='ocr_carea' id='block_1_11' title="bbox 317 1023 1844 1092">
    <p class='ocr_par' dir='ltr' id='par_1_11' title="bbox 317 1023 1844 1092">
     <span class='ocr_line' id='line_1_11' title="bbox 317 1023 1844 1092; baseline -0.001 -16"><span class='ocrx_word' id='word_1_78' title='bbox 317 1024 582 1092; x_wconf 85' lang='lat' dir='ltr'><strong>respondes</strong></span> <span class='ocrx_word' id='word_1_79' title='bbox 602 1023 864 1092; x_wconf 78' lang='lat' dir='ltr'><strong>pontiﬁci?</strong></span> <span class='ocrx_word' id='word_1_80' title='bbox 891 1023 984 1075; x_wconf 90' lang='lat' dir='ltr'><strong>llic</strong></span> <span class='ocrx_word' id='word_1_81' title='bbox 1014 1024 1276 1091; x_wconf 88' lang='lat' dir='ltr'><strong>impletur,</strong></span> <span class='ocrx_word' id='word_1_82' title='bbox 1308 1024 1445 1091; x_wconf 92' lang='lat' dir='ltr'><strong>quod</strong></span> <span class='ocrx_word' id='word_1_83' title='bbox 1480 1024 1844 1092; x_wconf 68' lang='lat' dir='ltr'><strong>prophetatum</strong></span> 
     </span>
    </p>
   </div>
   <div class='ocr_carea' id='block_1_12' title="bbox 311 1109 1844 1185">
    <p class='ocr_par' dir='ltr' id='par_1_12' title="bbox 311 1109 1844 1185">
     <span class='ocr_line' id='line_1_12' title="bbox 311 1109 1844 1185; baseline 0.001 -25"><span class='ocrx_word' id='word_1_84' title='bbox 311 1119 395 1162; x_wconf 90' lang='lat' dir='ltr'><strong>est</strong></span> <span class='ocrx_word' id='word_1_85' title='bbox 415 1110 479 1163; x_wconf 87' lang='lat' dir='ltr'><strong>de</strong></span> <span class='ocrx_word' id='word_1_86' title='bbox 506 1124 604 1163; x_wconf 67' lang='lat' dir='ltr'><strong>eo:</strong></span> <span class='ocrx_word' id='word_1_87' title='bbox 647 1109 772 1185; x_wconf 82' lang='lat' dir='ltr'><strong>Dedi</strong></span> <span class='ocrx_word' id='word_1_88' title='bbox 801 1109 1065 1161; x_wconf 72' lang='lat' dir='ltr'><strong>maxillam</strong></span> <span class='ocrx_word' id='word_1_89' title='bbox 1096 1127 1256 1162; x_wconf 78' lang='lat' dir='ltr'><strong>meam</strong></span> <span class='ocrx_word' id='word_1_90' title='bbox 1290 1111 1698 1178; x_wconf 80' lang='lat' dir='ltr'><strong>percutientibus.</strong></span> <span class='ocrx_word' id='word_1_91' title='bbox 1723 1111 1844 1164; x_wconf 86' lang='lat' dir='ltr'><strong>Per-</strong></span> 
     </span>
    </p>
   </div>
   <div class='ocr_carea' id='block_1_13' title="bbox 313 1196 1844 1266">
    <p class='ocr_par' dir='ltr' id='par_1_13' title="bbox 313 1196 1844 1266">
     <span class='ocr_line' id='line_1_13' title="bbox 313 1196 1844 1266; baseline 0 -14"><span class='ocrx_word' id='word_1_92' title='bbox 313 1200 476 1252; x_wconf 87' lang='lat' dir='ltr'><strong>cussit</strong></span> <span class='ocrx_word' id='word_1_93' title='bbox 498 1214 616 1251; x_wconf 89' lang='lat' dir='ltr'><strong>eum</strong></span> <span class='ocrx_word' id='word_1_94' title='bbox 639 1199 785 1265; x_wconf 77' lang='lat' dir='ltr'><strong>quasi</strong></span> <span class='ocrx_word' id='word_1_95' title='bbox 817 1213 961 1251; x_wconf 86' lang='lat' dir='ltr'><strong>reum</strong></span> <span class='ocrx_word' id='word_1_96' title='bbox 993 1200 1366 1266; x_wconf 79' lang='lat' dir='ltr'><strong>responsionis,</strong></span> <span class='ocrx_word' id='word_1_97' title='bbox 1404 1200 1498 1252; x_wconf 86' lang='lat' dir='ltr'><strong>sed</strong></span> <span class='ocrx_word' id='word_1_98' title='bbox 1530 1199 1615 1251; x_wconf 92' lang='lat' dir='ltr'><strong>ille</strong></span> <span class='ocrx_word' id='word_1_99' title='bbox 1655 1196 1844 1264; x_wconf 82' lang='lat' dir='ltr'><strong>injuste</strong></span> 
     </span>
    </p>
   </div>
   <div class='ocr_carea' id='block_1_14' title="bbox 307 1284 1846 1355">
    <p class='ocr_par' dir='ltr' id='par_1_14' title="bbox 307 1284 1846 1355">
     <span class='ocr_line' id='line_1_14' title="bbox 307 1284 1846 1355; baseline -0.002 -16"><span class='ocrx_word' id='word_1_100' title='bbox 307 1301 607 1354; x_wconf 86' lang='lat' dir='ltr'><strong>percussus,</strong></span> <span class='ocrx_word' id='word_1_101' title='bbox 636 1295 906 1339; x_wconf 82' lang='lat' dir='ltr'><strong>mansuete</strong></span> <span class='ocrx_word' id='word_1_102' title='bbox 948 1286 1214 1354; x_wconf 87' lang='lat' dir='ltr'><strong>respondit</strong></span> <span class='ocrx_word' id='word_1_103' title='bbox 1241 1304 1251 1338; x_wconf 92' lang='lat'><strong>:</strong></span> <span class='ocrx_word' id='word_1_104' title='bbox 1283 1286 1461 1355; x_wconf 80' lang='lat' dir='ltr'><strong>(Vens.</strong></span> <span class='ocrx_word' id='word_1_105' title='bbox 1495 1285 1581 1352; x_wconf 73' lang='lat'><strong>25)</strong></span> <span class='ocrx_word' id='word_1_106' title='bbox 1615 1284 1671 1338; x_wconf 88' lang='lat' dir='ltr'><strong>Si</strong></span> <span class='ocrx_word' id='word_1_107' title='bbox 1713 1285 1846 1336; x_wconf 69' lang='lat' dir='ltr'><strong>male</strong></span> 
     </span>
    </p>
   </div>
   <div class='ocr_carea' id='block_1_15' title="bbox 312 1374 1844 1443">
    <p class='ocr_par' dir='ltr' id='par_1_15' title="bbox 312 1374 1844 1443">
     <span class='ocr_line' id='line_1_15' title="bbox 312 1374 1844 1443; baseline 0.001 -17"><span class='ocrx_word' id='word_1_108' title='bbox 312 1377 509 1429; x_wconf 87' lang='lat' dir='ltr'><strong>locutus</strong></span> <span class='ocrx_word' id='word_1_109' title='bbox 540 1393 671 1440; x_wconf 85' lang='lat' dir='ltr'><strong>sunt,</strong></span> <span class='ocrx_word' id='word_1_110' title='bbox 710 1376 1049 1427; x_wconf 87' lang='lat' dir='ltr'><strong>testimonium</strong></span> <span class='ocrx_word' id='word_1_111' title='bbox 1096 1376 1298 1443; x_wconf 82' lang='lat' dir='ltr'><strong>perhibe</strong></span> <span class='ocrx_word' id='word_1_112' title='bbox 1345 1377 1408 1428; x_wconf 84' lang='lat' dir='ltr'><strong>de</strong></span> <span class='ocrx_word' id='word_1_113' title='bbox 1458 1375 1611 1427; x_wconf 82' lang='lat' dir='ltr'><strong>malo.</strong></span> <span class='ocrx_word' id='word_1_114' title='bbox 1664 1374 1844 1428; x_wconf 83' lang='lat' dir='ltr'><strong>Omnis</strong></span> 
     </span>
    </p>
   </div>
   <div class='ocr_carea' id='block_1_16' title="bbox 305 1463 1840 1532">
    <p class='ocr_par' dir='ltr' id='par_1_16' title="bbox 305 1463 1840 1532">
     <span class='ocr_line' id='line_1_16' title="bbox 305 1463 1840 1532; baseline 0.001 -18"><span class='ocrx_word' id='word_1_115' title='bbox 305 1463 486 1531; x_wconf 78' lang='lat' dir='ltr'><strong>itaque</strong></span> <span class='ocrx_word' id='word_1_116' title='bbox 517 1464 604 1532; x_wconf 90' lang='lat' dir='ltr'><strong>qui</strong></span> <span class='ocrx_word' id='word_1_117' title='bbox 633 1472 826 1516; x_wconf 86' lang='lat' dir='ltr'><strong>contra</strong></span> <span class='ocrx_word' id='word_1_118' title='bbox 872 1464 1148 1517; x_wconf 81' lang='lat' dir='ltr'><strong>veritatem</strong></span> <span class='ocrx_word' id='word_1_119' title='bbox 1187 1463 1438 1530; x_wconf 86' lang='lat' dir='ltr'><strong>loquitur,</strong></span> <span class='ocrx_word' id='word_1_120' title='bbox 1489 1463 1625 1516; x_wconf 88' lang='lat' dir='ltr'><strong>male</strong></span> <span class='ocrx_word' id='word_1_121' title='bbox 1669 1463 1840 1531; x_wconf 85' lang='lat' dir='ltr'><strong>loqui-</strong></span> 
     </span>
    </p>
   </div>
   <div class='ocr_carea' id='block_1_17' title="bbox 305 1549 1843 1612">
    <p class='ocr_par' dir='ltr' id='par_1_17' title="bbox 305 1549 1843 1612">
     <span class='ocr_line' id='line_1_17' title="bbox 305 1549 1843 1612; baseline 0.003 -12"><span class='ocrx_word' id='word_1_122' title='bbox 305 1557 396 1601; x_wconf 81' lang='lat' dir='ltr'><strong>tur</strong></span> <span class='ocrx_word' id='word_1_123' title='bbox 432 1566 444 1600; x_wconf 93' lang='lat'>:</span> <span class='ocrx_word' id='word_1_124' title='bbox 482 1549 524 1601; x_wconf 89' lang='lat' dir='ltr'><strong>si</strong></span> <span class='ocrx_word' id='word_1_125' title='bbox 564 1559 739 1603; x_wconf 90' lang='lat' dir='ltr'><strong>autem</strong></span> <span class='ocrx_word' id='word_1_126' title='bbox 769 1551 1043 1603; x_wconf 81' lang='lat' dir='ltr'><strong>veritatem</strong></span> <span class='ocrx_word' id='word_1_127' title='bbox 1078 1567 1183 1604; x_wconf 87' lang='lat' dir='ltr'><strong>non</strong></span> <span class='ocrx_word' id='word_1_128' title='bbox 1213 1551 1338 1612; x_wconf 82' lang='lat' dir='ltr'><strong>dixi,</strong></span> <span class='ocrx_word' id='word_1_129' title='bbox 1387 1551 1451 1603; x_wconf 89' lang='lat' dir='ltr'><strong>da</strong></span> <span class='ocrx_word' id='word_1_130' title='bbox 1488 1551 1843 1605; x_wconf 86' lang='lat' dir='ltr'><strong>testimonium</strong></span> 
     </span>
    </p>
   </div>
   <div class='ocr_carea' id='block_1_18' title="bbox 309 1641 1840 1709">
    <p class='ocr_par' dir='ltr' id='par_1_18' title="bbox 309 1641 1840 1709">
     <span class='ocr_line' id='line_1_18' title="bbox 309 1641 1840 1709; baseline 0.002 -18"><span class='ocrx_word' id='word_1_131' title='bbox 309 1647 488 1692; x_wconf 90' lang='lat' dir='ltr'><strong>contra</strong></span> <span class='ocrx_word' id='word_1_132' title='bbox 518 1655 620 1702; x_wconf 90' lang='lat' dir='ltr'><strong>me,</strong></span> <span class='ocrx_word' id='word_1_133' title='bbox 661 1641 712 1694; x_wconf 93' lang='lat' dir='ltr'><strong>in</strong></span> <span class='ocrx_word' id='word_1_134' title='bbox 744 1656 848 1709; x_wconf 84' lang='lat' dir='ltr'><strong>quo</strong></span> <span class='ocrx_word' id='word_1_135' title='bbox 882 1642 1210 1695; x_wconf 77' lang='lat' dir='ltr'><strong>mendacium</strong></span> <span class='ocrx_word' id='word_1_136' title='bbox 1255 1642 1534 1704; x_wconf 78' lang='lat' dir='ltr'><strong>dixissem;</strong></span> <span class='ocrx_word' id='word_1_137' title='bbox 1581 1644 1626 1694; x_wconf 84' lang='lat' dir='ltr'><strong>si</strong></span> <span class='ocrx_word' id='word_1_138' title='bbox 1673 1652 1840 1694; x_wconf 82' lang='lat' dir='ltr'><strong>autem</strong></span> 
     </span>
    </p>
   </div>
   <div class='ocr_carea' id='block_1_19' title="bbox 1944 489 3471 558">
    <p class='ocr_par' dir='ltr' id='par_1_19' title="bbox 1944 489 3471 558">
     <span class='ocr_line' id='line_1_19' title="bbox 1944 489 3471 558; baseline 0 -18"><span class='ocrx_word' id='word_1_139' title='bbox 1944 508 2022 542; x_wconf 86' lang='lat' dir='ltr'><strong>me</strong></span> <span class='ocrx_word' id='word_1_140' title='bbox 2050 491 2272 557; x_wconf 77' lang='lat' dir='ltr'><strong>negabis.</strong></span> <span class='ocrx_word' id='word_1_141' title='bbox 2309 510 2326 540; x_wconf 72' lang='grc' dir='ltr'><strong>ι</strong></span> <span class='ocrx_word' id='word_1_142' title='bbox 2355 490 2457 543; x_wconf 86' lang='lat' dir='ltr'><strong>Sed</strong></span> <span class='ocrx_word' id='word_1_143' title='bbox 2502 491 2612 542; x_wconf 80' lang='lat' dir='ltr'><strong>inec</strong></span> <span class='ocrx_word' id='word_1_144' title='bbox 2648 491 2782 542; x_wconf 88' lang='lat' dir='ltr'><strong>trina</strong></span> <span class='ocrx_word' id='word_1_145' title='bbox 2811 490 3018 558; x_wconf 86' lang='lat' dir='ltr'><strong>negatio</strong></span> <span class='ocrx_word' id='word_1_146' title='bbox 3052 490 3287 549; x_wconf 83' lang='lat' dir='ltr'><strong>timoris,</strong></span> <span class='ocrx_word' id='word_1_147' title='bbox 3337 489 3471 540; x_wconf 81' lang='lat' dir='ltr'><strong>trina</strong></span> 
     </span>
    </p>
   </div>
   <div class='ocr_carea' id='block_1_20' title="bbox 1943 577 3472 630">
    <p class='ocr_par' dir='ltr' id='par_1_20' title="bbox 1943 577 3472 630">
     <span class='ocr_line' id='line_1_20' title="bbox 1943 577 3472 630; baseline -0.001 0"><span class='ocrx_word' id='word_1_148' title='bbox 1943 577 2269 630; x_wconf 84' lang='lat' dir='ltr'><strong>confessione</strong></span> <span class='ocrx_word' id='word_1_149' title='bbox 2295 579 2490 630; x_wconf 89' lang='lat' dir='ltr'><strong>amoris</strong></span> <span class='ocrx_word' id='word_1_150' title='bbox 2532 578 2766 630; x_wconf 82' lang='lat' dir='ltr'><strong>diluitur.</strong></span> <span class='ocrx_word' id='word_1_151' title='bbox 2824 577 3048 630; x_wconf 71' lang='lat' dir='ltr'><strong>Necdum</strong></span> <span class='ocrx_word' id='word_1_152' title='bbox 3092 577 3188 629; x_wconf 88' lang='lat' dir='ltr'><strong>fuit</strong></span> <span class='ocrx_word' id='word_1_153' title='bbox 3232 592 3378 628; x_wconf 88' lang='lat' dir='ltr'><strong>amor</strong></span> <span class='ocrx_word' id='word_1_154' title='bbox 3421 577 3472 629; x_wconf 90' lang='lat' dir='ltr'><strong>in</strong></span> 
     </span>
    </p>
   </div>
   <div class='ocr_carea' id='block_1_21' title="bbox 1943 664 3475 731">
    <p class='ocr_par' dir='ltr' id='par_1_21' title="bbox 1943 664 3475 731">
     <span class='ocr_line' id='line_1_21' title="bbox 1943 664 3475 731; baseline -0.001 -15"><span class='ocrx_word' id='word_1_155' title='bbox 1943 680 2025 723; x_wconf 78' lang='lat' dir='ltr'><strong>cu,</strong></span> <span class='ocrx_word' id='word_1_156' title='bbox 2063 666 2150 731; x_wconf 93' lang='lat' dir='ltr'><strong>qui</strong></span> <span class='ocrx_word' id='word_1_157' title='bbox 2180 664 2321 718; x_wconf 85' lang='lat' dir='ltr'><strong>foras</strong></span> <span class='ocrx_word' id='word_1_158' title='bbox 2370 667 2602 717; x_wconf 81' lang='lat' dir='ltr'><strong>mitteret</strong></span> <span class='ocrx_word' id='word_1_159' title='bbox 2657 670 2932 717; x_wconf 89' lang='lat' dir='ltr'><strong>timorem:</strong></span> <span class='ocrx_word' id='word_1_160' title='bbox 2963 666 3051 716; x_wconf 84' lang='lat' dir='ltr'><strong>sed</strong></span> <span class='ocrx_word' id='word_1_161' title='bbox 3107 665 3276 715; x_wconf 84' lang='lat' dir='ltr'><strong>adhuc</strong></span> <span class='ocrx_word' id='word_1_162' title='bbox 3319 665 3475 715; x_wconf 84' lang='lat' dir='ltr'><strong>timor</strong></span> 
     </span>
    </p>
   </div>
   <div class='ocr_carea' id='block_1_22' title="bbox 1945 751 3474 820">
    <p class='ocr_par' dir='ltr' id='par_1_22' title="bbox 1945 751 3474 820">
     <span class='ocr_line' id='line_1_22' title="bbox 1945 751 3474 820; baseline -0.001 -16"><span class='ocrx_word' id='word_1_163' title='bbox 1945 751 2148 804; x_wconf 72' lang='lat' dir='ltr'><strong>servilis</strong></span> <span class='ocrx_word' id='word_1_164' title='bbox 2169 752 2332 804; x_wconf 91' lang='lat' dir='ltr'><strong>valuit</strong></span> <span class='ocrx_word' id='word_1_165' title='bbox 2375 754 2424 804; x_wconf 93' lang='lat' dir='ltr'><strong>in</strong></span> <span class='ocrx_word' id='word_1_166' title='bbox 2473 754 2630 806; x_wconf 88' lang='lat' dir='ltr'><strong>corde</strong></span> <span class='ocrx_word' id='word_1_167' title='bbox 2655 754 2786 819; x_wconf 83' lang='lat' dir='ltr'><strong>ejus,</strong></span> <span class='ocrx_word' id='word_1_168' title='bbox 2840 754 2928 806; x_wconf 86' lang='lat' dir='ltr'><strong>sed</strong></span> <span class='ocrx_word' id='word_1_169' title='bbox 2979 753 3196 804; x_wconf 73' lang='lat' dir='ltr'><strong>necdum</strong></span> <span class='ocrx_word' id='word_1_170' title='bbox 3246 754 3474 820; x_wconf 79' lang='lat' dir='ltr'><strong>respexit</strong></span> 
     </span>
    </p>
   </div>
   <div class='ocr_carea' id='block_1_23' title="bbox 1943 839 3475 906">
    <p class='ocr_par' dir='ltr' id='par_1_23' title="bbox 1943 839 3475 906">
     <span class='ocr_line' id='line_1_23' title="bbox 1943 839 3475 906; baseline 0.001 -16"><span class='ocrx_word' id='word_1_171' title='bbox 1943 853 2062 890; x_wconf 90' lang='lat' dir='ltr'><strong>cum</strong></span> <span class='ocrx_word' id='word_1_172' title='bbox 2090 839 2178 905; x_wconf 90' lang='lat' dir='ltr'><strong>qui</strong></span> <span class='ocrx_word' id='word_1_173' title='bbox 2208 839 2316 900; x_wconf 63' lang='lat' dir='ltr'><strong>hate</strong></span> <span class='ocrx_word' id='word_1_174' title='bbox 2338 841 2578 906; x_wconf 65' lang='lat' dir='ltr'><strong>praedixit</strong></span> <span class='ocrx_word' id='word_1_175' title='bbox 2606 844 2671 892; x_wconf 79' lang='lat' dir='ltr'><strong>ei.</strong></span> <span class='ocrx_word' id='word_1_176' title='bbox 2711 841 2810 892; x_wconf 62' lang='lat' dir='ltr'><strong>:s&#39;cd</strong></span> <span class='ocrx_word' id='word_1_177' title='bbox 2853 850 2905 892; x_wconf 88' lang='lat' dir='ltr'><strong>et</strong></span> <span class='ocrx_word' id='word_1_178' title='bbox 2929 841 3025 892; x_wconf 89' lang='lat' dir='ltr'><strong>hoc</strong></span> <span class='ocrx_word' id='word_1_179' title='bbox 3054 854 3236 906; x_wconf 81' lang='lat' dir='ltr'><strong>magna</strong></span> <span class='ocrx_word' id='word_1_180' title='bbox 3262 841 3348 891; x_wconf 75' lang='lat' dir='ltr'><strong>ln-i</strong></span> <span class='ocrx_word' id='word_1_181' title='bbox 3371 839 3475 891; x_wconf 88' lang='lat' dir='ltr'><strong>dis-</strong></span> 
     </span>
    </p>
   </div>
   <div class='ocr_carea' id='block_1_24' title="bbox 1944 927 3474 994">
    <p class='ocr_par' dir='ltr' id='par_1_24' title="bbox 1944 927 3474 994">
     <span class='ocr_line' id='line_1_24' title="bbox 1944 927 3474 994; baseline 0 -18"><span class='ocrx_word' id='word_1_182' title='bbox 1944 927 2247 992; x_wconf 82' lang='lat' dir='ltr'><strong>pensatione</strong></span> <span class='ocrx_word' id='word_1_183' title='bbox 2277 935 2481 994; x_wconf 87' lang='lat' dir='ltr'><strong>gestum</strong></span> <span class='ocrx_word' id='word_1_184' title='bbox 2517 942 2633 979; x_wconf 88' lang='lat' dir='ltr'><strong>esse</strong></span> <span class='ocrx_word' id='word_1_185' title='bbox 2671 928 2886 979; x_wconf 87' lang='lat' dir='ltr'><strong>credere</strong></span> <span class='ocrx_word' id='word_1_186' title='bbox 2915 927 3182 985; x_wconf 81' lang='lat' dir='ltr'><strong>debemus,</strong></span> <span class='ocrx_word' id='word_1_187' title='bbox 3219 935 3474 991; x_wconf 80' lang='lat' dir='ltr'><strong>quatenus</strong></span> 
     </span>
    </p>
   </div>
   <div class='ocr_carea' id='block_1_25' title="bbox 1944 1015 3474 1078">
    <p class='ocr_par' dir='ltr' id='par_1_25' title="bbox 1944 1015 3474 1078">
     <span class='ocr_line' id='line_1_25' title="bbox 1944 1015 3474 1078; baseline -0.001 -12"><span class='ocrx_word' id='word_1_188' title='bbox 1944 1016 2047 1078; x_wconf 90' lang='lat' dir='ltr'><strong>ille,</strong></span> <span class='ocrx_word' id='word_1_189' title='bbox 2071 1017 2154 1068; x_wconf 89' lang='lat' dir='ltr'><strong>cui</strong></span> <span class='ocrx_word' id='word_1_190' title='bbox 2175 1030 2300 1068; x_wconf 87' lang='lat' dir='ltr'><strong>oves</strong></span> <span class='ocrx_word' id='word_1_191' title='bbox 2329 1031 2450 1069; x_wconf 87' lang='lat' dir='ltr'><strong>suas</strong></span> <span class='ocrx_word' id='word_1_192' title='bbox 2485 1017 2550 1067; x_wconf 91' lang='lat' dir='ltr'><strong>ad</strong></span> <span class='ocrx_word' id='word_1_193' title='bbox 2589 1016 2798 1069; x_wconf 82' lang='lat' dir='ltr'><strong>Patrem</strong></span> <span class='ocrx_word' id='word_1_194' title='bbox 2829 1016 3032 1067; x_wconf 89' lang='lat' dir='ltr'><strong>rediens</strong></span> <span class='ocrx_word' id='word_1_195' title='bbox 3056 1015 3294 1067; x_wconf 79' lang='lat' dir='ltr'><strong>Christus</strong></span> <span class='ocrx_word' id='word_1_196' title='bbox 3337 1029 3474 1067; x_wconf 86' lang='lat' dir='ltr'><strong>com-</strong></span> 
     </span>
    </p>
   </div>
   <div class='ocr_carea' id='block_1_26' title="bbox 1944 1103 3476 1172">
    <p class='ocr_par' dir='ltr' id='par_1_26' title="bbox 1944 1103 3476 1172">
     <span class='ocr_line' id='line_1_26' title="bbox 1944 1103 3476 1172; baseline -0.003 -14"><span class='ocrx_word' id='word_1_197' title='bbox 1944 1107 2285 1158; x_wconf 87' lang='lat' dir='ltr'><strong>mendaturus</strong></span> <span class='ocrx_word' id='word_1_198' title='bbox 2306 1114 2438 1166; x_wconf 88' lang='lat' dir='ltr'><strong>erat,</strong></span> <span class='ocrx_word' id='word_1_199' title='bbox 2470 1121 2563 1172; x_wconf 90' lang='lat' dir='ltr'><strong>per</strong></span> <span class='ocrx_word' id='word_1_200' title='bbox 2589 1121 2736 1156; x_wconf 79' lang='lat' dir='ltr'><strong>suam</strong></span> <span class='ocrx_word' id='word_1_201' title='bbox 2760 1106 2981 1156; x_wconf 88' lang='lat' dir='ltr'><strong>disceret</strong></span> <span class='ocrx_word' id='word_1_202' title='bbox 3007 1103 3336 1171; x_wconf 78' lang='lat' dir='ltr'><strong>fragilitatem</strong></span> <span class='ocrx_word' id='word_1_203' title='bbox 3360 1105 3476 1154; x_wconf 79' lang='lat' dir='ltr'><strong>aliis</strong></span> 
     </span>
    </p>
   </div>
   <div class='ocr_carea' id='block_1_27' title="bbox 1944 1191 3475 1260">
    <p class='ocr_par' dir='ltr' id='par_1_27' title="bbox 1944 1191 3475 1260">
     <span class='ocr_line' id='line_1_27' title="bbox 1944 1191 3475 1260; baseline 0 -17"><span class='ocrx_word' id='word_1_204' title='bbox 1944 1192 2271 1256; x_wconf 85' lang='lat' dir='ltr'><strong>misereri,et</strong></span> <span class='ocrx_word' id='word_1_205' title='bbox 2298 1191 2521 1244; x_wconf 85' lang='lat' dir='ltr'><strong>fratrum</strong></span> <span class='ocrx_word' id='word_1_206' title='bbox 2550 1192 2730 1258; x_wconf 88' lang='lat' dir='ltr'><strong>culpas</strong></span> <span class='ocrx_word' id='word_1_207' title='bbox 2755 1193 3038 1260; x_wconf 82' lang='lat' dir='ltr'><strong>ignoscere,</strong></span> <span class='ocrx_word' id='word_1_208' title='bbox 3066 1194 3184 1244; x_wconf 90' lang='lat' dir='ltr'><strong>dum</strong></span> <span class='ocrx_word' id='word_1_209' title='bbox 3210 1207 3356 1243; x_wconf 81' lang='lat' dir='ltr'><strong>suum</strong></span> <span class='ocrx_word' id='word_1_210' title='bbox 3398 1207 3475 1243; x_wconf 54' lang='lat' dir='ltr'><strong>re.</strong></span> 
     </span>
    </p>
   </div>
   <div class='ocr_carea' id='block_1_28' title="bbox 1940 1280 3481 1350">
    <p class='ocr_par' dir='ltr' id='par_1_28' title="bbox 1940 1280 3481 1350">
     <span class='ocr_line' id='line_1_28' title="bbox 1940 1280 3481 1350; baseline -0.001 -16"><span class='ocrx_word' id='word_1_211' title='bbox 1940 1284 2249 1336; x_wconf 84' lang='lat' dir='ltr'><strong>eordaretur</strong></span> <span class='ocrx_word' id='word_1_212' title='bbox 2272 1292 2564 1350; x_wconf 89' lang='lat' dir='ltr'><strong>peccatum,</strong></span> <span class='ocrx_word' id='word_1_213' title='bbox 2586 1291 2634 1335; x_wconf 89' lang='lat' dir='ltr'><strong>et</strong></span> <span class='ocrx_word' id='word_1_214' title='bbox 2654 1284 2874 1336; x_wconf 85' lang='lat' dir='ltr'><strong>aliorum</strong></span> <span class='ocrx_word' id='word_1_215' title='bbox 2897 1283 3124 1350; x_wconf 88' lang='lat' dir='ltr'><strong>compati</strong></span> <span class='ocrx_word' id='word_1_216' title='bbox 3166 1290 3343 1348; x_wconf 88' lang='lat' dir='ltr'><strong>posset</strong></span> <span class='ocrx_word' id='word_1_217' title='bbox 3381 1280 3481 1332; x_wconf 84' lang='lat' dir='ltr'><strong>fra-</strong></span> 
     </span>
    </p>
   </div>
   <div class='ocr_carea' id='block_1_29' title="bbox 1943 1368 3474 1436">
    <p class='ocr_par' dir='ltr' id='par_1_29' title="bbox 1943 1368 3474 1436">
     <span class='ocr_line' id='line_1_29' title="bbox 1943 1368 3474 1436; baseline -0.001 -16"><span class='ocrx_word' id='word_1_218' title='bbox 1943 1369 2254 1436; x_wconf 88' lang='lat' dir='ltr'><strong>gilitati,qui</strong></span> <span class='ocrx_word' id='word_1_219' title='bbox 2281 1370 2358 1421; x_wconf 90' lang='lat' dir='ltr'><strong>sui</strong></span> <span class='ocrx_word' id='word_1_220' title='bbox 2387 1385 2542 1422; x_wconf 89' lang='lat' dir='ltr'><strong>casus</strong></span> <span class='ocrx_word' id='word_1_221' title='bbox 2573 1370 2786 1436; x_wconf 81' lang='lat' dir='ltr'><strong>ignarus</strong></span> <span class='ocrx_word' id='word_1_222' title='bbox 2825 1383 2925 1420; x_wconf 91' lang='lat' dir='ltr'><strong>non</strong></span> <span class='ocrx_word' id='word_1_223' title='bbox 2952 1377 3110 1421; x_wconf 86' lang='lat' dir='ltr'><strong>esset.</strong></span> <span class='ocrx_word' id='word_1_224' title='bbox 3141 1368 3356 1420; x_wconf 78' lang='lat' dir='ltr'><strong>Peracta</strong></span> <span class='ocrx_word' id='word_1_225' title='bbox 3381 1368 3474 1419; x_wconf 88' lang='lat' dir='ltr'><strong>ita-</strong></span> 
     </span>
    </p>
   </div>
   <div class='ocr_carea' id='block_1_30' title="bbox 1943 1455 3474 1524">
    <p class='ocr_par' dir='ltr' id='par_1_30' title="bbox 1943 1455 3474 1524">
     <span class='ocr_line' id='line_1_30' title="bbox 1943 1455 3474 1524; baseline -0.003 -16"><span class='ocrx_word' id='word_1_226' title='bbox 1943 1471 2044 1523; x_wconf 88' lang='lat' dir='ltr'><strong>que</strong></span> <span class='ocrx_word' id='word_1_227' title='bbox 2067 1458 2200 1508; x_wconf 88' lang='lat' dir='ltr'><strong>trina</strong></span> <span class='ocrx_word' id='word_1_228' title='bbox 2223 1457 2320 1510; x_wconf 87' lang='lat' dir='ltr'><strong>hac</strong></span> <span class='ocrx_word' id='word_1_229' title='bbox 2341 1459 2613 1524; x_wconf 84' lang='lat' dir='ltr'><strong>negatione</strong></span> <span class='ocrx_word' id='word_1_230' title='bbox 2633 1456 2788 1518; x_wconf 87' lang='lat' dir='ltr'><strong>Petri,</strong></span> <span class='ocrx_word' id='word_1_231' title='bbox 2811 1471 3048 1509; x_wconf 85' lang='lat' dir='ltr'><strong>reversus</strong></span> <span class='ocrx_word' id='word_1_232' title='bbox 3063 1464 3140 1508; x_wconf 77' lang='lat' dir='ltr'><strong>est</strong></span> <span class='ocrx_word' id='word_1_233' title='bbox 3162 1455 3474 1522; x_wconf 78' lang='lat' dir='ltr'><strong>evangelista</strong></span> 
     </span>
    </p>
   </div>
   <div class='ocr_carea' id='block_1_31' title="bbox 1942 1544 3470 1611">
    <p class='ocr_par' dir='ltr' id='par_1_31' title="bbox 1942 1544 3470 1611">
     <span class='ocr_line' id='line_1_31' title="bbox 1942 1544 3470 1611; baseline -0.004 -11"><span class='ocrx_word' id='word_1_234' title='bbox 1942 1550 2008 1601; x_wconf 92' lang='lat' dir='ltr'><strong>ad</strong></span> <span class='ocrx_word' id='word_1_235' title='bbox 2030 1549 2266 1602; x_wconf 85' lang='lat' dir='ltr'><strong>ordinem</strong></span> <span class='ocrx_word' id='word_1_236' title='bbox 2312 1548 2628 1600; x_wconf 83' lang='lat' dir='ltr'><strong>narrationis</strong></span> <span class='ocrx_word' id='word_1_237' title='bbox 2675 1562 2819 1608; x_wconf 68' lang='lat' dir='ltr'><strong>sum,</strong></span> <span class='ocrx_word' id='word_1_238' title='bbox 2870 1547 2958 1598; x_wconf 85' lang='lat' dir='ltr'><strong>ubi</strong></span> <span class='ocrx_word' id='word_1_239' title='bbox 3007 1561 3120 1597; x_wconf 87' lang='lat' dir='ltr'><strong>eam</strong></span> <span class='ocrx_word' id='word_1_240' title='bbox 3173 1544 3470 1611; x_wconf 76' lang='lat' dir='ltr'><strong>reliquerat.</strong></span> 
     </span>
    </p>
   </div>
   <div class='ocr_carea' id='block_1_32' title="bbox 2016 1633 3475 1702">
    <p class='ocr_par' dir='ltr' id='par_1_32' title="bbox 2016 1633 3475 1702">
     <span class='ocr_line' id='line_1_32' title="bbox 2016 1633 3475 1702; baseline -0.005 -12"><span class='ocrx_word' id='word_1_241' title='bbox 2016 1637 2171 1690; x_wconf 78' lang='lat' dir='ltr'><strong>Vens.</strong></span> <span class='ocrx_word' id='word_1_242' title='bbox 2196 1637 2282 1690; x_wconf 70' lang='grc'><strong>28.</strong></span> <span class='ocrx_word' id='word_1_243' title='bbox 2305 1667 2372 1677; x_wconf 90' lang='grc'><strong><em>-</em></strong></span> <span class='ocrx_word' id='word_1_244' title='bbox 2394 1637 2665 1689; x_wconf 78' lang='lat' dir='ltr'><strong>Adducunt</strong></span> <span class='ocrx_word' id='word_1_245' title='bbox 2689 1653 2827 1702; x_wconf 86' lang='lat' dir='ltr'><strong>ergo,</strong></span> <span class='ocrx_word' id='word_1_246' title='bbox 2862 1636 3046 1701; x_wconf 89' lang='lat' dir='ltr'><strong>inquit,</strong></span> <span class='ocrx_word' id='word_1_247' title='bbox 3076 1635 3249 1686; x_wconf 83' lang='lat' dir='ltr'><strong>Jesum</strong></span> <span class='ocrx_word' id='word_1_248' title='bbox 3274 1636 3338 1684; x_wconf 91' lang='lat' dir='ltr'><strong>ad</strong></span> <span class='ocrx_word' id='word_1_249' title='bbox 3361 1633 3475 1685; x_wconf 83' lang='lat' dir='ltr'><strong>Cai-</strong></span> 
     </span>
    </p>
   </div>
   <div class='ocr_carea' id='block_1_33' title="bbox 308 1716 3471 1796">
    <p class='ocr_par' dir='ltr' id='par_1_33' title="bbox 308 1716 3471 1796">
     <span class='ocr_line' id='line_1_33' title="bbox 308 1716 3471 1796; baseline -0.002 -21"><span class='ocrx_word' id='word_1_250' title='bbox 308 1725 448 1789; x_wconf 87' lang='lat' dir='ltr'><strong>bene,</strong></span> <span class='ocrx_word' id='word_1_251' title='bbox 483 1727 533 1779; x_wconf 91' lang='lat' dir='ltr'><strong>id</strong></span> <span class='ocrx_word' id='word_1_252' title='bbox 560 1735 660 1789; x_wconf 84' lang='lat' dir='ltr'><strong>est,</strong></span> <span class='ocrx_word' id='word_1_253' title='bbox 687 1741 829 1789; x_wconf 86' lang='lat' dir='ltr'><strong>vere,</strong></span> <span class='ocrx_word' id='word_1_254' title='bbox 859 1727 984 1796; x_wconf 85' lang='lat' dir='ltr'><strong>quid</strong></span> <span class='ocrx_word' id='word_1_255' title='bbox 1007 1743 1084 1779; x_wconf 86' lang='lat' dir='ltr'><strong>me</strong></span> <span class='ocrx_word' id='word_1_256' title='bbox 1111 1727 1304 1779; x_wconf 72' lang='lat' dir='ltr'><strong>aedis?</strong></span> <span class='ocrx_word' id='word_1_257' title='bbox 1331 1727 1463 1792; x_wconf 88' lang='lat' dir='ltr'><strong>Quid</strong></span> <span class='ocrx_word' id='word_1_258' title='bbox 1488 1728 1588 1781; x_wconf 87' lang='lat' dir='ltr'><strong>ista</strong></span> <span class='ocrx_word' id='word_1_259' title='bbox 1619 1743 1836 1796; x_wconf 87' lang='lat' dir='ltr'><strong>respon-</strong></span> <span class='ocrx_word' id='word_1_260' title='bbox 1871 1716 1912 1772; x_wconf 81' lang='grc' dir='ltr'><strong>Β</strong></span> <span class='ocrx_word' id='word_1_261' title='bbox 1939 1725 2090 1793; x_wconf 82' lang='lat' dir='ltr'><strong>pham</strong></span> <span class='ocrx_word' id='word_1_262' title='bbox 2116 1726 2168 1776; x_wconf 83' lang='lat' dir='ltr'><strong>in</strong></span> <span class='ocrx_word' id='word_1_263' title='bbox 2192 1726 2504 1791; x_wconf 81' lang='lat' dir='ltr'><strong>prtctorium.</strong></span> <span class='ocrx_word' id='word_1_264' title='bbox 2541 1742 2558 1772; x_wconf 76' lang='grc' dir='ltr'>ι</span> <span class='ocrx_word' id='word_1_265' title='bbox 2589 1736 2611 1762; x_wconf 68' lang='grc' dir='ltr'>α</span> <span class='ocrx_word' id='word_1_266' title='bbox 2646 1722 2722 1774; x_wconf 76' lang='lat' dir='ltr'><strong>Ad</strong></span> <span class='ocrx_word' id='word_1_267' title='bbox 2752 1724 3003 1789; x_wconf 85' lang='lat' dir='ltr'><strong>Caipham</strong></span> <span class='ocrx_word' id='word_1_268' title='bbox 3027 1726 3214 1789; x_wconf 87' lang='lat' dir='ltr'><strong>quippe</strong></span> <span class='ocrx_word' id='word_1_269' title='bbox 3240 1723 3306 1773; x_wconf 89' lang='lat' dir='ltr'><strong>ab</strong></span> <span class='ocrx_word' id='word_1_270' title='bbox 3325 1721 3471 1771; x_wconf 80' lang='lat' dir='ltr'><strong>Anna</strong></span> 
     </span>
    </p>
   </div>
   <div class='ocr_carea' id='block_1_34' title="bbox 308 1811 1839 1882">
    <p class='ocr_par' dir='ltr' id='par_1_34' title="bbox 308 1811 1839 1882">
     <span class='ocr_line' id='line_1_34' title="bbox 308 1811 1839 1882; baseline 0.003 -19"><span class='ocrx_word' id='word_1_271' title='bbox 308 1811 453 1864; x_wconf 87' lang='lat' dir='ltr'><strong>sione</strong></span> <span class='ocrx_word' id='word_1_272' title='bbox 480 1813 676 1876; x_wconf 89' lang='lat' dir='ltr'><strong>verius,</strong></span> <span class='ocrx_word' id='word_1_273' title='bbox 717 1812 1038 1865; x_wconf 84' lang='lat' dir='ltr'><strong>mansuetius</strong></span> <span class='ocrx_word' id='word_1_274' title='bbox 1066 1850 1079 1873; x_wconf 95' lang='lat'><strong>,</strong></span> <span class='ocrx_word' id='word_1_275' title='bbox 1124 1811 1350 1879; x_wconf 85' lang='lat' dir='ltr'><strong>justius?</strong></span> <span class='ocrx_word' id='word_1_276' title='bbox 1404 1830 1421 1861; x_wconf 75' lang='grc' dir='ltr'>ι</span> <span class='ocrx_word' id='word_1_277' title='bbox 1453 1813 1510 1866; x_wconf 81' lang='lat' dir='ltr'><strong>Si</strong></span> <span class='ocrx_word' id='word_1_278' title='bbox 1550 1813 1839 1882; x_wconf 76' lang='lat' dir='ltr'><strong>cogitemus</strong></span> 
     </span>
    </p>
   </div>
   <div class='ocr_carea' id='block_1_35' title="bbox 305 1900 1842 1970">
    <p class='ocr_par' dir='ltr' id='par_1_35' title="bbox 305 1900 1842 1970">
     <span class='ocr_line' id='line_1_35' title="bbox 305 1900 1842 1970; baseline 0.003 -19"><span class='ocrx_word' id='word_1_279' title='bbox 305 1900 424 1967; x_wconf 86' lang='lat' dir='ltr'><strong>quis</strong></span> <span class='ocrx_word' id='word_1_280' title='bbox 447 1901 706 1970; x_wconf 87' lang='lat' dir='ltr'><strong>acceperit</strong></span> <span class='ocrx_word' id='word_1_281' title='bbox 732 1901 955 1968; x_wconf 86' lang='lat' dir='ltr'><strong>alapam,</strong></span> <span class='ocrx_word' id='word_1_282' title='bbox 985 1914 1155 1954; x_wconf 89' lang='lat' dir='ltr'><strong>nonne</strong></span> <span class='ocrx_word' id='word_1_283' title='bbox 1183 1901 1434 1955; x_wconf 83' lang='lat' dir='ltr'><strong>vellemus</strong></span> <span class='ocrx_word' id='word_1_284' title='bbox 1454 1915 1575 1954; x_wconf 89' lang='lat' dir='ltr'><strong>eum</strong></span> <span class='ocrx_word' id='word_1_285' title='bbox 1611 1904 1700 1969; x_wconf 88' lang='lat' dir='ltr'><strong>qui</strong></span> <span class='ocrx_word' id='word_1_286' title='bbox 1724 1918 1842 1970; x_wconf 79' lang='lat' dir='ltr'><strong>pcr-</strong></span> 
     </span>
    </p>
   </div>
   <div class='ocr_carea' id='block_1_36' title="bbox 299 1990 1840 2056">
    <p class='ocr_par' dir='ltr' id='par_1_36' title="bbox 299 1990 1840 2056">
     <span class='ocr_line' id='line_1_36' title="bbox 299 1990 1840 2056; baseline 0.003 -15"><span class='ocrx_word' id='word_1_287' title='bbox 299 1991 490 2054; x_wconf 76' lang='lat' dir='ltr'><strong>cussit,</strong></span> <span class='ocrx_word' id='word_1_288' title='bbox 524 1999 613 2043; x_wconf 91' lang='lat' dir='ltr'><strong>aut</strong></span> <span class='ocrx_word' id='word_1_289' title='bbox 643 1990 842 2044; x_wconf 72' lang='lat' dir='ltr'><strong>cmlesti</strong></span> <span class='ocrx_word' id='word_1_290' title='bbox 893 1991 1011 2056; x_wconf 82' lang='lat' dir='ltr'><strong>igne</strong></span> <span class='ocrx_word' id='word_1_291' title='bbox 1053 1990 1324 2051; x_wconf 90' lang='lat' dir='ltr'><strong>consumi,</strong></span> <span class='ocrx_word' id='word_1_292' title='bbox 1374 1998 1468 2043; x_wconf 85' lang='lat' dir='ltr'><strong>aut</strong></span> <span class='ocrx_word' id='word_1_293' title='bbox 1514 2000 1651 2044; x_wconf 89' lang='lat' dir='ltr'><strong>terra</strong></span> <span class='ocrx_word' id='word_1_294' title='bbox 1689 1994 1840 2046; x_wconf 86' lang='lat' dir='ltr'><strong>dehi—</strong></span> 
     </span>
    </p>
   </div>
   <div class='ocr_carea' id='block_1_37' title="bbox 305 2079 1842 2146">
    <p class='ocr_par' dir='ltr' id='par_1_37' title="bbox 305 2079 1842 2146">
     <span class='ocr_line' id='line_1_37' title="bbox 305 2079 1842 2146; baseline 0.001 -14"><span class='ocrx_word' id='word_1_295' title='bbox 305 2089 485 2133; x_wconf 86' lang='lat' dir='ltr'><strong>scente</strong></span> <span class='ocrx_word' id='word_1_296' title='bbox 537 2081 757 2140; x_wconf 81' lang='lat' dir='ltr'><strong>sorberi,</strong></span> <span class='ocrx_word' id='word_1_297' title='bbox 800 2088 890 2132; x_wconf 89' lang='lat' dir='ltr'><strong>aut</strong></span> <span class='ocrx_word' id='word_1_298' title='bbox 940 2088 1236 2146; x_wconf 88' lang='lat' dir='ltr'><strong>correptum</strong></span> <span class='ocrx_word' id='word_1_299' title='bbox 1286 2079 1542 2133; x_wconf 66' lang='lat' dir='ltr'><strong>daamonio</strong></span> <span class='ocrx_word' id='word_1_300' title='bbox 1586 2080 1842 2134; x_wconf 87' lang='lat' dir='ltr'><strong>volutari?</strong></span> 
     </span>
    </p>
   </div>
   <div class='ocr_carea' id='block_1_38' title="bbox 302 2165 1839 2238">
    <p class='ocr_par' dir='ltr' id='par_1_38' title="bbox 302 2165 1839 2238">
     <span class='ocr_line' id='line_1_38' title="bbox 302 2165 1839 2238; baseline 0.001 -17"><span class='ocrx_word' id='word_1_301' title='bbox 302 2165 440 2233; x_wconf 74' lang='lat' dir='ltr'><strong>Quid</strong></span> <span class='ocrx_word' id='word_1_302' title='bbox 475 2169 614 2222; x_wconf 89' lang='lat' dir='ltr'><strong>enim</strong></span> <span class='ocrx_word' id='word_1_303' title='bbox 644 2169 830 2222; x_wconf 82' lang='lat' dir='ltr'><strong>horum</strong></span> <span class='ocrx_word' id='word_1_304' title='bbox 858 2182 953 2236; x_wconf 89' lang='lat' dir='ltr'><strong>per</strong></span> <span class='ocrx_word' id='word_1_305' title='bbox 979 2169 1264 2235; x_wconf 81' lang='lat' dir='ltr'><strong>potentiam</strong></span> <span class='ocrx_word' id='word_1_306' title='bbox 1289 2167 1476 2235; x_wconf 81' lang='lat' dir='ltr'><strong>jubere</strong></span> <span class='ocrx_word' id='word_1_307' title='bbox 1511 2184 1613 2222; x_wconf 88' lang='lat' dir='ltr'><strong>non</strong></span> <span class='ocrx_word' id='word_1_308' title='bbox 1639 2167 1839 2238; x_wconf 87' lang='lat' dir='ltr'><strong>potuis-</strong></span> 
     </span>
    </p>
   </div>
   <div class='ocr_carea' id='block_1_39' title="bbox 306 2255 1840 2326">
    <p class='ocr_par' dir='ltr' id='par_1_39' title="bbox 306 2255 1840 2326">
     <span class='ocr_line' id='line_1_39' title="bbox 306 2255 1840 2326; baseline -0.001 -16"><span class='ocrx_word' id='word_1_309' title='bbox 306 2265 405 2317; x_wconf 91' lang='lat' dir='ltr'><strong>set,</strong></span> <span class='ocrx_word' id='word_1_310' title='bbox 432 2272 523 2326; x_wconf 90' lang='lat' dir='ltr'><strong>per</strong></span> <span class='ocrx_word' id='word_1_311' title='bbox 545 2271 699 2325; x_wconf 89' lang='lat' dir='ltr'><strong>quem</strong></span> <span class='ocrx_word' id='word_1_312' title='bbox 743 2255 910 2310; x_wconf 82' lang='lat' dir='ltr'><strong>laetus</strong></span> <span class='ocrx_word' id='word_1_313' title='bbox 959 2264 1040 2309; x_wconf 90' lang='lat' dir='ltr'><strong>est</strong></span> <span class='ocrx_word' id='word_1_314' title='bbox 1072 2257 1336 2318; x_wconf 87' lang='lat' dir='ltr'><strong>mundus,</strong></span> <span class='ocrx_word' id='word_1_315' title='bbox 1391 2257 1490 2308; x_wconf 91' lang='lat' dir='ltr'><strong>nisi</strong></span> <span class='ocrx_word' id='word_1_316' title='bbox 1535 2256 1840 2324; x_wconf 88' lang='lat' dir='ltr'><strong>patientiam</strong></span> 
     </span>
    </p>
   </div>
   <div class='ocr_carea' id='block_1_40' title="bbox 304 2346 1838 2416">
    <p class='ocr_par' dir='ltr' id='par_1_40' title="bbox 304 2346 1838 2416">
     <span class='ocr_line' id='line_1_40' title="bbox 304 2346 1838 2416; baseline -0.005 -12"><span class='ocrx_word' id='word_1_317' title='bbox 304 2366 402 2404; x_wconf 89' lang='lat' dir='ltr'><strong>nos</strong></span> <span class='ocrx_word' id='word_1_318' title='bbox 429 2351 614 2404; x_wconf 87' lang='lat' dir='ltr'><strong>docere</strong></span> <span class='ocrx_word' id='word_1_319' title='bbox 641 2350 927 2409; x_wconf 87' lang='lat' dir='ltr'><strong>maluisset,</strong></span> <span class='ocrx_word' id='word_1_320' title='bbox 951 2364 980 2400; x_wconf 90' lang='lat' dir='ltr'><strong>a</strong></span> <span class='ocrx_word' id='word_1_321' title='bbox 1026 2363 1127 2416; x_wconf 92' lang='lat' dir='ltr'><strong>quo</strong></span> <span class='ocrx_word' id='word_1_322' title='bbox 1155 2347 1382 2400; x_wconf 86' lang='lat' dir='ltr'><strong>vincitur</strong></span> <span class='ocrx_word' id='word_1_323' title='bbox 1408 2348 1632 2400; x_wconf 88' lang='lat' dir='ltr'><strong>mundus</strong></span> <span class='ocrx_word' id='word_1_324' title='bbox 1661 2346 1838 2416; x_wconf 79' lang='lat' dir='ltr'><strong>[Aug.,</strong></span> 
     </span>
    </p>
   </div>
   <div class='ocr_carea' id='block_1_41' title="bbox 308 2434 1842 2506">
    <p class='ocr_par' dir='ltr' id='par_1_41' title="bbox 308 2434 1842 2506">
     <span class='ocr_line' id='line_1_41' title="bbox 308 2434 1842 2506; baseline -0.003 -14"><span class='ocrx_word' id='word_1_325' title='bbox 308 2455 411 2506; x_wconf 86' lang='lat' dir='ltr'><strong>qua</strong></span> <span class='ocrx_word' id='word_1_326' title='bbox 442 2439 666 2492; x_wconf 89' lang='lat' dir='ltr'><strong>vincitur</strong></span> <span class='ocrx_word' id='word_1_327' title='bbox 693 2437 974 2506; x_wconf 87' lang='lat' dir='ltr'><strong>mundus]?</strong></span> <span class='ocrx_word' id='word_1_328' title='bbox 1011 2456 1028 2486; x_wconf 76' lang='grc' dir='ltr'><strong><em>ι</em></strong></span> <span class='ocrx_word' id='word_1_329' title='bbox 1069 2436 1226 2490; x_wconf 86' lang='lat' dir='ltr'><strong>Forte</strong></span> <span class='ocrx_word' id='word_1_330' title='bbox 1257 2435 1445 2503; x_wconf 87' lang='lat' dir='ltr'><strong>aliquis</strong></span> <span class='ocrx_word' id='word_1_331' title='bbox 1473 2434 1630 2505; x_wconf 73' lang='lat'><strong>625</strong></span> <span class='ocrx_word' id='word_1_332' title='bbox 1655 2437 1740 2488; x_wconf 92' lang='lat' dir='ltr'><strong>hic</strong></span> <span class='ocrx_word' id='word_1_333' title='bbox 1767 2437 1842 2488; x_wconf 84' lang='lat' dir='ltr'><strong>di-</strong></span> 
     </span>
    </p>
   </div>
   <div class='ocr_carea' id='block_1_42' title="bbox 304 2526 1843 2594">
    <p class='ocr_par' dir='ltr' id='par_1_42' title="bbox 304 2526 1843 2594">
     <span class='ocr_line' id='line_1_42' title="bbox 304 2526 1843 2594; baseline -0.001 -13"><span class='ocrx_word' id='word_1_334' title='bbox 304 2529 398 2589; x_wconf 91' lang='lat' dir='ltr'><strong>cit,</strong></span> <span class='ocrx_word' id='word_1_335' title='bbox 429 2542 589 2594; x_wconf 86' lang='lat' dir='ltr'><strong>quare</strong></span> <span class='ocrx_word' id='word_1_336' title='bbox 633 2527 850 2580; x_wconf 86' lang='lat' dir='ltr'><strong>alteram</strong></span> <span class='ocrx_word' id='word_1_337' title='bbox 887 2526 1150 2579; x_wconf 81' lang='lat' dir='ltr'><strong>maxillam</strong></span> <span class='ocrx_word' id='word_1_338' title='bbox 1201 2527 1511 2592; x_wconf 88' lang='lat' dir='ltr'><strong>percutienti</strong></span> <span class='ocrx_word' id='word_1_339' title='bbox 1543 2541 1645 2579; x_wconf 90' lang='lat' dir='ltr'><strong>non</strong></span> <span class='ocrx_word' id='word_1_340' title='bbox 1691 2527 1843 2579; x_wconf 87' lang='lat' dir='ltr'><strong>daret</strong></span> 
     </span>
    </p>
   </div>
   <div class='ocr_carea' id='block_1_43' title="bbox 310 2610 1841 2680">
    <p class='ocr_par' dir='ltr' id='par_1_43' title="bbox 310 2610 1841 2680">
     <span class='ocr_line' id='line_1_43' title="bbox 310 2610 1841 2680; baseline 0 -14"><span class='ocrx_word' id='word_1_341' title='bbox 310 2613 592 2666; x_wconf 86' lang='lat' dir='ltr'><strong>secundum</strong></span> <span class='ocrx_word' id='word_1_342' title='bbox 619 2621 934 2680; x_wconf 73' lang='lat' dir='ltr'><strong>prmceptnm</strong></span> <span class='ocrx_word' id='word_1_343' title='bbox 965 2627 1114 2664; x_wconf 89' lang='lat' dir='ltr'><strong>suum</strong></span> <span class='ocrx_word' id='word_1_344' title='bbox 1149 2610 1355 2680; x_wconf 79' lang='lat' dir='ltr'><strong>(Matth.</strong></span> <span class='ocrx_word' id='word_1_345' title='bbox 1388 2628 1436 2670; x_wconf 90' lang='lat' dir='ltr'><strong>v,</strong></span> <span class='ocrx_word' id='word_1_346' title='bbox 1469 2612 1591 2679; x_wconf 78' lang='lat'><strong>39)?</strong></span> <span class='ocrx_word' id='word_1_347' title='bbox 1617 2612 1729 2665; x_wconf 84' lang='lat' dir='ltr'><strong>Non</strong></span> <span class='ocrx_word' id='word_1_348' title='bbox 1757 2627 1841 2666; x_wconf 83' lang='lat' dir='ltr'><strong>so-</strong></span> 
     </span>
    </p>
   </div>
   <div class='ocr_carea' id='block_1_44' title="bbox 309 2700 1842 2768">
    <p class='ocr_par' dir='ltr' id='par_1_44' title="bbox 309 2700 1842 2768">
     <span class='ocr_line' id='line_1_44' title="bbox 309 2700 1842 2768; baseline 0.003 -17"><span class='ocrx_word' id='word_1_349' title='bbox 309 2700 414 2753; x_wconf 87' lang='lat' dir='ltr'><strong>lum</strong></span> <span class='ocrx_word' id='word_1_350' title='bbox 437 2702 611 2768; x_wconf 89' lang='lat' dir='ltr'><strong>itaque</strong></span> <span class='ocrx_word' id='word_1_351' title='bbox 635 2701 850 2753; x_wconf 87' lang='lat' dir='ltr'><strong>alteram</strong></span> <span class='ocrx_word' id='word_1_352' title='bbox 901 2702 1042 2754; x_wconf 88' lang='lat' dir='ltr'><strong>dedit</strong></span> <span class='ocrx_word' id='word_1_353' title='bbox 1076 2701 1337 2754; x_wconf 74' lang='lat' dir='ltr'><strong>maxillam</strong></span> <span class='ocrx_word' id='word_1_354' title='bbox 1365 2703 1710 2768; x_wconf 89' lang='lat' dir='ltr'><strong>percutienti,</strong></span> <span class='ocrx_word' id='word_1_355' title='bbox 1750 2704 1842 2756; x_wconf 89' lang='lat' dir='ltr'><strong>sed</strong></span> 
     </span>
    </p>
   </div>
   <div class='ocr_carea' id='block_1_45' title="bbox 305 2787 1838 2858">
    <p class='ocr_par' dir='ltr' id='par_1_45' title="bbox 305 2787 1838 2858">
     <span class='ocr_line' id='line_1_45' title="bbox 305 2787 1838 2858; baseline 0.003 -21"><span class='ocrx_word' id='word_1_356' title='bbox 305 2787 464 2838; x_wconf 84' lang='lat' dir='ltr'><strong>etiam</strong></span> <span class='ocrx_word' id='word_1_357' title='bbox 495 2796 657 2840; x_wconf 89' lang='lat' dir='ltr'><strong>totum</strong></span> <span class='ocrx_word' id='word_1_358' title='bbox 682 2803 868 2854; x_wconf 92' lang='lat' dir='ltr'><strong>corpus</strong></span> <span class='ocrx_word' id='word_1_359' title='bbox 893 2803 1042 2840; x_wconf 90' lang='lat' dir='ltr'><strong>suum</strong></span> <span class='ocrx_word' id='word_1_360' title='bbox 1078 2789 1140 2840; x_wconf 89' lang='lat' dir='ltr'><strong>ad</strong></span> <span class='ocrx_word' id='word_1_361' title='bbox 1163 2788 1570 2858; x_wconf 84' lang='lat' dir='ltr'><strong>cruciligendum</strong></span> <span class='ocrx_word' id='word_1_362' title='bbox 1598 2790 1838 2851; x_wconf 88' lang='lat' dir='ltr'><strong>tradidit,</strong></span> 
     </span>
    </p>
   </div>
   <div class='ocr_carea' id='block_1_46' title="bbox 308 2873 1839 2943">
    <p class='ocr_par' dir='ltr' id='par_1_46' title="bbox 308 2873 1839 2943">
     <span class='ocr_line' id='line_1_46' title="bbox 308 2873 1839 2943; baseline 0.003 -18"><span class='ocrx_word' id='word_1_363' title='bbox 308 2882 360 2925; x_wconf 89' lang='lat' dir='ltr'><strong>et</strong></span> <span class='ocrx_word' id='word_1_364' title='bbox 390 2875 553 2942; x_wconf 80' lang='lat' dir='ltr'><strong>magis</strong></span> <span class='ocrx_word' id='word_1_365' title='bbox 581 2873 690 2926; x_wconf 87' lang='lat' dir='ltr'><strong>vult</strong></span> <span class='ocrx_word' id='word_1_366' title='bbox 735 2884 992 2943; x_wconf 70' lang='lat' dir='ltr'><strong>prmcepta</strong></span> <span class='ocrx_word' id='word_1_367' title='bbox 1033 2890 1124 2930; x_wconf 87' lang='lat' dir='ltr'><strong>sua</strong></span> <span class='ocrx_word' id='word_1_368' title='bbox 1146 2875 1398 2930; x_wconf 89' lang='lat' dir='ltr'><strong>Dominus</strong></span> <span class='ocrx_word' id='word_1_369' title='bbox 1423 2878 1473 2930; x_wconf 91' lang='lat' dir='ltr'><strong>in</strong></span> <span class='ocrx_word' id='word_1_370' title='bbox 1499 2878 1672 2931; x_wconf 85' lang='lat' dir='ltr'><strong>cordis</strong></span> <span class='ocrx_word' id='word_1_371' title='bbox 1699 2887 1839 2930; x_wconf 86' lang='lat' dir='ltr'><strong>tran-</strong></span> 
     </span>
    </p>
   </div>
   <div class='ocr_carea' id='block_1_47' title="bbox 302 2964 1839 3034">
    <p class='ocr_par' dir='ltr' id='par_1_47' title="bbox 302 2964 1839 3034">
     <span class='ocr_line' id='line_1_47' title="bbox 302 2964 1839 3034; baseline 0.003 -19"><span class='ocrx_word' id='word_1_372' title='bbox 302 2964 565 3030; x_wconf 86' lang='lat' dir='ltr'><strong>quillitate</strong></span> <span class='ocrx_word' id='word_1_373' title='bbox 615 2979 861 3028; x_wconf 90' lang='lat' dir='ltr'><strong>servare,</strong></span> <span class='ocrx_word' id='word_1_374' title='bbox 919 2980 1074 3033; x_wconf 91' lang='lat' dir='ltr'><strong>quam</strong></span> <span class='ocrx_word' id='word_1_375' title='bbox 1115 2965 1446 3034; x_wconf 78' lang='lat' dir='ltr'><strong>in&#39;corporis</strong></span> <span class='ocrx_word' id='word_1_376' title='bbox 1489 2969 1839 3020; x_wconf 81' lang='lat' dir='ltr'><strong>ostentatione</strong></span> 
     </span>
    </p>
   </div>
   <div class='ocr_carea' id='block_1_48' title="bbox 302 3052 680 3104">
    <p class='ocr_par' dir='ltr' id='par_1_48' title="bbox 302 3052 680 3104">
     <span class='ocr_line' id='line_1_48' title="bbox 302 3052 680 3104; baseline 0.003 -1"><span class='ocrx_word' id='word_1_377' title='bbox 302 3052 680 3104; x_wconf 87' lang='lat' dir='ltr'><strong>demonstrare.</strong></span> 
     </span>
    </p>
   </div>
   <div class='ocr_carea' id='block_1_49' title="bbox 380 3137 1839 3207">
    <p class='ocr_par' dir='ltr' id='par_1_49' title="bbox 380 3137 1839 3207">
     <span class='ocr_line' id='line_1_49' title="bbox 380 3137 1839 3207; baseline 0.002 -18"><span class='ocrx_word' id='word_1_378' title='bbox 380 3138 533 3190; x_wconf 76' lang='lat' dir='ltr'><strong>Vens.</strong></span> <span class='ocrx_word' id='word_1_379' title='bbox 561 3138 646 3190; x_wconf 69' lang='grc'><strong>24.</strong></span> <span class='ocrx_word' id='word_1_380' title='bbox 670 3169 736 3177; x_wconf 91' lang='grc'><strong>-</strong></span> <span class='ocrx_word' id='word_1_381' title='bbox 773 3140 839 3191; x_wconf 86' lang='lat' dir='ltr'><strong>Et</strong></span> <span class='ocrx_word' id='word_1_382' title='bbox 866 3141 1000 3192; x_wconf 84' lang='lat' dir='ltr'><strong>misit</strong></span> <span class='ocrx_word' id='word_1_383' title='bbox 1043 3156 1154 3192; x_wconf 85' lang='lat' dir='ltr'><strong>eum</strong></span> <span class='ocrx_word' id='word_1_384' title='bbox 1184 3142 1358 3192; x_wconf 78' lang='lat' dir='ltr'><strong>Annus</strong></span> <span class='ocrx_word' id='word_1_385' title='bbox 1386 3139 1597 3207; x_wconf 81' lang='lat' dir='ltr'><strong>ligatum</strong></span> <span class='ocrx_word' id='word_1_386' title='bbox 1626 3140 1691 3191; x_wconf 89' lang='lat' dir='ltr'><strong>ad</strong></span> <span class='ocrx_word' id='word_1_387' title='bbox 1719 3137 1839 3192; x_wconf 89' lang='lat' dir='ltr'><strong>Cai-</strong></span> 
     </span>
    </p>
   </div>
   <div class='ocr_carea' id='block_1_50' title="bbox 307 3225 1838 3294">
    <p class='ocr_par' dir='ltr' id='par_1_50' title="bbox 307 3225 1838 3294">
     <span class='ocr_line' id='line_1_50' title="bbox 307 3225 1838 3294; baseline 0.003 -18"><span class='ocrx_word' id='word_1_388' title='bbox 307 3227 457 3294; x_wconf 82' lang='lat' dir='ltr'><strong>pham</strong></span> <span class='ocrx_word' id='word_1_389' title='bbox 495 3225 795 3293; x_wconf 84' lang='lat' dir='ltr'><strong>pontiﬁcem.</strong></span> <span class='ocrx_word' id='word_1_390' title='bbox 827 3226 889 3278; x_wconf 86' lang='lat' dir='ltr'><strong>ili</strong></span> <span class='ocrx_word' id='word_1_391' title='bbox 913 3227 1014 3279; x_wconf 90' lang='lat' dir='ltr'><strong>duo</strong></span> <span class='ocrx_word' id='word_1_392' title='bbox 1038 3226 1215 3280; x_wconf 77' lang='lat' dir='ltr'><strong>Antias</strong></span> <span class='ocrx_word' id='word_1_393' title='bbox 1236 3235 1288 3280; x_wconf 93' lang='lat' dir='ltr'><strong>et</strong></span> <span class='ocrx_word' id='word_1_394' title='bbox 1314 3225 1538 3293; x_wconf 88' lang='lat' dir='ltr'><strong>Caiphas</strong></span> <span class='ocrx_word' id='word_1_395' title='bbox 1572 3226 1838 3294; x_wconf 90' lang='lat' dir='ltr'><strong>principes</strong></span> 
     </span>
    </p>
   </div>
   <div class='ocr_carea' id='block_1_51' title="bbox 306 3311 1839 3386">
    <p class='ocr_par' dir='ltr' id='par_1_51' title="bbox 306 3311 1839 3386">
     <span class='ocr_line' id='line_1_51' title="bbox 306 3311 1839 3386; baseline -0.001 -21"><span class='ocrx_word' id='word_1_396' title='bbox 306 3311 520 3366; x_wconf 76' lang='lat' dir='ltr'><strong>fuerunt</strong></span> <span class='ocrx_word' id='word_1_397' title='bbox 542 3313 888 3374; x_wconf 87' lang='lat' dir='ltr'><strong>sacerdotum,</strong></span> <span class='ocrx_word' id='word_1_398' title='bbox 915 3321 965 3364; x_wconf 91' lang='lat' dir='ltr'><strong>et</strong></span> <span class='ocrx_word' id='word_1_399' title='bbox 994 3328 1085 3380; x_wconf 89' lang='lat' dir='ltr'><strong>per</strong></span> <span class='ocrx_word' id='word_1_400' title='bbox 1107 3314 1248 3386; x_wconf 76' lang='lat' dir='ltr'><strong>vices</strong></span> <span class='ocrx_word' id='word_1_401' title='bbox 1267 3328 1469 3366; x_wconf 82' lang='lat' dir='ltr'><strong>annuas</strong></span> <span class='ocrx_word' id='word_1_402' title='bbox 1492 3313 1839 3365; x_wconf 86' lang='lat' dir='ltr'><strong>sacerdotium</strong></span> 
     </span>
    </p>
   </div>
   <div class='ocr_carea' id='block_1_52' title="bbox 308 3395 1838 3470">
    <p class='ocr_par' dir='ltr' id='par_1_52' title="bbox 308 3395 1838 3470">
     <span class='ocr_line' id='line_1_52' title="bbox 308 3395 1838 3470; baseline -0.001 -16"><span class='ocrx_word' id='word_1_403' title='bbox 308 3401 715 3464; x_wconf 74' lang='lat' dir='ltr'><strong>ministrabant;</strong></span> <span class='ocrx_word' id='word_1_404' title='bbox 745 3411 797 3455; x_wconf 89' lang='lat' dir='ltr'><strong>et</strong></span> <span class='ocrx_word' id='word_1_405' title='bbox 830 3411 944 3455; x_wconf 88' lang='lat' dir='ltr'><strong>erat</strong></span> <span class='ocrx_word' id='word_1_406' title='bbox 973 3395 1284 3456; x_wconf 39' lang='lat' dir='ltr'><strong>tunc&#39;annus</strong></span> <span class='ocrx_word' id='word_1_407' title='bbox 1304 3402 1533 3470; x_wconf 62' lang='lat' dir='ltr'><strong>Caiphae,</strong></span> <span class='ocrx_word' id='word_1_408' title='bbox 1567 3418 1684 3456; x_wconf 85' lang='lat' dir='ltr'><strong>cum</strong></span> <span class='ocrx_word' id='word_1_409' title='bbox 1717 3416 1838 3469; x_wconf 90' lang='lat' dir='ltr'><strong>pas-</strong></span> 
     </span>
    </p>
   </div>
   <div class='ocr_carea' id='block_1_53' title="bbox 305 3486 1840 3559">
    <p class='ocr_par' dir='ltr' id='par_1_53' title="bbox 305 3486 1840 3559">
     <span class='ocr_line' id='line_1_53' title="bbox 305 3486 1840 3559; baseline 0.001 -19"><span class='ocrx_word' id='word_1_410' title='bbox 305 3504 398 3540; x_wconf 82' lang='lat' dir='ltr'><strong>sus</strong></span> <span class='ocrx_word' id='word_1_411' title='bbox 426 3496 504 3540; x_wconf 90' lang='lat' dir='ltr'><strong>est</strong></span> <span class='ocrx_word' id='word_1_412' title='bbox 525 3486 782 3540; x_wconf 84' lang='lat' dir='ltr'><strong>Christus.</strong></span> <span class='ocrx_word' id='word_1_413' title='bbox 812 3488 876 3541; x_wconf 83' lang='lat' dir='ltr'><strong>Et</strong></span> <span class='ocrx_word' id='word_1_414' title='bbox 903 3490 1219 3559; x_wconf 74' lang='lat' dir='ltr'><strong>credendum</strong></span> <span class='ocrx_word' id='word_1_415' title='bbox 1248 3497 1328 3541; x_wconf 89' lang='lat' dir='ltr'><strong>est</strong></span> <span class='ocrx_word' id='word_1_416' title='bbox 1353 3489 1636 3542; x_wconf 83' lang='lat' dir='ltr'><strong>secundum</strong></span> <span class='ocrx_word' id='word_1_417' title='bbox 1659 3488 1840 3541; x_wconf 86' lang='lat' dir='ltr'><strong>volun-</strong></span> 
     </span>
    </p>
   </div>
   <div class='ocr_carea' id='block_1_54' title="bbox 310 3565 1841 3642">
    <p class='ocr_par' dir='ltr' id='par_1_54' title="bbox 310 3565 1841 3642">
     <span class='ocr_line' id='line_1_54' title="bbox 310 3565 1841 3642; baseline -0.002 -15"><span class='ocrx_word' id='word_1_418' title='bbox 310 3584 468 3628; x_wconf 85' lang='lat' dir='ltr'><strong>tatem</strong></span> <span class='ocrx_word' id='word_1_419' title='bbox 493 3573 701 3641; x_wconf 77' lang='lat' dir='ltr'><strong>Caiphze</strong></span> <span class='ocrx_word' id='word_1_420' title='bbox 722 3573 916 3626; x_wconf 91' lang='lat' dir='ltr'><strong>factum</strong></span> <span class='ocrx_word' id='word_1_421' title='bbox 937 3565 1053 3628; x_wconf 81' lang='lat' dir='ltr'><strong>esse</strong></span> <span class='ocrx_word' id='word_1_422' title='bbox 1075 3582 1130 3627; x_wconf 90' lang='lat' dir='ltr'><strong>ut</strong></span> <span class='ocrx_word' id='word_1_423' title='bbox 1156 3575 1302 3642; x_wconf 69' lang='lat' dir='ltr'><strong>prius</strong></span> <span class='ocrx_word' id='word_1_424' title='bbox 1335 3575 1612 3628; x_wconf 86' lang='lat' dir='ltr'><strong>duceretur</strong></span> <span class='ocrx_word' id='word_1_425' title='bbox 1635 3573 1698 3625; x_wconf 91' lang='lat' dir='ltr'><strong>ad</strong></span> <span class='ocrx_word' id='word_1_426' title='bbox 1736 3572 1841 3625; x_wconf 85' lang='lat' dir='ltr'><strong>An-</strong></span> 
     </span>
    </p>
   </div>
   <div class='ocr_carea' id='block_1_55' title="bbox 306 3664 1840 3731">
    <p class='ocr_par' dir='ltr' id='par_1_55' title="bbox 306 3664 1840 3731">
     <span class='ocr_line' id='line_1_55' title="bbox 306 3664 1840 3731; baseline -0.001 -14"><span class='ocrx_word' id='word_1_427' title='bbox 306 3681 449 3727; x_wconf 87' lang='lat' dir='ltr'><strong>nam,</strong></span> <span class='ocrx_word' id='word_1_428' title='bbox 477 3673 532 3717; x_wconf 76' lang='lat' dir='ltr'><strong>ut</strong></span> <span class='ocrx_word' id='word_1_429' title='bbox 573 3665 788 3717; x_wconf 86' lang='lat' dir='ltr'><strong>minoris</strong></span> <span class='ocrx_word' id='word_1_430' title='bbox 816 3665 979 3731; x_wconf 58' lang='lat' dir='ltr'><strong>culpa</strong></span> <span class='ocrx_word' id='word_1_431' title='bbox 1003 3665 1288 3726; x_wconf 89' lang='lat' dir='ltr'><strong>videretur,</strong></span> <span class='ocrx_word' id='word_1_432' title='bbox 1316 3665 1361 3717; x_wconf 91' lang='lat' dir='ltr'><strong>si</strong></span> <span class='ocrx_word' id='word_1_433' title='bbox 1389 3664 1603 3716; x_wconf 84' lang='lat' dir='ltr'><strong>alterius</strong></span> <span class='ocrx_word' id='word_1_434' title='bbox 1633 3677 1840 3731; x_wconf 88' lang='lat' dir='ltr'><strong>quoque</strong></span> 
     </span>
    </p>
   </div>
   <div class='ocr_carea' id='block_1_56' title="bbox 306 3752 1838 3808">
    <p class='ocr_par' dir='ltr' id='par_1_56' title="bbox 306 3752 1838 3808">
     <span class='ocr_line' id='line_1_56' title="bbox 306 3752 1838 3808; baseline -0.002 -2"><span class='ocrx_word' id='word_1_435' title='bbox 306 3753 696 3806; x_wconf 80' lang='lat' dir='ltr'><strong>consacerdotis</strong></span> <span class='ocrx_word' id='word_1_436' title='bbox 747 3753 824 3804; x_wconf 87' lang='lat' dir='ltr'><strong>sui</strong></span> <span class='ocrx_word' id='word_1_437' title='bbox 851 3754 1186 3808; x_wconf 67' lang='lat' dir='ltr'><strong>clamaretur</strong></span> <span class='ocrx_word' id='word_1_438' title='bbox 1212 3754 1488 3807; x_wconf 85' lang='lat' dir='ltr'><strong>sententia.</strong></span> <span class='ocrx_word' id='word_1_439' title='bbox 1522 3771 1538 3801; x_wconf 84' lang='lat' dir='ltr'><strong>t</strong></span> <span class='ocrx_word' id='word_1_440' title='bbox 1573 3752 1677 3805; x_wconf 84' lang='lat' dir='ltr'><strong>Sed</strong></span> <span class='ocrx_word' id='word_1_441' title='bbox 1720 3766 1838 3804; x_wconf 89' lang='lat' dir='ltr'><strong>cum</strong></span> 
     </span>
    </p>
   </div>
   <div class='ocr_carea' id='block_1_57' title="bbox 309 3841 1841 3908">
    <p class='ocr_par' dir='ltr' id='par_1_57' title="bbox 309 3841 1841 3908">
     <span class='ocr_line' id='line_1_57' title="bbox 309 3841 1841 3908; baseline -0.002 -11"><span class='ocrx_word' id='word_1_442' title='bbox 309 3843 527 3897; x_wconf 86' lang='lat' dir='ltr'><strong>dixisset</strong></span> <span class='ocrx_word' id='word_1_443' title='bbox 560 3841 877 3907; x_wconf 78' lang='lat' dir='ltr'><strong>evangelista</strong></span> <span class='ocrx_word' id='word_1_444' title='bbox 903 3841 1041 3906; x_wconf 89' lang='lat' dir='ltr'><strong>quod</strong></span> <span class='ocrx_word' id='word_1_445' title='bbox 1067 3856 1186 3893; x_wconf 92' lang='lat' dir='ltr'><strong>cum</strong></span> <span class='ocrx_word' id='word_1_446' title='bbox 1235 3842 1446 3908; x_wconf 84' lang='lat' dir='ltr'><strong>ligatum</strong></span> <span class='ocrx_word' id='word_1_447' title='bbox 1493 3841 1636 3894; x_wconf 89' lang='lat' dir='ltr'><strong>misit</strong></span> <span class='ocrx_word' id='word_1_448' title='bbox 1663 3842 1841 3894; x_wconf 78' lang='lat' dir='ltr'><strong>Annos</strong></span> 
     </span>
    </p>
   </div>
   <div class='ocr_carea' id='block_1_58' title="bbox 307 3928 1840 3998">
    <p class='ocr_par' dir='ltr' id='par_1_58' title="bbox 307 3928 1840 3998">
     <span class='ocr_line' id='line_1_58' title="bbox 307 3928 1840 3998; baseline -0.001 -16"><span class='ocrx_word' id='word_1_449' title='bbox 307 3932 373 3984; x_wconf 89' lang='lat' dir='ltr'><strong>ad</strong></span> <span class='ocrx_word' id='word_1_450' title='bbox 402 3929 674 3998; x_wconf 89' lang='lat' dir='ltr'><strong>Caipham,</strong></span> <span class='ocrx_word' id='word_1_451' title='bbox 700 3944 940 3982; x_wconf 83' lang='lat' dir='ltr'><strong>reversus</strong></span> <span class='ocrx_word' id='word_1_452' title='bbox 973 3937 1054 3981; x_wconf 90' lang='lat' dir='ltr'><strong>est</strong></span> <span class='ocrx_word' id='word_1_453' title='bbox 1081 3928 1143 3980; x_wconf 89' lang='lat' dir='ltr'><strong>ad</strong></span> <span class='ocrx_word' id='word_1_454' title='bbox 1176 3929 1342 3980; x_wconf 85' lang='lat' dir='ltr'><strong>locum</strong></span> <span class='ocrx_word' id='word_1_455' title='bbox 1381 3929 1720 3990; x_wconf 82' lang='lat' dir='ltr'><strong>narrationis,</strong></span> <span class='ocrx_word' id='word_1_456' title='bbox 1751 3928 1840 3982; x_wconf 91' lang='lat' dir='ltr'><strong>ubi</strong></span> 
     </span>
    </p>
   </div>
   <div class='ocr_carea' id='block_1_59' title="bbox 310 4017 1840 4086">
    <p class='ocr_par' dir='ltr' id='par_1_59' title="bbox 310 4017 1840 4086">
     <span class='ocr_line' id='line_1_59' title="bbox 310 4017 1840 4086; baseline -0.001 -14"><span class='ocrx_word' id='word_1_457' title='bbox 310 4019 590 4086; x_wconf 68' lang='lat' dir='ltr'><strong>reliquerat</strong></span> <span class='ocrx_word' id='word_1_458' title='bbox 613 4017 849 4080; x_wconf 90' lang='lat' dir='ltr'><strong>Petrum,</strong></span> <span class='ocrx_word' id='word_1_459' title='bbox 865 4028 919 4070; x_wconf 93' lang='lat' dir='ltr'><strong>ut</strong></span> <span class='ocrx_word' id='word_1_460' title='bbox 942 4018 1242 4085; x_wconf 77' lang='lat' dir='ltr'><strong>explicaret,</strong></span> <span class='ocrx_word' id='word_1_461' title='bbox 1267 4019 1402 4085; x_wconf 90' lang='lat' dir='ltr'><strong>quod</strong></span> <span class='ocrx_word' id='word_1_462' title='bbox 1432 4018 1480 4069; x_wconf 90' lang='lat' dir='ltr'><strong>in</strong></span> <span class='ocrx_word' id='word_1_463' title='bbox 1506 4019 1657 4070; x_wconf 78' lang='lat' dir='ltr'><strong>domo</strong></span> <span class='ocrx_word' id='word_1_464' title='bbox 1676 4018 1840 4070; x_wconf 73' lang='lat' dir='ltr'><strong>Anna:</strong></span> 
     </span>
    </p>
   </div>
   <div class='ocr_carea' id='block_1_60' title="bbox 308 4106 1837 4175">
    <p class='ocr_par' dir='ltr' id='par_1_60' title="bbox 308 4106 1837 4175">
     <span class='ocr_line' id='line_1_60' title="bbox 308 4106 1837 4175; baseline -0.003 -14"><span class='ocrx_word' id='word_1_465' title='bbox 308 4110 373 4161; x_wconf 89' lang='lat' dir='ltr'><strong>de</strong></span> <span class='ocrx_word' id='word_1_466' title='bbox 404 4109 537 4161; x_wconf 89' lang='lat' dir='ltr'><strong>trina</strong></span> <span class='ocrx_word' id='word_1_467' title='bbox 565 4107 676 4174; x_wconf 76' lang='lat' dir='ltr'><strong>eius</strong></span> <span class='ocrx_word' id='word_1_468' title='bbox 705 4108 980 4175; x_wconf 81' lang='lat' dir='ltr'><strong>negatione</strong></span> <span class='ocrx_word' id='word_1_469' title='bbox 1032 4107 1340 4175; x_wconf 71' lang='lat' dir='ltr'><strong>contigerat.</strong></span> <span class='ocrx_word' id='word_1_470' title='bbox 1368 4107 1547 4175; x_wconf 76' lang='lat' dir='ltr'><strong>(Vens.</strong></span> <span class='ocrx_word' id='word_1_471' title='bbox 1576 4106 1686 4173; x_wconf 70' lang='lat'><strong>25.)</strong></span> <span class='ocrx_word' id='word_1_472' title='bbox 1713 4107 1837 4158; x_wconf 82' lang='lat' dir='ltr'><strong>Erat</strong></span> 
     </span>
    </p>
   </div>
   <div class='ocr_carea' id='block_1_61' title="bbox 307 4191 1832 4262">
    <p class='ocr_par' dir='ltr' id='par_1_61' title="bbox 307 4191 1832 4262">
     <span class='ocr_line' id='line_1_61' title="bbox 307 4191 1832 4262; baseline 0.002 -18"><span class='ocrx_word' id='word_1_473' title='bbox 307 4203 496 4256; x_wconf 83' lang='lat' dir='ltr'><strong>autent,</strong></span> <span class='ocrx_word' id='word_1_474' title='bbox 525 4194 714 4260; x_wconf 88' lang='lat' dir='ltr'><strong>inquit,</strong></span> <span class='ocrx_word' id='word_1_475' title='bbox 738 4193 919 4245; x_wconf 73' lang='lat' dir='ltr'><strong>Simon</strong></span> <span class='ocrx_word' id='word_1_476' title='bbox 961 4191 1145 4247; x_wconf 87' lang='lat' dir='ltr'><strong>Petrus</strong></span> <span class='ocrx_word' id='word_1_477' title='bbox 1189 4205 1329 4246; x_wconf 87' lang='lat' dir='ltr'><strong>stans</strong></span> <span class='ocrx_word' id='word_1_478' title='bbox 1359 4205 1405 4246; x_wconf 85' lang='lat' dir='ltr'><strong>et</strong></span> <span class='ocrx_word' id='word_1_479' title='bbox 1438 4195 1739 4262; x_wconf 78' lang='lat' dir='ltr'><strong>calefaciens</strong></span> <span class='ocrx_word' id='word_1_480' title='bbox 1764 4212 1832 4247; x_wconf 85' lang='lat' dir='ltr'><strong>se.</strong></span> 
     </span>
    </p>
   </div>
   <div class='ocr_carea' id='block_1_62' title="bbox 309 4279 1836 4348">
    <p class='ocr_par' dir='ltr' id='par_1_62' title="bbox 309 4279 1836 4348">
     <span class='ocr_line' id='line_1_62' title="bbox 309 4279 1836 4348; baseline 0.002 -15"><span class='ocrx_word' id='word_1_481' title='bbox 309 4281 418 4334; x_wconf 84' lang='lat' dir='ltr'><strong>Hoc</strong></span> <span class='ocrx_word' id='word_1_482' title='bbox 472 4279 781 4348; x_wconf 89' lang='lat' dir='ltr'><strong>recapitulat</strong></span> <span class='ocrx_word' id='word_1_483' title='bbox 823 4283 961 4348; x_wconf 91' lang='lat' dir='ltr'><strong>quod</strong></span> <span class='ocrx_word' id='word_1_484' title='bbox 1010 4288 1131 4334; x_wconf 87' lang='lat' dir='ltr'><strong>ante</strong></span> <span class='ocrx_word' id='word_1_485' title='bbox 1165 4282 1326 4333; x_wconf 87' lang='lat' dir='ltr'><strong>etiam</strong></span> <span class='ocrx_word' id='word_1_486' title='bbox 1376 4282 1596 4334; x_wconf 88' lang='lat' dir='ltr'><strong>dixerat.</strong></span> <span class='ocrx_word' id='word_1_487' title='bbox 1645 4283 1836 4336; x_wconf 84' lang='lat' dir='ltr'><strong>Deinde</strong></span> 
     </span>
    </p>
   </div>
   <div class='ocr_carea' id='block_1_63' title="bbox 304 4366 1834 4437">
    <p class='ocr_par' dir='ltr' id='par_1_63' title="bbox 304 4366 1834 4437">
     <span class='ocr_line' id='line_1_63' title="bbox 304 4366 1834 4437; baseline 0.001 -19"><span class='ocrx_word' id='word_1_488' title='bbox 304 4383 420 4435; x_wconf 62' lang='lat' dir='ltr'><strong>qum</strong></span> <span class='ocrx_word' id='word_1_489' title='bbox 448 4377 625 4421; x_wconf 88' lang='lat' dir='ltr'><strong>secuta</strong></span> <span class='ocrx_word' id='word_1_490' title='bbox 644 4376 784 4429; x_wconf 86' lang='lat' dir='ltr'><strong>sunt,</strong></span> <span class='ocrx_word' id='word_1_491' title='bbox 811 4366 982 4435; x_wconf 79' lang='lat' dir='ltr'><strong>jungit</strong></span> <span class='ocrx_word' id='word_1_492' title='bbox 1012 4385 1023 4418; x_wconf 88' lang='lat'>:</span> <span class='ocrx_word' id='word_1_493' title='bbox 1053 4367 1302 4419; x_wconf 70' lang='lat' dir='ltr'><strong>Dixerunt</strong></span> <span class='ocrx_word' id='word_1_494' title='bbox 1324 4384 1441 4434; x_wconf 85' lang='lat' dir='ltr'><strong>ergo</strong></span> <span class='ocrx_word' id='word_1_495' title='bbox 1470 4369 1514 4420; x_wconf 84' lang='lat' dir='ltr'><strong>ei</strong></span> <span class='ocrx_word' id='word_1_496' title='bbox 1544 4382 1559 4416; x_wconf 90' lang='lat'><em>:</em></span> <span class='ocrx_word' id='word_1_497' title='bbox 1589 4366 1834 4437; x_wconf 81' lang='lat' dir='ltr'><strong>Nunquid</strong></span> 
     </span>
    </p>
   </div>
   <div class='ocr_carea' id='block_1_64' title="bbox 305 4453 1832 4523">
    <p class='ocr_par' dir='ltr' id='par_1_64' title="bbox 305 4453 1832 4523">
     <span class='ocr_line' id='line_1_64' title="bbox 305 4453 1832 4523; baseline 0.004 -20"><span class='ocrx_word' id='word_1_498' title='bbox 305 4465 350 4504; x_wconf 86' lang='lat' dir='ltr'><strong>et</strong></span> <span class='ocrx_word' id='word_1_499' title='bbox 374 4465 426 4505; x_wconf 89' lang='lat' dir='ltr'><strong>tu</strong></span> <span class='ocrx_word' id='word_1_500' title='bbox 463 4472 524 4506; x_wconf 75' lang='lat' dir='ltr'><strong>ex</strong></span> <span class='ocrx_word' id='word_1_501' title='bbox 543 4455 802 4523; x_wconf 87' lang='lat' dir='ltr'><strong>discipulis</strong></span> <span class='ocrx_word' id='word_1_502' title='bbox 828 4457 938 4522; x_wconf 83' lang='lat' dir='ltr'><strong>ejus</strong></span> <span class='ocrx_word' id='word_1_503' title='bbox 977 4458 1069 4508; x_wconf 74' lang='lat' dir='ltr'><strong>es?</strong></span> <span class='ocrx_word' id='word_1_504' title='bbox 1098 4453 1310 4522; x_wconf 76' lang='lat' dir='ltr'><strong>Negavit</strong></span> <span class='ocrx_word' id='word_1_505' title='bbox 1333 4455 1420 4506; x_wconf 89' lang='lat' dir='ltr'><strong>ille</strong></span> <span class='ocrx_word' id='word_1_506' title='bbox 1456 4464 1502 4506; x_wconf 82' lang='lat' dir='ltr'><strong>et</strong></span> <span class='ocrx_word' id='word_1_507' title='bbox 1531 4456 1689 4506; x_wconf 78' lang='lat' dir='ltr'><strong>dixit:</strong></span> <span class='ocrx_word' id='word_1_508' title='bbox 1715 4454 1832 4509; x_wconf 82' lang='lat' dir='ltr'><strong>Non</strong></span> 
     </span>
    </p>
   </div>
   <div class='ocr_carea' id='block_1_65' title="bbox 306 4529 1834 4610">
    <p class='ocr_par' dir='ltr' id='par_1_65' title="bbox 306 4529 1834 4610">
     <span class='ocr_line' id='line_1_65' title="bbox 306 4529 1834 4610; baseline 0.005 -20"><span class='ocrx_word' id='word_1_509' title='bbox 306 4556 436 4591; x_wconf 84' lang='lat' dir='ltr'><strong>sum.</strong></span> <span class='ocrx_word' id='word_1_510' title='bbox 467 4539 581 4592; x_wconf 76' lang='lat' dir='ltr'><strong>1am</strong></span> <span class='ocrx_word' id='word_1_511' title='bbox 627 4544 786 4595; x_wconf 86' lang='lat' dir='ltr'><strong>semel</strong></span> <span class='ocrx_word' id='word_1_512' title='bbox 824 4551 1100 4610; x_wconf 75' lang='lat' dir='ltr'><strong>negaverat</strong></span> <span class='ocrx_word' id='word_1_513' title='bbox 1130 4545 1194 4597; x_wconf 91' lang='lat' dir='ltr'><strong>ad</strong></span> <span class='ocrx_word' id='word_1_514' title='bbox 1231 4543 1432 4596; x_wconf 69' lang='lat' dir='ltr'><strong>ancilla:</strong></span> <span class='ocrx_word' id='word_1_515' title='bbox 1466 4558 1645 4597; x_wconf 89' lang='lat' dir='ltr'><strong>vocem</strong></span> <span class='ocrx_word' id='word_1_516' title='bbox 1672 4562 1681 4594; x_wconf 92' lang='lat'>:</span> <span class='ocrx_word' id='word_1_517' title='bbox 1712 4529 1834 4598; x_wconf 82' lang='lat' dir='ltr'><strong>ecce</strong></span> 
     </span>
    </p>
   </div>
   <div class='ocr_carea' id='block_1_66' title="bbox 310 4630 1834 4706">
    <p class='ocr_par' dir='ltr' id='par_1_66' title="bbox 310 4630 1834 4706">
     <span class='ocr_line' id='line_1_66' title="bbox 310 4630 1834 4706; baseline 0.004 -26"><span class='ocrx_word' id='word_1_518' title='bbox 310 4631 494 4681; x_wconf 88' lang='lat' dir='ltr'><strong>iterum</strong></span> <span class='ocrx_word' id='word_1_519' title='bbox 523 4630 702 4706; x_wconf 84' lang='lat' dir='ltr'><strong>eodem</strong></span> <span class='ocrx_word' id='word_1_520' title='bbox 731 4633 915 4686; x_wconf 89' lang='lat' dir='ltr'><strong>timore</strong></span> <span class='ocrx_word' id='word_1_521' title='bbox 943 4634 1252 4699; x_wconf 86' lang='lat' dir='ltr'><strong>perterritus</strong></span> <span class='ocrx_word' id='word_1_522' title='bbox 1280 4634 1508 4702; x_wconf 82' lang='lat' dir='ltr'><strong>negavit.</strong></span> <span class='ocrx_word' id='word_1_523' title='bbox 1536 4633 1752 4694; x_wconf 88' lang='lat' dir='ltr'><strong>Deinde,</strong></span> <span class='ocrx_word' id='word_1_524' title='bbox 1778 4643 1834 4687; x_wconf 90' lang='lat' dir='ltr'><strong>ut</strong></span> 
     </span>
    </p>
   </div>
   <div class='ocr_carea' id='block_1_67' title="bbox 310 4721 1832 4788">
    <p class='ocr_par' dir='ltr' id='par_1_67' title="bbox 310 4721 1832 4788">
     <span class='ocr_line' id='line_1_67' title="bbox 310 4721 1832 4788; baseline 0.003 -16"><span class='ocrx_word' id='word_1_525' title='bbox 310 4721 460 4773; x_wconf 88' lang='lat' dir='ltr'><strong>tertia</strong></span> <span class='ocrx_word' id='word_1_526' title='bbox 483 4734 686 4788; x_wconf 86' lang='lat' dir='ltr'><strong>quoque</strong></span> <span class='ocrx_word' id='word_1_527' title='bbox 712 4722 914 4786; x_wconf 88' lang='lat' dir='ltr'><strong>negatio</strong></span> <span class='ocrx_word' id='word_1_528' title='bbox 930 4723 1288 4788; x_wconf 83' lang='lat' dir='ltr'><strong>perﬁceretur,</strong></span> <span class='ocrx_word' id='word_1_529' title='bbox 1311 4734 1363 4776; x_wconf 90' lang='lat' dir='ltr'><strong>et</strong></span> <span class='ocrx_word' id='word_1_530' title='bbox 1380 4723 1606 4776; x_wconf 88' lang='lat' dir='ltr'><strong>Verbum</strong></span> <span class='ocrx_word' id='word_1_531' title='bbox 1630 4722 1832 4776; x_wconf 83' lang='lat' dir='ltr'><strong>Domini</strong></span> 
     </span>
    </p>
   </div>
   <div class='ocr_carea' id='block_1_68' title="bbox 307 4809 1836 4880">
    <p class='ocr_par' dir='ltr' id='par_1_68' title="bbox 307 4809 1836 4880">
     <span class='ocr_line' id='line_1_68' title="bbox 307 4809 1836 4880; baseline 0.001 -18"><span class='ocrx_word' id='word_1_532' title='bbox 307 4811 633 4877; x_wconf 64' lang='lat' dir='ltr'><strong>praedicentis</strong></span> <span class='ocrx_word' id='word_1_533' title='bbox 658 4809 978 4876; x_wconf 86' lang='lat' dir='ltr'><strong>impleretur,</strong></span> <span class='ocrx_word' id='word_1_534' title='bbox 1005 4812 1183 4877; x_wconf 78' lang='lat' dir='ltr'><strong>(Vens.</strong></span> <span class='ocrx_word' id='word_1_535' title='bbox 1212 4814 1298 4876; x_wconf 73' lang='lat'><strong>26,</strong></span> <span class='ocrx_word' id='word_1_536' title='bbox 1321 4815 1432 4880; x_wconf 66' lang='grc' dir='ltr'><strong>Ἦ.)</strong></span> <span class='ocrx_word' id='word_1_537' title='bbox 1457 4814 1589 4866; x_wconf 82' lang='lat' dir='ltr'><strong>Dicit</strong></span> <span class='ocrx_word' id='word_1_538' title='bbox 1621 4829 1749 4864; x_wconf 86' lang='lat' dir='ltr'><strong>unus</strong></span> <span class='ocrx_word' id='word_1_539' title='bbox 1775 4829 1836 4864; x_wconf 74' lang='lat' dir='ltr'><strong>ex</strong></span> 
     </span>
    </p>
   </div>
   <div class='ocr_carea' id='block_1_69' title="bbox 308 4897 1837 4968">
    <p class='ocr_par' dir='ltr' id='par_1_69' title="bbox 308 4897 1837 4968">
     <span class='ocr_line' id='line_1_69' title="bbox 308 4897 1837 4968; baseline 0.004 -23"><span class='ocrx_word' id='word_1_540' title='bbox 308 4898 460 4948; x_wconf 75' lang='lat' dir='ltr'><strong>servis</strong></span> <span class='ocrx_word' id='word_1_541' title='bbox 486 4897 733 4963; x_wconf 83' lang='lat' dir='ltr'><strong>pontiﬁcis</strong></span> <span class='ocrx_word' id='word_1_542' title='bbox 754 4937 766 4957; x_wconf 92' lang='lat'><strong>,</strong></span> <span class='ocrx_word' id='word_1_543' title='bbox 810 4906 1047 4963; x_wconf 87' lang='lat' dir='ltr'><strong>cognatus</strong></span> <span class='ocrx_word' id='word_1_544' title='bbox 1077 4898 1208 4965; x_wconf 84' lang='lat' dir='ltr'><strong>ejus,</strong></span> <span class='ocrx_word' id='word_1_545' title='bbox 1240 4903 1385 4968; x_wconf 86' lang='lat' dir='ltr'><strong>cujus</strong></span> <span class='ocrx_word' id='word_1_546' title='bbox 1414 4902 1626 4953; x_wconf 84' lang='lat' dir='ltr'><strong>abscidit</strong></span> <span class='ocrx_word' id='word_1_547' title='bbox 1655 4897 1837 4951; x_wconf 80' lang='lat' dir='ltr'><strong>Petrus</strong></span> 
     </span>
    </p>
   </div>
   <div class='ocr_carea' id='block_1_70' title="bbox 309 4983 1839 5052">
    <p class='ocr_par' dir='ltr' id='par_1_70' title="bbox 309 4983 1839 5052">
     <span class='ocr_line' id='line_1_70' title="bbox 309 4983 1839 5052; baseline 0.003 -18"><span class='ocrx_word' id='word_1_548' title='bbox 309 4983 632 5034; x_wconf 85' lang='lat' dir='ltr'><strong>auriculam:</strong></span> <span class='ocrx_word' id='word_1_549' title='bbox 663 4984 845 5037; x_wconf 80' lang='lat' dir='ltr'><strong>Nonne</strong></span> <span class='ocrx_word' id='word_1_550' title='bbox 890 5001 979 5052; x_wconf 85' lang='lat' dir='ltr'><strong>ego</strong></span> <span class='ocrx_word' id='word_1_551' title='bbox 1040 4995 1087 5036; x_wconf 87' lang='lat' dir='ltr'><strong>te</strong></span> <span class='ocrx_word' id='word_1_552' title='bbox 1142 4989 1243 5039; x_wconf 76' lang='lat' dir='ltr'><strong>vidi</strong></span> <span class='ocrx_word' id='word_1_553' title='bbox 1288 4991 1339 5041; x_wconf 89' lang='lat' dir='ltr'><strong>in</strong></span> <span class='ocrx_word' id='word_1_554' title='bbox 1365 4992 1509 5044; x_wconf 90' lang='lat' dir='ltr'><strong>horto</strong></span> <span class='ocrx_word' id='word_1_555' title='bbox 1545 5007 1656 5042; x_wconf 88' lang='lat' dir='ltr'><strong>cum</strong></span> <span class='ocrx_word' id='word_1_556' title='bbox 1711 4989 1839 5044; x_wconf 80' lang='lat' dir='ltr'><strong>illo?</strong></span> 
     </span>
    </p>
   </div>
   <div class='ocr_carea' id='block_1_71' title="bbox 311 5069 1835 5147">
    <p class='ocr_par' dir='ltr' id='par_1_71' title="bbox 311 5069 1835 5147">
     <span class='ocr_line' id='line_1_71' title="bbox 311 5069 1835 5147; baseline 0.003 -23"><span class='ocrx_word' id='word_1_557' title='bbox 311 5071 502 5124; x_wconf 84' lang='lat' dir='ltr'><strong>Iterum</strong></span> <span class='ocrx_word' id='word_1_558' title='bbox 529 5069 664 5123; x_wconf 87' lang='lat' dir='ltr'><strong>sicut</strong></span> <span class='ocrx_word' id='word_1_559' title='bbox 690 5081 842 5126; x_wconf 88' lang='lat' dir='ltr'><strong>antea</strong></span> <span class='ocrx_word' id='word_1_560' title='bbox 884 5076 1077 5142; x_wconf 77' lang='lat' dir='ltr'><strong>negarit</strong></span> <span class='ocrx_word' id='word_1_561' title='bbox 1119 5071 1299 5128; x_wconf 84' lang='lat' dir='ltr'><strong>Petrus</strong></span> <span class='ocrx_word' id='word_1_562' title='bbox 1322 5116 1337 5138; x_wconf 93' lang='lat'><strong>,</strong></span> <span class='ocrx_word' id='word_1_563' title='bbox 1383 5090 1426 5129; x_wconf 86' lang='lat' dir='ltr'><strong>et</strong></span> <span class='ocrx_word' id='word_1_564' title='bbox 1459 5083 1628 5131; x_wconf 73' lang='lat' dir='ltr'><strong>statim</strong></span> <span class='ocrx_word' id='word_1_565' title='bbox 1672 5078 1835 5147; x_wconf 86' lang='lat' dir='ltr'><strong>gallus</strong></span> 
     </span>
    </p>
   </div>
   <div class='ocr_carea' id='block_1_72' title="bbox 306 5157 1834 5237">
    <p class='ocr_par' dir='ltr' id='par_1_72' title="bbox 306 5157 1834 5237">
     <span class='ocr_line' id='line_1_72' title="bbox 306 5157 1834 5237; baseline 0.007 -27"><span class='ocrx_word' id='word_1_566' title='bbox 306 5158 544 5211; x_wconf 77' lang='lat' dir='ltr'><strong>cantavit.</strong></span> <span class='ocrx_word' id='word_1_567' title='bbox 576 5157 707 5212; x_wconf 88' lang='lat' dir='ltr'><strong>Ecce</strong></span> <span class='ocrx_word' id='word_1_568' title='bbox 737 5161 921 5213; x_wconf 85' lang='lat' dir='ltr'><strong>medici</strong></span> <span class='ocrx_word' id='word_1_569' title='bbox 947 5171 1027 5215; x_wconf 89' lang='lat' dir='ltr'><strong>est</strong></span> <span class='ocrx_word' id='word_1_570' title='bbox 1061 5163 1317 5230; x_wconf 87' lang='lat' dir='ltr'><strong>completa</strong></span> <span class='ocrx_word' id='word_1_571' title='bbox 1346 5168 1630 5231; x_wconf 70' lang='lat' dir='ltr'><strong>pnedictio,</strong></span> <span class='ocrx_word' id='word_1_572' title='bbox 1657 5170 1834 5237; x_wconf 72' lang='lat' dir='ltr'><strong>aegroti</strong></span> 
     </span>
    </p>
   </div>
   <div class='ocr_carea' id='block_1_73' title="bbox 307 5247 1839 5323">
    <p class='ocr_par' dir='ltr' id='par_1_73' title="bbox 307 5247 1839 5323">
     <span class='ocr_line' id='line_1_73' title="bbox 307 5247 1839 5323; baseline 0.007 -25"><span class='ocrx_word' id='word_1_573' title='bbox 307 5247 539 5299; x_wconf 86' lang='lat' dir='ltr'><strong>convicta</strong></span> <span class='ocrx_word' id='word_1_574' title='bbox 575 5249 926 5315; x_wconf 77' lang='lat' dir='ltr'><strong>przesumptio.</strong></span> <span class='ocrx_word' id='word_1_575' title='bbox 961 5249 1071 5303; x_wconf 77' lang='lat' dir='ltr'><strong>Non</strong></span> <span class='ocrx_word' id='word_1_576' title='bbox 1103 5253 1241 5304; x_wconf 90' lang='lat' dir='ltr'><strong>enim</strong></span> <span class='ocrx_word' id='word_1_577' title='bbox 1286 5252 1478 5305; x_wconf 86' lang='lat' dir='ltr'><strong>factum</strong></span> <span class='ocrx_word' id='word_1_578' title='bbox 1524 5264 1644 5315; x_wconf 87' lang='lat' dir='ltr'><strong>est,</strong></span> <span class='ocrx_word' id='word_1_579' title='bbox 1699 5258 1839 5323; x_wconf 89' lang='lat' dir='ltr'><strong>quod</strong></span> 
     </span>
    </p>
   </div>
   <div class='ocr_carea' id='block_1_74' title="bbox 309 5332 1835 5407">
    <p class='ocr_par' dir='ltr' id='par_1_74' title="bbox 309 5332 1835 5407">
     <span class='ocr_line' id='line_1_74' title="bbox 309 5332 1835 5407; baseline 0.007 -24"><span class='ocrx_word' id='word_1_580' title='bbox 309 5332 406 5384; x_wconf 83' lang='lat' dir='ltr'><strong>iste</strong></span> <span class='ocrx_word' id='word_1_581' title='bbox 457 5334 696 5388; x_wconf 78' lang='lat' dir='ltr'><strong>dixerat:</strong></span> <span class='ocrx_word' id='word_1_582' title='bbox 726 5337 961 5388; x_wconf 81' lang='lat' dir='ltr'><strong>Animam</strong></span> <span class='ocrx_word' id='word_1_583' title='bbox 995 5353 1157 5389; x_wconf 72' lang='lat' dir='ltr'><strong>meum</strong></span> <span class='ocrx_word' id='word_1_584' title='bbox 1213 5356 1303 5407; x_wconf 85' lang='lat' dir='ltr'><strong>pro</strong></span> <span class='ocrx_word' id='word_1_585' title='bbox 1346 5350 1394 5392; x_wconf 71' lang='lat' dir='ltr'><strong>te</strong></span> <span class='ocrx_word' id='word_1_586' title='bbox 1438 5357 1621 5406; x_wconf 85' lang='lat' dir='ltr'><strong>ponam</strong></span> <span class='ocrx_word' id='word_1_587' title='bbox 1661 5341 1835 5407; x_wconf 83' lang='lat' dir='ltr'><strong>(Joan.</strong></span> 
     </span>
    </p>
   </div>
   <div class='ocr_carea' id='block_1_75' title="bbox 377 5443 1622 5515">
    <p class='ocr_par' dir='ltr' id='par_1_75' title="bbox 377 5443 1622 5515">
     <span class='ocr_line' id='line_1_75' title="bbox 377 5443 1622 5515; baseline 0.001 -17"><span class='ocrx_word' id='word_1_588' title='bbox 377 5456 401 5515; x_wconf 54' lang='grc' dir='ltr'><strong><em>ξ</em></strong></span> <span class='ocrx_word' id='word_1_589' title='bbox 442 5443 516 5515; x_wconf 58' lang='lat' dir='ltr'><strong>Ex</strong></span> <span class='ocrx_word' id='word_1_590' title='bbox 539 5443 595 5497; x_wconf 80' lang='lat'><strong>8.</strong></span> <span class='ocrx_word' id='word_1_591' title='bbox 625 5445 937 5515; x_wconf 53' lang='lat' dir='ltr'><strong>Ajgustino,</strong></span> <span class='ocrx_word' id='word_1_592' title='bbox 965 5455 1115 5499; x_wconf 87' lang='lat' dir='ltr'><strong>tract.</strong></span> <span class='ocrx_word' id='word_1_593' title='bbox 1155 5463 1296 5515; x_wconf 65' lang='grc' dir='ltr'><strong>θην,</strong></span> <span class='ocrx_word' id='word_1_594' title='bbox 1338 5466 1478 5504; x_wconf 88' lang='lat' dir='ltr'><strong>num.</strong></span> <span class='ocrx_word' id='word_1_595' title='bbox 1511 5449 1622 5502; x_wconf 71' lang='lat'><strong>1-5.</strong></span> 
     </span>
    </p>
   </div>
   <div class='ocr_carea' id='block_1_76' title="bbox 380 5511 1836 5586">
    <p class='ocr_par' dir='ltr' id='par_1_76' title="bbox 380 5511 1836 5586">
     <span class='ocr_line' id='line_1_76' title="bbox 380 5511 1836 5586; baseline 0.006 -24"><span class='ocrx_word' id='word_1_596' title='bbox 380 5513 404 5550; x_wconf 69' lang='grc' dir='ltr'>δ</span> <span class='ocrx_word' id='word_1_597' title='bbox 446 5511 562 5565; x_wconf 82' lang='lat' dir='ltr'><strong>Ms.:</strong></span> <span class='ocrx_word' id='word_1_598' title='bbox 595 5530 613 5561; x_wconf 83' lang='lat' dir='ltr'><strong>t</strong></span> <span class='ocrx_word' id='word_1_599' title='bbox 649 5511 955 5570; x_wconf 75' lang='lat' dir='ltr'><strong>Habitaculo</strong></span> <span class='ocrx_word' id='word_1_600' title='bbox 984 5511 1226 5568; x_wconf 84' lang='lat' dir='ltr'><strong>videlicet</strong></span> <span class='ocrx_word' id='word_1_601' title='bbox 1247 5519 1415 5571; x_wconf 82' lang='lat' dir='ltr'><strong>alieno</strong></span> <span class='ocrx_word' id='word_1_602' title='bbox 1446 5533 1499 5571; x_wconf 87' lang='lat' dir='ltr'><strong>se</strong></span> <span class='ocrx_word' id='word_1_603' title='bbox 1530 5518 1709 5570; x_wconf 84' lang='lat' dir='ltr'><strong>violari</strong></span> <span class='ocrx_word' id='word_1_604' title='bbox 1739 5535 1836 5586; x_wconf 90' lang='lat' dir='ltr'><strong>pu-</strong></span> 
     </span>
    </p>
   </div>
   <div class='ocr_carea' id='block_1_77' title="bbox 1862 3014 1914 3077">
    <p class='ocr_par' dir='ltr' id='par_1_77' title="bbox 1862 3014 1914 3077">
     <span class='ocr_line' id='line_1_77' title="bbox 1862 3014 1914 3077; baseline 0 0"><span class='ocrx_word' id='word_1_605' title='bbox 1862 3014 1914 3077; x_wconf 77' lang='grc' dir='ltr'><strong>ϐ</strong></span> 
     </span>
    </p>
   </div>
   <div class='ocr_carea' id='block_1_78' title="bbox 1943 1807 3472 1881">
    <p class='ocr_par' dir='ltr' id='par_1_78' title="bbox 1943 1807 3472 1881">
     <span class='ocr_line' id='line_1_78' title="bbox 1943 1807 3472 1881; baseline -0.005 -16"><span class='ocrx_word' id='word_1_606' title='bbox 1943 1813 2138 1881; x_wconf 85' lang='lat' dir='ltr'><strong>collega</strong></span> <span class='ocrx_word' id='word_1_607' title='bbox 2163 1821 2215 1865; x_wconf 89' lang='lat' dir='ltr'><strong>et</strong></span> <span class='ocrx_word' id='word_1_608' title='bbox 2234 1827 2417 1865; x_wconf 88' lang='lat' dir='ltr'><strong>socero</strong></span> <span class='ocrx_word' id='word_1_609' title='bbox 2449 1811 2561 1877; x_wconf 83' lang='lat' dir='ltr'><strong>ejus</strong></span> <span class='ocrx_word' id='word_1_610' title='bbox 2588 1809 2791 1862; x_wconf 83' lang='lat' dir='ltr'><strong>dixerat</strong></span> <span class='ocrx_word' id='word_1_611' title='bbox 2814 1811 3051 1862; x_wconf 81' lang='lat' dir='ltr'><strong>missum.</strong></span> <span class='ocrx_word' id='word_1_612' title='bbox 3079 1810 3180 1862; x_wconf 82' lang='lat' dir='ltr'><strong>Sed</strong></span> <span class='ocrx_word' id='word_1_613' title='bbox 3204 1809 3246 1861; x_wconf 88' lang='lat' dir='ltr'><strong>si</strong></span> <span class='ocrx_word' id='word_1_614' title='bbox 3269 1809 3333 1859; x_wconf 89' lang='lat' dir='ltr'><strong>ad</strong></span> <span class='ocrx_word' id='word_1_615' title='bbox 3352 1807 3472 1860; x_wconf 84' lang='lat' dir='ltr'><strong>Cai—</strong></span> 
     </span>
    </p>
   </div>
   <div class='ocr_carea' id='block_1_79' title="bbox 1937 1899 3474 1968">
    <p class='ocr_par' dir='ltr' id='par_1_79' title="bbox 1937 1899 3474 1968">
     <span class='ocr_line' id='line_1_79' title="bbox 1937 1899 3474 1968; baseline -0.003 -15"><span class='ocrx_word' id='word_1_616' title='bbox 1937 1902 2120 1968; x_wconf 81' lang='lat' dir='ltr'><strong>pham,</strong></span> <span class='ocrx_word' id='word_1_617' title='bbox 2151 1917 2246 1955; x_wconf 88' lang='lat' dir='ltr'><strong>cur</strong></span> <span class='ocrx_word' id='word_1_618' title='bbox 2275 1901 2328 1954; x_wconf 90' lang='lat' dir='ltr'><strong>in</strong></span> <span class='ocrx_word' id='word_1_619' title='bbox 2369 1900 2703 1968; x_wconf 64' lang='lat' dir='ltr'><strong>praetorium?</strong></span> <span class='ocrx_word' id='word_1_620' title='bbox 2740 1899 2889 1963; x_wconf 85' lang='lat' dir='ltr'><strong>Quod</strong></span> <span class='ocrx_word' id='word_1_621' title='bbox 2915 1899 3041 1951; x_wconf 86' lang='lat' dir='ltr'><strong>nihil</strong></span> <span class='ocrx_word' id='word_1_622' title='bbox 3071 1899 3220 1951; x_wconf 86' lang='lat' dir='ltr'><strong>aliud</strong></span> <span class='ocrx_word' id='word_1_623' title='bbox 3244 1899 3354 1949; x_wconf 88' lang='lat' dir='ltr'><strong>vnlt</strong></span> <span class='ocrx_word' id='word_1_624' title='bbox 3403 1901 3474 1948; x_wconf 90' lang='lat' dir='ltr'><strong>in-</strong></span> 
     </span>
    </p>
   </div>
   <div class='ocr_carea' id='block_1_80' title="bbox 1939 1989 3478 2061">
    <p class='ocr_par' dir='ltr' id='par_1_80' title="bbox 1939 1989 3478 2061">
     <span class='ocr_line' id='line_1_80' title="bbox 1939 1989 3478 2061; baseline -0.004 -18"><span class='ocrx_word' id='word_1_625' title='bbox 1939 1992 2124 2061; x_wconf 83' lang='lat' dir='ltr'><strong>telligi,</strong></span> <span class='ocrx_word' id='word_1_626' title='bbox 2155 2007 2310 2059; x_wconf 86' lang='lat' dir='ltr'><strong>quam</strong></span> <span class='ocrx_word' id='word_1_627' title='bbox 2372 1991 2462 2043; x_wconf 93' lang='lat' dir='ltr'><strong>ubi</strong></span> <span class='ocrx_word' id='word_1_628' title='bbox 2507 2003 2701 2058; x_wconf 76' lang='lat' dir='ltr'><strong>praeses</strong></span> <span class='ocrx_word' id='word_1_629' title='bbox 2747 1989 2941 2041; x_wconf 79' lang='lat' dir='ltr'><strong>Pilatus</strong></span> <span class='ocrx_word' id='word_1_630' title='bbox 2994 1989 3295 2040; x_wconf 86' lang='lat' dir='ltr'><strong>habitabat:</strong></span> <span class='ocrx_word' id='word_1_631' title='bbox 3336 2007 3352 2035; x_wconf 73' lang='grc' dir='ltr'><strong><em>ι</em></strong></span> <span class='ocrx_word' id='word_1_632' title='bbox 3388 1996 3478 2037; x_wconf 88' lang='lat' dir='ltr'><strong>aut</strong></span> 
     </span>
    </p>
   </div>
   <div class='ocr_carea' id='block_1_81' title="bbox 1941 2077 3470 2144">
    <p class='ocr_par' dir='ltr' id='par_1_81' title="bbox 1941 2077 3470 2144">
     <span class='ocr_line' id='line_1_81' title="bbox 1941 2077 3470 2144; baseline -0.003 -12"><span class='ocrx_word' id='word_1_633' title='bbox 1941 2080 2290 2133; x_wconf 87' lang='lat' dir='ltr'><strong>damnationis</strong></span> <span class='ocrx_word' id='word_1_634' title='bbox 2319 2094 2476 2135; x_wconf 84' lang='lat' dir='ltr'><strong>causa</strong></span> <span class='ocrx_word' id='word_1_635' title='bbox 2501 2078 2695 2131; x_wconf 86' lang='lat' dir='ltr'><strong>Christi</strong></span> <span class='ocrx_word' id='word_1_636' title='bbox 2744 2077 2968 2144; x_wconf 82' lang='lat' dir='ltr'><strong>Caipbas</strong></span> <span class='ocrx_word' id='word_1_637' title='bbox 3004 2077 3231 2143; x_wconf 87' lang='lat' dir='ltr'><strong>perrexit</strong></span> <span class='ocrx_word' id='word_1_638' title='bbox 3258 2077 3307 2127; x_wconf 89' lang='lat' dir='ltr'><strong>in</strong></span> <span class='ocrx_word' id='word_1_639' title='bbox 3337 2089 3470 2141; x_wconf 75' lang='lat' dir='ltr'><strong>pne-</strong></span> 
     </span>
    </p>
   </div>
   <div class='ocr_carea' id='block_1_82' title="bbox 1941 2164 3476 2231">
    <p class='ocr_par' dir='ltr' id='par_1_82' title="bbox 1941 2164 3476 2231">
     <span class='ocr_line' id='line_1_82' title="bbox 1941 2164 3476 2231; baseline -0.002 -13"><span class='ocrx_word' id='word_1_640' title='bbox 1941 2167 2132 2218; x_wconf 88' lang='lat' dir='ltr'><strong>torium</strong></span> <span class='ocrx_word' id='word_1_641' title='bbox 2157 2168 2221 2220; x_wconf 88' lang='lat' dir='ltr'><strong>ad</strong></span> <span class='ocrx_word' id='word_1_642' title='bbox 2236 2166 2458 2218; x_wconf 86' lang='lat' dir='ltr'><strong>Pilatum</strong></span> <span class='ocrx_word' id='word_1_643' title='bbox 2488 2183 2499 2216; x_wconf 91' lang='lat'>:</span> <span class='ocrx_word' id='word_1_644' title='bbox 2533 2175 2620 2217; x_wconf 90' lang='lat' dir='ltr'><strong>aut</strong></span> <span class='ocrx_word' id='word_1_645' title='bbox 2641 2165 2836 2218; x_wconf 85' lang='lat' dir='ltr'><strong>Pilatus</strong></span> <span class='ocrx_word' id='word_1_646' title='bbox 2861 2166 2911 2216; x_wconf 92' lang='lat' dir='ltr'><strong>in</strong></span> <span class='ocrx_word' id='word_1_647' title='bbox 2937 2164 3090 2216; x_wconf 90' lang='lat' dir='ltr'><strong>domo</strong></span> <span class='ocrx_word' id='word_1_648' title='bbox 3111 2165 3320 2231; x_wconf 75' lang='lat' dir='ltr'><strong>Caiphae</strong></span> <span class='ocrx_word' id='word_1_649' title='bbox 3343 2179 3476 2228; x_wconf 83' lang='lat' dir='ltr'><strong>pra:-</strong></span> 
     </span>
    </p>
   </div>
   <div class='ocr_carea' id='block_1_83' title="bbox 1939 2253 3476 2320">
    <p class='ocr_par' dir='ltr' id='par_1_83' title="bbox 1939 2253 3476 2320">
     <span class='ocr_line' id='line_1_83' title="bbox 1939 2253 3476 2320; baseline 0 -15"><span class='ocrx_word' id='word_1_650' title='bbox 1939 2255 2131 2307; x_wconf 92' lang='lat' dir='ltr'><strong>torium</strong></span> <span class='ocrx_word' id='word_1_651' title='bbox 2152 2255 2396 2316; x_wconf 87' lang='lat' dir='ltr'><strong>habebat,</strong></span> <span class='ocrx_word' id='word_1_652' title='bbox 2424 2263 2475 2307; x_wconf 91' lang='lat' dir='ltr'><strong>ct</strong></span> <span class='ocrx_word' id='word_1_653' title='bbox 2501 2262 2644 2306; x_wconf 88' lang='lat' dir='ltr'><strong>tanta</strong></span> <span class='ocrx_word' id='word_1_654' title='bbox 2691 2253 2783 2305; x_wconf 85' lang='lat' dir='ltr'><strong>fuit</strong></span> <span class='ocrx_word' id='word_1_655' title='bbox 2816 2253 3122 2320; x_wconf 85' lang='lat' dir='ltr'><strong>amplitudo,</strong></span> <span class='ocrx_word' id='word_1_656' title='bbox 3151 2262 3205 2304; x_wconf 92' lang='lat' dir='ltr'><strong>ut</strong></span> <span class='ocrx_word' id='word_1_657' title='bbox 3226 2264 3476 2319; x_wconf 87' lang='lat' dir='ltr'><strong>utrosque</strong></span> 
     </span>
    </p>
   </div>
   <div class='ocr_carea' id='block_1_84' title="bbox 1940 2340 3471 2409">
    <p class='ocr_par' dir='ltr' id='par_1_84' title="bbox 1940 2340 3471 2409">
     <span class='ocr_line' id='line_1_84' title="bbox 1940 2340 3471 2409; baseline -0.003 -15"><span class='ocrx_word' id='word_1_658' title='bbox 1940 2356 2129 2408; x_wconf 87' lang='lat' dir='ltr'><strong>capere</strong></span> <span class='ocrx_word' id='word_1_659' title='bbox 2165 2342 2436 2409; x_wconf 72' lang='lat' dir='ltr'><strong>potuisset,</strong></span> <span class='ocrx_word' id='word_1_660' title='bbox 2465 2351 2518 2394; x_wconf 87' lang='lat' dir='ltr'><strong>et</strong></span> <span class='ocrx_word' id='word_1_661' title='bbox 2556 2357 2791 2394; x_wconf 87' lang='lat' dir='ltr'><strong>seorsum</strong></span> <span class='ocrx_word' id='word_1_662' title='bbox 2833 2342 3154 2394; x_wconf 77' lang='lat' dir='ltr'><strong>habitantem</strong></span> <span class='ocrx_word' id='word_1_663' title='bbox 3201 2340 3471 2392; x_wconf 84' lang='lat' dir='ltr'><strong>Dominum</strong></span> 
     </span>
    </p>
   </div>
   <div class='ocr_carea' id='block_1_85' title="bbox 1940 2419 3473 2497">
    <p class='ocr_par' dir='ltr' id='par_1_85' title="bbox 1940 2419 3473 2497">
     <span class='ocr_line' id='line_1_85' title="bbox 1940 2419 3473 2497; baseline -0.001 -14"><span class='ocrx_word' id='word_1_664' title='bbox 1940 2446 2109 2493; x_wconf 89' lang='lat' dir='ltr'><strong>suum,</strong></span> <span class='ocrx_word' id='word_1_665' title='bbox 2134 2446 2369 2484; x_wconf 90' lang='lat' dir='ltr'><strong>seorsum</strong></span> <span class='ocrx_word' id='word_1_666' title='bbox 2399 2429 2629 2496; x_wconf 74' lang='lat' dir='ltr'><strong>iudicem</strong></span> <span class='ocrx_word' id='word_1_667' title='bbox 2659 2430 2835 2483; x_wconf 88' lang='lat' dir='ltr'><strong>ferret.</strong></span> <span class='ocrx_word' id='word_1_668' title='bbox 2863 2429 2995 2483; x_wconf 79' lang='lat' dir='ltr'><strong>Ecce</strong></span> <span class='ocrx_word' id='word_1_669' title='bbox 3020 2439 3212 2497; x_wconf 86' lang='lat' dir='ltr'><strong>quanta</strong></span> <span class='ocrx_word' id='word_1_670' title='bbox 3232 2438 3307 2482; x_wconf 79' lang='lat' dir='ltr'><strong>est</strong></span> <span class='ocrx_word' id='word_1_671' title='bbox 3333 2419 3473 2482; x_wconf 81' lang='lat' dir='ltr'><strong>solli-</strong></span> 
     </span>
    </p>
   </div>
   <div class='ocr_carea' id='block_1_86' title="bbox 1939 2520 3470 2590">
    <p class='ocr_par' dir='ltr' id='par_1_86' title="bbox 1939 2520 3470 2590">
     <span class='ocr_line' id='line_1_86' title="bbox 1939 2520 3470 2590; baseline -0.002 -15"><span class='ocrx_word' id='word_1_672' title='bbox 1939 2521 2116 2576; x_wconf 88' lang='lat' dir='ltr'><strong>citudo</strong></span> <span class='ocrx_word' id='word_1_673' title='bbox 2138 2521 2466 2574; x_wconf 86' lang='lat' dir='ltr'><strong>sacerdotum</strong></span> <span class='ocrx_word' id='word_1_674' title='bbox 2489 2522 2540 2573; x_wconf 92' lang='lat' dir='ltr'><strong>in</strong></span> <span class='ocrx_word' id='word_1_675' title='bbox 2572 2523 2762 2573; x_wconf 83' lang='lat' dir='ltr'><strong>malum</strong></span> <span class='ocrx_word' id='word_1_676' title='bbox 2796 2520 2943 2590; x_wconf 78' lang='lat' dir='ltr'><strong>[Ms.,</strong></span> <span class='ocrx_word' id='word_1_677' title='bbox 2978 2521 3027 2572; x_wconf 93' lang='lat' dir='ltr'><strong>in</strong></span> <span class='ocrx_word' id='word_1_678' title='bbox 3068 2520 3253 2590; x_wconf 77' lang='lat' dir='ltr'><strong>malo]!</strong></span> <span class='ocrx_word' id='word_1_679' title='bbox 3288 2539 3304 2569; x_wconf 73' lang='grc' dir='ltr'>ι</span> <span class='ocrx_word' id='word_1_680' title='bbox 3343 2522 3470 2572; x_wconf 84' lang='lat' dir='ltr'><strong>Tota</strong></span> 
     </span>
    </p>
   </div>
   <div class='ocr_carea' id='block_1_87' title="bbox 1940 2607 3470 2678">
    <p class='ocr_par' dir='ltr' id='par_1_87' title="bbox 1940 2607 3470 2678">
     <span class='ocr_line' id='line_1_87' title="bbox 1940 2607 3470 2678; baseline -0.003 -15"><span class='ocrx_word' id='word_1_681' title='bbox 1940 2619 2092 2663; x_wconf 87' lang='lat' dir='ltr'><strong>nocte</strong></span> <span class='ocrx_word' id='word_1_682' title='bbox 2114 2610 2412 2678; x_wconf 85' lang='lat' dir='ltr'><strong>vigilarunt,</strong></span> <span class='ocrx_word' id='word_1_683' title='bbox 2444 2620 2502 2662; x_wconf 91' lang='lat' dir='ltr'><strong>ut</strong></span> <span class='ocrx_word' id='word_1_684' title='bbox 2522 2611 2856 2662; x_wconf 90' lang='lat' dir='ltr'><strong>homicidium</strong></span> <span class='ocrx_word' id='word_1_685' title='bbox 2882 2609 3131 2662; x_wconf 87' lang='lat' dir='ltr'><strong>facerent.</strong></span> <span class='ocrx_word' id='word_1_686' title='bbox 3159 2607 3284 2660; x_wconf 79' lang='lat' dir='ltr'><strong>Erat</strong></span> <span class='ocrx_word' id='word_1_687' title='bbox 3304 2618 3470 2659; x_wconf 81' lang='lat' dir='ltr'><strong>autent</strong></span> 
     </span>
    </p>
   </div>
   <div class='ocr_carea' id='block_1_88' title="bbox 1940 2695 3475 2764">
    <p class='ocr_par' dir='ltr' id='par_1_88' title="bbox 1940 2695 3475 2764">
     <span class='ocr_line' id='line_1_88' title="bbox 1940 2695 3475 2764; baseline 0 -17"><span class='ocrx_word' id='word_1_688' title='bbox 1940 2714 2108 2759; x_wconf 84' lang='lat' dir='ltr'><strong>mane,</strong></span> <span class='ocrx_word' id='word_1_689' title='bbox 2129 2708 2174 2749; x_wconf 85' lang='lat' dir='ltr'><strong>et</strong></span> <span class='ocrx_word' id='word_1_690' title='bbox 2194 2699 2308 2764; x_wconf 86' lang='lat' dir='ltr'><strong>ipsi,</strong></span> <span class='ocrx_word' id='word_1_691' title='bbox 2343 2698 2392 2750; x_wconf 89' lang='lat' dir='ltr'><strong>id</strong></span> <span class='ocrx_word' id='word_1_692' title='bbox 2415 2706 2512 2759; x_wconf 87' lang='lat' dir='ltr'><strong>est,</strong></span> <span class='ocrx_word' id='word_1_693' title='bbox 2533 2697 2620 2764; x_wconf 91' lang='lat' dir='ltr'><strong>qui</strong></span> <span class='ocrx_word' id='word_1_694' title='bbox 2649 2697 2904 2748; x_wconf 89' lang='lat' dir='ltr'><strong>ducebant</strong></span> <span class='ocrx_word' id='word_1_695' title='bbox 2921 2695 3118 2758; x_wconf 86' lang='lat' dir='ltr'><strong>Jesum,</strong></span> <span class='ocrx_word' id='word_1_696' title='bbox 3148 2713 3245 2747; x_wconf 87' lang='lat' dir='ltr'><strong>non</strong></span> <span class='ocrx_word' id='word_1_697' title='bbox 3269 2698 3475 2748; x_wconf 86' lang='lat' dir='ltr'><strong>introie-</strong></span> 
     </span>
    </p>
   </div>
   <div class='ocr_carea' id='block_1_89' title="bbox 1941 2784 3474 2852">
    <p class='ocr_par' dir='ltr' id='par_1_89' title="bbox 1941 2784 3474 2852">
     <span class='ocr_line' id='line_1_89' title="bbox 1941 2784 3474 2852; baseline 0.001 -17"><span class='ocrx_word' id='word_1_698' title='bbox 1941 2796 2057 2836; x_wconf 86' lang='lat' dir='ltr'><strong>runt</strong></span> <span class='ocrx_word' id='word_1_699' title='bbox 2086 2786 2137 2836; x_wconf 89' lang='lat' dir='ltr'><strong>in</strong></span> <span class='ocrx_word' id='word_1_700' title='bbox 2174 2786 2488 2852; x_wconf 66' lang='lat' dir='ltr'><strong>praetorium.</strong></span> <span class='ocrx_word' id='word_1_701' title='bbox 2521 2784 2628 2837; x_wconf 83' lang='lat' dir='ltr'><strong>lloe</strong></span> <span class='ocrx_word' id='word_1_702' title='bbox 2655 2793 2732 2836; x_wconf 88' lang='lat' dir='ltr'><strong>est</strong></span> <span class='ocrx_word' id='word_1_703' title='bbox 2779 2786 2828 2835; x_wconf 91' lang='lat' dir='ltr'><strong>in</strong></span> <span class='ocrx_word' id='word_1_704' title='bbox 2881 2800 2995 2836; x_wconf 88' lang='lat' dir='ltr'><strong>eam</strong></span> <span class='ocrx_word' id='word_1_705' title='bbox 3046 2794 3244 2850; x_wconf 87' lang='lat' dir='ltr'><strong>partem</strong></span> <span class='ocrx_word' id='word_1_706' title='bbox 3289 2785 3474 2836; x_wconf 87' lang='lat' dir='ltr'><strong>domus</strong></span> 
     </span>
    </p>
   </div>
   <div class='ocr_carea' id='block_1_90' title="bbox 1941 2871 3470 2941">
    <p class='ocr_par' dir='ltr' id='par_1_90' title="bbox 1941 2871 3470 2941">
     <span class='ocr_line' id='line_1_90' title="bbox 1941 2871 3470 2941; baseline -0.003 -14"><span class='ocrx_word' id='word_1_707' title='bbox 1941 2889 2096 2941; x_wconf 87' lang='lat' dir='ltr'><strong>quam</strong></span> <span class='ocrx_word' id='word_1_708' title='bbox 2121 2874 2317 2926; x_wconf 87' lang='lat' dir='ltr'><strong>Pilatus</strong></span> <span class='ocrx_word' id='word_1_709' title='bbox 2345 2874 2553 2926; x_wconf 91' lang='lat' dir='ltr'><strong>tenebat</strong></span> <span class='ocrx_word' id='word_1_710' title='bbox 2578 2911 2592 2933; x_wconf 91' lang='lat'><strong>,</strong></span> <span class='ocrx_word' id='word_1_711' title='bbox 2637 2873 2679 2924; x_wconf 92' lang='lat' dir='ltr'><strong>si</strong></span> <span class='ocrx_word' id='word_1_712' title='bbox 2708 2873 2816 2938; x_wconf 90' lang='lat' dir='ltr'><strong>ipsa</strong></span> <span class='ocrx_word' id='word_1_713' title='bbox 2863 2881 2974 2922; x_wconf 90' lang='lat' dir='ltr'><strong>erat</strong></span> <span class='ocrx_word' id='word_1_714' title='bbox 3014 2873 3198 2923; x_wconf 84' lang='lat' dir='ltr'><strong>domus</strong></span> <span class='ocrx_word' id='word_1_715' title='bbox 3240 2871 3470 2939; x_wconf 68' lang='lat' dir='ltr'><strong>Caiphae.</strong></span> 
     </span>
    </p>
   </div>
   <div class='ocr_carea' id='block_1_91' title="bbox 1942 2957 3478 3024">
    <p class='ocr_par' dir='ltr' id='par_1_91' title="bbox 1942 2957 3478 3024">
     <span class='ocr_line' id='line_1_91' title="bbox 1942 2957 3478 3024; baseline -0.001 -11"><span class='ocrx_word' id='word_1_716' title='bbox 1942 2961 2047 3014; x_wconf 91' lang='lat' dir='ltr'><strong>Cur</strong></span> <span class='ocrx_word' id='word_1_717' title='bbox 2075 2969 2248 3013; x_wconf 88' lang='lat' dir='ltr'><strong>autem</strong></span> <span class='ocrx_word' id='word_1_718' title='bbox 2294 2975 2397 3012; x_wconf 91' lang='lat' dir='ltr'><strong>non</strong></span> <span class='ocrx_word' id='word_1_719' title='bbox 2421 2959 2734 3011; x_wconf 84' lang='lat' dir='ltr'><strong>introierunt</strong></span> <span class='ocrx_word' id='word_1_720' title='bbox 2761 2959 2811 3009; x_wconf 92' lang='lat' dir='ltr'><strong>in</strong></span> <span class='ocrx_word' id='word_1_721' title='bbox 2839 2959 3172 3024; x_wconf 77' lang='lat' dir='ltr'><strong>pnetorium?</strong></span> <span class='ocrx_word' id='word_1_722' title='bbox 3201 2957 3478 3024; x_wconf 80' lang='lat' dir='ltr'><strong>Exponens</strong></span> 
     </span>
    </p>
   </div>
   <div class='ocr_carea' id='block_1_92' title="bbox 1940 3048 3470 3114">
    <p class='ocr_par' dir='ltr' id='par_1_92' title="bbox 1940 3048 3470 3114">
     <span class='ocr_line' id='line_1_92' title="bbox 1940 3048 3470 3114; baseline -0.004 -10"><span class='ocrx_word' id='word_1_723' title='bbox 1940 3067 2173 3112; x_wconf 86' lang='lat' dir='ltr'><strong>causam,</strong></span> <span class='ocrx_word' id='word_1_724' title='bbox 2203 3062 2256 3103; x_wconf 89' lang='lat' dir='ltr'><strong>ut</strong></span> <span class='ocrx_word' id='word_1_725' title='bbox 2287 3067 2386 3104; x_wconf 88' lang='lat' dir='ltr'><strong>non</strong></span> <span class='ocrx_word' id='word_1_726' title='bbox 2412 3054 2892 3106; x_wconf 81' lang='lat' dir='ltr'><strong>contaminarentur,</strong></span> <span class='ocrx_word' id='word_1_727' title='bbox 2918 3048 3105 3114; x_wconf 88' lang='lat' dir='ltr'><strong>inquit,</strong></span> <span class='ocrx_word' id='word_1_728' title='bbox 3132 3049 3218 3098; x_wconf 86' lang='lat' dir='ltr'><strong>sed</strong></span> <span class='ocrx_word' id='word_1_729' title='bbox 3254 3049 3470 3099; x_wconf 89' lang='lat' dir='ltr'><strong>mandu-</strong></span> 
     </span>
    </p>
   </div>
   <div class='ocr_carea' id='block_1_93' title="bbox 1939 3138 3470 3205">
    <p class='ocr_par' dir='ltr' id='par_1_93' title="bbox 1939 3138 3470 3205">
     <span class='ocr_line' id='line_1_93' title="bbox 1939 3138 3470 3205; baseline -0.003 -14"><span class='ocrx_word' id='word_1_730' title='bbox 1939 3153 2108 3193; x_wconf 90' lang='lat' dir='ltr'><strong>carent</strong></span> <span class='ocrx_word' id='word_1_731' title='bbox 2142 3138 2362 3192; x_wconf 79' lang='lat' dir='ltr'><strong>Pascha.</strong></span> <span class='ocrx_word' id='word_1_732' title='bbox 2394 3139 2514 3191; x_wconf 92' lang='lat' dir='ltr'><strong>Dies</strong></span> <span class='ocrx_word' id='word_1_733' title='bbox 2536 3139 2674 3191; x_wconf 89' lang='lat' dir='ltr'><strong>enim</strong></span> <span class='ocrx_word' id='word_1_734' title='bbox 2707 3138 2788 3204; x_wconf 84' lang='lat' dir='ltr'><strong>agi</strong></span> <span class='ocrx_word' id='word_1_735' title='bbox 2817 3146 3084 3205; x_wconf 72' lang='lat' dir='ltr'><strong>cmperant</strong></span> <span class='ocrx_word' id='word_1_736' title='bbox 3129 3152 3430 3205; x_wconf 72' lang='lat' dir='ltr'><strong>azymorum</strong></span> <span class='ocrx_word' id='word_1_737' title='bbox 3459 3154 3470 3186; x_wconf 89' lang='lat'>:</span> 
     </span>
    </p>
   </div>
   <div class='ocr_carea' id='block_1_94' title="bbox 1938 3225 3470 3296">
    <p class='ocr_par' dir='ltr' id='par_1_94' title="bbox 1938 3225 3470 3296">
     <span class='ocr_line' id='line_1_94' title="bbox 1938 3225 3470 3296; baseline -0.004 -15"><span class='ocrx_word' id='word_1_738' title='bbox 1938 3229 2129 3296; x_wconf 89' lang='lat' dir='ltr'><strong>quibus</strong></span> <span class='ocrx_word' id='word_1_739' title='bbox 2156 3228 2340 3280; x_wconf 84' lang='lat' dir='ltr'><strong>diebus</strong></span> <span class='ocrx_word' id='word_1_740' title='bbox 2369 3227 2742 3282; x_wconf 86' lang='lat' dir='ltr'><strong>contaminatio</strong></span> <span class='ocrx_word' id='word_1_741' title='bbox 2779 3225 2879 3280; x_wconf 87' lang='lat' dir='ltr'><strong>illis</strong></span> <span class='ocrx_word' id='word_1_742' title='bbox 2900 3233 3012 3278; x_wconf 85' lang='lat' dir='ltr'><strong>erat</strong></span> <span class='ocrx_word' id='word_1_743' title='bbox 3043 3227 3092 3278; x_wconf 89' lang='lat' dir='ltr'><strong>in</strong></span> <span class='ocrx_word' id='word_1_744' title='bbox 3120 3227 3343 3278; x_wconf 88' lang='lat' dir='ltr'><strong>alienum</strong></span> <span class='ocrx_word' id='word_1_745' title='bbox 3374 3226 3470 3276; x_wconf 56' lang='lat' dir='ltr'><strong>hac</strong></span> 
     </span>
    </p>
   </div>
   <div class='ocr_carea' id='block_1_95' title="bbox 1937 3315 3467 3383">
    <p class='ocr_par' dir='ltr' id='par_1_95' title="bbox 1937 3315 3467 3383">
     <span class='ocr_line' id='line_1_95' title="bbox 1937 3315 3467 3383; baseline -0.003 -13"><span class='ocrx_word' id='word_1_746' title='bbox 1937 3317 2223 3370; x_wconf 84' lang='lat' dir='ltr'><strong>bitaculum</strong></span> <span class='ocrx_word' id='word_1_747' title='bbox 2251 3318 2464 3369; x_wconf 91' lang='lat' dir='ltr'><strong>intrare.</strong></span> <span class='ocrx_word' id='word_1_748' title='bbox 2505 3316 2548 3369; x_wconf 92' lang='grc' dir='ltr'>Ο</span> <span class='ocrx_word' id='word_1_749' title='bbox 2571 3316 2728 3383; x_wconf 89' lang='lat' dir='ltr'><strong>impia</strong></span> <span class='ocrx_word' id='word_1_750' title='bbox 2773 3324 2824 3367; x_wconf 89' lang='lat' dir='ltr'><strong>et</strong></span> <span class='ocrx_word' id='word_1_751' title='bbox 2849 3315 3002 3367; x_wconf 87' lang='lat' dir='ltr'><strong>stulta</strong></span> <span class='ocrx_word' id='word_1_752' title='bbox 3027 3317 3255 3368; x_wconf 66' lang='lat' dir='ltr'><strong>caecitas!</strong></span> <span class='ocrx_word' id='word_1_753' title='bbox 3294 3325 3346 3366; x_wconf 91' lang='lat' dir='ltr'><strong>ut</strong></span> <span class='ocrx_word' id='word_1_754' title='bbox 3374 3316 3467 3366; x_wconf 86' lang='lat' dir='ltr'><strong>ha-</strong></span> 
     </span>
    </p>
   </div>
   <div class='ocr_carea' id='block_1_96' title="bbox 1937 3404 3471 3464">
    <p class='ocr_par' dir='ltr' id='par_1_96' title="bbox 1937 3404 3471 3464">
     <span class='ocr_line' id='line_1_96' title="bbox 1937 3404 3471 3464; baseline -0.003 -7"><span class='ocrx_word' id='word_1_755' title='bbox 1937 3404 2166 3457; x_wconf 87' lang='lat' dir='ltr'><strong>bitacnlo</strong></span> <span class='ocrx_word' id='word_1_756' title='bbox 2188 3404 2428 3457; x_wconf 87' lang='lat' dir='ltr'><strong>videlicet</strong></span> <span class='ocrx_word' id='word_1_757' title='bbox 2450 3405 2929 3457; x_wconf 87' lang='lat' dir='ltr'><strong>contaminarentur</strong></span> <span class='ocrx_word' id='word_1_758' title='bbox 2952 3404 3139 3464; x_wconf 88' lang='lat' dir='ltr'><strong>alieno,</strong></span> <span class='ocrx_word' id='word_1_759' title='bbox 3154 3413 3324 3455; x_wconf 87' lang='lat' dir='ltr'><strong>etnon</strong></span> <span class='ocrx_word' id='word_1_760' title='bbox 3349 3418 3471 3455; x_wconf 88' lang='lat' dir='ltr'><strong>con-</strong></span> 
     </span>
    </p>
   </div>
   <div class='ocr_carea' id='block_1_97' title="bbox 1938 3491 3473 3563">
    <p class='ocr_par' dir='ltr' id='par_1_97' title="bbox 1938 3491 3473 3563">
     <span class='ocr_line' id='line_1_97' title="bbox 1938 3491 3473 3563; baseline -0.003 -17"><span class='ocrx_word' id='word_1_761' title='bbox 1938 3495 2324 3547; x_wconf 88' lang='lat' dir='ltr'><strong>taminarentur</strong></span> <span class='ocrx_word' id='word_1_762' title='bbox 2365 3493 2577 3560; x_wconf 90' lang='lat' dir='ltr'><strong>proprio</strong></span> <span class='ocrx_word' id='word_1_763' title='bbox 2612 3493 2808 3544; x_wconf 86' lang='lat' dir='ltr'><strong>scelere</strong></span> <span class='ocrx_word' id='word_1_764' title='bbox 2847 3493 2891 3541; x_wconf 75' lang='lat' dir='ltr'><strong>b.</strong></span> <span class='ocrx_word' id='word_1_765' title='bbox 2929 3492 3244 3559; x_wconf 72' lang='lat' dir='ltr'><strong>Alienigenm</strong></span> <span class='ocrx_word' id='word_1_766' title='bbox 3282 3491 3473 3563; x_wconf 76' lang='lat' dir='ltr'><strong>judieis</strong></span> 
     </span>
    </p>
   </div>
   <div class='ocr_carea' id='block_1_98' title="bbox 1939 3579 3474 3638">
    <p class='ocr_par' dir='ltr' id='par_1_98' title="bbox 1939 3579 3474 3638">
     <span class='ocr_line' id='line_1_98' title="bbox 1939 3579 3474 3638; baseline -0.003 -2"><span class='ocrx_word' id='word_1_767' title='bbox 1939 3586 2094 3636; x_wconf 91' lang='lat' dir='ltr'><strong>domo</strong></span> <span class='ocrx_word' id='word_1_768' title='bbox 2125 3583 2468 3635; x_wconf 83' lang='lat' dir='ltr'><strong>contaminari</strong></span> <span class='ocrx_word' id='word_1_769' title='bbox 2500 3582 2786 3638; x_wconf 90' lang='lat' dir='ltr'><strong>timebant,</strong></span> <span class='ocrx_word' id='word_1_770' title='bbox 2842 3589 2894 3631; x_wconf 90' lang='lat' dir='ltr'><strong>et</strong></span> <span class='ocrx_word' id='word_1_771' title='bbox 2948 3579 3124 3631; x_wconf 85' lang='lat' dir='ltr'><strong>fratris</strong></span> <span class='ocrx_word' id='word_1_772' title='bbox 3183 3581 3474 3632; x_wconf 83' lang='lat' dir='ltr'><strong>innocentis</strong></span> 
     </span>
    </p>
   </div>
   <div class='ocr_carea' id='block_1_99' title="bbox 1939 3666 3469 3734">
    <p class='ocr_par' dir='ltr' id='par_1_99' title="bbox 1939 3666 3469 3734">
     <span class='ocr_line' id='line_1_99' title="bbox 1939 3666 3469 3734; baseline -0.001 -15"><span class='ocrx_word' id='word_1_773' title='bbox 1939 3667 2192 3734; x_wconf 85' lang='lat' dir='ltr'><strong>sanguine</strong></span> <span class='ocrx_word' id='word_1_774' title='bbox 2212 3680 2315 3719; x_wconf 84' lang='lat' dir='ltr'><strong>non</strong></span> <span class='ocrx_word' id='word_1_775' title='bbox 2340 3666 2626 3720; x_wconf 82' lang='lat' dir='ltr'><strong>timebant?</strong></span> <span class='ocrx_word' id='word_1_776' title='bbox 2673 3686 2689 3716; x_wconf 75' lang='grc' dir='ltr'><strong><em>ι</em></strong></span> <span class='ocrx_word' id='word_1_777' title='bbox 2729 3666 3005 3719; x_wconf 86' lang='lat' dir='ltr'><strong>Sciendum</strong></span> <span class='ocrx_word' id='word_1_778' title='bbox 3030 3677 3107 3718; x_wconf 88' lang='lat' dir='ltr'><strong>est</strong></span> <span class='ocrx_word' id='word_1_779' title='bbox 3145 3668 3266 3732; x_wconf 87' lang='lat' dir='ltr'><strong>quid</strong></span> <span class='ocrx_word' id='word_1_780' title='bbox 3301 3667 3367 3717; x_wconf 88' lang='lat' dir='ltr'><strong>sit</strong></span> <span class='ocrx_word' id='word_1_781' title='bbox 3392 3668 3469 3717; x_wconf 90' lang='lat' dir='ltr'><strong>in-</strong></span> 
     </span>
    </p>
   </div>
   <div class='ocr_carea' id='block_1_100' title="bbox 1941 3749 3470 3829">
    <p class='ocr_par' dir='ltr' id='par_1_100' title="bbox 1941 3749 3470 3829">
     <span class='ocr_line' id='line_1_100' title="bbox 1941 3749 3470 3829; baseline -0.001 -22"><span class='ocrx_word' id='word_1_782' title='bbox 1941 3765 2020 3807; x_wconf 90' lang='lat' dir='ltr'><strong>ter</strong></span> <span class='ocrx_word' id='word_1_783' title='bbox 2041 3754 2240 3807; x_wconf 89' lang='lat' dir='ltr'><strong>Pascha</strong></span> <span class='ocrx_word' id='word_1_784' title='bbox 2275 3763 2327 3806; x_wconf 86' lang='lat' dir='ltr'><strong>et</strong></span> <span class='ocrx_word' id='word_1_785' title='bbox 2356 3753 2468 3805; x_wconf 89' lang='lat' dir='ltr'><strong>dies</strong></span> <span class='ocrx_word' id='word_1_786' title='bbox 2495 3749 2816 3820; x_wconf 75' lang='lat' dir='ltr'><strong>azymorum.</strong></span> <span class='ocrx_word' id='word_1_787' title='bbox 2836 3753 3328 3829; x_wconf 52' lang='lat' dir='ltr'><strong>Paschadicebatur</strong></span> <span class='ocrx_word' id='word_1_788' title='bbox 3350 3769 3470 3819; x_wconf 90' lang='lat' dir='ltr'><strong>pro-</strong></span> 
     </span>
    </p>
   </div>
   <div class='ocr_carea' id='block_1_101' title="bbox 1938 3842 3466 3913">
    <p class='ocr_par' dir='ltr' id='par_1_101' title="bbox 1938 3842 3466 3913">
     <span class='ocr_line' id='line_1_101' title="bbox 1938 3842 3466 3913; baseline -0.004 -14"><span class='ocrx_word' id='word_1_789' title='bbox 1938 3845 2050 3913; x_wconf 87' lang='lat' dir='ltr'><strong>prie</strong></span> <span class='ocrx_word' id='word_1_790' title='bbox 2072 3845 2183 3898; x_wconf 88' lang='lat' dir='ltr'><strong>dies</strong></span> <span class='ocrx_word' id='word_1_791' title='bbox 2213 3844 2297 3896; x_wconf 91' lang='lat' dir='ltr'><strong>illa</strong></span> <span class='ocrx_word' id='word_1_792' title='bbox 2327 3859 2427 3911; x_wconf 87' lang='lat' dir='ltr'><strong>qua</strong></span> <span class='ocrx_word' id='word_1_793' title='bbox 2455 3856 2619 3910; x_wconf 90' lang='lat' dir='ltr'><strong>agnus</strong></span> <span class='ocrx_word' id='word_1_794' title='bbox 2647 3842 2710 3893; x_wconf 91' lang='lat' dir='ltr'><strong>ad</strong></span> <span class='ocrx_word' id='word_1_795' title='bbox 2750 3856 3017 3908; x_wconf 83' lang='lat' dir='ltr'><strong>vesperam</strong></span> <span class='ocrx_word' id='word_1_796' title='bbox 3042 3853 3224 3909; x_wconf 81' lang='lat' dir='ltr'><strong>quarta</strong></span> <span class='ocrx_word' id='word_1_797' title='bbox 3268 3844 3466 3894; x_wconf 87' lang='lat' dir='ltr'><strong>decima</strong></span> 
     </span>
    </p>
   </div>
   <div class='ocr_carea' id='block_1_102' title="bbox 1937 3931 3470 3998">
    <p class='ocr_par' dir='ltr' id='par_1_102' title="bbox 1937 3931 3470 3998">
     <span class='ocr_line' id='line_1_102' title="bbox 1937 3931 3470 3998; baseline -0.002 -14"><span class='ocrx_word' id='word_1_798' title='bbox 1937 3932 2057 3984; x_wconf 88' lang='lat' dir='ltr'><strong>luna</strong></span> <span class='ocrx_word' id='word_1_799' title='bbox 2082 3931 2445 3993; x_wconf 85' lang='lat' dir='ltr'><strong>occidebatur;</strong></span> <span class='ocrx_word' id='word_1_800' title='bbox 2475 3938 2669 3998; x_wconf 86' lang='lat' dir='ltr'><strong>septem</strong></span> <span class='ocrx_word' id='word_1_801' title='bbox 2706 3944 2831 3981; x_wconf 87' lang='lat' dir='ltr'><strong>vero</strong></span> <span class='ocrx_word' id='word_1_802' title='bbox 2877 3931 2985 3981; x_wconf 83' lang='lat' dir='ltr'><strong>dies</strong></span> <span class='ocrx_word' id='word_1_803' title='bbox 3006 3938 3279 3995; x_wconf 79' lang='lat' dir='ltr'><strong>sequentes</strong></span> <span class='ocrx_word' id='word_1_804' title='bbox 3305 3968 3317 3988; x_wconf 89' lang='lat'><strong>,</strong></span> <span class='ocrx_word' id='word_1_805' title='bbox 3355 3931 3470 3981; x_wconf 84' lang='lat' dir='ltr'><strong>dies</strong></span> 
     </span>
    </p>
   </div>
   <div class='ocr_carea' id='block_1_103' title="bbox 1936 4017 3467 4089">
    <p class='ocr_par' dir='ltr' id='par_1_103' title="bbox 1936 4017 3467 4089">
     <span class='ocr_line' id='line_1_103' title="bbox 1936 4017 3467 4089; baseline -0.003 -15"><span class='ocrx_word' id='word_1_806' title='bbox 1936 4035 2239 4089; x_wconf 80' lang='lat' dir='ltr'><strong>azymorum</strong></span> <span class='ocrx_word' id='word_1_807' title='bbox 2264 4019 2590 4073; x_wconf 75' lang='lat' dir='ltr'><strong>dicebantur.</strong></span> <span class='ocrx_word' id='word_1_808' title='bbox 2623 4019 2745 4071; x_wconf 88' lang='lat' dir='ltr'><strong>Dies</strong></span> <span class='ocrx_word' id='word_1_809' title='bbox 2789 4032 3086 4084; x_wconf 82' lang='lat' dir='ltr'><strong>alymorum</strong></span> <span class='ocrx_word' id='word_1_810' title='bbox 3117 4017 3321 4069; x_wconf 85' lang='lat' dir='ltr'><strong>fuerunt</strong></span> <span class='ocrx_word' id='word_1_811' title='bbox 3351 4057 3364 4078; x_wconf 88' lang='lat'><strong>,</strong></span> <span class='ocrx_word' id='word_1_812' title='bbox 3417 4020 3467 4069; x_wconf 92' lang='lat' dir='ltr'><strong>in</strong></span> 
     </span>
    </p>
   </div>
   <div class='ocr_carea' id='block_1_104' title="bbox 1936 4106 3468 4179">
    <p class='ocr_par' dir='ltr' id='par_1_104' title="bbox 1936 4106 3468 4179">
     <span class='ocr_line' id='line_1_104' title="bbox 1936 4106 3468 4179; baseline -0.003 -17"><span class='ocrx_word' id='word_1_813' title='bbox 1936 4112 2127 4179; x_wconf 86' lang='lat' dir='ltr'><strong>quibus</strong></span> <span class='ocrx_word' id='word_1_814' title='bbox 2167 4109 2294 4162; x_wconf 85' lang='lat' dir='ltr'><strong>nihil</strong></span> <span class='ocrx_word' id='word_1_815' title='bbox 2322 4108 2619 4162; x_wconf 85' lang='lat' dir='ltr'><strong>fermentati</strong></span> <span class='ocrx_word' id='word_1_816' title='bbox 2665 4107 2716 4159; x_wconf 93' lang='lat' dir='ltr'><strong>in</strong></span> <span class='ocrx_word' id='word_1_817' title='bbox 2760 4107 3002 4160; x_wconf 88' lang='lat' dir='ltr'><strong>domibus</strong></span> <span class='ocrx_word' id='word_1_818' title='bbox 3034 4106 3242 4160; x_wconf 88' lang='lat' dir='ltr'><strong>illorum</strong></span> <span class='ocrx_word' id='word_1_819' title='bbox 3289 4107 3468 4159; x_wconf 87' lang='lat' dir='ltr'><strong>debuit</strong></span> 
     </span>
    </p>
   </div>
   <div class='ocr_carea' id='block_1_105' title="bbox 1938 4197 3470 4263">
    <p class='ocr_par' dir='ltr' id='par_1_105' title="bbox 1938 4197 3470 4263">
     <span class='ocr_line' id='line_1_105' title="bbox 1938 4197 3470 4263; baseline -0.001 -11"><span class='ocrx_word' id='word_1_820' title='bbox 1938 4200 2187 4263; x_wconf 81' lang='lat' dir='ltr'><strong>inveniri;</strong></span> <span class='ocrx_word' id='word_1_821' title='bbox 2216 4199 2306 4252; x_wconf 85' lang='lat' dir='ltr'><strong>sed</strong></span> <span class='ocrx_word' id='word_1_822' title='bbox 2353 4205 2524 4250; x_wconf 84' lang='lat' dir='ltr'><strong>tamen</strong></span> <span class='ocrx_word' id='word_1_823' title='bbox 2574 4197 2686 4250; x_wconf 90' lang='lat' dir='ltr'><strong>dies</strong></span> <span class='ocrx_word' id='word_1_824' title='bbox 2714 4197 2980 4250; x_wconf 86' lang='lat' dir='ltr'><strong>Paschalis</strong></span> <span class='ocrx_word' id='word_1_825' title='bbox 3031 4197 3293 4249; x_wconf 88' lang='lat' dir='ltr'><strong>invenitur</strong></span> <span class='ocrx_word' id='word_1_826' title='bbox 3336 4199 3470 4250; x_wconf 84' lang='lat' dir='ltr'><strong>inter</strong></span> 
     </span>
    </p>
   </div>
   <div class='ocr_carea' id='block_1_106' title="bbox 1938 4285 3466 4356">
    <p class='ocr_par' dir='ltr' id='par_1_106' title="bbox 1938 4285 3466 4356">
     <span class='ocr_line' id='line_1_106' title="bbox 1938 4285 3466 4356; baseline -0.001 -16"><span class='ocrx_word' id='word_1_827' title='bbox 1938 4289 2049 4341; x_wconf 87' lang='lat' dir='ltr'><strong>dies</strong></span> <span class='ocrx_word' id='word_1_828' title='bbox 2076 4302 2384 4356; x_wconf 81' lang='lat' dir='ltr'><strong>azymorum</strong></span> <span class='ocrx_word' id='word_1_829' title='bbox 2431 4285 2709 4346; x_wconf 88' lang='lat' dir='ltr'><strong>nominari,</strong></span> <span class='ocrx_word' id='word_1_830' title='bbox 2733 4293 2788 4336; x_wconf 92' lang='lat' dir='ltr'><strong>ut</strong></span> <span class='ocrx_word' id='word_1_831' title='bbox 2817 4286 2866 4337; x_wconf 88' lang='lat' dir='ltr'><strong>in</strong></span> <span class='ocrx_word' id='word_1_832' title='bbox 2895 4285 2996 4336; x_wconf 91' lang='lat' dir='ltr'><strong>alio</strong></span> <span class='ocrx_word' id='word_1_833' title='bbox 3021 4285 3300 4353; x_wconf 81' lang='lat' dir='ltr'><strong>Evangelio</strong></span> <span class='ocrx_word' id='word_1_834' title='bbox 3344 4287 3466 4353; x_wconf 76' lang='lat' dir='ltr'><strong>legi-</strong></span> 
     </span>
    </p>
   </div>
   <div class='ocr_carea' id='block_1_107' title="bbox 1942 4376 3472 4442">
    <p class='ocr_par' dir='ltr' id='par_1_107' title="bbox 1942 4376 3472 4442">
     <span class='ocr_line' id='line_1_107' title="bbox 1942 4376 3472 4442; baseline -0.003 -12"><span class='ocrx_word' id='word_1_835' title='bbox 1942 4387 2027 4430; x_wconf 87' lang='lat' dir='ltr'><strong>tur</strong></span> <span class='ocrx_word' id='word_1_836' title='bbox 2054 4395 2066 4429; x_wconf 89' lang='lat'><strong>:</strong></span> <span class='ocrx_word' id='word_1_837' title='bbox 2101 4378 2279 4429; x_wconf 86' lang='lat' dir='ltr'><strong>Prima</strong></span> <span class='ocrx_word' id='word_1_838' title='bbox 2306 4388 2474 4428; x_wconf 81' lang='lat' dir='ltr'><strong>autem</strong></span> <span class='ocrx_word' id='word_1_839' title='bbox 2515 4376 2595 4427; x_wconf 88' lang='lat' dir='ltr'><strong>die</strong></span> <span class='ocrx_word' id='word_1_840' title='bbox 2619 4391 2911 4442; x_wconf 74' lang='lat' dir='ltr'><strong>azymorum</strong></span> <span class='ocrx_word' id='word_1_841' title='bbox 2939 4386 3252 4426; x_wconf 85' lang='lat' dir='ltr'><strong>accesserunt</strong></span> <span class='ocrx_word' id='word_1_842' title='bbox 3293 4378 3356 4426; x_wconf 86' lang='lat' dir='ltr'><strong>ad</strong></span> <span class='ocrx_word' id='word_1_843' title='bbox 3384 4376 3472 4426; x_wconf 86' lang='lat' dir='ltr'><strong>Je-</strong></span> 
     </span>
    </p>
   </div>
   <div class='ocr_carea' id='block_1_108' title="bbox 1940 4459 3472 4531">
    <p class='ocr_par' dir='ltr' id='par_1_108' title="bbox 1940 4459 3472 4531">
     <span class='ocr_line' id='line_1_108' title="bbox 1940 4459 3472 4531; baseline -0.001 -16"><span class='ocrx_word' id='word_1_844' title='bbox 1940 4479 2050 4516; x_wconf 88' lang='lat' dir='ltr'><strong>sum</strong></span> <span class='ocrx_word' id='word_1_845' title='bbox 2067 4464 2303 4531; x_wconf 72' lang='lat' dir='ltr'><strong>discipuli</strong></span> <span class='ocrx_word' id='word_1_846' title='bbox 2330 4464 2582 4514; x_wconf 73' lang='lat' dir='ltr'><strong>dicentes:</strong></span> <span class='ocrx_word' id='word_1_847' title='bbox 2613 4459 2706 4512; x_wconf 83' lang='lat' dir='ltr'><strong>Ubi</strong></span> <span class='ocrx_word' id='word_1_848' title='bbox 2735 4463 2807 4513; x_wconf 79' lang='lat' dir='ltr'><strong>vis</strong></span> <span class='ocrx_word' id='word_1_849' title='bbox 2830 4500 2844 4521; x_wconf 93' lang='lat'><strong>,</strong></span> <span class='ocrx_word' id='word_1_850' title='bbox 2885 4477 3118 4527; x_wconf 85' lang='lat' dir='ltr'><strong>paremus</strong></span> <span class='ocrx_word' id='word_1_851' title='bbox 3159 4462 3247 4511; x_wconf 89' lang='lat' dir='ltr'><strong>tibi</strong></span> <span class='ocrx_word' id='word_1_852' title='bbox 3275 4459 3472 4513; x_wconf 86' lang='lat' dir='ltr'><strong>Pascha</strong></span> 
     </span>
    </p>
   </div>
   <div class='ocr_carea' id='block_1_109' title="bbox 1939 4547 2799 4613">
    <p class='ocr_par' dir='ltr' id='par_1_109' title="bbox 1939 4547 2799 4613">
     <span class='ocr_line' id='line_1_109' title="bbox 1939 4547 2799 4613; baseline -0.005 -12"><span class='ocrx_word' id='word_1_853' title='bbox 1939 4549 2246 4601; x_wconf 85' lang='lat' dir='ltr'><strong>manducare</strong></span> <span class='ocrx_word' id='word_1_854' title='bbox 2277 4547 2483 4612; x_wconf 74' lang='lat' dir='ltr'><strong>(Matth.</strong></span> <span class='ocrx_word' id='word_1_855' title='bbox 2511 4562 2654 4608; x_wconf 82' lang='lat' dir='ltr'><strong>xxvi,</strong></span> <span class='ocrx_word' id='word_1_856' title='bbox 2682 4547 2799 4613; x_wconf 77' lang='lat' dir='ltr'><strong>i7)?</strong></span> 
     </span>
    </p>
   </div>
   <div class='ocr_carea' id='block_1_110' title="bbox 2003 4632 3470 4703">
    <p class='ocr_par' dir='ltr' id='par_1_110' title="bbox 2003 4632 3470 4703">
     <span class='ocr_line' id='line_1_110' title="bbox 2003 4632 3470 4703; baseline -0.003 -14"><span class='ocrx_word' id='word_1_857' title='bbox 2003 4635 2163 4703; x_wconf 74' lang='lat'><strong>626</strong></span> <span class='ocrx_word' id='word_1_858' title='bbox 2188 4635 2343 4687; x_wconf 79' lang='lat' dir='ltr'><strong>Vens.</strong></span> <span class='ocrx_word' id='word_1_859' title='bbox 2369 4632 2454 4694; x_wconf 68' lang='grc'><strong>29,</strong></span> <span class='ocrx_word' id='word_1_860' title='bbox 2485 4634 2571 4686; x_wconf 83' lang='grc'><strong>50.</strong></span> <span class='ocrx_word' id='word_1_861' title='bbox 2602 4663 2667 4673; x_wconf 86' lang='grc'><strong><em>--</em></strong></span> <span class='ocrx_word' id='word_1_862' title='bbox 2707 4634 2871 4686; x_wconf 66' lang='lat' dir='ltr'><strong>Exibit</strong></span> <span class='ocrx_word' id='word_1_863' title='bbox 2908 4650 3022 4702; x_wconf 82' lang='lat' dir='ltr'><strong>ergo</strong></span> <span class='ocrx_word' id='word_1_864' title='bbox 3067 4632 3266 4685; x_wconf 82' lang='lat' dir='ltr'><strong>Pilatus</strong></span> <span class='ocrx_word' id='word_1_865' title='bbox 3295 4635 3358 4684; x_wconf 90' lang='lat' dir='ltr'><strong>ad</strong></span> <span class='ocrx_word' id='word_1_866' title='bbox 3388 4651 3470 4685; x_wconf 85' lang='lat' dir='ltr'><strong>eos</strong></span> 
     </span>
    </p>
   </div>
   <div class='ocr_carea' id='block_1_111' title="bbox 1940 4709 3469 4788">
    <p class='ocr_par' dir='ltr' id='par_1_111' title="bbox 1940 4709 3469 4788">
     <span class='ocr_line' id='line_1_111' title="bbox 1940 4709 3469 4788; baseline 0.001 -16"><span class='ocrx_word' id='word_1_867' title='bbox 1940 4722 2097 4787; x_wconf 76' lang='lat' dir='ltr'><strong>foras,</strong></span> <span class='ocrx_word' id='word_1_868' title='bbox 2120 4731 2162 4771; x_wconf 88' lang='lat' dir='ltr'><strong>et</strong></span> <span class='ocrx_word' id='word_1_869' title='bbox 2189 4721 2315 4772; x_wconf 71' lang='lat' dir='ltr'><strong>dixit</strong></span> <span class='ocrx_word' id='word_1_870' title='bbox 2346 4733 2363 4768; x_wconf 95' lang='lat'><em>:</em></span> <span class='ocrx_word' id='word_1_871' title='bbox 2395 4719 2560 4783; x_wconf 84' lang='lat' dir='ltr'><strong>Quam</strong></span> <span class='ocrx_word' id='word_1_872' title='bbox 2586 4709 2956 4774; x_wconf 79' lang='lat' dir='ltr'><strong>accusationem</strong></span> <span class='ocrx_word' id='word_1_873' title='bbox 3006 4724 3199 4788; x_wconf 74' lang='lat' dir='ltr'><strong>a,&#39;fertis</strong></span> <span class='ocrx_word' id='word_1_874' title='bbox 3230 4725 3469 4774; x_wconf 80' lang='lat' dir='ltr'><strong>adversus</strong></span> 
     </span>
    </p>
   </div>
   <div class='ocr_carea' id='block_1_112' title="bbox 1941 4806 3470 4873">
    <p class='ocr_par' dir='ltr' id='par_1_112' title="bbox 1941 4806 3470 4873">
     <span class='ocr_line' id='line_1_112' title="bbox 1941 4806 3470 4873; baseline 0.003 -15"><span class='ocrx_word' id='word_1_875' title='bbox 1941 4807 2188 4859; x_wconf 84' lang='lat' dir='ltr'><strong>hominem</strong></span> <span class='ocrx_word' id='word_1_876' title='bbox 2217 4808 2388 4858; x_wconf 77' lang='lat' dir='ltr'><strong>hunc!</strong></span> <span class='ocrx_word' id='word_1_877' title='bbox 2416 4806 2481 4858; x_wconf 79' lang='lat' dir='ltr'><strong>Et</strong></span> <span class='ocrx_word' id='word_1_878' title='bbox 2518 4809 2875 4873; x_wconf 83' lang='lat' dir='ltr'><strong>responderunt</strong></span> <span class='ocrx_word' id='word_1_879' title='bbox 2895 4847 2907 4867; x_wconf 94' lang='lat'><strong>,</strong></span> <span class='ocrx_word' id='word_1_880' title='bbox 2951 4817 2998 4859; x_wconf 86' lang='lat' dir='ltr'><strong>et</strong></span> <span class='ocrx_word' id='word_1_881' title='bbox 3025 4809 3261 4859; x_wconf 74' lang='lat' dir='ltr'><strong>dixerunt</strong></span> <span class='ocrx_word' id='word_1_882' title='bbox 3293 4811 3338 4860; x_wconf 86' lang='lat' dir='ltr'><strong>ei</strong></span> <span class='ocrx_word' id='word_1_883' title='bbox 3365 4823 3379 4857; x_wconf 91' lang='lat'><em>:</em></span> <span class='ocrx_word' id='word_1_884' title='bbox 3411 4809 3470 4862; x_wconf 85' lang='lat' dir='ltr'><strong>Si</strong></span> 
     </span>
    </p>
   </div>
   <div class='ocr_carea' id='block_1_113' title="bbox 1942 4895 3467 4960">
    <p class='ocr_par' dir='ltr' id='par_1_113' title="bbox 1942 4895 3467 4960">
     <span class='ocr_line' id='line_1_113' title="bbox 1942 4895 3467 4960; baseline 0.003 -14"><span class='ocrx_word' id='word_1_885' title='bbox 1942 4912 2039 4947; x_wconf 89' lang='lat' dir='ltr'><strong>non</strong></span> <span class='ocrx_word' id='word_1_886' title='bbox 2063 4905 2189 4947; x_wconf 88' lang='lat' dir='ltr'><strong>esset</strong></span> <span class='ocrx_word' id='word_1_887' title='bbox 2214 4897 2292 4947; x_wconf 88' lang='lat' dir='ltr'><strong>hic</strong></span> <span class='ocrx_word' id='word_1_888' title='bbox 2319 4895 2635 4960; x_wconf 82' lang='lat' dir='ltr'><strong>malefactor,</strong></span> <span class='ocrx_word' id='word_1_889' title='bbox 2662 4911 2759 4946; x_wconf 88' lang='lat' dir='ltr'><strong>non</strong></span> <span class='ocrx_word' id='word_1_890' title='bbox 2786 4896 2873 4946; x_wconf 72' lang='lat' dir='ltr'><strong>tibi</strong></span> <span class='ocrx_word' id='word_1_891' title='bbox 2912 4897 3291 4950; x_wconf 76' lang='lat' dir='ltr'><strong>tradidissemus</strong></span> <span class='ocrx_word' id='word_1_892' title='bbox 3332 4917 3467 4951; x_wconf 81' lang='lat' dir='ltr'><strong>eum.</strong></span> 
     </span>
    </p>
   </div>
   <div class='ocr_carea' id='block_1_114' title="bbox 1943 4981 3470 5053">
    <p class='ocr_par' dir='ltr' id='par_1_114' title="bbox 1943 4981 3470 5053">
     <span class='ocr_line' id='line_1_114' title="bbox 1943 4981 3470 5053; baseline 0.006 -21"><span class='ocrx_word' id='word_1_893' title='bbox 1943 4981 2088 5035; x_wconf 88' lang='lat' dir='ltr'><strong>llnnc</strong></span> <span class='ocrx_word' id='word_1_894' title='bbox 2124 4984 2261 5036; x_wconf 89' lang='lat' dir='ltr'><strong>enim</strong></span> <span class='ocrx_word' id='word_1_895' title='bbox 2285 4981 2544 5034; x_wconf 85' lang='lat' dir='ltr'><strong>habebant</strong></span> <span class='ocrx_word' id='word_1_896' title='bbox 2584 4996 2780 5034; x_wconf 87' lang='lat' dir='ltr'><strong>morem</strong></span> <span class='ocrx_word' id='word_1_897' title='bbox 2803 4981 2988 5045; x_wconf 71' lang='lat' dir='ltr'><strong>Judmi,</strong></span> <span class='ocrx_word' id='word_1_898' title='bbox 3027 4995 3084 5035; x_wconf 90' lang='lat' dir='ltr'><strong>ut</strong></span> <span class='ocrx_word' id='word_1_899' title='bbox 3113 5002 3266 5053; x_wconf 87' lang='lat' dir='ltr'><strong>quem</strong></span> <span class='ocrx_word' id='word_1_900' title='bbox 3301 5001 3470 5042; x_wconf 85' lang='lat' dir='ltr'><strong>morte</strong></span> 
     </span>
    </p>
   </div>
   <div class='ocr_carea' id='block_1_115' title="bbox 1941 5069 3464 5141">
    <p class='ocr_par' dir='ltr' id='par_1_115' title="bbox 1941 5069 3464 5141">
     <span class='ocr_line' id='line_1_115' title="bbox 1941 5069 3464 5141; baseline 0.002 -16"><span class='ocrx_word' id='word_1_901' title='bbox 1941 5073 2149 5141; x_wconf 83' lang='lat' dir='ltr'><strong>dignum</strong></span> <span class='ocrx_word' id='word_1_902' title='bbox 2165 5071 2526 5140; x_wconf 83' lang='lat' dir='ltr'><strong>dijudicarent,</strong></span> <span class='ocrx_word' id='word_1_903' title='bbox 2545 5069 2773 5122; x_wconf 90' lang='lat' dir='ltr'><strong>vinctum</strong></span> <span class='ocrx_word' id='word_1_904' title='bbox 2799 5085 2917 5123; x_wconf 88' lang='lat' dir='ltr'><strong>eum</strong></span> <span class='ocrx_word' id='word_1_905' title='bbox 2946 5075 3151 5138; x_wconf 54' lang='lat' dir='ltr'><strong>prasidi</strong></span> <span class='ocrx_word' id='word_1_906' title='bbox 3184 5077 3464 5128; x_wconf 82' lang='lat' dir='ltr'><strong>traderent.</strong></span> 
     </span>
    </p>
   </div>
   <div class='ocr_carea' id='block_1_116' title="bbox 1946 5159 3471 5232">
    <p class='ocr_par' dir='ltr' id='par_1_116' title="bbox 1946 5159 3471 5232">
     <span class='ocr_line' id='line_1_116' title="bbox 1946 5159 3471 5232; baseline 0.003 -21"><span class='ocrx_word' id='word_1_907' title='bbox 1946 5178 1962 5211; x_wconf 79' lang='lat' dir='ltr'><strong>t</strong></span> <span class='ocrx_word' id='word_1_908' title='bbox 1993 5160 2380 5228; x_wconf 82' lang='lat' dir='ltr'><strong>lnterrogentur</strong></span> <span class='ocrx_word' id='word_1_909' title='bbox 2396 5163 2552 5224; x_wconf 87' lang='lat' dir='ltr'><strong>atque</strong></span> <span class='ocrx_word' id='word_1_910' title='bbox 2573 5159 2917 5227; x_wconf 83' lang='lat' dir='ltr'><strong>respondeant</strong></span> <span class='ocrx_word' id='word_1_911' title='bbox 2958 5162 3023 5214; x_wconf 90' lang='lat' dir='ltr'><strong>ab</strong></span> <span class='ocrx_word' id='word_1_912' title='bbox 3055 5162 3334 5215; x_wconf 86' lang='lat' dir='ltr'><strong>immundis</strong></span> <span class='ocrx_word' id='word_1_913' title='bbox 3363 5167 3471 5232; x_wconf 86' lang='lat' dir='ltr'><strong>spi-</strong></span> 
     </span>
    </p>
   </div>
   <div class='ocr_carea' id='block_1_117' title="bbox 1941 5247 3465 5316">
    <p class='ocr_par' dir='ltr' id='par_1_117' title="bbox 1941 5247 3465 5316">
     <span class='ocr_line' id='line_1_117' title="bbox 1941 5247 3465 5316; baseline 0.003 -17"><span class='ocrx_word' id='word_1_914' title='bbox 1941 5251 2128 5303; x_wconf 82' lang='lat' dir='ltr'><strong>ritibus</strong></span> <span class='ocrx_word' id='word_1_915' title='bbox 2174 5249 2400 5309; x_wconf 83' lang='lat' dir='ltr'><strong>Iiberati,</strong></span> <span class='ocrx_word' id='word_1_916' title='bbox 2435 5247 2664 5316; x_wconf 83' lang='lat' dir='ltr'><strong>languidi</strong></span> <span class='ocrx_word' id='word_1_917' title='bbox 2716 5250 2918 5310; x_wconf 86' lang='lat' dir='ltr'><strong>sanati,</strong></span> <span class='ocrx_word' id='word_1_918' title='bbox 2972 5250 3158 5316; x_wconf 82' lang='lat' dir='ltr'><strong>leprosi</strong></span> <span class='ocrx_word' id='word_1_919' title='bbox 3209 5257 3465 5315; x_wconf 81' lang='lat' dir='ltr'><strong>mandati,</strong></span> 
     </span>
    </p>
   </div>
   <div class='ocr_carea' id='block_1_118' title="bbox 1939 5338 3466 5404">
    <p class='ocr_par' dir='ltr' id='par_1_118' title="bbox 1939 5338 3466 5404">
     <span class='ocr_line' id='line_1_118' title="bbox 1939 5338 3466 5404; baseline 0.001 -15"><span class='ocrx_word' id='word_1_920' title='bbox 1939 5338 2080 5390; x_wconf 92' lang='lat' dir='ltr'><strong>surdi</strong></span> <span class='ocrx_word' id='word_1_921' title='bbox 2103 5338 2392 5397; x_wconf 86' lang='lat' dir='ltr'><strong>audientes,</strong></span> <span class='ocrx_word' id='word_1_922' title='bbox 2415 5338 2545 5388; x_wconf 91' lang='lat' dir='ltr'><strong>muti</strong></span> <span class='ocrx_word' id='word_1_923' title='bbox 2569 5338 2995 5404; x_wconf 77' lang='lat' dir='ltr'><strong>loquentes,c:eci</strong></span> <span class='ocrx_word' id='word_1_924' title='bbox 3025 5339 3286 5399; x_wconf 85' lang='lat' dir='ltr'><strong>videntes,</strong></span> <span class='ocrx_word' id='word_1_925' title='bbox 3329 5357 3466 5393; x_wconf 87' lang='lat' dir='ltr'><strong>mor-</strong></span> 
     </span>
    </p>
   </div>
   <div class='ocr_carea' id='block_1_119' title="bbox 1938 5449 3462 5569">
    <p class='ocr_par' dir='ltr' id='par_1_119' title="bbox 1938 5449 3462 5569">
     <span class='ocr_line' id='line_1_119' title="bbox 1938 5449 3462 5569; baseline 0.005 -71"><span class='ocrx_word' id='word_1_926' title='bbox 1938 5457 2200 5569; x_wconf 51' lang='lat' dir='ltr'><strong>Laverunt,</strong></span> <span class='ocrx_word' id='word_1_927' title='bbox 2230 5457 2280 5501; x_wconf 92' lang='lat' dir='ltr'><strong>et</strong></span> <span class='ocrx_word' id='word_1_928' title='bbox 2307 5465 2407 5502; x_wconf 91' lang='lat' dir='ltr'><strong>non</strong></span> <span class='ocrx_word' id='word_1_929' title='bbox 2437 5450 2646 5518; x_wconf 88' lang='lat' dir='ltr'><strong>proprio</strong></span> <span class='ocrx_word' id='word_1_930' title='bbox 2681 5449 2875 5502; x_wconf 72' lang='lat' dir='ltr'><strong>seelrre</strong></span> <span class='ocrx_word' id='word_1_931' title='bbox 2932 5451 3190 5515; x_wconf 84' lang='lat' dir='ltr'><strong>inquinari</strong></span> <span class='ocrx_word' id='word_1_932' title='bbox 3232 5466 3284 5502; x_wconf 83' lang='lat' dir='ltr'><strong>se</strong></span> <span class='ocrx_word' id='word_1_933' title='bbox 3323 5454 3462 5506; x_wconf 81' lang='lat' dir='ltr'><strong>vide-</strong></span> 
     </span>
     <span class='ocr_line' id='line_1_120' title="bbox 1975 5526 2131 5567; baseline -0.006 -1"><span class='ocrx_word' id='word_1_934' title='bbox 1975 5526 2078 5567; x_wconf 80' lang='lat' dir='ltr'><strong>am.</strong></span> <span class='ocrx_word' id='word_1_935' title='bbox 2117 5536 2131 5565; x_wconf 74' lang='grc' dir='ltr'>ι</span> 
     </span>
    </p>
   </div>
   <div class='ocr_carea' id='block_1_120' title="bbox 1975 5526 2131 5567">
    <p class='ocr_par' dir='ltr' id='par_1_120' title="bbox 1975 5526 2131 5567">
     <span class='ocr_line' id='line_1_121' title="bbox 1975 5526 2131 5567; baseline -0.006 -1"><span class='ocrx_word' id='word_1_936' title='bbox 1975 5526 2078 5567; x_wconf 80' lang='lat' dir='ltr'><strong>am.</strong></span> <span class='ocrx_word' id='word_1_937' title='bbox 2117 5536 2131 5565; x_wconf 74' lang='grc' dir='ltr'>ι</span> 
     </span>
    </p>
   </div>
  </div>
