4266 6196
655 299 755 357 975

1478 299 1535 350 Β.
1577 298 1635 351 F.
1676 296 1893 351 ALBINI
1934 293 2061 349 SEU
2098 293 2366 348 ALCUINI
2403 293 2674 347 OPERUM
2712 292 2884 348 PARS
2924 294 2985 349 ll.

3712 295 3813 349 9'36

654 410 728 464 tui
753 415 1098 476 resurgentes,
1128 416 1302 459 utrum
1328 403 1401 459 sit
1427 405 1732 459 male-factor
1759 404 2052 459 Jesus.Scd
2080 404 2178 456 ista
2208 406 2257 462 Α
2280 402 2462 469 (Vsus.
2491 400 2580 471 35)
2634 401 2769 465 Quid
2804 402 3007 469 fecisti?
3040 405 3167 457 satis
3208 402 3437 457 ostendit
3473 402 3599 456 illud
3636 404 3684 457 ei
3717 420 3819 474 pro

654 500 917 560 dicebant,
940 497 1003 550 de
1023 495 1212 565 quibus
1231 509 1325 563 per
1346 494 1655 561 Prophetam
1693 493 1804 561 ipse
1827 492 2140 561 prazdixerat
2164 509 2175 542 ε

660 582 1014 636 Retribuebant
1040 582 1163 634 mihi
1186 580 1324 633 mala
1342 597 1433 649 pro
1455 580 1597 633 bonis
1618 577 1785 649 (Psal.
1808 594 1992 642 xxxiv,
2010 576 2118 646 {2).
2157 597 2174 628 ι

590 687 597 699 ς
653 670 834 739 (νεεδ,
858 667 970 737 '51.)
998 668 1143 721 Dixi:
1181 683 1300 735 ergo
1323 666 1394 720 eis
1424 665 1630 720 Pilatus
1650 679 1669 717 :
1690 666 1915 735 Accipite
1937 682 2052 719 eum
2074 682 2179 728 eos.

650 738 701 807 et
730 753 1007 809 secundum
1033 754 1189 822 legem
1208 760 1424 806 vestram
1440 752 1673 821 judicate
1691 768 1827 806 eum.
1860 738 2060 805 Iustior
2085 751 2185 804 fuit

652 844 930 911 illisjudex
952 843 1181 911 gentilis,
1206 843 1357 910 quasi
1389 843 1586 896 diceret
1612 859 1626 894 :
1660 842 1857 911 Legem
1881 840 2109 903 habetis,
2130 848 2183 892 ct

650 934 940 990 secundum
966 933 1137 1001 legem
1182 939 1410 985 vestram
1431 930 1665 1000 judicate
1693 944 1813 983 eum
1839 946 1852 981 :
1884 942 1977 981 vos
1997 928 2184 981 melius

650 1025 824 1081 nostis
864 1023 990 1091 quid
1013 1024 1079 1077 de
1097 1022 1296 1076 talibus
1318 1029 1493 1075 vestra
1520 1021 1608 1075 lex
1630 1020 1863 1087 judicet;
1893 1020 2182 1074 secundum

650 1111 791 1180 quod
809 1112 1011 1182 justum
1034 1110 1233 1175 sciatis,
1253 1108 1504 1176 iudicate.
1550 1107 1804 1159 Dixerunt
1843 1122 1963 1175 ergo
2008 1105 2056 1157 ei
2080 1103 2183 1156 Iu-

652 1200 752 1253 dici
777 1214 795 1251 :
826 1198 986 1251 Nobis
1023 1214 1124 1251 non
1147 1198 1259 1250 licet
1296 1184 1579 1262 interﬁcere
1619 1210 1943 1265 quemquam.
1974 1211 1995 1243 1
2050 1194 2183 1255 (uid

646 1298 732 1343 est
763 1289 903 1358 quod
926 1270 1159 1356 loquitur
1182 1287 1362 1339 insana
1403 1284 1721 1339 crudelitas?
1741 1284 1822 1336 An
1848 1298 1953 1335 non
1979 1281 2183 1335 interli-

650 1378 883 1440 ciebant,
908 1392 1062 1445 quem
1111 1374 1526 1428 interﬁciendum
1556 1372 1880 1427 oﬁ'erebant?
1906 1391 1925 1422 ι
1952 1372 2033 1425 An
2079 1387 2183 1424 non

651 1463 791 1518 forte
815 1463 1217 1524 interﬁciebant,
1230 1461 1354 1515 dum
1377 1460 1705 1514 clamabant:
1735 1459 2005 1528 Cruciﬁge,
2022 1459 2187 1511 cruci-

650 1554 785 1621 ﬁge?
811 1552 946 1616 Quid
967 1560 1049 1603 est
1074 1550 1214 1618 quod
1248 1550 1515 1611 dixerunt,
1540 1545 1700 1600 Nobis
1733 1563 1831 1600 non
1857 1547 1969 1599 licet
1994 1546 2188 1613 interﬁ-

650 1659 763 1695 cere
785 1656 1107 1711 quemquam,
1130 1640 1253 1693 dum
1284 1638 1369 1692 lex
1395 1637 1610 1691 mandat
1651 1637 1962 1699 homicidas,
1987 1636 2186 1690 adulte-

2277 488 2499 541 crimine
2525 487 2808 555 objectum,
2827 497 3075 557 tanquam
3097 490 3296 543 diceret
3324 508 3337 541 :
3363 488 3419 543 Si
3449 504 3625 559 regem
3653 499 3704 543 te
3727 504 3818 545 ne-

2278 591 2371 644 gas
2393 614 2409 638 ,
2453 576 2580 644 quid
2610 574 2778 629 fecisti
2812 584 2870 629 ut
2902 577 3187 633 tradereris
3218 580 3384 633 mihi?
3421 579 3579 644 Quasi
3624 579 3818 635 minim

2278 677 2383 717 non
2414 672 2576 727 esset,
2612 664 2655 717 si
2676 663 2972 731 puniendus
2985 666 3149 734 judici
3172 668 3491 731 traderetur,
3506 668 3633 734 quid
3658 681 3717 721 se
3739 668 3820 722 (li-

2278 759 2423 804 ceret
2460 764 2635 820 regem
2662 765 2815 804 esse:
2845 753 2889 804 si
2914 761 3091 807 autem
3122 755 3224 813 hoc
3253 770 3357 808 non
3404 756 3635 819 diceret,
3668 769 3819 824 quae-

2281 839 2498 892 rendum
2538 839 2605 891 ab
2633 839 2723 894 illo
2747 849 2885 893 esset
2920 843 3047 908 quid
3081 840 3222 897 aliud
3270 843 3408 898 forte
3430 826 3662 908 fecisset,
3683 846 3824 899 unde

2281 926 2417 980 tradi
2438 924 2603 993 judici
2632 927 2821 997 dignus
2841 937 2999 983 esset.

2351 1014 2509 1066 Vens.
2556 1014 2643 1067 56.
2693 1042 2767 1053 -—
2807 1014 3085 1083 Respondit
3133 1016 3288 1071 Iesus
3320 1032 3339 1069 :
3378 1017 3611 1087 Regnum
3652 1036 3824 1072 meum

2283 1114 2384 1152 non
2409 1109 2483 1151 est
2516 1100 2580 1151 de
2598 1101 2693 1152 hoc
2713 1101 2923 1154 mundo.
2951 1100 3009 1155 Si
3045 1118 3109 1155 ea:
3136 1106 3231 1157 hoc
3256 1105 3448 1157 mundo
3466 1115 3594 1158 esset
3613 1122 3823 1175 regnum

2283 1202 2471 1249 meum,
2500 1187 2719 1239 ministri
2747 1189 2848 1240 mei
2884 1189 3059 1257 utique
3084 1189 3419 1253 decertarent,
3440 1200 3497 1242 ut
3525 1207 3628 1245 non
3647 1192 3824 1245 trade-

2284 1289 2367 1325 rer
2389 1272 2609 1326 Iudicis.
2638 1272 2789 1326 Nune
2808 1283 2979 1326 autem
3006 1291 3174 1328 meum
3200 1292 3410 1345 regnum
3451 1295 3555 1331 non
3581 1288 3656 1332 est
3682 1280 3821 1333 hinc.

2283 1364 2395 1418 Hoc
2421 1374 2507 1418 est
2534 1366 2671 1432 quod
2695 1367 2863 1420 bonus
2909 1368 3159 1435 magister
3194 1369 3331 1423 scire
3369 1385 3468 1424 nos
3491 1370 3687 1435 voluit;
3733 1373 3827 1426 sed

2282 1452 2430 1520 prius
2466 1453 2619 1506 nobis
2640 1452 3044 1508 demonstranda
3074 1454 3246 1509 fuerat
3287 1470 3420 1509 vana
3458 1458 3733 1510 hominum
3762 1459 3827 1512 de

2284 1554 2446 1608 regno
2474 1541 2588 1610 ejus
2613 1541 2812 1607 opinio,
2834 1541 2945 1594 sive
2987 1541 3256 1605 Gentium,
3283 1544 3394 1598 sive
3416 1543 3716 1599 Iudaeorum
3736 1586 3751 1609 ,
3796 1562 3827 1599 a

2282 1630 2477 1697 quibus
2501 1630 2551 1683 id
2600 1618 2801 1684 Pilatus
2833 1631 3107 1684 audierat:
3133 1633 3282 1698 quasi
3311 1642 3591 1701 propterea
3639 1635 3830 1701 fuisset

651 1749 762 1795 ι-οε,
786 1706 839 1786 ξι
873 1706 1051 1784 talium
1099 1744 1219 1784 ι-εοε
1245 1729 1502 1783 scelerum
1529 1728 1772 1782 occidere
1797 1725 1881 1779 νει
1922 1725 2187 1793 lapidare?
2215 1706 2263 1765 Β
2285 1724 2455 1769 morte
2469 1716 2943 1784 plectendus,quod
2970 1717 3207 1772 illicitum
3226 1717 3550 1775 aﬁ‘ectaverit
3570 1736 3823 1788 regnum;

651 1822 753 1875 nisi
778 1820 914 1875 forte
940 1821 1041 1874 hoc
1086 1818 1204 1871 ideo
1248 1816 1537 1879 dixissent,
1583 1820 1801 1883 propter
1850 1811 2185 1865 sanctitatem

651 1910 756 1962 diei
777 1908 899 1962 festi
922 1908 997 1977 [et
1019 1900 1454 1972 venerationem],
1483 1909 1544 1956 ut
1567 1916 1670 1956 non
1695 1901 1877 1955 liceret
1896 1900 1974 1953 eis
1998 1914 2187 1953 secun-

652 1997 779 2069 dum
807 1995 976 2061 legem
1001 1993 1055 2047 in
1083 1993 1169 2046 die
1196 1990 1328 2044 festo
1362 1990 1604 2045 occidere
1628 1989 1919 2052 hominem,
1946 1986 2015 2041 ob
2037 1986 2187 2054 cujus

648 2084 757 2139 diei
781 2085 900 2139 festi
930 2081 1518 2145 venerationem,etiam
1554 2080 1858 2149 pnetorium
1889 2077 2083 2145 iudicis
2107 2078 2188 2130 in-

654 2184 795 2227 trare
843 2172 1143 2227 noluerunt.
1179 2169 1474 2235 Quomodo,
1510 2183 1543 2221 o
1586 2168 1776 2232 Judaei,
1803 2182 1837 2220 ο
1872 2166 1989 2221 falsi
2021 2167 2189 2220 Israe-

651 2261 779 2323 litae,
804 2277 908 2315 non
930 2259 1197 2313 occidistis
1220 2272 1362 2321 eum,
1387 2270 1541 2325 quem
1573 2254 2010 2323 apprehendiStis,
2031 2267 2187 2322 quem

654 2348 911 2419 duxistis,
948 2361 1104 2415 quem
1152 2345 1358 2415 prmsidi
1390 2344 1712 2408 tradidistis,
1749 2357 1903 2411 quem
1955 2340 2188 2409 cruciﬁgi

653 2435 997 2504 poposcistis?
1031 2452 1048 2484 ι
1097 2432 1306 2495 Audite,
1331 2432 1469 2498 quod
1515 2439 1699 2485 contra
1739 2445 1834 2483 vos
1870 2429 2029 2481 etiam
2059 2427 2190 2479 Pro—

653 2524 810 2593 pheta
836 2522 1027 2576 clamat
1052 2539 1064 2573 :
1096 2520 1221 2574 Filii
1240 2518 1521 2580 hominum,
1562 2517 1734 2570 dentes
1759 2531 1932 2569 eorum
1955 2532 2101 2568 arma
2142 2523 2191 2567 et

654 2609 874 2676 sagittte,
922 2616 969 2659 et
1005 2606 1180 2673 lingua
1208 2620 1382 2656 eorum
1410 2604 1667 2656 macharra
1695 2613 1848 2656 acuta
1882 2600 2050 2672 (Psal.
2083 2617 2188 2665 ιι-ι,

656 2697 731 2765 5).
759 2696 893 2748 Ecce
913 2694 1103 2761 quibus
1127 2692 1309 2753 armis,
1332 2690 1523 2757 quibus
1552 2689 1777 2758 sagittis,
1802 2703 1905 2757 qua
1931 2690 2192 2741 machaera

655 2785 849 2852 justum
897 2778 1251 2834 interfecistis.
1302 2776 1499 2830 Deinde
1543 2777 1783 2845 sequitur
1825 2792 1838 2828 :
1872 2774 2052 2846 (Vens.
2098 2772 2189 2844 32)

657 2869 769 2922 Hoc
792 2878 960 2920 autem
978 2867 1239 2928 dixerunt,
1266 2873 1322 2915 ut
1357 2878 1522 2916 sermo
1553 2861 1681 2916 Iesu
1708 2860 2018 2932 impleretur,
2044 2877 2192 2931 quem

2285 1802 2367 1856 vel
2394 1804 2645 1870 quoniam
2701 1804 2869 1857 solent
2917 1806 3211 1873 regnaturis
3251 1806 3485 1861 invidere
3526 1816 3826 1877 regnantes.

2284 1879 2501 1945 Potérat
2523 1899 2699 1945 autem
2728 1892 2983 1946 Dominus
3007 1932 3022 1956 ,
3076 1893 3217 1960 quod
3240 1893 3314 1946 ait
3338 1910 3351 1945 :
3384 1893 3616 1964 Regnum
3658 1911 3831 1948 meum

2286 1995 2388 2032 non
2411 1988 2486 2033 est
2506 1979 2571 2032 de
2596 1979 2784 2032 mundo
2810 1981 2904 2032 hoc
2928 2019 2943 2042 ,
3000 1981 3067 2033 ad
3101 1980 3326 2047 primam
3364 1980 3831 2051 interrogationem

2286 2067 2525 2134 pmsidis
2549 2068 2988 2135 respondere,ubi
3003 2069 3137 2123 dixit
3160 2086 3172 2121 :
3204 2070 3280 2123 Tu
3304 2087 3356 2124 es
3385 2072 3786 2131 requdarorum
3806 2074 3832 2125 .’

2289 2152 2392 2208 Sed
2421 2170 2543 2208 eum
2567 2156 2798 2210 vicissim
2827 2156 3137 2225 interrogat,
3174 2164 3351 2211 utrum
3381 2158 3481 2213 hoe
3502 2160 3669 2229 627
3690 2175 3722 2212 a
3748 2174 3833 2214 se-

2284 2243 2509 2310 metipso
2563 2243 2780 2307 diceret,
2810 2258 2876 2295 an
2919 2244 3152 2298 audisset
3171 2246 3239 2298 ab
3272 2244 3419 2309 aliis;
3474 2245 3565 2299 illo
3609 2260 3831 2314 respon-

2287 2330 2464 2391 dente,
2495 2330 2771 2382 ostendere
2794 2329 2982 2393 voluit,
3004 2330 3106 2383 hoc
3127 2330 3228 2383 sibi
3254 2330 3391 2397 apud
3425 2330 3570 2383 illum
3614 2329 3777 2385 fuisse
3798 2348 3829 2385 a

2285 2413 2482 2467 Iudicis
2528 2415 2672 2467 velut
2717 2416 2917 2468 crimen
2957 2414 3261 2482 objcctum:
3317 2416 3644 2484 patefaciens
3680 2420 3836 2473 nobis

2290 2434 2482 2467 manus
2528 2434 2672 2467 vctut
2717 2434 2917 2468 crimen
2957 2434 3261 2482 onjccwm:
3317 2434 3494 2484 pateta
3531 2434 3644 2472 lens
3680 2434 3832 2473 nonis

2290 2505 2638 2573 cogitationes
2686 2505 2956 2558 hominum
3010 2520 3142 2572 quas
3177 2506 3287 2574 ipse
3330 2434 3549 2561 nover;
3585 2508 3832 2575 quoniam

2288 2612 2436 2649 vanae
2468 2603 2610 2649 sunt.
2662 2613 2679 2646 ο
2706 2594 2854 2659 Quod
2893 2609 3019 2647 vero
3043 2596 3151 2647 ait:
3181 2594 3411 2663 Regnum
3444 2612 3612 2649 meum
3638 2613 3740 2650 non
3758 2607 3836 2650 est

2288 2684 2351 2737 de
2375 2684 2469 2735 hoc
2501 2683 2713 2747 mundo,
2741 2683 2794 2736 id
2819 2691 2902 2737 est
2919 2723 2933 2747 ,
2978 2682 3030 2736 iu
3059 2684 3158 2737 hoc
3186 2684 3401 2736 mundo.
3430 2683 3621 2738 Audite
3649 2698 3835 2738 omnes

2290 2786 2443 2840 reges
2463 2778 2644 2835 terrm;
2694 2784 2798 2823 non
2823 2771 2966 2823 venit
2989 2768 3231 2824 Christus
3258 2785 3477 2841 regnum
3506 2770 3714 2834 tollere,
3740 2771 3833 2824 sed

2289 2862 2444 2926 dare;
2472 2878 2576 2916 non
2598 2862 2856 2925 minuere,
2884 2861 2975 2915 sed
3000 2872 3234 2929 ‘augere;
3267 2876 3443 2929 regem
3472 2877 3529 2917 se
3560 2878 3665 2916 non
3696 2856 3830 2915 Acon-

655 2958 807 3021 dixit,
842 2956 1135 3029 signiﬁcans
1163 2970 1266 3022 qua
1289 2960 1416 3005 esset
1443 2958 1607 3005 morte
1627 2950 1927 3004 moriturus.
1962 2966 1980 2999 ι
2013 2948 2193 3016 Itaque
2219 3006 2260 3029 η
2292 2948 2528 3012 tradixit,
2553 2950 2645 3002 sed
2672 2950 2957 3003 carnaliter
2981 2950 3033 3002 in
3060 2950 3161 3004 hoc
3180 2949 3375 3003 mundo
3400 2964 3458 3003 se
3484 2963 3705 3017 regnare
3727 2962 3833 3002 non

658 3006 1049 3113 intelligendum
1070 3050 1151 3097 est
1174 3006 1456 3095 Dominum
1480 3037 1888 3108 hicsignilicare
1922 3052 2025 3090 non
2047 3006 2189 3089 mor-
2218 3006 2263 3064 θ
2293 3037 2444 3090 dixit.
2478 3036 2627 3101 Quod
2648 3044 2730 3088 est
2754 3035 2866 3100 ejus
2892 3046 3134 3104 regnum;
3167 3036 3266 3094 nisi
3293 3006 3571 3093 credentes
3599 3036 3653 3093 in
3689 3050 3833 3098 eum,

658 3140 763 3183 tem
785 3128 980 3190 crucis,
996 3127 1087 3181 sed
1106 3127 1247 3178 illam
1267 3133 1487 3179 mortem
1514 3122 1927 3193 quaJudazieum
1954 3123 2194 3191 gentibus

657 3216 933 3272 tradebant
958 3216 1023 3270 ad
1053 3212 1392 3270 occidendum
1418 3251 1434 3277 ,
1471 3214 1583 3267 .boc
1606 3221 1707 3276 est,
1736 3211 2016 3275 Romanis;
2071 3226 2192 3265 nam

656 3312 853 3365 Pilatus
873 3311 1140 3363 Romanus
1165 3310 1296 3363 civis
1344 3304 1482 3373 fuit,
1541 3304 1664 3364 licet
1718 3319 1912 3379 genere
1943 3305 2189 3374 Pontius,

658 3414 882 3466 eumque
919 3400 970 3450 in
996 3397 1226 3450 Judaeum
1258 3396 1480 3449 Romani
1508 3397 1784 3463 praesidem
1821 3398 2096 3451 miserant.
2126 3397 2190 3449 Ut

659 3502 786 3555 ergo
812 3489 908 3539 iste
934 3502 1101 3538 sermo
1122 3484 1247 3538 Iesu
1272 3484 1583 3553 impleretur,
1605 3484 1657 3538 id
1700 3493 1803 3549 est,
1830 3493 1888 3538 ut
1928 3502 2047 3539 eum
2094 3486 2193 3539 sibi

663 3576 911 3629 traditum
941 3574 1139 3628 Gentes
1187 3573 1562 3637 interficerent,
1592 3573 1734 3641 quod
1785 3571 1938 3627 Iesus
1961 3573 2191 3627 futurum

650 3678 780 3716 esse
804 3662 1139 3730 praedixerat,
1162 3662 1263 3715 hoc
1299 3661 1569 3729 impletum
1597 3668 1698 3725 est,
1733 3659 1855 3714 dum
1878 3659 2042 3715 Judaei
2071 3677 2191 3715 eum

661 3752 918 3806 Gentibus
978 3752 1303 3806 tradiderunt
1352 3752 1724 3816 occidendum;
1770 3754 1973 3805 minore
2020 3760 2193 3804 tamen

662 3840 879 3903 scelere,
909 3855 1065 3907 quam
1091 3839 1277 3902 Judzei,
1308 3840 1397 3905 qui
1452 3854 1507 3891 se
1547 3839 1646 3891 isto
1675 3840 1830 3891 modo
1873 3839 1940 3891 ab
1967 3838 2080 3907 ejus
2118 3839 2197 3891 in-

665 3927 975 3995 terfectione
1009 3926 1153 3979 velut
1177 3925 1374 3978 alienos
1420 3924 1593 3977 facere
1632 3925 1907 3978 voluerunt
1933 3964 1946 3989 ,
1992 3941 2095 3979 non
2139 3932 2197 3977 ut

664 4028 845 4067 eorum
872 4012 1187 4072 innocentia,
1217 4012 1306 4064 sed
1337 4018 1392 4063 ut
1435 4010 1698 4065 dementia
1730 4020 2130 4065 monstraretur.
2171 4032 2189 4063 ι

733 4100 891 4158 Vens.
922 4099 1007 4151 35.
1042 4127 1112 4137 —-
1133 4098 1366 4150 Introivit
1405 4098 1588 4149 iterum
1627 4099 1680 4151 in
1723 4100 2017 4167 primarium
2046 4097 2194 4152 Pila-

665 4199 768 4250 tus,
790 4197 839 4240 et
872 4188 1063 4239 vocavit
1085 4186 1260 4240 Iesum
1286 4227 1299 4249 ,
1344 4197 1389 4240 et
1414 4188 1543 4241 dixit
1566 4190 1647 4241 ei:
1675 4189 1749 4241 Tu
1775 4206 1829 4243 es
1871 4206 1959 4243 rex
1984 4190 2198 4243 Iudico-

666 4277 819 4327 rum?
848 4276 902 4327 lu
923 4276 1005 4328 bis
1024 4277 1198 4329 verbis
1226 4277 1452 4328 ostendit
1476 4276 1674 4328 Pilatus
1696 4278 1796 4330 hoc
1818 4275 2026 4329 Iudaeos
2053 4275 2198 4342 obje-

667 4364 803 4415 cisse
830 4364 876 4416 ei
922 4363 1181 4423 criminis,
1208 4370 1265 4413 ut
1308 4363 1505 4414 diceret
1538 4377 1595 4414 se
1632 4378 1804 4432 regem
1849 4378 1966 4417 esse
1992 4363 2198 4418 Iudaeo-

668 4462 806 4499 rum.
844 4446 1022 4515 (Vens.
1055 4447 1166 4516 3i.)
1208 4446 1479 4515 Respondit
1504 4447 1656 4500 Iesus
1688 4463 1704 4498 :
1739 4449 1780 4499 Α
1808 4451 2066 4517 temetipso
2105 4450 2199 4503 hoc

669 4536 815 4599 dicis,
845 4552 910 4587 an
936 4536 1023 4588 alii
1054 4537 1141 4587 tibi
1174 4536 1411 4588 dixerunt
1440 4536 1501 4588 de
1526 4539 1644 4589 me?
1675 4556 1693 4586 ι
1728 4550 1752 4577 α
1786 4536 1997 4591 Sciebat
2019 4539 2201 4605 utique

670 4623 939 4683 Dominus,
968 4624 1176 4689 etquod
1200 4624 1311 4690 ipse
1355 4624 1731 4691 interrogabat,
1760 4634 1813 4676 et
1834 4625 1973 4690 quod
1998 4625 2082 4677 ille
2121 4641 2195 4677 re-

671 4725 957 4775 sponsurus
998 4710 1094 4763 fuit
1134 4710 1257 4780 Uis.
1288 4711 1470 4761 addit:
1502 4718 1556 4761 et
1598 4711 1724 4776 quid
1774 4710 1847 4761 illi
1876 4711 2075 4764 Pilatus
2123 4727 2205 4765 re-

672 4812 959 4865 sponsurus
983 4807 1116 4851 erat.
1176 4798 1393 4851 Sedec
1449 4796 1838 4867 redundat]:et
1886 4808 2058 4852 tamen
2102 4801 2203 4855 dici

674 4887 856 4951 voluit,
888 4902 989 4940 non
1030 4895 1241 4955 propter
1265 4902 1324 4939 se
1357 4889 1445 4953 qui
1480 4889 1653 4940 omnia
1706 4888 1922 4951 sciebat,
1952 4892 2041 4943 sed
2084 4906 2205 4959 pro-

675 4983 792 5042 pter
815 4990 930 5037 nos,
960 4984 1019 5027 ut
1065 4972 1381 5027 scriberetur
1408 4976 1546 5039 quod
1594 4988 1690 5027 nos
1720 4975 1856 5028 scire
1896 4976 2079 5029 voluit.
2112 4977 2207 5029 Re-

676 5063 874 5130 spondit
923 5061 1162 5114 Pilatus:
1196 5059 1440 5127 Nunquid
1487 5077 1575 5129 ego
1619 5062 1836 5115 Iudicas
1874 5065 2032 5116 sum?
2073 5065 2204 5118 Gens

677 5164 765 5204 tua
789 5163 835 5205 et
856 5153 1114 5220 pontiﬁces
1136 5150 1455 5207 tradiderunt
1470 5160 1516 5203 te
1532 5152 1673 5204 mihi.
1700 5152 1837 5217 Quid
1855 5155 2056 5221 fecisti?
2073 5157 2205 5209 Abs-

680 5241 797 5293 tulit
820 5256 850 5291 a
874 5256 930 5294 se
956 5240 1305 5308 suspicionem
1326 5251 1432 5305 qua
1457 5246 1633 5306 posset
1659 5242 1830 5307 putari
1863 5257 1893 5294 a
1926 5244 2206 5310 semetipso

680 5327 872 5380 dixisse
897 5328 1032 5394 quod
1054 5326 1229 5380 Iesum
1258 5338 1435 5393 regem
1484 5325 1687 5378 dixerat
1727 5340 1842 5381 esse
1867 5327 2163 5383 Iudaeorum
2190 5346 2203 5391 ;

681 5416 733 5467 id
785 5430 840 5465 se
884 5431 911 5465 a
954 5415 1146 5469 Judzeis
1196 5416 1457 5484 accepisse
1503 5417 1881 5468 demonstrans.
1926 5418 2200 5469 Dicenda:

752 5536 775 5561 ³
819 5523 889 5574 lix
920 5521 973 5573 Β.
996 5523 1147 5590 Aug.,
1174 5532 1322 5575 tract.
1348 5539 1465 5581 ειν.
1490 5540 1629 5575 num.
1665 5523 1709 5585 I,
1735 5522 1787 5585 4,
1810 5522 1859 5574 Β.

2292 3138 2423 3191 quos
2443 3123 2617 3182 tradet
2644 3138 2865 3195 regnum
2893 3121 3002 3180 Deo
3025 3127 3169 3182 Patri
3207 3128 3259 3180 in
3298 3126 3402 3180 line
3428 3127 3602 3181 saeculi
3634 3127 3682 3194 (1
3708 3125 3830 3179 Cor.

2292 3211 2510 3283 xv,2«l),
2539 3215 2589 3266 id
2617 3223 2727 3277 est,
2774 3216 2995 3269 adducet
3047 3217 3113 3271 ad
3138 3218 3303 3271 Deum
3332 3218 3541 3271 Patrem
3569 3256 3583 3278 ,
3616 3224 3690 3269 aut
3722 3218 3836 3269 sine

2290 3305 2393 3360 line
2417 3310 2633 3372 regnent
2654 3317 2775 3355 cum
2811 3303 2933 3356 illo?
2978 3302 3083 3357 Sed
3111 3314 3170 3356 ut
3192 3304 3291 3358 hoc
3313 3305 3599 3371 probaret,
3648 3310 3706 3355 ut
3751 3318 3835 3356 re-

2291 3407 2449 3459 gnum
2475 3392 2588 3458 ejus
2612 3390 2677 3443 de
2701 3390 2802 3443 hoc
2830 3390 3024 3443 mundo
3060 3405 3164 3444 non
3217 3398 3379 3455 esset,
3408 3390 3601 3459 adjecit
3627 3408 3639 3441 :
3674 3390 3734 3445 Si
3770 3391 3839 3445 de

2292 3480 2385 3531 hoc
2410 3478 2598 3530 mundo
2620 3487 2747 3530 esset
2772 3494 2981 3547 regnum
3005 3495 3193 3544 meum,
3220 3480 3439 3533 ministri
3475 3479 3574 3532 mei
3608 3477 3839 3531 decerta-

2294 3575 2404 3619 rent
2446 3574 2501 3618 ut
2532 3583 2632 3618 non
2658 3566 2888 3619 traderer
2920 3565 3141 3619 Iudwis.
3185 3566 3298 3619 Non
3329 3569 3403 3629 ait
3446 3585 3457 3618 :
3487 3566 3639 3620 Nunc
3661 3574 3837 3619 autem

2294 3670 2512 3722 regnum
2551 3669 2723 3707 meum
2746 3669 2849 3706 non
2874 3662 2955 3707 est
2981 3655 3061 3707 hic
3085 3695 3098 3717 ,
3126 3656 3216 3707 sed
3244 3671 3346 3708 non
3370 3663 3453 3708 est
3477 3655 3626 3718 hinc;
3656 3655 3742 3709 hic
3757 3662 3839 3709 est

2293 3743 2435 3793 enim
2465 3755 2680 3809 regnum
2699 3741 3011 3810 ejus,usque
3034 3742 3254 3796 inlinem
3285 3744 3483 3806 szeculi,
3514 3743 3605 3797 sed
3635 3744 3685 3795 in
3716 3758 3837 3797 san-

2295 3831 2395 3883 ctis
2426 3830 2554 3894 suis,
2584 3831 2647 3884 de
2669 3832 2857 3898 quibus
2890 3833 3020 3885 dixit
3041 3832 3094 3885 in
3128 3833 3232 3885 alio
3258 3832 3542 3901 Evangelio
3565 3850 3578 3885 :
3605 3832 3836 3901 Regnum
3878 3888 3881 3891 ν

2298 3918 2391 3971 Dei
2421 3919 2554 3972 intra
2580 3935 2667 3971 vos
2695 3928 2768 3972 est
2789 3919 2937 3989 (Luc.
2969 3936 3077 3973 xvu
3097 3961 3111 3985 ,
3161 3920 3269 3989 21).
3294 3920 3434 3974 Nam
3470 3935 3691 3989 regnum
3723 3919 3839 3989 ejus

2295 4016 2475 4065 sancta
2497 4009 2728 4063 Ecclesia
2752 4017 2852 4063 est.
2876 4009 3025 4063 Unde
3043 4016 3095 4063 et
3121 4010 3187 4062 ad
3213 4009 3428 4061 Mariam
3457 4009 3715 4076 virginem
3737 4023 3836 4060 an-

2296 4100 2444 4168 gelus
2469 4099 2575 4151 ait:
2596 4098 2673 4152 'Et
2700 4098 2926 4164 regnabit
2953 4088 3006 4150 in
3035 4098 3183 4150 domo
3209 4097 3370 4149 Iacob
3393 4098 3445 4149 in
3468 4096 3714 4150 (uernum
3731 4137 3746 4160 ,
3789 4107 3837 4149 et

2299 4187 2442 4254 regni
2466 4186 2577 4254 ejus
2603 4203 2703 4237 non
2736 4186 2830 4238 erit
2850 4185 2968 4252 ﬁnis
2998 4184 3143 4254 (Luc.
3174 4202 3211 4248 ι,
3237 4186 3325 4249 52,
3356 4185 3467 4252 35),
3495 4185 3729 4253 spiritale
3756 4201 3839 4239 rc-

2298 4288 2456 4342 guum
2471 4288 2575 4340 quo
2602 4273 2655 4325 in
2681 4274 2874 4327 sanctis
2902 4281 3083 4340 regnat
3106 4272 3468 4327 demonstrare
3489 4275 3699 4335 volens,
3733 4287 3837 4325 non

2298 4361 2508 4415 carnale
2535 4361 2672 4428 quod
2701 4377 2838 4429 smpe
2886 4362 3029 4427 impii
3059 4361 3251 4412 habent
3287 4361 3338 4412 in
3367 4362 3465 4414 hoc
3492 4361 3706 4414 mundo.
3760 4359 3833 4413 De

2301 4462 2460 4517 regno
2501 4450 2694 4516 quippe
2726 4464 2821 4501 suo
2862 4449 2989 4500 dicit
3025 4448 3178 4513 paulo
3204 4456 3362 4502 ante:
3389 4448 3464 4501 De
3501 4448 3691 4501 mundo
3731 4465 3833 4501 non

2299 4540 2439 4600 estis,
2462 4538 2549 4589 sed
2578 4553 2667 4604 ego
2691 4553 2776 4588 vos
2797 4537 2858 4588 de
2891 4536 3078 4589 mundo
3104 4536 3249 4604 elegi.

2370 4624 2525 4675 Vens.
2551 4623 2719 4675 37.-—-
2740 4622 2878 4675 Dixit
2914 4625 2959 4675 ei
2984 4625 3154 4690 itaque
3189 4621 3390 4674 Pilatus
3418 4635 3435 4671 :
3473 4622 3608 4692 Ergo
3637 4640 3728 4675 rex
3776 4640 3829 4675 es

2300 4711 2395 4762 tu?
2416 4709 2690 4777 Respondit
2710 4708 2861 4761 Iesus
2885 4722 2901 4759 :
2925 4708 3000 4760 Tu
3023 4708 3171 4770 dicis,
3196 4709 3314 4776 quia
3339 4725 3427 4761 rex
3444 4726 3557 4761 sum
3582 4726 3691 4776 ego.
3720 4708 3833 4763 Non

2302 4798 2422 4864 quia
2445 4812 2500 4850 se
2530 4812 2703 4865 regem
2727 4798 2901 4849 timuit
2935 4795 3195 4859 conﬁteri,
3219 4799 3327 4858 sed,
3350 4807 3415 4864 tu.
3432 4796 3577 4855 dicis,
3606 4795 3698 4846 ait.
3745 4796 3835 4849 Sic

2305 4883 2589 4949 respondit,
2621 4890 2677 4934 ut
2703 4896 2881 4933 verum
2910 4881 3123 4944 diceret,
3156 4891 3207 4936 et
3228 4896 3400 4934 sermo
3421 4880 3534 4946 ejus
3560 4881 3834 4937 calumnia:

2304 4991 2404 5029 non
2428 4981 2644 5041 pateret.
2668 4972 2872 5025 Dictum
2900 4981 2999 5030 est.
3022 4983 3075 5025 tu
3108 4974 3255 5033 dicis,
3286 4972 3513 5025 carnalis
3553 4973 3835 5026 carnaliter

2304 5062 2452 5114 dicis.
2482 5060 2678 5111 Deinde
2721 5044 3022 5129 subjungit:
3056 5058 3164 5127 Ego
3205 5061 3259 5111 in
3308 5060 3400 5111 hoc
3430 5070 3578 5113 natus
3604 5077 3737 5123 sum,
3784 5069 3833 5113 et

2304 5148 2369 5199 ad
2418 5147 2511 5197 hoc
2536 5146 2649 5197 veni
2671 5147 2723 5197 in
2765 5148 3029 5207 mundum,
3072 5157 3127 5198 ut
3171 5148 3509 5200 testimonium
3544 5148 3833 5215 perhibeam

2304 5231 2519 5285 veritati.
2555 5248 2571 5279 ι
2609 5231 2720 5283 Non
2744 5241 2821 5284 est
2849 5231 3182 5299 producenda
3204 5232 3357 5298 huius
3377 5232 3700 5300 pronominis
3726 5232 3834 5302 syl-

2305 5319 2443 5378 laba,
2473 5319 2609 5384 quod
2637 5321 2744 5371 ait:
2774 5318 2837 5371 In
2861 5320 2955 5370 hoc
3001 5330 3147 5372 natus
3176 5335 3306 5384 sum,
3353 5331 3597 5387 tanquam
3630 5322 3834 5375 dixerit

2307 5404 2380 5473 [in
2406 5405 2503 5459 hac
2529 5421 2583 5460 re
2625 5416 2776 5460 natus
2802 5421 2944 5470 sum;
2978 5406 3066 5461 sed
3102 5407 3447 5482 corripienda,
3476 5415 3724 5477 tanquam
3754 5407 3831 5462 di-
