4152 6194
351 346 451 403 977
1107 345 1508 401 exsomnes.
1552 375 1618 386 —
1656 345 1999 400 conumr.
2042 346 2107 401 lN
2143 343 2328 401 JOAN.
2356 375 2424 385 —
2460 303 2585 399 un.
2622 343 2728 399 vn.
3418 344 3535 398 97s

352 457 507 527 xerit]
540 457 590 510 in
614 458 751 511 hanc
781 471 890 509 rem
913 465 1069 510 natus
1089 473 1237 521 sum,
1254 457 1345 510 vel
1364 456 1430 510 ad
1449 458 1549 510 hoc
1573 464 1725 509 natus
1743 471 1884 518 sum,
1915 464 1959 519 λ
1986 458 2122 511 idem
2170 471 2366 526 pmscs
2408 458 2679 511 cohortem
2718 472 2865 511 suam
2910 455 3359 525 permisit-lacere
3407 474 3527 525 qua:

349 548 489 601 sicut
513 546 588 599 uit
611 559 629 599 :
652 547 736 599 Ad
753 547 847 597 hoc
869 546 978 597 ueni
1005 547 1059 597 in
1083 545 1356 597 mundum-
1376 544 1437 596 lu
1458 543 1643 597 Grmco
1663 558 1888 611 namque
1986 555 2291 614 sequuntur.
2313 546 2494 615 (Vens.
2522 548 2577 611 2,
2601 549 2680 613 5.)
2702 547 2769 599 Et
2788 546 2971 599 milites
2998 545 3264 615 plectentes
3285 563 3529 600 coronam

351 638 635 707 Evangelio
662 639 790 691 nihil
811 646 895 691 est
911 635 1067 703 hujus
1080 637 1360 690 locutionis
1391 622 1713 704 ambiguum.
1741 635 1890 689 Unde
1984 634 2047 684 de
2084 635 2265 700 spinis,
2307 635 2652 701 imposuerunt
2696 635 2851 702 capiti
2876 635 3013 702 eius,
3043 645 3090 687 et
3115 644 3244 689 ueste
3269 652 3529 704 purpurea

352 726 690 781 manifestum
728 736 811 780 est
838 741 959 780 eum
993 724 1331 793 temporalem
1376 725 1703 777 nativitatem
1742 737 1891 775 suam
1986 720 2424 772 circumdederunt
2444 736 2587 783 aut,
2608 731 2653 772 et
2670 722 2933 773 reniebant
2956 722 3025 774 ad
3054 738 3167 775 eum
3188 731 3236 773 et
3254 722 3485 775 dicebant
3507 737 3525 773 :

356 820 443 873 hic
489 831 955 880 commemorasse,
990 831 1094 884 qua
1145 817 1452 869 incarnatus
1475 815 1619 867 venit
1645 814 1697 865 in
1742 828 1893 865 mun-
1987 808 2106 870 Are,
2127 822 2214 859 rex
2230 805 2533 860 Judtrorum
2548 825 2567 871 ;
2588 817 2633 860 et
2655 808 2845 861 dabant
2869 810 2913 861 ei
2939 809 3136 877 palmas
3156 808 3274 879 [Με.
3298 809 3519 880 alapas].

353 910 477 962 dum
502 927 517 962 :
555 924 661 963 non
686 909 825 961 illam
843 908 959 961 sine
981 906 1150 967 initio,
1172 920 1277 972 qua
1306 905 1444 958 Deus
1457 911 1591 965 erat,
1619 918 1716 971 per
1735 915 1891 969 quem
1989 895 2079 949 Sic
2104 895 2471 963 implebantur,
2494 913 2612 965 qua:
2637 899 2702 952 de
2721 913 2778 951 se
2797 900 3113 966 praedixerat
3142 899 3415 965 Christus;
3450 902 3529 953 sic

352 995 510 1053 Pater
528 996 763 1051 condidit
786 994 1058 1047 mundum.
1081 992 1140 1044 ln
1170 992 1271 1045 hoc
1296 1005 1424 1059 ergo
1444 1005 1502 1043 se
1528 990 1663 1043 dixit
1689 996 1891 1052 natum,
1990 992 2252 1052 martyres
2279 983 2700 1040 inform‘abantur
2722 987 2789 1040 ad
2811 988 3015 1051 omnia,
3039 1001 3155 1053 quae
3177 989 3531 1055 persecutori-

356 1083 411 1137 id
429 1092 531 1147 est,
559 1092 773 1151 propter
790 1082 891 1135 hoc
910 1089 1116 1143 natum,
1144 1088 1198 1132 et
1216 1080 1282 1132 ad
1311 1078 1413 1131 hoc
1432 1078 1639 1131 venisse
1665 1077 1718 1129 in
1745 1091 1895 1128 mun—
1990 1071 2090 1125 bus
2114 1071 2354 1125 libuisset
2372 1070 2568 1135 facere,
2593 1074 2905 1140 perferenda
2924 1073 3047 1137 ;.sic
3066 1072 3330 1141 paulisper
3350 1075 3530 1127 occul-

354 1175 499 1239 dum,
538 1176 718 1242 utique
756 1171 1022 1225 nascendo
1061 1171 1127 1223 de
1165 1169 1390 1236 virgine,
1427 1168 1488 1221 ut
1532 1167 1894 1221 testimonium
1994 1168 2100 1214 tata
2127 1161 2397 1214 tremenda
2432 1164 2684 1229 potentia,
2732 1162 3199 1217 commendabatur
3221 1164 3371 1231 prius
3412 1163 3530 1217 imi-

355 1261 635 1328 perbibeat-
674 1258 903 1312 veritati.
935 1255 1041 1310 Sed
1067 1256 1191 1323 quia
1219 1271 1327 1308 non
1363 1254 1721 1309 Omnium,est
1744 1253 1892 1314 ﬁdes,
1990 1249 2147 1302 tande
2197 1250 2490 1317 patientia;
2518 1250 2596 1303 sic
2649 1265 2896 1319 regnum,
2917 1250 3055 1319 quod
3080 1252 3145 1305 de
3188 1253 3288 1306 hoc
3335 1254 3531 1307 mundo

355 1348 595 1417 adjunxit
620 1356 777 1415 atque
814 1347 924 1400 ait:
976 1343 1156 1398 Omnis
1185 1345 1273 1413 qui
1297 1352 1370 1396 est
1405 1359 1467 1396 ea:
1494 1343 1723 1405 ueritate,
1751 1344 1897 1395 audit
1993 1349 2097 1388 non
2120 1343 2256 1397 erat.
2285 1337 2568 1404 superbum
2592 1338 2853 1391 mundum
2870 1354 2973 1392 non
2994 1339 3272 1392 atrocitate
3291 1354 3528 1408 pugnan-

355 1454 526 1491 rocem
562 1454 748 1491 meam.
769 1436 932 1490 Audit
959 1435 1141 1502 utique
1180 1433 1534 1488 interioribus
1578 1432 1813 1495 auribus,
1844 1432 1899 1487 id

1989 1419 2065 1485 di,
2090 1423 2183 1476 sed
2220 1423 2455 1490 patiendi
2474 1424 2768 1477 humilitate
2795 1426 3069 1489 vincebat;
3097 1427 3188 1479 sed
3219 1426 3399 1496 [Aug.,
3423 1426 3522 1496 sic]

355 1536 461 1590 est,
506 1528 721 1580 omum;
770 1540 901 1579 male
942 1518 1089 1590 voci;
1138 1525 1279 1591 quod
1330 1522 1653 1577 ωηωωάειῃ
1699 1508 1904 1575 vatem
1993 1510 2121 1564 illud
2161 1525 2383 1578 granum
2406 1511 2855 1579 multiplicandum
2896 1513 3254 1566 seminabatur
3296 1515 3534 1571 horribili
3576 1575 3594 1587 η

357 1594 508 1684 quasi
555 1618 785 1679 diceret,
830 1616 1012 1670 Credit
1060 1614 1219 1668 mihi.
1256 1612 1389 1668 Cum
1435 1612 1615 1680 itaque
1659 1610 1905 1666 Christus
1993 1599 2329 1661 οοηῑυηιειίειν
2363 1600 3042 1668 “lmil'ilbiuPullulat“in
3068 1601 3231 1671 Βίονίθ
3276 1645 3283 1650 -

358 1704 719 1775 ῑρειὶωοηὶυηι
736 1704 982 1773 perhibet
1005 1702 1239 1765 veritati,
1276 1698 1515 1768 profecto
1542 1698 1900 1753 testimonium

356 1793 598 1861 perhibet
631 1792 732 1845 sibi
763 1810 776 1845 :
808 1793 925 1861 ejus
973 1792 1167 1859 quippe
1200 1804 1305 1844 vox
1331 1796 1434 1852 est,
1472 1787 1583 1855 Ego
1610 1802 1724 1839 sum
1766 1785 1898 1839 veri-

359 1892 439 1936 tas
459 1883 638 1950 (locis.
663 1897 772 1945 xrv,
795 1880 869 1949 6).
894 1880 990 1934 Hic
1014 1878 1347 1933 commendat
1366 1877 1609 1946 gratiam,
1626 1889 1724 1943 per
1741 1887 1900 1943 quam

360 1970 534 2025 vocati
579 1984 780 2025 sumus.
809 1970 899 2023 Ait
925 1969 1102 2036 itaque
1127 1985 1140 2020 :
1171 1966 1351 2019 Omnis
1377 1966 1465 2033 qui
1487 1973 1641 2017 estex
1667 1965 1900 2026 veritate,

362 2057 508 2114 audit
536 2076 705 2113 vocem
724 2073 887 2110 meam
914 2055 1091 2124 (Joan.
1123 2069 1237 2116 vui,
1267 2052 1353 2122 18)
1386 2070 1397 2105 :
1429 2066 1541 2112 non
1570 2051 1686 2104 ideo
1728 2059 1811 2105 est
1834 2065 1900 2104 ex

359 2151 604 2212 veritate,
637 2148 760 2216 quia
781 2144 897 2213 ejus
919 2142 1066 2198 audit
1084 2156 1289 2203 vocem,
1313 2140 1404 2195 sed
1437 2141 1554 2193 ideo
1580 2140 1748 2203 audit,
1776 2139 1900 2206 quia

359 2251 421 2288 ex
450 2237 675 2288 veritate
694 2242 797 2297 est,
826 2231 900 2303 [id
923 2229 1025 2300 est]
1078 2231 1202 2298 quia
1228 2230 1329 2283 hoc
1358 2228 1432 2282 illi
1458 2228 1653 2282 donum
1677 2242 1744 2281 ex
1764 2227 1904 2281 veri-

361 2332 472 2376 tate
488 2321 734 2374 collatum
755 2327 865 2383 est;
887 2319 1027 2385 quod
1051 2317 1179 2385 quid
1200 2324 1284 2369 est
1300 2315 1462 2378 aliud,
1491 2330 1650 2376 quam
1672 2314 1903 2369 donante

362 2409 573 2465 Christo
596 2410 813 2463 credere
836 2405 911 2477 [in
937 2402 1263 2475 Christum]?

434 2501 591 2555 Vens.
639 2496 973 2552 58.-—Dicit
1022 2496 1069 2548 ei
1093 2493 1340 2546 Pilatus:
1379 2492 1516 2558 Quid
1566 2502 1640 2547 est
1682 2492 1905 2546 veritas?

363 2587 471 2640 Nec
502 2584 831 2653 exspectavit
852 2583 1065 2643 audire,
1099 2602 1116 2632 ι
1152 2582 1278 2649 quid
1300 2582 1642 2650 responderet
1658 2581 1705 2634 ei
1730 2580 1902 2642 Jesus,

360 2674 485 2741 quia
514 2672 651 2724 forte
676 2671 866 2738 dignus
907 2684 1012 2722 non
1038 2669 1138 2721 fuit
1163 2670 1363 2722 audire.
1416 2671 1599 2738 (Vens.
1630 2656 1751 2737 .59.)
1801 2669 1904 2723 Sed

359 2776 478 2831 cum
498 2758 594 2812 hoc
614 2759 846 2821 dixisset,
876 2758 1060 2810 iterum
1086 2758 1210 2810 exiit
1238 2758 1305 2823 ad
1323 2756 1556 2819 Judtros,
1578 2768 1625 2809 et
1646 2758 1776 2809 dixit
1800 2759 1904 2813 eis:

365 2846 580 2899 Nullam
602 2846 949 2899 invenioineo
975 2861 1204 2898 causam.
1248 2845 1339 2897 Est
1385 2853 1555 2897 autem
1590 2846 1904 2898 consuetudo

362 2938 501 2991 robis
530 2946 584 2989 ut
622 2953 781 2990 unum
807 2935 1062 2989 dimittam
1087 2935 1225 2989 vobis
1260 2937 1313 2988 in
1344 2933 1579 2998 Pascha;
1599 2934 1753 2989 uultis
1785 2952 1905 3004 ergo

361 3024 616 3076 dimittam
635 3022 771 3075 vobis
795 3040 958 3091 regem
980 3021 1285 3075 Judteorum
1301 3024 1326 3075 ?
1343 3044 1361 3073 ι
1382 3022 1573 3087 Credo,
1594 3039 1716 3078 cum
1742 3016 1901 3079 dixis-

1923 3065 1971 3129 ϐ

2062 1686 2225 1740 Vens.
2255 1687 2307 1749 4,
2333 1686 2386 1739 5.
2409 1717 2479 1726 -
2497 1686 2663 1757 [Eaiit
2706 1690 2891 1741 iterum
2928 1686 3132 1757 Pilatus
3160 1689 3301 1759 {oras
3342 1701 3389 1745 et
3408 1694 3534 1748 dicit

1997 1775 2069 1828 eis
2089 1789 2107 1825 :
2128 1773 2263 1827 Ecce
2293 1775 2496 1828 adduco
2530 1793 2647 1829 eum
2676 1778 2837 1845 foras,
2867 1789 2921 1831 ut
2965 1784 3279 1849 cognoscatis
3316 1785 3437 1852 quia
3482 1786 3537 1837 in

1996 1879 2054 1916 eo
2082 1862 2278 1917 nullam
2325 1879 2537 1917 causam
2576 1865 2822 1937 inuenim]
2852 1866 2993 1921 Exiit
3032 1886 3149 1938 ergo
3192 1870 3346 1925 Iesus
3395 1873 3537 1941 foras

1996 1964 2207 2023 portans
2227 1955 2457 2023 spineam
2478 1972 2741 2022 coronam,
2761 1967 2810 2011 et
2832 1975 3144 2027 purpureum
3168 1964 3535 2026 vestimentum,

1997 2053 2043 2096 et
2066 2043 2193 2109 dicit
2213 2045 2286 2096 eis
2319 2057 2338 2093 :
2367 2043 2502 2097 Ecce
2530 2045 2700 2098 homo.
2733 2045 2865 2101 llinc
2899 2059 3117 2117 apparet
3136 2066 3239 2103 non
3261 2051 3537 2119 ignorante

1998 2131 2166 2185 Pilato
2208 2133 2323 2186 haec
2348 2146 2377 2185 a
2412 2132 2665 2187 militibus
2689 2133 2848 2199 facta,
2896 2138 3006 2191 sive
3044 2137 3263 2205 jusserit
3299 2155 3379 2203 ea,
3426 2142 3539 2195 sive

1998 2222 2325 2291 permiserit;
2368 2222 2455 2276 illa
2481 2224 2683 2278 scilicet
2717 2239 2875 2279 causa
2910 2241 3068 2295 quam
3101 2243 3257 2296 supra
3289 2231 3535 2293 diximus,

1999 2318 2059 2364 ut
2090 2311 2204 2366 haec
2222 2302 2335 2379 eju’s
2358 2312 2579 2367 ludibria
2608 2314 2805 2369 inimici
2838 2313 3177 2370 libentissime
3199 2318 3457 2382 viderent,
3482 2326 3539 2371 et

1998 2401 2220 2455 ulterius
2262 2404 2573 2470 sanguinem
2617 2417 2720 2458 non
2762 2405 2986 2460 sitirent.
3030 2406 3311 2477 Egreditur
3347 2409 3413 2463 ad
3446 2424 3539 2463 eos

1975 2486 2150 2542 -Jesus
2172 2497 2390 2556 portans
2414 2491 2650 2572 spineam
2685 2506 2935 2546 coronam
2954 2502 3009 2547 et
3026 2510 3343 2563 purpureum
3376 2499 3535 2551 vesti-

2000 2584 2256 2638 mentum,
2292 2591 2395 2629 non
2424 2576 2601 2631 clarus
2626 2579 2863 2647 imperio,
2890 2580 2981 2633 sed
3013 2581 3199 2648 plenus
3222 2585 3535 2651 opprobrio;

2001 2673 2056 2719 et
2099 2665 2292 2719 dicitur
2328 2668 2442 2719 eis:
2491 2665 2623 2720 Ecce
2665 2667 2835 2721 homo.
2868 2668 2924 2722 Si
2966 2670 3075 2739 regi
3121 2670 3385 2737 invidetis,
3424 2672 3538 2740 jam

2002 2754 2221 2822 parcite,
2251 2754 2375 2821 quia
2403 2755 2661 2823 dejectum
2682 2756 2870 2810 videtis
2898 2773 2911 2809 :
2943 2755 3229 2826 ﬂagellatus
3247 2768 3350 2824 est,
3372 2762 3540 2829 spinis

2002 2850 2286 2895 comitatus
2314 2851 2415 2905 est,
2462 2843 2747 2897 ludibriosa
2782 2852 2929 2918 veste
2968 2847 3191 2901 amictus
3217 2856 3318 2911 est,
3345 2853 3540 2905 amaris

2003 2930 2245 2984 convitiis
2266 2929 2450 2984 illusus
2476 2938 2575 2993 est,
2602 2931 2767 2999 alapis
2804 2947 2971 2987 uestis
3008 2943 3090 2988 est
3130 2953 3144 2987 :
3180 2936 3350 2991 fervet
3387 2940 3537 3006 igno¢

2002 3018 2184 3081 minia,
2233 3016 2483 3085 frigescat
2525 3018 2737 3072 invidia.
2782 3019 2884 3073 Sed
2911 3035 3013 3074 non
3042 3021 3292 3091 frigescit,
3324 3026 3536 3081 inarde-

360 3119 443 3164 set
468 3109 685 3171 Pilatus,
724 3109 846 3179 quid
882 3118 953 3163 est
997 3111 1200 3173 veritas,
1246 3111 1300 3163 in
1337 3119 1566 3165 mentem
1588 3110 1663 3165 illi
1691 3111 1900 3165 venisse
1923 3104 1971 3129 υ
2000 3104 2102 3157 scit
2123 3105 2316 3173 potius,
2342 3104 2684 3185 et'increscit.
2713 3106 2893 3177 (Vens.
2914 3107 2964 3170 6,
2984 3108 3058 3179 7.)
3080 3108 3208 3162 Cum
3230 3112 3363 3165 enim
3384 3114 3540 3168 ridis-

361 3197 612 3250 continuo
634 3196 1067 3250 consuetudinem
1090 3194 1411 3260 Iudaeorum,
1442 3212 1547 3267 qua
1581 3198 1783 3252 solebat
1823 3199 1902 3253 eis

362 3285 557 3338 dimitti
581 3299 719 3338 unus
743 3285 797 3338 in
830 3283 1069 3337 Pascha:
1100 3293 1154 3355 et
1178 3285 1296 3339 ideo
1320 3301 1421 3339 non
1459 3288 1803 3356 exspectavit,
1844 3295 1904 3341 ut

366 3374 709 3442 responderet
757 3373 806 3426 ei
850 3371 1003 3427 Iesus
1052 3372 1177 3440 quid
1225 3381 1367 3435 esset
1397 3376 1615 3439 veritas,
1660 3390 1727 3430 ne
1755 3391 1901 3445 mora

365 3465 533 3525 ﬂeret,
564 3478 685 3516 cum
705 3462 1014 3517 recoluisset
1037 3476 1236 3515 morem
1258 3478 1363 3530 quo
1392 3464 1557 3533 possit
1592 3464 1670 3519 eis
1691 3479 1783 3533 per
1805 3463 1901 3517 Pa-

364 3548 492 3601 scha
514 3549 726 3601 dimitti.
757 3569 775 3599 ι
803 3549 927 3603 Haec
953 3564 1077 3603 vero
1099 3552 1423 3604 consuetudo
1448 3552 1763 3614 dimittendi,
1790 3551 1902 3603 for-

366 3636 523 3689 tassis
560 3642 775 3704 propter
812 3635 1022 3705 Pascha
1071 3636 1211 3703 apud
1258 3635 1468 3690 Iudaeos
1510 3639 1785 3701 remansit,
1834 3638 1902 3692 ob

367 3723 675 3777 memoriam
724 3722 1050 3777 liberationis
1095 3723 1303 3777 illorum
1330 3739 1391 3777 ex
1421 3723 1668 3794 Egypto,
1704 3741 1805 3794 qua
1852 3728 1903 3781 in

367 3812 569 3865 Pascha
593 3812 799 3866 liberati
826 3820 948 3865 sunt
966 3828 997 3866 a
1016 3814 1287 3869 servitute.
1326 3814 1431 3869 Sed
1465 3816 1564 3870 hoc
1589 3816 1863 3871 audientés
1887 3836 1901 3869 :

1998 3200 2108 3244 sent
2146 3208 2262 3245 eum
2300 3192 2565 3261 pontiﬁces
2590 3203 2636 3246 et
2661 3195 2900 3258 ministri,
2946 3196 3233 3251 clamabant
3269 3200 3489 3255 dicentes
3514 3215 3535 3258 ξ

2001 3277 2273 3349 Cruci/ige,
2307 3281 2565 3350 cruciﬁge.
2602 3281 2739 3335 Dicit
2765 3284 2839 3336 eis
2886 3280 3088 3338 Pilatus
3116 3298 3135 3336 :
3163 3286 3384 3357 Accipite
3423 3305 3537 3344 cum

1998 3384 2104 3430 vos,
2133 3377 2182 3420 et
2211 3368 2520 3437 cruciﬁgite;
2542 3385 2632 3441 ego
2650 3373 2785 3423 enim
2806 3388 2908 3425 non
2931 3370 3129 3427 invenio
3149 3376 3203 3429 in
3223 3392 3282 3429 eo
3307 3367 3535 3431 causam.

2001 3451 2387 3521 Responderunt
2404 3456 2451 3506 ei
2468 3455 2674 3525 Judtri;
2701 3454 2811 3509 Nos
2838 3456 2995 3526 legem
3015 3460 3278 3527 habemus,
3300 3473 3347 3515 et
3364 3481 3543 3518 secun-

2000 3541 2123 3594 dum
2177 3540 2335 3610 legem
2380 3542 2523 3595 debet
2568 3533 2719 3608 mori,
2761 3545 2883 3614 quia
2922 3544 3121 3600 Filium
3166 3547 3259 3601 Dei
3303 3568 3357 3604 se
3399 3553 3540 3619 fecit.

2002 3627 2137 3682 Ecce
2170 3628 2338 3682 altera
2386 3630 2555 3699 major
2588 3618 2803 3685 invidia.
2832 3631 3002 3686 Parva
3049 3634 3241 3703 quippe
3269 3636 3355 3689 illa
3396 3618 3542 3696 vide-

2000 3717 2176 3782 batur,
2208 3716 2351 3770 velut
2379 3717 2634 3772 affectata:
2671 3719 2855 3777 illicito
2880 3735 3011 3774 ausu
3032 3722 3189 3790 regite
3232 3726 3535 3794 potestatis;

2000 3814 2055 3860 et
2076 3814 2251 3861 tamen
2278 3815 2525 3861 neutrum
2564 3808 2665 3862 sibi
2700 3807 2855 3864 Iesus
2882 3810 3204 3867 mendaciter
3232 3816 3535 3885 usurpavit;

368 3900 552 3968 (Vens.
573 3899 686 3975 40.)
707 3900 1063 3954 ϐιαηιαιιεηιηι
1086 3917 1290 3956 rursum
1318 3920 1490 3959 omnes
1507 3888 1765 3961 dicentes:
1786 3906 1904 3961 Non

2002 3897 2096 3951 sed
2122 3905 2403 3967 utrumque
2419 3912 2605 3962 verum
2622 3906 2722 3962 est,
2748 3905 2805 3953 et
2820 3900 3117 3970 unigenitus
3139 3909 3222 3959 est
3240 3902 3333 3959 Dei
3353 3902 3540 3969 Filius.

371 3986 525 4051 hunc,
570 3986 658 4039 sed
702 3986 1008 4039 Barrabam.
1050 3986 1183 4040 Erat
1230 3998 1401 4041 autem
1447 3991 1707 4045 Barrabas
1748 3993 1903 4047 latro.
2001 3995 2056 4039 et
2098 4001 2194 4040 rex
2232 3986 2302 4041 ab
2340 4001 2404 4041 eo
2448 3984 2599 4057 [Μεη
2629 3985 2813 4059 aDeo]
2853 3988 3167 4046 constitutus
3208 4006 3367 4061 super
3411 3990 3554 4054 Sicu’

367 4074 747 4129 Barrabasiste
775 4074 912 4129 ﬁlius
936 4075 1173 4144 magistri
1215 4090 1398 4130 eorum
1428 4076 1822 4147 interpretatur,
1854 4082 1907 4135 id
2002 4081 2234 4127 montem
2263 4082 2504 4128 sanctum
2547 4073 2697 4142 ejus:
2721 4084 2777 4132 et
2815 4082 3096 4151 utrumque
3140 4096 3279 4138 nunc
3326 4082 3539 4141 demou-

366 4172 467 4229 est,
522 4164 737 4229 diaboli,
777 4165 865 4233 qui
894 4165 1144 4234 magister
1184 4164 1284 4219 fuit
1320 4166 1403 4219 vel
1452 4166 1574 4221 huic
1613 4167 1803 4223 latroni
1848 4171 1901 4223 in
2000 4167 2218 4223 strarct,
2254 4161 2355 4215 nisi
2384 4171 2580 4231 quanto
2604 4173 2721 4220 erat
2741 4167 3024 4246 potentior,
3058 4174 3204 4223 tanto
3228 4169 3405 4227 mallet
3424 4186 3541 4227 esse

365 4252 568 4306 scelere
603 4267 724 4315 suo,
766 4252 849 4306 vel
876 4250 1072 4306 Judzeis
1108 4254 1163 4307 in
1210 4253 1479 4323 impietate
1517 4255 1749 4324 perﬁdiae
1775 4272 1901 4312 sum.

2000 4248 2303 4317 patientior.

374 4356 391 4386 ι
426 4336 539 4391 Non
583 4338 1049 4431 reprehendimus,
1074 4352 1109 4391 ο
1152 4337 1359 4431 Ιιξάωί.
1380 4342 1536 4431 quod,
1565 4358 1661 4412 per
1701 4344 1902 4400 Pascha
1932 4371 1982 4431 υ
2071 4347 2230 4402 Vens.
2253 4348 2306 4402 8.
2328 4378 2397 4389 -—
2421 4347 2554 4402 Cum
2576 4364 2695 4418 ergo
2714 4348 2940 4408 audisset
2961 4348 3166 4407 Pilatus
3192 4352 3287 4406 hoc
3310 4355 3537 4431 verbum,

368 4425 603 4479 liberatis
629 4430 928 4489 nocentem,
958 4424 1051 4479 sed
1068 4425 1211 4493 quod
1248 4427 1488 4482 occiditis
1524 4430 1858 4487 innocentem
1888 4454 1900 4487 :

369 4515 508 4584 quod
532 4524 705 4569 tamen
724 4515 825 4569 nisi
848 4516 1216 4579 ﬁeret,verum
1237 4517 1441 4573 Pascha
1466 4536 1571 4573 non
1588 4521 1767 4589 ﬁeret.
1800 4524 1904 4579 Sed

372 4605 557 4659 umbra
578 4604 817 4656 veritatis
837 4618 866 4655 a
891 4601 1086 4658 Iudaeis
1103 4604 1265 4674 628
1283 4608 1586 4661 errantibus
1611 4612 1902 4677 tenebatur,

370 4699 430 4744 ut
468 4691 695 4744 mirabili
732 4692 1122 4760 dispensatione
1145 4694 1336 4749 divinae
1360 4697 1651 4765 sapientiae,
1677 4714 1772 4769 per
1804 4701 1902 4755 bo-

371 4779 540 4832 mines
584 4776 827 4840 fallaces,
859 4774 1091 4857 ejusdem
1120 4783 1321 4837 umbra:
1354 4786 1554 4841 veritas
1578 4788 1903 4858 impleretur,

370 4869 493 4937 quia
518 4875 585 4933 ut,
602 4881 785 4920 verum
804 4866 1007 4921 Pascha
1018 4866 1205 4933 \lieret,
1245 4870 1487 4928 Christus
1511 4878 1653 4932 velut
1679 4880 1794 4935 ovis
1815 4882 1910 4939 im-

372 4958 686 5013 molabatur.
728 4976 748 5009 ι
916 5026 923 5033 .
1702 4988 1705 4989 ν

438 5047 615 5101 CAPUT
642 5062 758 5111 Διιιι.
788 5046 946 5101 Vens.
969 5048 1017 5100 ι.
1040 5077 1111 5088 -
1144 5048 1285 5103 Tunc
1330 5053 1656 5120 apprehendit
1706 5053 1908 5117 Pilatus

370 5135 572 5198 Iesum,
616 5141 667 5187 et
705 5134 1005 5205 ﬂagellauit:
1035 5154 1053 5187 ι
1082 5148 1106 5177 ι
1131 5136 1244 5190 Hoc
1276 5129 1475 5201 Pilatus
1510 5156 1620 5196 non
1644 5138 1728 5197 ‘ob
1762 5144 1907 5207 aliud

371 5224 559 5278 fecisse
603 5221 899 5277 credendus
929 5232 1030 5287 est,
1086 5225 1189 5280 nisi
1225 5234 1283 5280 ut
1328 5223 1441 5293 ejus
1488 5228 1703 5297 injuriis
1738 5232 1902 5288 Judaei

340 5310 341 5313 “
370 5310 566 5375 satiati,
596 5306 835 5365 subicere
861 5309 967 5376 sibi
994 5313 1379 5378 existimarent,
1408 5323 1463 5368 et
1494 5332 1658 5386 usque
1697 5322 1763 5374 ad
1790 5323 1904 5392 ejus

371 5410 593 5456 mortem
631 5399 817 5455 stevire
854 5398 1183 5461 desisterent.
1215 5402 1305 5459 Ad.
1344 5406 1443 5459 hoc
1466 5410 1715 5475 pertinet,
1761 5414 1902 5483 quod

440 5584 463 5611 ι
504 5572 575 5626 Ex
607 5573 663 5628 S.
692 5574 849 5644 Allgl,
877 5579 1030 5630 tract.
1059 5589 1202 5641 cxvr,
1232 5591 1377 5631 num.
1409 5578 1517 5637 l-9.

2006 4440 2170 4507 magis
2192 4440 2393 4495 timuit:
2418 4448 2465 4493 et
2483 4441 2740 4510 ingressus
2766 4444 3061 4510 prclarium
3088 4444 3289 4510 iterum,
3314 4447 3438 4501 dicit
3468 4426 3538 4501 ad

2004 4528 2041 4579 Ι
2042 4546 2183 4587 esum
2202 4544 2221 4580 ε
2254 4529 2407 4590 Unde
2420 4550 2473 4591 cs
2492 4524 2547 4587 tu
2562 4533 2760 4591 ἔλειπε
2779 4544 2948 4589 autem
2971 4552 3262 4605 responsum
3282 4554 3382 4591 non
3400 4539 3541 4593 dedit

2005 4614 2081 4670 ei.
2129 4616 2241 4671 Hoc
2286 4619 2552 4673 silentium
2588 4620 2797 4679 Domini
2836 4624 3002 4676 nostri
3028 4622 3151 4676 Iesu
3196 4624 3389 4679 Christi
3433 4642 3541 4688 non

2007 4704 2407 4769 semelfactum,
2437 4707 2898 4762 collatisomnium
2935 4711 3373 4781 evangelistarum
3420 4732 3541 4771 nar—

2006 4792 2298 4854 rationibus
2339 4795 2618 4863 reperitur,
2648 4802 2702 4850 et
2724 4798 2857 4864 apud
2896 4798 3162 4867 principes
3184 4804 3537 4869 sacerdotum,

2006 4888 2072 4938 et.
2113 4880 2249 4950 apud
2293 4882 2551 4944 Herodem
2592 4882 2643 4936 ιι.
2680 4902 2700 4935 ι
2732 4883 2929 4940 Tamen
2972 4891 3311 4958 propterilla,
3349 4894 3541 4960 quibus

2006 4970 2175 5025 noluit
2219 4972 2652 5039 mspondere,.ad
2688 4972 2791 5027 hoc
2830 4975 2951 5029 data
2979 4986 3062 5032 est
3089 4979 3153 5033 de
3182 4994 3314 5049 agno
3353 4982 3542 5036 simili-

2006 5057 2349 5132 tmlo,,ut§iio
2370 5060 2578 5115 silentio
2609 5075 2712 5115 non
2741 5078 2891 5127 reus,
2922 5067 3013 5121 sed
3040 5068 3290 5124 innocens
3318 5071 3539 5127 babere-

2006 5149 2117 5195 tur.”
2137 5143 2317 5214 (Vens.
2334 5148 2441 5218 ll.)
2469 5147 2745 5217 Respondit
2767 5152 2958 5207 Iesus:
2984 5153 3103 5210 Non
3128 5158 3335 5211 haberes
3358 5161 3541 5214 adver-

2005 5246 2119 5283 sum
2146 5251 2223 5287 me
2244 5244 2539 5307 potestatem
2572 5236 2755 5303 ullam,
2780 5242 2879 5297 nisi
2910 5243 3000 5296 tibi
3024 5254 3150 5298 esset
3176 5248 3351 5298 datum
3388 5248 3541 5304 desit-

2004 5337 2111 5388 per.
2155 5320 2453 5393 Propterea,
2477 5327 2565 5395 qui
2588 5329 2799 5385 tradidit
2826 5347 2906 5384 me
2938 5333 3046 5397 tibi,
3082 5335 3251 5401 majus
3275 5348 3539 5403 peccatum

2005 5407 2172 5474 habet,
2194 5430 2212 5463 σ
2235 5412 2369 5469 Ecce
2384 5416 2673 5485 respondit,
2685 5425 2740 5472 et
2767 5421 2939 5474 tamen
2968 5435 3070 5476 non
3096 5422 3287 5489 ubique
3315 5440 3536 5497 respon-

2077 5586 2103 5626 ι
2142 5566 2405 5641 Deiectum
2436 5586 2618 5655 supple
2644 5600 2707 5641 cx
2738 5598 2921 5644 sancto
2944 5590 3233 5660 Augustino
3260 5596 3359 5651 loc.
3389 5600 3481 5652 cit.
