4152 6266
648 356 750 411 979

647 469 805 525 diu;

650 556 745 606 hoc
782 563 883 614 est,
920 553 1053 604 sicut
1090 550 1307 617 simplex
1343 556 1497 615 atque
1540 550 1812 608 innocens,
1844 558 1948 597 non
1976 543 2181 609 aperuit

645 653 708 691 os
735 654 909 691 suum.
954 637 1177 690 Proinde
1222 637 1307 688 ubi
1358 650 1459 687 non
1505 634 1872 700 respondebat.
1905 631 2040 683 sicut
2067 630 2182 682 ovis

646 726 861 787 silebat;
900 726 985 777 ubi
1026 724 1388 790 respondebat,
1422 724 1565 774 sicut
1594 730 1774 787 pastor
1808 720 2048 772 docebat.
2091 718 2179 770 Di-

647 830 855 867 scamus
882 827 1005 881 ergo
1030 812 1166 879 quod
1202 811 1351 871 dixit,
1381 812 1518 877 quod
1552 817 1603 861 et
1634 824 1728 876 per
1751 806 2057 874 Apostolum
2085 806 2179 857 do-

646 904 770 963 cuit,
799 902 917 967 quia
950 915 1050 951 non
1079 910 1159 952 est
1184 909 1417 966 potestas
1438 900 1534 951 nisi
1564 914 1592 950 a
1619 898 1724 951 Deo
1751 896 1923 965 (Rom.
1951 910 2067 956 xm,
2099 894 2175 962 I):

649 1000 699 1041 ct
732 991 852 1055 quia
880 988 995 1056 plus
1030 997 1210 1054 peccat
1248 989 1335 1055 qui
1372 986 1615 1053 potestati
1666 987 2009 1038 innocentem.
2043 984 2181 1035 occi-

649 1079 872 1130 dendum
912 1078 1074 1128 livore
1114 1078 1294 1137 tradit,
1342 1091 1497 1141 quam
1540 1082 1773 1141 potestas
1819 1073 1948 1139 ipsa,
1985 1071 2026 1122 si
2062 1084 2181 1122 cum

648 1180 764 1219 cum
792 1166 976 1216 timore
1000 1164 1214 1215 alterius
1241 1162 1457 1229 majoris
1488 1162 1763 1237 potestatis
1787 1160 2179 1214 occidit.'l'alem

646 1253 836 1318 quippe
880 1252 1015 1304 Deus
1061 1252 1228 1303 Pilato
1279 1251 1495 1303 dederat
1543 1258 1879 1320 potestatem,
1936 1257 1993 1302 ut
2043 1259 2184 1303 esset

644 1339 801 1389 etiam
827 1340 923 1391 sub
951 1339 1171 1391 Caesaris
1196 1347 1474 1405 potestate.
1514 1338 1865 1405 Quapropter,
1896 1354 1997 1390 non
2031 1339 2183 1390 habe-

648 1442 743 1483 res,
793 1427 981 1493 inquit,
1032 1431 1295 1479 adversum
1330 1444 1408 1479 me
1451 1436 1748 1494 potestatem
1790 1426 1970 1490 ullam,
2003 1429 2179 1490 idest,

644 1514 1155 1582 quantulameunque
1197 1516 1377 1575 habes,
1421 1516 1519 1567 nisi
1561 1514 1659 1567 hec
1705 1514 1896 1580 ipsum,
1932 1516 2182 1582 quidquid

644 1611 741 1661 est,
800 1602 886 1652 tibi
944 1613 1069 1653 esset
1125 1604 1301 1654 datum
1354 1604 1586 1669 desuper.
1643 1600 1746 1653 Sed
1790 1603 2036 1671 quoniam
2073 1605 2184 1657 scio

645 1702 897 1761 quantum
934 1694 1019 1756 sit,
1068 1695 1192 1761 (non
1232 1695 1371 1746 enim
1418 1702 1618 1747 tantum
1664 1703 1764 1756 est,
1807 1702 1863 1746 ut
1904 1694 1997 1748 tibi
2039 1697 2178 1748 omni

1461 352 1518 403 ιι.
1555 352 1613 403 ι’.
1656 348 1874 403 ALBINI
1913 344 2042 401 seu
2076 319 2347 400 storm
2382 342 2656 397 OPERL‘M
2692 341 2867 396 mus
2904 342 2965 395 ιι.

850 480 951 517 non
985 464 1119 515 sicut
1154 477 1274 514 reus
1302 462 1411 513 sive
1438 460 1668 519 dolosus.
1706 459 1796 511 sed
1830 456 1970 511 sicut
1995 469 2177 522 agnus,
2208 454 2257 511 Δ
2285 452 2387 504 nali
2427 451 2646 505 sedisset
2675 450 2894 513 Pilatus,
2920 451 3044 503 dicit
3084 451 3281 505 Induis
3310 467 3327 502 :
3356 453 3487 505 Ecce
3526 470 3614 507 rex
3640 467 3819 509 tester.

3720 346 3827 400 980

2278 538 2459 605 (Vens.
2480 534 2587 604 15.)
2608 535 2875 588 llliautent
2891 535 3180 588 clamabant
3201 556 3219 591 :
3243 536 3402 600 Tolle,
3420 539 3557 601 tolle,
3580 543 3825 609 mciﬁge

2278 642 2413 678 eum.
2436 625 2570 677 Dicit
2583 625 2654 677 eis
2673 624 2869 677 Pilatus
2885 638 2903 674 :
2920 623 3102 693 Regem
3120 634 3339 678 oestrum
3359 628 3696 695 crucifigitur?
3715 629 3827 682 Ad-

2277 716 2379 768 huc
2408 723 2662 768 terrorem
2685 729 2845 783 quem
2872 715 2939 768 de
2966 715 3174 769 Cmsare
3204 715 3532 783 ingesserant
3567 732 3825 786 superare

2276 812 2520 864 conatur,
2547 802 2614 854 de
2639 802 2919 870 ignominia
2947 796 3130 855 eorum
3157 802 3338 855 volens
3363 818 3456 857 eos
3478 803 3723 874 frangere
3740 808 3771 855 ii
3788 807 3831 858 i-
3866 844 3871 851 .

2277 894 2443 945 cendo
2462 909 2473 941 :
2495 890 2681 959 Regem
2702 899 2919 943 restrain
2932 891 3225 959 cruci/igant
3244 892 3266 941 1’
3284 890 3427 955 Quos
3446 892 3512 945 de
3532 893 3820 960 ignominia

2277 979 2473 1033 Christi
2494 980 2736 1047 mitigare
2759 994 2860 1033 non
2882 980 3078 1047 potuit:
3105 981 3195 1032 sed
3221 981 3411 1034 timore
3424 996 3549 1035 mox
3571 982 3829 1035 vincitur-

2312 1126 2313 1129 η
2348 1069 2506 1123 Vens.
2538 1067 2619 1119 16.
2642 1094 2709 1106 ——
2732 1066 3117 1134 Responderunt
3153 1077 3321 1119 autem
3362 1069 3623 1135 pontiﬁces
3653 1084 3672 1118 :
3698 1068 3822 1121 Non

2278 1158 2521 1209 habemus
2550 1172 2715 1224 regem
2749 1154 2845 1208 nisi
2870 1153 3145 1208 Ca'sarein.
3186 1155 3327 1209 Tunc
3352 1172 3470 1225 ergo
3507 1158 3717 1210 tradidit
3745 1160 3824 1210 eis

2278 1246 2444 1308 illum,
2490 1254 2544 1299 ut
2570 1239 2966 1313 cruci/igerelur.
3006 1246 3351 1312 Apertissime
3400 1248 3594 1315 quippe
3634 1256 3823 1300 contra

2279 1336 2541 1388 Czesarem
2571 1336 2750 1387 venire
2786 1334 3076 1395 videretur,
3110 1335 3155 1386 si
3185 1348 3368 1403 regem
3403 1352 3461 1390 se
3489 1352 3591 1388 non
3622 1338 3823 1389 habere

2280 1424 2379 1476 nisi
2404 1422 2667 1477 Caesarem
2695 1420 3101 1501 proﬁtentibus,‘
3130 1422 3289 1475 alium
3334 1437 3509 1491 regem
3549 1425 3705 1477 vellet
3739 1425 3823 1476 in-

2283 1511 2516 1578 telligere
2561 1508 2742 1578 (Aug,
2774 1508 3058 1578 ingerere].
3114 1510 3424 1565 dimittenda
3482 1513 3833 1579 impunitum,

2281 1616 2435 1669 quem
2462 1609 2677 1669 propter
2705 1601 2801 1653 hos
2829 1615 2989 1654 ausus
3012 1601 3060 1654 ei
3088 1600 3415 1655 tradiderant
3453 1602 3817 1655 occidendum.

2285 1690 2516 1743 Tradidit
2544 1705 2659 1757 ergo
2690 1689 2834 1741 illum
2874 1690 2945 1741 eis
2967 1728 2981 1749 ,
3019 1698 3071 1740 ut
3107 1689 3507 1757 cruciﬁgeretur.
3556 1688 3659 1742 Sed
3687 1704 3827 1741 nun-

646 1756 801 1839 Iitodo
848 1756 1205 1845 liberum'sitl,
1254 1797 1515 1853 propterea
1558 1786 1643 1853 qui
1691 1787 1902 1839 tradidit
1945 1803 2024 1837 me
2066 1787 2176 1850 tibi,
2212 1756 2410 1845 Bquid
2448 1756 2671 1830 aliud“
2704 1776 3133 1843 nnteeupiebat,
3158 1756 3521 1831 cumidicebat
3552 1794 3564 1827 :
3600 1776 3822 1844 Accipite

645 1874 811 1940 majus
839 1885 1098 1940 peccatum
1124 1874 1289 1925 habet.
1343 1874 1428 1926 Ille
1455 1875 1646 1941 quippe
1688 1890 1769 1927 me
1809 1883 1910 1927 tuac
1934 1876 2179 1941 potestati

646 1963 857 2015 tradidit
902 1964 1200 2025 invidendo,
1244 1974 1297 2015 tu
1336 1978 1461 2016 vero
1498 1964 1736 2017 eamdem
1771 1971 2086 2030 potestatem
2129 1964 2181 2017 in

645 2068 729 2105 me.
764 2038 1103 2107 exerciturus
1129 2067 1187 2105 es
1224 2052 1521 2106 metuendo.
1567 2051 1669 2107 Net:
1707 2052 1935 2105 timendo
1970 2054 2179 2128 quidem

642 2156 933 2214 prmsertun
963 2147 1123 2215 629
1149 2149 1497 2211 innocentem,
1530 2149 1689 2203 homo
1723 2148 1988 2203 hominem
2029 2151 2183 2205 debet

640 2236 880 2290 occidere
905 2253 916 2287 :
949 2236 1040 2288 sed
1070 2244 1242 2290 tamen
1278 2238 1328 2289 id
1358 2238 1575 2292 zelando
1599 2238 1793 2301 facere,
1826 2241 1990 2293 multo
2018 2241 2184 2310 magis

642 2322 837 2375 malum
870 2331 953 2376 est
991 2338 1147 2391 quam
1191 2326 1441 2378 timendo.
1491 2326 1557 2379 Et
1600 2327 1717 2380 ideo
1764 2341 1866 2381 non
1914 2330 1986 2382 ait
2024 2344 2180 2384 verax

643 2413 926 2479 magister:
954 2412 1050 2478 Qui
1079 2429 1162 2466 me
1188 2416 1279 2467 tibi
1311 2417 1541 2481 tradidit,
1571 2417 1680 2485 ipse
1705 2419 1861 2472 habet
1885 2432 2179 2489 peccatum,

640 2511 891 2567 tanquam
924 2502 1009 2555 ilic
1038 2517 1139 2555 non
1168 2503 1383 2558 haberet
1410 2524 1421 2557 :
1452 2505 1542 2559 sed
1572 2508 1665 2569 ait,
1696 2509 1865 2576 majus
1892 2510 2041 2563 habet
2067 2528 2183 2579 pec-

639 2602 832 2654 catum,
865 2601 923 2644 ut
948 2592 1107 2644 etiam
1134 2606 1190 2645 se
1218 2594 1411 2647 habere
1453 2595 1784 2664 intelligeret.
1836 2596 2014 2665 Neque
2040 2600 2179 2652 enim

639 2691 915 2749 propterea
952 2680 1075 2732 illud
1107 2681 1303 2735 nullum
1332 2692 1433 2745 est,
1464 2684 1585 2751 quia
1615 2685 1715 2737 hoc
1742 2684 1913 2752 mnjus
1942 2696 2039 2739 est.

710 2771 867 2823 Vens.
912 2770 993 2821 l9...
1023 2800 1092 2810 —
1133 2770 1333 2825 Exinde
1380 2775 1635 2842 qua'rebat
1679 2772 1880 2827 Pilatus
1928 2777 2181 2833 dimittere

2279 1880 2395 1916 eum
2426 1881 2534 1926 vos,
2562 1874 2609 1916 et
2641 1863 2952 1931 cruci/igne;
2982 1863 3062 1916 vel
3089 1866 3250 1917 etiam
3291 1865 3534 1932 superius
3557 1882 3569 1915 :
3596 1864 3821 1931 Accipite

2278 1969 2393 2006 eum
2428 1969 2534 2015 eos,
2566 1962 2611 2004 et
2649 1954 2925 2004 secundum
2960 1952 3118 2021 legem
3158 1964 3372 2006 vestram
3402 1954 3635 2022 judicate
3668 1957 3822 2007 cum!

2281 2042 2386 2095 Cur
2415 2050 2586 2095 autem
2617 2041 2688 2092 illi
2722 2048 2991 2114 tantopere
3036 2040 3337 2107 noluerunt,
3360 2041 3595 2100 dicentes
3619 2060 3631 2096 ε
3658 2040 3819 2098 Nobis

2282 2152 2384 2188 non
2430 2136 2543 2188 licet
2590 2134 2872 2199 interﬁcere
2911 2148 3233 2201 quamquam,
3278 2140 3335 2185 et
3372 2134 3516 2187 omni
3558 2132 3712 2185 modo
3741 2134 3820 2185 ἥι-

2282 2233 2507 2284 stantes,
2540 2231 2599 2276 ut
2636 2238 2739 2276 non
2777 2224 2843 2275 ah
2883 2222 2992 2285 eis,
3028 2223 3121 2276 sed
3158 2236 3187 2275 a
3215 2223 3436 2289 pmside
3470 2223 3816 2285 occideretur,

2280 2324 2334 2369 et
2381 2316 2497 2368 ideo
2541 2328 2662 2368 eum
2711 2312 3053 2366 occidendum
3103 2314 3341 2379 accipere
3394 2318 3722 2377 recusantes,
3772 2316 3815 2367 si

2282 2420 2420 2459 nunc
2466 2418 2586 2457 eum
2628 2404 2893 2470 accipiunt
2937 2401 3317 2455 occidendum?
3358 2403 3463 2455 Aut
3503 2404 3548 2457 si
3581 2404 3682 2456 hoc
3712 2418 3816 2456 non

2282 2494 2360 2557 iit,
2390 2509 2485 2547 cur
2509 2494 2709 2546 dictum
2738 2499 2821 2545 est
2845 2508 2858 2541 :
2885 2490 3026 2542 Tunc
3056 2506 3175 2557 ergo
3204 2492 3413 2542 tradidit
3438 2492 3512 2544 eis
3550 2490 3716 2555 illum,
3759 2500 3813 2542 ut

2281 2580 2702 2649 cruciﬁgeretur?
2745 2578 2823 2630 An
2869 2577 3065 2645 aliquid
3113 2577 3365 2631 interest?
3387 2577 3549 2632 Plane
3577 2578 3815 2641 interest,

2280 2684 2384 2722 non
2415 2677 2497 2722 est
2515 2668 2657 2721 enim
2681 2665 2880 2720 dictum
2904 2684 2916 2717 :
2944 2665 3085 2718 Tunc
3108 2682 3226 2735 ergo
3251 2666 3461 2719 tradidit
3480 2667 3552 2719 eis
3571 2665 3747 2730 illum,
3762 2676 3830 2719 ut:

2280 2756 2633 2823 crucifigerent
2676 2771 2821 2817 cum;
2867 2755 2959 2807 sed
2998 2762 3055 2805 ut
3100 2754 3503 2822 cruciﬁgeretur,
3547 2754 3598 2808 id
3630 2756 3821 2817 est,'ut

641 2878 773 2914 eum.
824 2861 958 2925 Quid
1006 2869 1086 2913 est
1114 2861 1213 2915 hoc
1256 2864 1394 2929 quod
1424 2865 1620 2918 dictum
1654 2875 1753 2928 est,
1786 2869 1985 2931 exinde,
2030 2872 2181 2937 quasi
2276 2897 2281 2911 ι

2179 2915 2181 2923 ι
2276 2838 2476 2912 iudicio
2543 2853 2599 2897 et
2642 2851 2903 2912 potestate
2948 2845 3191 2911 prtcsidis
3236 2843 3653 2912 cruciﬁgeretur.
3717 2842 3819 2896 Sed

644 2956 798 3001 antea
846 2963 947 3000 non
997 2950 1296 3015 quaerebat?
1331 2949 1468 3018 Lege
1502 2953 1791 3019 superiora,
1843 2964 1897 3008 et
1947 2957 2182 3011 invenies

636 3038 746 3105 jam
775 3038 967 3091 dudum
1008 3052 1124 3090 eum
1153 3053 1387 3104 quaerere
1437 3042 1703 3095 dimittere
1726 3041 1924 3097 Jesum.
1976 3045 2181 3100 Exinde

641 3128 818 3195 itaque
850 3126 1243 3194 intelligendum
1270 3137 1369 3190 est,
1397 3140 1600 3197 propter
1622 3132 1737 3193 hoc,
1768 3133 1817 3185 id
1858 3120 1957 3196 est,
1988 3149 2051 3187 ex
2083 3135 2181 3189 hac

639 3232 820 3277 causa,
868 3232 933 3269 ne
970 3218 1191 3269 haberet
1216 3228 1489 3283 peceatum
1530 3221 1815 3273 occidendo
1850 3224 2182 3277 innocentem

641 3304 739 3356 sibi
780 3303 1063 3365 traditum,
1096 3305 1335 3369 quamvis
1368 3306 1539 3358 minus
1579 3321 1805 3373 peccans
1832 3324 1987 3375 quam
2017 3310 2189 3365 Judmi’

641 3394 726 3460 qui
763 3393 905 3445 illum
934 3397 983 3445 ei
1016 3393 1337 3445 tradiderant
1382 3394 1745 3447 occidendum.
1788 3396 1990 3451 Exinde
2032 3414 2180 3469 ergo,

642 3482 692 3533 id
719 3491 818 3543 est,
851 3482 986 3541 ideo,
1020 3498 1084 3534 ne
1124 3482 1221 3533 hoc
1264 3492 1536 3546 peccatum
1587 3484 1781 3538 faceret
1811 3485 1960 3554 [Ms.,
1987 3487 2180 3559 ﬁeret],

645 3586 749 3622 non
799 3585 938 3621 nunc
979 3570 1168 3635 primo,
1215 3568 1304 3621 sed
1336 3569 1401 3623 ab
1455 3570 1604 3641 initio
1633 3575 1900 3641 quzcrebat
1952 3592 2069 3630 eum
2107 3577 2185 3631 di-

642 3660 873 3711 mittere.
906 3656 1079 3709 Juda'i
1109 3668 1279 3710 autem
1309 3640 1616 3725 clamabant,
1656 3640 1881 3715 dicentes
1913 3678 1929 3713 :
1963 3664 2021 3718 Si
2049 3665 2185 3717 hunc

642 3750 882 3806 dimittis,
912 3765 1010 3799 non
1037 3765 1087 3799 es
1121 3750 1315 3800 amicus
1343 3747 1563 3801 thsaris
1589 3768 1605 3803 :
1648 3753 1811 3803 omnis
1838 3755 1991 3815 enim,
2022 3758 2187 3825 quise

642 3852 808 3904 regem
858 3835 1003 3903 facit,
1056 3837 1359 3888 contradicit
1408 3835 1618 3889 Ca'san'.
1654 3838 1902 3908 Maiorem
1940 3844 2184 3898 timorem

642 3941 700 3979 se
747 3926 989 3993 ingerere
1034 3932 1346 3991 putaverunt
1376 3924 1563 3987 Pilato,
1593 3930 1837 3979 terrendo
1866 3928 1929 3981 de
1954 3930 2181 3995 Cresare,

643 4023 701 4065 ut
721 4014 989 4066 occideret
1016 4012 1301 4073 Christum,
1334 4027 1491 4078 quam
1508 4015 1765 4081 superius,
1794 4017 1880 4069 ubi
1910 4018 2180 4073 dixerant:

649 4100 758 4153 Nos
789 4101 947 4168 legem
1002 4099 1262 4162 habemus,
1290 4110 1335 4152 et
1361 4101 1637 4153 secundum
1667 4102 1821 4171 legem
1850 4104 1993 4157 debet
2032 4108 2183 4171 mori,

645 4190 764 4255 quia
797 4186 991 4237 Filium
1032 4184 1121 4238 Dei
1159 4203 1212 4237 se
1247 4187 1384 4253 fecit.
1424 4188 1615 4239 Eorum
1666 4190 1855 4257 quippe
1893 4190 2060 4259 legem
2101 4193 2186 4246 ille

649 4289 753 4326 non
785 4273 956 4325 timuit
978 4273 1337 4335 utoceideret,
1365 4274 1452 4325 sed
1481 4274 1646 4342 magis
1677 4274 1859 4329 Filium
1892 4277 1984 4331 Dei
2012 4280 2186 4334 timuit

2282 2937 2399 2989 ideo
2432 2936 2535 2988 illis
2561 2934 2811 2987 traditum
2847 2934 2978 2987 dixit
3002 2933 3354 3002 Evangelista,
3391 2942 3447 2986 ut
3473 2948 3567 2987 eos
3593 2933 3815 2986 crimine

2284 3026 2596 3094 implicatos,
2634 3038 2664 3076 a
2699 3038 2803 3091 quo
2841 3022 2998 3077 alieni
3034 3036 3150 3076 esse
3193 3024 3543 3086 conabantur,
3575 3022 3821 3075 ostende—

2284 3126 2363 3170 ret
2389 3133 2401 3167 :
2432 3131 2535 3169 non
2574 3115 2712 3167 enim
2738 3114 2940 3167 Pilatus
2977 3114 3076 3167 hoc
3108 3112 3325 3175 faceret,
3354 3114 3453 3166 nisi
3502 3120 3561 3165 ut
3602 3113 3654 3166 id
3681 3112 3820 3181 quod

2281 3219 2375 3257 eos
2403 3216 2596 3270 cupere
2619 3202 2891 3264 cernebat,
2923 3202 3182 3267 impleret.
3214 3200 3362 3265 Quod
3400 3216 3527 3269 ergo
3553 3202 3823 3270 sequitur:

2284 3291 2624 3360 Susceperunt
2666 3300 2835 3343 autem
2868 3289 3047 3342 Iesum
3068 3330 3083 3353 ,
3124 3299 3171 3342 et
3214 3291 3523 3353 eduxerunt,
3549 3298 3722 3359 potest
3754 3290 3822 3343 ad

2281 3380 2475 3432 milites
2489 3378 2601 3444 jam
2632 3378 2815 3431 referri
2841 3378 3168 3445 apparitores
3192 3378 3447 3445 prtesidis.
3478 3376 3610 3430 Nam
3635 3386 3821 3444 postea

2281 3468 2571 3521 evidentius
2603 3466 2793 3519 dicitur
2832 3483 2843 3515 :
2893 3464 3080 3517 Milites
3122 3482 3241 3533 ergo
3286 3482 3407 3517 cum
3446 3466 3825 3533 cruciﬁxisscnt

2281 3573 2397 3607 eum
2438 3572 2455 3609 :
2494 3557 2735 3623 quamvis
2778 3555 3118 3622 evangelista,
3163 3554 3370 3607 etiamsi
3415 3563 3584 3608 totum
3628 3553 3832 3609 Iudicis

2283 3646 2485 3709 tribuit,
2532 3645 2720 3699 merito
2760 3642 2913 3707 facit;
2964 3644 3062 3712 ipsi
3109 3644 3251 3697 enim
3296 3654 3640 3712 susceperunt
3681 3645 3827 3711 quod

2283 3734 2585 3787 avidissime
2627 3732 3017 3801 ﬂagitaverunt,
3062 3739 3115 3783 et
3158 3730 3255 3799 ipsi
3300 3730 3539 3784 fecerunt
3568 3731 3833 3801 quidquid

2284 3830 2342 3873 ut
2367 3822 2515 3874 ﬁeret
2544 3826 2901 3875 extorserunt.
2932 3837 2951 3869 ι

2358 3929 2509 3981 Vens.
2555 3927 2636 3979 l7.
2658 3956 2712 3966 -—
2751 3944 2768 3974 ι
2802 3925 2827 3964 b
2850 3924 3123 3979 Judicante
3158 3933 3315 3992 atque
3343 3924 3627 3993 damnante
3653 3923 3835 3978 Pilato

2284 4033 2378 4085 pro
2406 4016 2651 4069 tribunali
2679 4016 2957 4068 Dominum
2982 4012 3161 4067 Jesum
3187 4013 3479 4077 Christum,
3504 4013 3636 4066 hora
3669 4012 3839 4080 quasi.

2284 4117 2431 4161 sexta
2477 4113 2819 4172 susceperunt
2862 4117 2981 4156 eum
3034 4114 3087 4156 et
3132 4103 3445 4155 eduxerunt.
3486 4100 3554 4153 Et
3580 4100 3823 4169 bajulans

2282 4195 2378 4247 sibi
2396 4209 2616 4253 crucem,
2638 4192 2789 4244 exivit
2813 4192 2865 4242 in
2885 4207 3019 4251 eum,
3042 4190 3129 4257 qui
3147 4190 3335 4241 dicitur
3355 4186 3605 4240 Calcaria:
3632 4186 3822 4248 locum,

2287 4282 2534 4335 Hebraice
2572 4278 2841 4348 Golgotha,
2883 4278 2967 4330 ubi
2996 4293 3111 4329 eum
3148 4277 3529 4344 cruci/inruat.
3570 4275 3703 4342 Quid
3742 4285 3869 4345 est,

647 4377 714 4416 ne
756 4362 1036 4414 occideret.
1088 4361 1238 4412 Nunc
1280 4376 1403 4413 vero
1428 4377 1530 4415 non
1558 4364 1634 4416 sic
1661 4365 1829 4431 potuit
1854 4376 2189 4425 contemnere
2216 4373 2433 4438 Dergo,
2461 4369 2599 4437 quod
2629 4368 2833 4421 Marcus
2867 4365 3183 4434 evangelista
3212 4366 3306 4428 ait,
3338 4364 3465 4417 Erat
3500 4372 3670 4417 autem
3694 4365 3825 4416 liora

649 4450 947 4511 Caesarem,
1006 4457 1274 4500 auctorem
1324 4451 1600 4514 potestatis
1648 4466 1801 4514 suae,
1848 4457 2189 4519 quemadmo—

650 4542 775 4592 dum
824 4538 989 4607 legem
1038 4536 1207 4604 gentis
1247 4536 1449 4590 alienae.
1501 4538 1682 4605 (Vens.
1724 4540 1810 4601 i5,
1848 4542 1958 4611 14.)
2009 4545 2189 4599 Adhuc

655 4630 876 4692 Pilatus,
926 4644 1039 4680 cum
1068 4627 1289 4681 audisset
1327 4628 1417 4681 hos
1456 4645 1744 4693 sermones,
1782 4632 2002 4687 adduxit
2048 4636 2189 4703 foras

651 4716 851 4778 Jcsum,
876 4727 923 4768 ct
943 4716 1071 4768 sedit
1093 4732 1184 4782 pro
1214 4717 1461 4769 tribunali
1490 4720 1543 4769 in
1567 4718 1700 4780 loco,
1721 4721 1808 4787 qui
1831 4722 2022 4774 dicitur
2040 4724 2190 4777 litho-

652 4814 871 4863 stratos,
917 4800 1165 4854 llebraice
1223 4812 1393 4855 autem
1445 4803 1665 4871 gabatha
1712 4804 1857 4875 [Ms.,
1894 4806 2185 4880 Golgotbc].

656 4892 701 4943 If
708 4902 784 4943 rat
822 4900 991 4942 autem
1028 4905 1294 4954 parasceuc
1336 4886 1553 4942 Post/uc
1572 4890 1699 4941 liora
1724 4893 1871 4960 quasi
1890 4904 2052 4947 sexta.
2075 4887 2190 4961 Qua

655 4982 782 5033 hora
831 4981 899 5032 sit
942 4978 1193 5031 Dominus
1236 4979 1549 5042 crucifixus,
1594 4988 1812 5047 propter
1857 4986 2192 5053 evangelista:

654 5068 871 5121 alterius
918 5068 1293 5131 testimonium,
1327 5069 1437 5138 [qui
1470 5070 1620 5141 dixit]
1648 5088 1659 5121 :
1687 5070 1818 5123 Erat
1856 5083 2027 5125 autem
2065 5075 2192 5129 hora

656 5155 823 5217 tertia,
864 5165 910 5209 et
947 5157 1309 5222 crucifixerunt
1337 5175 1484 5223 eum;
1510 5161 1757 5227 quoniam
1800 5175 1989 5230 magna
2024 5165 2190 5218 disce-

657 5244 819 5309 ptatio
843 5244 976 5296 solet
1003 5243 1200 5297 oboriri
1223 5282 1236 5307 ,
1271 5260 1389 5297 cum
1424 5247 1490 5299 ad
1520 5248 1691 5315 ipsum
1736 5249 1930 5311 locum,
1957 5250 2046 5303 ubi
2074 5252 2194 5305 cru—

656 5329 845 5383 eiiixus
886 5339 1153 5395 narratur,
1197 5339 1409 5384 ventum
1459 5331 1647 5394 fuerit,
1682 5343 1739 5386 ut
1772 5335 2120 5402 potuerimus,
2147 5338 2192 5391 si

660 5416 912 5469 Dominus
942 5416 1185 5479 voluerit,
1220 5417 1557 5471 disseremus.
1591 5418 1722 5472 Cum
1751 5436 1877 5489 ergo
1903 5436 1999 5490 pro
2029 5423 2193 5477 tribu-

730 5538 752 5563 -
793 5526 966 5593 Aug.:
1005 5525 1187 5598 g_Eecc
1234 5529 1518 5598 respondit.
1572 5537 1624 5581 et
1675 5537 1849 5583 tamen
1894 5530 2193 5598 ubicunque

661 5608 765 5646 non
796 5595 1081 5661 reslmmlit.
1113 5608 1215 5647 non
1253 5594 1384 5647 sicut
1414 5610 1551 5658 reus,
1579 5607 1677 5650 etc.
1721 5618 1738 5647 ι

2288 4459 2458 4518 tertia,
2484 4466 2531 4508 et
2564 4454 2925 4521 cruciﬁxerunt
2958 4469 3070 4505 eum
3097 4451 3284 4517 (Marc.
3315 4466 3401 4511 xv,
3429 4450 3541 4519 25),
3570 4450 3671 4503 nisi
3698 4450 3823 4517 quia

2286 4547 2415 4599 hora
2464 4547 2629 4598 tertia
2666 4543 2950 4596 cruciﬁxus
2983 4549 3064 4593 est
3093 4540 3346 4592 Dominus
3389 4540 3581 4608 linguis
3611 4538 3820 4594 Judae-

2287 4650 2437 4695 rum,
2469 4636 2598 4686 hora
2626 4639 2774 4685 sexta
2804 4629 3049 4683 manibus
3074 4628 3341 4682 militum?
3370 4627 3440 4682 Ut
3470 4628 3829 4697 intelligamus

2288 4723 2471 4775 horam
2498 4721 2737 4788 quintam
2759 4718 2867 4785 jam
2903 4716 3062 4773 fuisse
3097 4723 3436 4777 transactam,
3464 4716 3623 4786 630
3647 4724 3701 4771 et
3725 4716 3821 4769 ali-

2288 4808 2413 4878 quid
2456 4808 2521 4861 de
2567 4815 2713 4862 sexta
2758 4814 3011 4877 emptum,
3039 4802 3249 4871 quando
3286 4803 3419 4856 sedit
3448 4817 3545 4871 pro
3572 4801 3828 4857 uibunaii

2292 4896 2515 4959 Pilatus;
2548 4912 2662 4964 quae
2692 4897 2826 4949 dicta
2858 4900 2939 4945 est.
2978 4906 3009 4943 a
3040 4889 3239 4946 Joanne
3280 4892 3409 4946 hora
3450 4891 3600 4958 quasi
3641 4897 3815 4955 sexta;

2289 4994 2484 5040 etcum
2512 4986 2791 5039 duceretur
2820 4990 2877 5033 ut
2908 4981 2961 5036 in
2990 4980 3131 5050 ligno
3158 4996 3278 5035 cum
3306 4980 3508 5033 duobus
3532 4977 3821 5033 latronibus

2288 5075 2658 5141 conﬁgeretur,
2685 5077 2738 5122 et
2766 5068 2917 5135 juxta
2956 5082 3166 5122 crucem
3200 5066 3313 5133 eius
3341 5072 3671 5134 gererentur,
3704 5081 3820 5135 qua
3848 5136 3849 5139 η

2290 5172 2437 5234 gesta
2476 5168 2774 5221 narrantur,
2816 5158 2948 5212 hora
2993 5161 3153 5211 sexta.
3188 5154 3393 5223 integra
3437 5155 3815 5223 compleretur:
3842 5156 3858 5201 '.

2288 5268 2353 5306 ex
2383 5264 2485 5318 qua
2527 5249 2655 5302 hora
2696 5261 2863 5314 usque
2902 5247 2967 5298 ad
2992 5258 3181 5297 nonam
3215 5242 3324 5297 sole
3358 5244 3639 5297 obscurato
3677 5249 3823 5294 teno-

2288 5341 2412 5393 bras
2458 5336 2638 5398 factas,
2669 5335 2827 5389 trium
2868 5330 3328 5400 evangelistarum,
3374 5330 3625 5403 Matthxi,
3656 5328 3818 5382 Marci

2290 5435 2345 5481 et
2374 5427 2528 5483 Luem
2557 5431 2879 5481 contestatur
2903 5422 3208 5476 auctoritas.
3238 5421 3343 5475 Sed
3376 5418 3622 5487 quoniam
3655 5417 3821 5474 Judai

2364 5540 2388 5578 δ
2426 5538 2499 5591 Ev
2532 5538 2589 5590 S.
2622 5538 2776 5606 Aug.,
2810 5544 2963 5589 tract.
2995 5552 3154 5599 cxvn,
3185 5549 3328 5587 num.
3360 5533 3465 5587 1-3.
