4152 6194
1124 367 1513 424 maceries.
1554 398 1621 408 —
1655 369 1999 425 COMMENT.
2041 373 2105 427 IN
2143 358 2328 431 toItN.
2366 404 2436 415 —
2470 375 2592 428 LIB.
2633 375 2732 430 vn.

3422 380 3543 435 932’

367 481 569 537 facinus
612 476 873 532 interfecti
909 476 1107 533 Christi
1144 491 1191 530 ι·
1214 492 1273 531 se
1315 477 1369 530 in
1392 476 1673 541 Romanos,
1706 478 1757 533 id
1782 486 1881 543 est,
1910 484 1955 540 Α
1984 483 2069 561 qui
2087 481 2183 549 ﬁlii
2208 498 2397 548 carnis,
2422 483 2496 537 ait
2514 481 2813 561 Apostolus,
2842 483 2897 536 hi
2922 482 3022 549 ﬁlii
3044 481 3137 539 Dei
3160 500 3177 537 :
3201 486 3290 539 sed
3315 489 3401 557 qui
3424 489 3545 556 ﬁlii-

365 569 586 625 i’ilatum
612 576 665 621 et
700 565 812 632 ejus
836 566 1033 621 milites
1070 564 1359 619 transferre
1388 565 1562 619 conati
1588 574 1725 629 sunt,
1764 582 1888 634 pro-

361 666 540 724 pterea
588 655 795 707 Marcus
837 653 1115 722 subpressa
1160 668 1222 707 ea
1266 654 1416 717 hora,
1459 668 1563 721 qua
1589 639 1829 707 Christus
1862 669 1891 708 a

361 746 613 798 militibus
642 741 924 796 cruciﬁxus
948 750 1049 805 est,
1078 756 1194 809 qua:
1221 741 1303 807 agi
1332 749 1477 795 sexta
1498 740 1609 806 jam
1638 750 1891 809 cmperat,

360 835 571 887 tertiam
617 832 791 900 potius
838 832 1025 884 horam
1088 830 1395 884 recordatus
1454 832 1742 899 expressit,
1790 847 1892 895 qua

360 922 489 974 hora
525 919 885 987 intelliguntur
921 917 1056 985 apud
1090 915 1316 969 Pilatum
1363 915 1591 969 clamare
1636 916 1888 984 potuiSse,

359 1009 630 1078 Cruciﬁge,
668 1007 950 1075 cruci/Ege;
972 1014 1029 1059 ut
1068 1019 1173 1057 non
1215 1004 1289 1057 illi
1325 1012 1526 1057 tantum
1566 1004 1894 1071 reperiantur

360 1098 683 1150 cruciﬁxisse
729 1095 927 1157 Jesum,
979 1094 1030 1147 id
1081 1101 1180 1156 est,
1232 1093 1422 1147 milites
1465 1093 1553 1160 qui
1594 1106 1712 1145 eum
1752 1092 1893 1167 ligno

360 1192 508 1239 sexta
550 1184 677 1235 hora
718 1180 1122 1248 suspenderunt,
1161 1194 1341 1232 verum
1380 1178 1537 1231 etiam
1564 1176 1751 1241 Judaei,
1781 1178 1891 1245 qui,

361 1280 418 1324 ut
446 1270 857 1339 cruciﬁgeretur,
886 1268 1015 1321 hora
1042 1267 1195 1323 tertia
1229 1265 1609 1319 clamaverunt.
1638 1265 1893 1333 Bajulans

358 1374 474 1426 ergo
504 1358 598 1410 sibi
637 1370 860 1419 crucem,
893 1354 1043 1407 exivit
1086 1353 1137 1406 in
1175 1368 1289 1406 eunt
1315 1352 1402 1423 qui
1428 1352 1618 1405 dicitur
1645 1350 1893 1404 Call-ariae

358 1448 541 1505 locum.
569 1446 818 1499 Hebraice
846 1454 1015 1497 autem
1046 1442 1315 1513 Golgotha,
1359 1442 1445 1495 ubi
1474 1458 1588 1495 eum
1629 1441 1894 1507 cruciﬁxe—

360 1542 495 1584 runt.
529 1532 593 1584 Et
633 1549 748 1585 cum
786 1548 842 1584 eo
870 1531 999 1583 duos
1054 1529 1169 1582 hinc
1210 1538 1257 1581 et
1288 1530 1426 1593 hinc,
1464 1529 1682 1581 medium
1726 1539 1895 1580 autem

361 1622 555 1675 Iesum.
619 1621 707 1674 lsti
768 1621 872 1673 duo
924 1620 1156 1674 latrones
1220 1627 1412 1681 erant,
1477 1617 1614 1670 sicut
1673 1615 1893 1669 aliorum

253 1759 261 1764 _
359 1709 795 1777 evangelistarum
842 1707 1144 1759 narratione
1188 1704 1499 1766 didicimus,
1551 1716 1670 1755 cum
1704 1702 1896 1769 quibus

1984 560 2351 635 promissionis,
2391 560 2703 640 deputantur
2740 573 2797 625 in
2834 573 3020 625 semine
3061 572 3232 641 (Rom.
3256 590 3332 638 ix,
3358 574 3409 636 7,
3438 579 3513 643 8).

1987 656 2053 709 Et
2078 666 2262 726 gentes
2295 667 2467 721 erant,
2496 659 2689 727 quibus
2714 660 2921 715 dicebat
2947 678 2958 713 :
2988 660 3044 715 Si
3068 670 3237 714 autem
3262 678 3344 715 ros
3370 660 3521 715 Chri-

1988 744 2074 807 sti,
2099 760 2216 813 ergo
2236 744 2455 799 Aburius:
2480 763 2650 801 semen
2675 751 2813 813 estis,
2839 749 3115 802 secundant
3140 752 3522 820 promissrourm

1988 833 2213 887 lta'redes
2240 831 2433 905 (Galat.
2470 852 2549 898 ιιι,
2578 836 2688 905 29).
2736 837 2847 891 Rex
2885 853 3010 906 ergo
3042 838 3340 894 Iudaeorum
3370 840 3523 894 Chri-

1988 930 2130 983 stus,
2176 924 2268 976 sed
2304 920 2603 978 Judmorum
2631 926 3031 982 circumcisione
3059 930 3261 1003 cordis;
3312 930 3519 997 spiritu,

1988 1025 2093 1063 non
2120 1010 2295 1064 littera
2328 1030 2339 1063 :
2370 1028 2595 1080 quorum
2627 1015 2739 1069 laus
2766 1031 2869 1069 non
2897 1033 2963 1071 ex
2991 1019 3306 1083 hominibus,
3337 1020 3427 1073 sed
3457 1033 3518 1072 ex

1989 1098 2095 1152 Deo
2120 1107 2228 1164 est;
2252 1102 2628 1167 pertinentium
2655 1105 2718 1157 ad
2741 1103 3028 1160 Jerusalem
3058 1106 3276 1159 liberam
3301 1116 3523 1162 matrem

1990 1194 2222 1239 nostram
2250 1184 2389 1256 (Gal.
2418 1204 2489 1251 ιγ,
2513 1188 2625 1257 26),
2653 1199 2903 1244 aeternam
2933 1194 2987 1245 in
3008 1194 3178 1256 cmlis,
3206 1198 3389 1248 bluam
3419 1198 3524 1265 spi-

1991 1273 2215 1338 ritalem,
2264 1276 2507 1329 ancillam
2550 1284 2604 1330 et
2629 1277 2764 1331 ﬁlios
2809 1278 2921 1346 ejus
2962 1281 3025 1333 de
3067 1282 3222 1334 domo
3265 1282 3525 1353 libertatis

1991 1360 2301 1427 ejicientem.
2335 1364 2455 1417 Ideo
2478 1366 2619 1419 enim
2648 1365 2845 1420 Pilatus
2869 1369 3007 1434 quod
3033 1369 3261 1436 scripsit,
3289 1370 3519 1437 scripsit,

1990 1451 2109 1518 quia
2132 1452 2381 1506 Dominus
2409 1452 2579 1515 Jesus,
2608 1457 2746 1521 quod
2770 1457 2923 1520 dixit,
2953 1457 3103 1509 dixit.

2059 1538 2216 1591 Vens.
2247 1538 2333 1590 225.
2356 1570 2423 1577 —
2449 1538 2635 1592 Milites
2671 1557 2809 1608 ergo,
2842 1540 2958 1594 cun’t
2990 1544 3356 1610 cruci/ixissent
3383 1562 3521 1609 eum,

1992 1638 2291 1697 acceperunt
2335 1629 2625 1683 uestimenta
2655 1630 2788 1699 ejus,
2826 1641 2873 1683 et
2912 1631 3137 1697 fecerunt
3166 1644 3386 1701 quatuor
3406 1651 3529 1703 par-

1994 1728 2088 1779 tes,
2132 1717 2405 1786 unicuique
2450 1717 2599 1771 militi
2640 1728 2856 1786 partem,
2903 1729 2949 1772 et
2993 1720 3237 1773 tunicam.
3286 1741 3302 1772 ι
3328 1736 3352 1762 ιι
3379 1723 3528 1777 Unde

359 1790 641 1851 cruciﬁxus
666 1806 745 1851 est
767 1796 1036 1859 Christus;
1072 1804 1125 1847 et
1153 1795 1291 1847 inter
1314 1808 1445 1863 quos
1476 1792 1610 1845 ﬁxus
1634 1799 1716 1846 est
1742 1790 1895 1845 Chri-
1924 1793 1966 1851 Β
1996 1812 2213 1870 apparet
2259 1811 2484 1870 quatuor
2525 1804 2686 1860 fuisse
2731 1807 2942 1870 milites,
2993 1808 3081 1874 qui
3130 1810 3180 1862 in
3222 1824 3286 1863 eo
3316 1810 3524 1864 cmciﬁ-

360 1894 490 1948 stus,
535 1887 599 1939 de
626 1900 730 1953 quo
765 1885 1033 1954 prtemissa
1078 1883 1284 1937 dixerat
1327 1883 1638 1950 prophetia:
1670 1880 1737 1934 Et
1763 1881 1895 1933 inter

360 1974 557 2041 iniquos
579 1973 849 2041 deputatus
875 1982 947 2024 est
965 1971 1097 2040 (Isa.
1126 1986 1237 2033 ιιιι,
1265 1969 1371 2037 ιε).

427 2061 586 2114 Vens.
614 2062 698 2125 l9,
726 2060 813 2114 20.
837 2091 906 2101 —-
924 2060 1139 2129 Scripsit
1166 2068 1335 2113 autem
1364 2068 1411 2111 et
1438 2058 1643 2111 titulum
1668 2056 1892 2124 Pilatus,

361 2159 407 2204 et
438 2149 604 2219 posuit
638 2165 791 2217 super
822 2164 1042 2201 crucem.
1082 2147 1211 2200 Erat
1243 2156 1411 2199 autem
1439 2146 1681 2215 scriptum
1702 2159 1720 2195 :
1742 2145 1895 2199 Jesus

364 2235 669 2291 Nazarenus
704 2251 791 2287 rex
819 2236 1141 2288 Juda'orum.
1180 2233 1332 2287 Hunc
1368 2250 1486 2303 ergo
1516 2231 1718 2285 titulum
1747 2230 1896 2284 multi

361 2325 585 2393 legerunt
606 2323 932 2387 Judworum,
961 2324 1079 2393 quia
1106 2340 1259 2393 prope
1294 2323 1544 2375 civitatem
1583 2330 1691 2375 erat
1730 2320 1891 2385 locus,

362 2414 446 2469 ubi
482 2423 555 2466 est
594 2409 870 2480 crucifixus
897 2410 1068 2465 Iesus.
1106 2411 1173 2464 Et
1215 2421 1325 2464 erat
1360 2412 1604 2478 scriptum
1626 2409 1889 2472 Hebraice,

360 2503 553 2569 (ἐνίετε,
602 2515 649 2559 et
687 2505 886 2559 Latine.
946 2505 1036 2558 Hie
1077 2504 1268 2573 quippe
1307 2512 1415 2557 tres
1456 2504 1650 2571 lingua:
1684 2503 1754 2557 ibi
1788 2519 1895 2572 pra:

363 2594 569 2645 exteris
592 2594 893 2647 eminebant
926 2611 937 2646 :
971 2591 1206 2654 Hebraea,
1239 2599 1453 2659 propter
1472 2590 1680 2645 Judaeos
1706 2592 1759 2643 in
1783 2592 1896 2659 lege

363 2682 677 2750 gloriantes;
706 2682 911 2747 Graeca,
956 2690 1168 2753 propter
1194 2683 1427 2752 gentium
1461 2682 1749 2749 sapientes;
1793 2681 1894 2733 La-

364 2769 494 2835 tina,
520 2777 733 2836 propter
756 2769 1049 2833 Romanos,
1070 2770 1246 2823 multis
1274 2784 1334 2823 ac
1359 2784 1493 2837 pene
1518 2770 1761 2823 omnibus
1782 2767 1891 2834 jam

290 2898 293 2903 .
365 2863 490 2907 tunc
532 2856 774 2923 gentibus
815 2857 1153 2923 imperantes.
1184 2857 1365 2926 (Vens.
1392 2856 1480 2919 ξι,
1505 2855 1618 2926 22.)
1647 2855 1890 2907 Dicebant

1992 1890 2160 1955 gendo
2184 1892 2391 1957 praesidi
2419 1900 2725 1960 paruerunt.
2768 1892 3039 1947 Manifeste
3073 1896 3261 1963 quippe
3286 1897 3357 1948 ait
3382 1913 3394 1947 :
3422 1896 3525 1949 Mi-

1993 1976 2103 2029 lites
2146 1992 2264 2045 ergo
2319 1994 2433 2030 cum
2473 1979 2841 2047 cruci/ﬁnissent
2873 1996 3013 2043 eum,
3048 1992 3344 2049 acceperunt
3376 1984 3524 2037 vesti-

1992 2078 2161 2139 menta
2186 2068 2315 2136 ejus,
2348 2078 2396 2121 et
2424 2069 2650 2137 fecerunt
2679 2081 2900 2141 quatuor
2918 2082 3106 2141 partes,
3136 2073 3407 2142 unicuique
3432 2075 3526 2126 mi-

1992 2155 2069 2209 liti
2106 2165 2321 2225 partem,
2350 2165 2397 2209 et
2440 2157 2697 2220 tunicam;
2742 2159 3156 2212 subaudiendum
3185 2168 3283 2223 est,
3313 2176 3527 2228 accepe-

1993 2256 2141 2300 runt:
2166 2254 2223 2301 ut
2252 2248 2350 2301 iste
2372 2246 2439 2300 sit
2465 2260 2649 2299 sensus
2673 2263 2685 2296 :
2710 2256 3028 2314 acceperunt
3055 2249 3365 2301 vestimenta
3393 2247 3523 2313 ejus,

1991 2344 2045 2387 et
2066 2334 2301 2388 iecerunt
2322 2330 2547 2403 quatuor
2569 2342 2779 2402 partes,
2803 2334 3086 2400 unicuique
3110 2334 3262 2386 militi
3289 2344 3491 2401 partem
3506 2352 3534 2395 ;.

1992 2432 2307 2491 acceperunt
2333 2432 2388 2475 et
2414 2422 2667 2476 tunicam.
2709 2421 2774 2475 Et
2799 2422 2875 2475 sic
2903 2420 3106 2475 locutus
3132 2429 3211 2475 est
3247 2432 3306 2474 ut
3328 2422 3391 2475 de
3426 2437 3526 2475 ca:-

1993 2512 2118 2565 teris
2134 2510 2287 2581 631
2309 2511 2635 2563 vestimentis
2655 2510 2850 2562 nullam
2872 2519 3065 2563 sortem
3088 2510 3301 2563 missam
3321 2524 3435 2563 esse
3450 2509 3525 2561 vi-

1992 2599 2208 2652 deamus
2234 2611 2251 2648 :
2279 2594 2373 2649 sed
2397 2596 2463 2649 de
2488 2596 2663 2647 tunica
2693 2609 2852 2662 quam
2881 2595 3036 2647 simul
3062 2611 3183 2647 cum
3210 2595 3413 2649 caeteris
3438 2610 3522 2648 ac-

1992 2692 2258 2754 ceperunt,
2291 2684 2383 2738 sed
2413 2698 2517 2737 non
2548 2682 2703 2735 simul
2742 2680 2890 2753 [Ms.,
2918 2680 3181 2751 similiter]
3208 2683 3517 2735 diviserunt.

1992 2774 2064 2826 De
2090 2775 2187 2826 bac
2216 2774 2356 2827 enim
2386 2772 2621 2841 sequitur
2645 2782 2910 2839 exponens
2937 2788 2948 2822 ;
2984 2769 3111 2823 Erat
3140 2779 3309 2822 autem
3349 2771 3523 2822 tunica

1990 2861 2335 2925 inconsutilis,
2370 2862 2585 2929 desuper
2606 2870 2840 2912 contex:a
2880 2876 2970 2928 per
3005 2869 3184 2911 totum.
3225 2858 3329 2911 Cur
3354 2868 3528 2911 autem

362 2961 480 3011 ergo
504 2944 671 3000 Pilato
710 2948 969 3016 pontiﬁces
996 2947 1296 3001 Iudaeorum
1323 2968 1342 3005 :
1371 2949 1494 3002 Noli
1526 2950 1764 3012 scribere,
1804 2965 1892 3001 rex
1988 2949 2052 3002 de
2094 2948 2179 3000 illa
2208 2956 2405 3001 sortem
2444 2949 2683 3002 miserint
2710 2964 2932 3001 narrans
2964 2966 2975 2999 :
3022 2949 3204 3017 (Vens.
3234 2948 3322 3016 ‘24)
3370 2949 3526 3001 Dixe-

363 3032 664 3089 luda'orum
680 3054 699 3099 ;
720 3036 809 3089 sed
835 3037 954 3106 quia
980 3037 1107 3089 dixit
1128 3036 1272 3104 ipse:
1293 3036 1402 3089 Rex
1428 3054 1541 3089 sum
1565 3036 1886 3091 Judworum.

1992 3046 2106 3088 runt
2137 3050 2254 3104 ergo
2286 3034 2352 3086 ad
2396 3035 2630 3096 invicem,
2672 3035 2874 3102 inquit,
2907 3033 3028 3086 Non
3061 3036 3351 3089 scindamus
3394 3053 3525 3099 eam,

370 3124 644 3191 Respondit
684 3100 886 3180 Pilatus
915 3140 931 3177 :
960 3126 1108 3190 Quod
1145 3100 1343 3194 scripsi,
1387 3126 1584 3193 scripsi.
1626 3125 1669 3177 Ο
1711 3125 1891 3178 ineﬂ'a-
1919 3100 1961 3161 (ἶ
1994 3125 2080 3178 sed
2116 3100 2391 3178 sortiantur
2422 3124 2483 3179 de
2522 3124 2646 3187 illa,
2688 3100 2835 3191 cujus
2864 3126 2948 3176 sit.
2990 3124 3219 3192 Apparet
3260 3128 3435 3195 itaque
3478 3128 3529 3180 in

368 3215 525 3268 bilem
567 3216 673 3269 vim
721 3216 911 3269 divina:
950 3216 1270 3284 operationis
1298 3254 1312 3278 ,
1358 3215 1514 3267 etiam
1558 3214 1611 3265 in
1653 3214 1899 3267 cordibus

368 3310 719 3379 ignorantium
743 3312 753 3362 ε
797 3309 977 3364 Nonne
1003 3311 1205 3364 occulta
1232 3325 1332 3363 vox
1361 3309 1597 3377 quaedam
1622 3308 1790 3361 Pilato
1820 3310 1897 3361 in-

370 3408 453 3452 tus
478 3400 723 3466 quodam,
764 3400 808 3451 si
851 3399 951 3451 dici
990 3405 1181 3467 potest,
1208 3398 1438 3452 clamore
1481 3397 1689 3450 silentio
1718 3395 1895 3468 [Aug.,

370 3486 599 3540 clamoso
639 3485 867 3555 silentio]
917 3488 1253 3553 personabat,
1304 3485 1443 3553 quod
1491 3493 1635 3538 tanto
1682 3494 1799 3538 ante
1847 3485 1898 3537 in

371 3571 695 3625 Psalmorum
740 3574 930 3626 litteris
970 3573 1334 3641 prophetatum
1361 3558 1463 3635 est,
1490 3571 1569 3624 Ne
1602 3587 1899 3641 corrumpas

370 3662 503 3716 tituli
538 3663 911 3731 inscriptionem
951 3663 1071 3732 (Tit.
1125 3663 1267 3716 Psal.
1316 3663 1442 3732 LVI).
1483 3663 1725 3730 Nunquid
1758 3666 1899 3717 enim

370 3763 644 3823 propterea
660 3769 762 3807 non
786 3754 887 3806 erit
906 3766 1103 3814 verum,
1127 3752 1246 3821 quia
1273 3750 1421 3822 [Ms.,
1440 3751 1599 3820 quod]
1622 3751 1772 3805 Jesus
1793 3753 1897 3804 ait:

376 3842 489 3896 Rea:
507 3857 620 3896 sum
642 3843 988 3896 Iudaeorum?
1023 3840 1080 3895 Si
1103 3842 1367 3910 corrumpi
1404 3858 1506 3895 non
1550 3848 1725 3909 potest
1762 3841 1899 3909 quod

373 3930 568 3981 Pilatus
598 3929 826 3996 scripsit,
852 3932 1115 3996 corrumpi
1140 3939 1313 3997 potest
1340 3932 1478 3999 quod
1506 3930 1711 3985 Veritas
1738 3930 1902 3983 dixit?

374 4016 476 4069 Sed
502 4015 798 4070 Juilmorum
840 4023 1044 4068 tantum
1086 4029 1177 4067 rex
1206 4024 1285 4068 est
1313 4016 1574 4078 Christus,
1612 4032 1677 4069 an
1704 4026 1757 4071 et
1779 4033 1903 4086 gen-

375 4105 539 4159 tium?
579 4106 684 4159 imo
725 4111 781 4157 et
806 4102 1060 4172 gentium.
1091 4100 1221 4155 Cum
1257 4101 1398 4154 enim
1428 4102 1647 4155 dixisset
1695 4105 1747 4155 in
1775 4104 1903 4158 Pro-

370 4192 546 4259 phetia
575 4209 587 4243 :
621 4189 731 4259 Ego
780 4197 949 4242 autem
989 4188 1290 4241 constitutus
1328 4203 1441 4240 sum
1469 4203 1557 4240 rex
1583 4189 1644 4240 ab
1671 4206 1728 4241 eo
1752 4206 1904 4258 super

373 4275 499 4328 Sion
548 4285 767 4328 montem
814 4284 1046 4328 sanctum
1092 4273 1223 4343 ejus,
1265 4274 1551 4344 pradicans
1598 4285 1900 4344 praceptum

1996 3214 2113 3266 aliis
2136 3214 2365 3266 vestibus
2388 3209 2615 3278 aequales
2638 3225 2731 3264 eos
2758 3210 3004 3263 habuisse
3031 3218 3237 3277 partes,
3270 3221 3326 3264 ut
3352 3215 3528 3266 sortiri

1995 3316 2209 3355 necesse
2230 3316 2331 3353 non
2364 3299 2521 3352 fuerit
2552 3317 2563 3351 :
2592 3299 2643 3351 in
2669 3298 2756 3351 illa
2785 3312 2911 3352 vero
2932 3311 3036 3350 una
3074 3312 3177 3350 non
3221 3312 3311 3351 eos
3336 3299 3532 3352 habere

1996 3390 2229 3457 potuisse
2253 3389 2482 3457 singulas
2508 3396 2704 3461 partes.
2743 3405 2760 3438 ι
2795 3386 3008 3453 Quaerat
3032 3387 3167 3441 forte
3194 3387 3383 3455 aliquis
3404 3390 3532 3455 quid

1997 3478 2254 3545 signiﬁcet
2280 3479 2333 3529 in
2377 3485 2449 3529 tot
2474 3484 2655 3543 partes
2687 3477 3127 3530 vestimentorum
3159 3475 3294 3530 facta
3322 3476 3529 3541 divisio,

1996 3577 2049 3622 et
2072 3568 2135 3621 de
2153 3568 2327 3620 tunica
2351 3567 2433 3619 illa
2456 3567 2697 3619 sortitio?
2714 3566 3113 3634 Quadripartita
3134 3568 3295 3621 vestis
3326 3566 3533 3621 Domini

1998 3657 2162 3711 nostri
2192 3655 2313 3711 Jesu
2344 3657 2537 3711 Christi
2561 3648 2995 3725 quadripartitam
3031 3654 3144 3721 ejus
3170 3657 3414 3725 ﬁguravit
3434 3658 3531 3711 Ec-

1997 3746 2231 3809 clesium,
2268 3755 2376 3800 toto
2418 3745 2618 3799 scilicet
2664 3746 2753 3813 qui
2791 3754 3014 3813 quatuor
3058 3746 3297 3813 partibus
3327 3757 3535 3801 constat

2000 3847 2260 3891 terrarum
2280 3840 2406 3892 orbe
2435 3837 2699 3901 dili'usam,
2737 3846 2791 3889 et
2808 3838 3052 3891 omnibus
3074 3836 3271 3890 eisdem
3299 3838 3535 3903 partibus

1998 3924 2287 3993 :eqnslitcr,
2320 3926 2370 3978 id
2401 3933 2501 3985 est,
2548 3924 2879 3977 cuneorditer
2911 3924 3264 3977 distributam.
3310 3922 3535 3990 Propter

2000 4014 2137 4082 quod
2161 4013 2281 4066 alibi
2306 4012 2515 4076 dicitur,
2539 4012 2819 4065 missurum
2844 4026 2901 4064 se
2928 4011 3150 4078 Angelos
3178 4026 3321 4074 suos,
3345 4020 3401 4064 ut
3426 4012 3533 4065 col-

2000 4102 2162 4170 ligant
2185 4102 2377 4155 electos
2401 4116 2523 4155 suos
2548 4116 2575 4153 a
2598 4109 2828 4169 quatuor
2862 4100 3035 4153 ventis
3059 4098 3245 4169 (Marc.
3265 4099 3486 4169 x1152?)
3518 4119 3529 4150 :

1999 4190 2140 4257 quod
2166 4190 2289 4257 quid
2313 4188 2535 4253 est,nisi
2567 4204 2596 4242 a
2622 4197 2849 4258 quatuor
2876 4188 3115 4256 partibus
3137 4189 3339 4253 mundi,
3358 4189 3533 4241 orien-

2003 4286 2053 4330 te
2070 4317 2086 4340 ,
2123 4279 2414 4340 occidente,
2438 4278 2699 4345 aquilone,
2725 4286 2781 4330 et
2801 4279 3056 4331 meridie?
3081 4277 3277 4334 Tunica
3304 4294 3427 4333 vero
3451 4280 3534 4331 illa

371 4364 575 4416 Domini
602 4365 769 4434 ('Psal.
813 4382 871 4428 ιι,
915 4368 966 4435 6)
1001 4383 1015 4418 :
1046 4381 1111 4420 ne
1138 4376 1354 4436 propter
1380 4367 1506 4422 Sion
1533 4375 1782 4432 montem,
1810 4381 1891 4422 εοο
1930 4391 1974 4446 ο
2002 4380 2011 4419 ι

1930 4391 1974 4446 ο
2002 4366 2195 4431 ιρι-ιίιιι⁸
2229 4368 2463 4420 omnium
2517 4368 2746 4433 partium
2780 4368 3043 4435 signiﬁcat
3089 4368 3339 4422 unitatem
3368 4408 3382 4433 ,
3420 4386 3535 4437 qua)

373 4454 435 4507 lis
455 4452 647 4508 Iudaeis
679 4470 797 4509 eum
834 4470 1010 4525 regem
1038 4452 1363 4527 [quisquam]
1406 4458 1608 4513 diceret
1649 4459 1904 4513 constitu—

375 4552 513 4607 tum,
534 4546 778 4599 continuo
805 4544 1061 4611 subjecit:
1084 4544 1333 4599 Dominus
1357 4546 1485 4600 dixit
1513 4549 1582 4600 ad
1604 4563 1714 4603 me:
1736 4548 1904 4603 Filius

374 4649 519 4684 meus
537 4650 588 4685 es
618 4643 694 4697 tu,
718 4650 807 4703 ego
833 4635 981 4689 hodie
1000 4634 1150 4703 genui
1174 4642 1219 4686 le
1245 4647 1261 4683 :
1290 4633 1495 4704 postulo
1522 4653 1554 4687 a
1585 4653 1683 4701 me,
1705 4647 1753 4691 et
1772 4638 1904 4691 dabo

374 4718 464 4770 tibi
484 4730 672 4787 gentes,
697 4730 750 4774 et
772 4730 981 4776 caetera.
1012 4723 1118 4792 Car
1142 4737 1270 4792 ergo
1290 4738 1536 4791 magnum
1558 4725 1802 4781 volumus
1825 4728 1904 4781 in-

378 4804 535 4875 telligi
575 4807 627 4858 in
656 4806 756 4860 hoc
796 4809 944 4863 titulo
980 4788 1401 4882 sacramentum;
1422 4811 1473 4863 in
1509 4826 1612 4880 quo
1647 4814 1899 4882 scriptum

375 4904 509 4959 erat,
537 4912 624 4950 rex
642 4894 966 4961 Judaorum,
988 4880 1049 4953 sil
1062 4916 1155 4955 rex
1180 4909 1261 4956 est
1278 4901 1518 4956 Christus
1542 4908 1593 4955 et
1620 4880 1900 4956 Gentium?

377 4979 509 5052 Quia
554 4984 752 5039 scilicet
792 4984 1020 5051 oleaster
1045 4979 1219 5043 lactus
1239 4998 1325 5045 est.
1346 4991 1606 5059 partins
1632 4989 1915 5059 pinguedi»

378 5074 461 5128 nis
505 5073 657 5128 oliva:
704 5071 885 5143 [Aug.,
919 5071 1088 5142 oleae],
1142 5090 1247 5129 non
1298 5077 1413 5131 olea
1458 5077 1720 5147 particeps
1761 5075 1900 5131 facta

377 5163 740 5218 amaritudinis
782 5162 1031 5217 oleastri?
1083 5160 1215 5233 Nam
1250 5165 1302 5217 in
1331 5180 1395 5219 eo
1435 5167 1571 5235 quod
1600 5167 1664 5221 de
1688 5166 1902 5222 Christo

379 5256 636 5310 veraciter
679 5256 907 5323 scriptus
958 5260 1041 5310 est
1090 5246 1290 5315 titulus,
1335 5270 1423 5307 rex
1460 5254 1784 5319 Juda'onm,
1813 5255 1902 5325 qui

379 5351 502 5399 sunt
542 5342 861 5411 intelligendi
885 5340 1068 5406 Judaei,
1094 5340 1196 5395 nisi
1224 5355 1401 5394 semen
1428 5341 1675 5409 Abrahae,
1704 5342 1797 5397 ﬁlii
1820 5358 1905 5397 re-

380 5431 757 5500 promissionis,
787 5429 876 5497 qui
904 5436 1028 5483 sunt
1050 5430 1210 5484 etiam
1239 5427 1330 5483 ﬁlii
1352 5428 1482 5484 Dei?
1516 5429 1776 5497 Quoniam
1802 5448 1903 5487 non

445 5598 469 5625 ⁸
509 5590 585 5643 Ex
615 5590 669 5644 S.
696 5586 849 5659 Aug],
876 5598 1029 5649 tract.
1053 5608 1233 5659 cxvm,
1264 5609 1404 5647 num.
1435 5594 1497 5646 2.

2002 4453 2274 4507 charitatis
2316 4451 2528 4506 vinculo
2578 4453 2898 4505 continetur.
2933 4452 3008 4506 De
3055 4454 3313 4507 charitate
3358 4464 3535 4509 autem

2003 4547 2276 4600 locuturus
2328 4543 2609 4614 Apostolus
2640 4562 2653 4597 :
2684 4544 3226 4614 Supereminentiorem
3253 4586 3267 4609 ,
3322 4548 3491 4615 inquit
3516 4588 3528 4608 ,

2001 4636 2134 4688 viam
2177 4634 2315 4689 vobis
2349 4634 2636 4687 demonstro
2672 4632 2733 4706 (1
2756 4635 2874 4687 Cor.
2902 4650 3003 4697 xu,
3034 4633 3142 4704 3i).
3171 4635 3236 4687 Et
3274 4636 3375 4706 alio
3420 4635 3536 4688 loco

2002 4721 2076 4773 ait
2106 4739 2119 4773 :
2147 4720 2458 4788 Cognoscere
2484 4721 2639 4773 etiam
2673 4722 3123 4788 supereminentent
3163 4723 3385 4775 scientia
3409 4724 3534 4775 cha-

2003 4808 2201 4859 ritatem
2228 4805 2416 4859 Christi
2450 4802 2658 4874 (Ephes.
2689 4822 2747 4859 ιιι
2768 4845 2782 4869 ,
2814 4805 2902 4875 19)
2933 4824 2945 4858 :
2978 4807 3210 4877 [temque
3229 4810 3355 4863 alibi
3386 4828 3397 4861 :
3428 4810 3534 4863 Su-

2002 4912 2093 4964 per
2125 4882 2491 4949 ontnia’autem
2521 4894 2629 4948 hac
2671 4896 2970 4949 charitatem
2988 4938 3001 4961 ,
3029 4914 3143 4967 quia
3166 4908 3239 4951 est
3280 4898 3533 4955 vinculum

2002 4984 2329 5052 perfectionis
2341 4982 2552 5053 (Coloss.
2580 4996 2661 5047 in,
2678 4983 2781 5052 i4).
2804 4982 2861 5037 Si
2881 4999 3007 5054 ergo
3029 4987 3257 5039 charitas
3280 4995 3337 5038 et
3353 5000 3535 5052 super-

2003 5074 2399 5129 emincntiorem
2430 5074 2585 5127 habet
2610 5073 2767 5137 viam,
2803 5080 2858 5127 et
2899 5076 3250 5143 supereminet
3280 5075 3535 5137 scientias,

2004 5171 2058 5217 et
2096 5178 2254 5233 super
2277 5163 2451 5217 omnia
2480 5170 2741 5230 praecepta
2768 5171 2868 5226 est,
2895 5164 3089 5217 merito
3108 5162 3285 5225 vestis,
3317 5177 3419 5229 qua
3456 5164 3531 5216 si-

2002 5251 2302 5319 gniﬁcatur,
2338 5250 2561 5316 desuper
2584 5257 2827 5302 contexta
2854 5251 3177 5318 perhibetur.
3202 5248 3535 5303 lnconsutilis

2002 5351 2202 5404 autem,
2229 5354 2294 5393 ne
2327 5338 2604 5405 aliquando
2647 5338 2940 5402 dissaatur;
2979 5347 3031 5391 et
3069 5338 3135 5391 sd
3162 5350 3321 5388 unum
3352 5350 3521 5402 pervc-

2003 5432 2099 5496 nit,
2122 5431 2244 5501 quia
2271 5430 2324 5482 in
2368 5444 2527 5482 unum
2554 5444 2738 5484 omnes
2770 5430 2991 5498 colligit;
3028 5430 3163 5481 sicut
3188 5427 3240 5479 in
3280 5426 3534 5494 apostolis
