  <div class='ocr_page' id='page_1' title='image "/cluster/home/n/w/nwhite01/storage/ocr_20150623/100/uva.x000827058/499.png"; bbox 0 0 4152 6224; ppageno 0'>
   <div class='ocr_carea' id='block_1_1' title="bbox 620 318 718 370">
    <p class='ocr_par' dir='ltr' id='par_1_1' title="bbox 620 318 718 370">
     <span class='ocr_line' id='line_1_1' title="bbox 620 318 718 370; baseline -0.01 0"><span class='ocrx_word' id='word_1_1' title='bbox 620 318 718 370; x_wconf 69' lang='lat'><strong>935</strong></span> 
     </span>
    </p>
   </div>
   <div class='ocr_carea' id='block_1_2' title="bbox 1439 306 2946 366">
    <p class='ocr_par' dir='ltr' id='par_1_2' title="bbox 1439 306 2946 366">
     <span class='ocr_line' id='line_1_2' title="bbox 1439 306 2946 366; baseline -0.005 -1"><span class='ocrx_word' id='word_1_2' title='bbox 1439 314 1493 365; x_wconf 79' lang='grc' dir='ltr'><strong>Β.</strong></span> <span class='ocrx_word' id='word_1_3' title='bbox 1538 314 1595 364; x_wconf 68' lang='grc' dir='ltr'><strong>ι’.</strong></span> <span class='ocrx_word' id='word_1_4' title='bbox 1636 310 1853 363; x_wconf 67' lang='lat' dir='ltr'><strong>Allile</strong></span> <span class='ocrx_word' id='word_1_5' title='bbox 1895 307 2021 362; x_wconf 64' lang='grc' dir='ltr'>δη</span> <span class='ocrx_word' id='word_1_6' title='bbox 2064 306 2331 358; x_wconf 62' lang='grc' dir='ltr'><strong>ΑιΑῑιιλι</strong></span> <span class='ocrx_word' id='word_1_7' title='bbox 2368 306 2643 360; x_wconf 65' lang='lat' dir='ltr'><strong>Ol’lilll&#39;.“</strong></span> <span class='ocrx_word' id='word_1_8' title='bbox 2683 307 2854 366; x_wconf 65' lang='lat' dir='ltr'><strong>l’AliS</strong></span> <span class='ocrx_word' id='word_1_9' title='bbox 2890 309 2946 362; x_wconf 81' lang='grc' dir='ltr'><strong>η.</strong></span> 
     </span>
    </p>
   </div>
   <div class='ocr_carea' id='block_1_3' title="bbox 3697 311 3799 365">
    <p class='ocr_par' dir='ltr' id='par_1_3' title="bbox 3697 311 3799 365">
     <span class='ocr_line' id='line_1_3' title="bbox 3697 311 3799 365; baseline -0.02 0"><span class='ocrx_word' id='word_1_10' title='bbox 3697 311 3799 365; x_wconf 67' lang='lat'><strong>988</strong></span> 
     </span>
    </p>
   </div>
   <div class='ocr_carea' id='block_1_4' title="bbox 617 415 3800 490">
    <p class='ocr_par' dir='ltr' id='par_1_4' title="bbox 617 415 3800 490">
     <span class='ocr_line' id='line_1_4' title="bbox 617 415 3800 490; baseline -0.002 -13"><span class='ocrx_word' id='word_1_11' title='bbox 617 439 736 477; x_wconf 74' lang='lat' dir='ltr'><strong>cum</strong></span> <span class='ocrx_word' id='word_1_12' title='bbox 765 431 905 476; x_wconf 83' lang='lat' dir='ltr'><strong>esset</strong></span> <span class='ocrx_word' id='word_1_13' title='bbox 927 422 1087 473; x_wconf 85' lang='lat' dir='ltr'><strong>etiam</strong></span> <span class='ocrx_word' id='word_1_14' title='bbox 1130 420 1238 487; x_wconf 80' lang='lat' dir='ltr'><strong>ipse</strong></span> <span class='ocrx_word' id='word_1_15' title='bbox 1267 431 1515 470; x_wconf 86' lang='lat' dir='ltr'><strong>numerus</strong></span> <span class='ocrx_word' id='word_1_16' title='bbox 1556 417 1927 480; x_wconf 75' lang='lat' dir='ltr'><strong>duodenarius,</strong></span> <span class='ocrx_word' id='word_1_17' title='bbox 1961 416 2013 466; x_wconf 92' lang='lat' dir='ltr'><strong>id</strong></span> <span class='ocrx_word' id='word_1_18' title='bbox 2052 423 2153 474; x_wconf 85' lang='lat' dir='ltr'><strong>est,</strong></span> <span class='ocrx_word' id='word_1_19' title='bbox 2186 418 2230 471; x_wconf 77' lang='grc' dir='ltr'><strong>Α</strong></span> <span class='ocrx_word' id='word_1_20' title='bbox 2259 424 2364 477; x_wconf 88' lang='lat' dir='ltr'><strong>tur,</strong></span> <span class='ocrx_word' id='word_1_21' title='bbox 2396 415 2523 467; x_wconf 88' lang='lat' dir='ltr'><strong>nihil</strong></span> <span class='ocrx_word' id='word_1_22' title='bbox 2552 432 2735 470; x_wconf 87' lang='lat' dir='ltr'><strong>eorum</strong></span> <span class='ocrx_word' id='word_1_23' title='bbox 2791 417 2890 469; x_wconf 89' lang='lat' dir='ltr'><strong>rite</strong></span> <span class='ocrx_word' id='word_1_24' title='bbox 2920 419 3209 489; x_wconf 84' lang='lat' dir='ltr'><strong>perﬁcitur.</strong></span> <span class='ocrx_word' id='word_1_25' title='bbox 3247 420 3518 483; x_wconf 81' lang='lat' dir='ltr'><strong>Quomodo</strong></span> <span class='ocrx_word' id='word_1_26' title='bbox 3542 436 3668 490; x_wconf 84' lang='lat' dir='ltr'><strong>ergo</strong></span> <span class='ocrx_word' id='word_1_27' title='bbox 3702 438 3800 490; x_wconf 83' lang='lat' dir='ltr'><strong>per</strong></span> 
     </span>
    </p>
   </div>
   <div class='ocr_carea' id='block_1_5' title="bbox 617 506 2156 593">
    <p class='ocr_par' dir='ltr' id='par_1_5' title="bbox 617 506 2156 593">
     <span class='ocr_line' id='line_1_5' title="bbox 617 506 2156 593; baseline -0.005 -32"><span class='ocrx_word' id='word_1_28' title='bbox 617 512 1029 581; x_wconf 75' lang='lat' dir='ltr'><strong>quadripartitus</strong></span> <span class='ocrx_word' id='word_1_29' title='bbox 1060 514 1108 561; x_wconf 93' lang='lat' dir='ltr'><strong>in</strong></span> <span class='ocrx_word' id='word_1_30' title='bbox 1148 520 1346 569; x_wconf 88' lang='lat' dir='ltr'><strong>ternos,</strong></span> <span class='ocrx_word' id='word_1_31' title='bbox 1391 517 1442 559; x_wconf 88' lang='lat' dir='ltr'><strong>et</strong></span> <span class='ocrx_word' id='word_1_32' title='bbox 1487 524 1670 593; x_wconf 34' lang='lat' dir='ltr'><strong>oni‘nes</strong></span> <span class='ocrx_word' id='word_1_33' title='bbox 1709 514 1886 559; x_wconf 88' lang='lat' dir='ltr'><strong>essent</strong></span> <span class='ocrx_word' id='word_1_34' title='bbox 1934 506 2156 556; x_wconf 84' lang='lat' dir='ltr'><strong>interro-</strong></span> 
     </span>
    </p>
   </div>
   <div class='ocr_carea' id='block_1_6' title="bbox 615 591 2157 666">
    <p class='ocr_par' dir='ltr' id='par_1_6' title="bbox 615 591 2157 666">
     <span class='ocr_line' id='line_1_6' title="bbox 615 591 2157 666; baseline -0.006 -15"><span class='ocrx_word' id='word_1_35' title='bbox 615 602 752 666; x_wconf 78' lang='lat' dir='ltr'><strong>gati,</strong></span> <span class='ocrx_word' id='word_1_36' title='bbox 793 600 933 652; x_wconf 84' lang='lat' dir='ltr'><strong>solus</strong></span> <span class='ocrx_word' id='word_1_37' title='bbox 972 598 1159 651; x_wconf 82' lang='lat' dir='ltr'><strong>Petrus</strong></span> <span class='ocrx_word' id='word_1_38' title='bbox 1182 597 1491 664; x_wconf 88' lang='lat' dir='ltr'><strong>respondit:</strong></span> <span class='ocrx_word' id='word_1_39' title='bbox 1530 591 1600 646; x_wconf 80' lang='lat' dir='ltr'><strong>Tu</strong></span> <span class='ocrx_word' id='word_1_40' title='bbox 1632 613 1683 646; x_wconf 76' lang='lat' dir='ltr'><strong>es</strong></span> <span class='ocrx_word' id='word_1_41' title='bbox 1727 594 1959 646; x_wconf 85' lang='lat' dir='ltr'><strong>Christus</strong></span> <span class='ocrx_word' id='word_1_42' title='bbox 1993 591 2157 644; x_wconf 71' lang='lat' dir='ltr'><strong>Filius</strong></span> 
     </span>
    </p>
   </div>
   <div class='ocr_carea' id='block_1_7' title="bbox 617 680 2159 749">
    <p class='ocr_par' dir='ltr' id='par_1_7' title="bbox 617 680 2159 749">
     <span class='ocr_line' id='line_1_7' title="bbox 617 680 2159 749; baseline -0.006 -10"><span class='ocrx_word' id='word_1_43' title='bbox 617 689 709 741; x_wconf 73' lang='grc' dir='ltr'><strong>1)(ιὶ</strong></span> <span class='ocrx_word' id='word_1_44' title='bbox 740 688 851 749; x_wconf 84' lang='lat' dir='ltr'><strong>riri,</strong></span> <span class='ocrx_word' id='word_1_45' title='bbox 878 698 930 739; x_wconf 87' lang='lat' dir='ltr'><strong>et</strong></span> <span class='ocrx_word' id='word_1_46' title='bbox 956 688 1003 740; x_wconf 83' lang='lat' dir='ltr'><strong>ei</strong></span> <span class='ocrx_word' id='word_1_47' title='bbox 1040 688 1233 740; x_wconf 84' lang='lat' dir='ltr'><strong>dieitur</strong></span> <span class='ocrx_word' id='word_1_48' title='bbox 1269 705 1280 736; x_wconf 86' lang='lat'><strong>:</strong></span> <span class='ocrx_word' id='word_1_49' title='bbox 1329 685 1437 736; x_wconf 81' lang='lat' dir='ltr'><strong>Tibi</strong></span> <span class='ocrx_word' id='word_1_50' title='bbox 1466 684 1598 736; x_wconf 73' lang='lat' dir='ltr'><strong>dabo</strong></span> <span class='ocrx_word' id='word_1_51' title='bbox 1633 684 1794 735; x_wconf 67' lang='lat' dir='ltr'><strong>claros</strong></span> <span class='ocrx_word' id='word_1_52' title='bbox 1834 683 1970 748; x_wconf 69' lang='lat' dir='ltr'><strong>regni</strong></span> <span class='ocrx_word' id='word_1_53' title='bbox 2010 680 2159 733; x_wconf 68' lang='lat' dir='ltr'><strong>ca&#39;lo-</strong></span> 
     </span>
    </p>
   </div>
   <div class='ocr_carea' id='block_1_8' title="bbox 615 768 2157 845">
    <p class='ocr_par' dir='ltr' id='par_1_8' title="bbox 615 768 2157 845">
     <span class='ocr_line' id='line_1_8' title="bbox 615 768 2157 845; baseline -0.006 -16"><span class='ocrx_word' id='word_1_54' title='bbox 615 796 726 830; x_wconf 87' lang='lat' dir='ltr'><strong>rum</strong></span> <span class='ocrx_word' id='word_1_55' title='bbox 759 777 969 845; x_wconf 80' lang='lat' dir='ltr'><strong>(.llutth.</strong></span> <span class='ocrx_word' id='word_1_56' title='bbox 1008 793 1113 835; x_wconf 68' lang='lat' dir='ltr'><strong>xu,</strong></span> <span class='ocrx_word' id='word_1_57' title='bbox 1162 776 1241 836; x_wconf 81' lang='lat' dir='ltr'><strong>lli,</strong></span> <span class='ocrx_word' id='word_1_58' title='bbox 1280 776 1391 839; x_wconf 82' lang='lat'><strong>19);</strong></span> <span class='ocrx_word' id='word_1_59' title='bbox 1431 784 1681 840; x_wconf 83' lang='lat' dir='ltr'><strong>tanquam</strong></span> <span class='ocrx_word' id='word_1_60' title='bbox 1727 770 1921 838; x_wconf 76' lang='lat' dir='ltr'><strong>ligandi</strong></span> <span class='ocrx_word' id='word_1_61' title='bbox 1965 778 2019 821; x_wconf 88' lang='lat' dir='ltr'><strong>et</strong></span> <span class='ocrx_word' id='word_1_62' title='bbox 2055 768 2157 821; x_wconf 88' lang='lat' dir='ltr'><strong>sol-</strong></span> 
     </span>
    </p>
   </div>
   <div class='ocr_carea' id='block_1_9' title="bbox 611 858 2151 931">
    <p class='ocr_par' dir='ltr' id='par_1_9' title="bbox 611 858 2151 931">
     <span class='ocr_line' id='line_1_9' title="bbox 611 858 2151 931; baseline -0.008 -12"><span class='ocrx_word' id='word_1_63' title='bbox 611 869 764 920; x_wconf 69' lang='lat' dir='ltr'><strong>vendi</strong></span> <span class='ocrx_word' id='word_1_64' title='bbox 794 866 936 919; x_wconf 82' lang='lat' dir='ltr'><strong>solus</strong></span> <span class='ocrx_word' id='word_1_65' title='bbox 967 866 1229 930; x_wconf 72' lang='lat' dir='ltr'><strong>arriperet</strong></span> <span class='ocrx_word' id='word_1_66' title='bbox 1272 862 1421 931; x_wconf 57' lang='lat' dir='ltr'><strong>(51s.,</strong></span> <span class='ocrx_word' id='word_1_67' title='bbox 1468 858 1754 926; x_wconf 63' lang='lat' dir='ltr'><strong>ari-etwritJ</strong></span> <span class='ocrx_word' id='word_1_68' title='bbox 1800 865 2151 924; x_wconf 86' lang='lat' dir='ltr'><strong>potestatem:</strong></span> 
     </span>
    </p>
   </div>
   <div class='ocr_carea' id='block_1_10' title="bbox 612 945 2157 1017">
    <p class='ocr_par' dir='ltr' id='par_1_10' title="bbox 612 945 2157 1017">
     <span class='ocr_line' id='line_1_10' title="bbox 612 945 2157 1017; baseline -0.008 -10"><span class='ocrx_word' id='word_1_69' title='bbox 612 970 730 1007; x_wconf 89' lang='lat' dir='ltr'><strong>cum</strong></span> <span class='ocrx_word' id='word_1_70' title='bbox 787 964 836 1005; x_wconf 92' lang='lat' dir='ltr'><strong>ct</strong></span> <span class='ocrx_word' id='word_1_71' title='bbox 891 951 1019 1005; x_wconf 90' lang='lat' dir='ltr'><strong>illud</strong></span> <span class='ocrx_word' id='word_1_72' title='bbox 1076 966 1210 1003; x_wconf 86' lang='lat' dir='ltr'><strong>unus</strong></span> <span class='ocrx_word' id='word_1_73' title='bbox 1251 966 1345 1017; x_wconf 90' lang='lat' dir='ltr'><strong>pro</strong></span> <span class='ocrx_word' id='word_1_74' title='bbox 1391 949 1636 1001; x_wconf 84' lang='lat' dir='ltr'><strong>omnibus</strong></span> <span class='ocrx_word' id='word_1_75' title='bbox 1665 947 1899 1007; x_wconf 74' lang='lat' dir='ltr'><strong>dixerit,</strong></span> <span class='ocrx_word' id='word_1_76' title='bbox 1954 954 2007 998; x_wconf 89' lang='lat' dir='ltr'><strong>et</strong></span> <span class='ocrx_word' id='word_1_77' title='bbox 2057 945 2157 997; x_wconf 90' lang='lat' dir='ltr'><strong>hoc</strong></span> 
     </span>
    </p>
   </div>
   <div class='ocr_carea' id='block_1_11' title="bbox 610 1035 2154 1108">
    <p class='ocr_par' dir='ltr' id='par_1_11' title="bbox 610 1035 2154 1108">
     <span class='ocr_line' id='line_1_11' title="bbox 610 1035 2154 1108; baseline -0.009 -9"><span class='ocrx_word' id='word_1_78' title='bbox 610 1063 728 1099; x_wconf 80' lang='lat' dir='ltr'><strong>cum</strong></span> <span class='ocrx_word' id='word_1_79' title='bbox 790 1046 1034 1097; x_wconf 74' lang='lat' dir='ltr'><strong>oninilius</strong></span> <span class='ocrx_word' id='word_1_80' title='bbox 1095 1052 1343 1108; x_wconf 78' lang='lat' dir='ltr'><strong>tanquam</strong></span> <span class='ocrx_word' id='word_1_81' title='bbox 1405 1054 1684 1105; x_wconf 87' lang='lat' dir='ltr'><strong>personam</strong></span> <span class='ocrx_word' id='word_1_82' title='bbox 1742 1052 1932 1104; x_wconf 88' lang='lat' dir='ltr'><strong>gerens</strong></span> <span class='ocrx_word' id='word_1_83' title='bbox 1992 1035 2154 1102; x_wconf 85' lang='lat' dir='ltr'><strong>ipsius</strong></span> 
     </span>
    </p>
   </div>
   <div class='ocr_carea' id='block_1_12' title="bbox 610 1124 2152 1197">
    <p class='ocr_par' dir='ltr' id='par_1_12' title="bbox 610 1124 2152 1197">
     <span class='ocr_line' id='line_1_12' title="bbox 610 1124 2152 1197; baseline -0.007 -12"><span class='ocrx_word' id='word_1_84' title='bbox 610 1135 824 1186; x_wconf 74' lang='lat' dir='ltr'><strong>unitatis</strong></span> <span class='ocrx_word' id='word_1_85' title='bbox 884 1132 1183 1197; x_wconf 70' lang='lat' dir='ltr'><strong>acceperit;</strong></span> <span class='ocrx_word' id='word_1_86' title='bbox 1239 1130 1354 1181; x_wconf 91' lang='lat' dir='ltr'><strong>ideo</strong></span> <span class='ocrx_word' id='word_1_87' title='bbox 1408 1144 1542 1180; x_wconf 79' lang='lat' dir='ltr'><strong>unus</strong></span> <span class='ocrx_word' id='word_1_88' title='bbox 1595 1143 1690 1194; x_wconf 89' lang='lat' dir='ltr'><strong>pro</strong></span> <span class='ocrx_word' id='word_1_89' title='bbox 1725 1127 1992 1187; x_wconf 87' lang='lat' dir='ltr'><strong>omnibus,</strong></span> <span class='ocrx_word' id='word_1_90' title='bbox 2030 1124 2152 1190; x_wconf 89' lang='lat' dir='ltr'><strong>quia</strong></span> 
     </span>
    </p>
   </div>
   <div class='ocr_carea' id='block_1_13' title="bbox 608 1214 2153 1277">
    <p class='ocr_par' dir='ltr' id='par_1_13' title="bbox 608 1214 2153 1277">
     <span class='ocr_line' id='line_1_13' title="bbox 608 1214 2153 1277; baseline -0.006 -3"><span class='ocrx_word' id='word_1_91' title='bbox 608 1226 782 1277; x_wconf 84' lang='lat' dir='ltr'><strong>tmitas</strong></span> <span class='ocrx_word' id='word_1_92' title='bbox 827 1233 906 1275; x_wconf 89' lang='lat' dir='ltr'><strong>est</strong></span> <span class='ocrx_word' id='word_1_93' title='bbox 959 1224 1008 1276; x_wconf 93' lang='lat' dir='ltr'><strong>in</strong></span> <span class='ocrx_word' id='word_1_94' title='bbox 1057 1221 1320 1276; x_wconf 88' lang='lat' dir='ltr'><strong>onmibns.</strong></span> <span class='ocrx_word' id='word_1_95' title='bbox 1377 1218 1522 1272; x_wconf 72' lang='lat' dir='ltr'><strong>[nde</strong></span> <span class='ocrx_word' id='word_1_96' title='bbox 1565 1226 1618 1270; x_wconf 91' lang='lat' dir='ltr'><strong>et</strong></span> <span class='ocrx_word' id='word_1_97' title='bbox 1673 1217 1758 1269; x_wconf 85' lang='lat' dir='ltr'><strong>hic</strong></span> <span class='ocrx_word' id='word_1_98' title='bbox 1818 1231 1938 1269; x_wconf 91' lang='lat' dir='ltr'><strong>cum</strong></span> <span class='ocrx_word' id='word_1_99' title='bbox 1991 1214 2153 1267; x_wconf 75' lang='lat' dir='ltr'><strong>dixis-</strong></span> 
     </span>
    </p>
   </div>
   <div class='ocr_carea' id='block_1_14' title="bbox 550 1296 2152 1381">
    <p class='ocr_par' dir='ltr' id='par_1_14' title="bbox 550 1296 2152 1381">
     <span class='ocr_line' id='line_1_14' title="bbox 550 1296 2152 1381; baseline -0.007 -15"><span class='ocrx_word' id='word_1_100' title='bbox 550 1296 553 1297; x_wconf 11' lang='grc' dir='ltr'><em>ν</em></span> <span class='ocrx_word' id='word_1_101' title='bbox 606 1323 718 1375; x_wconf 84' lang='lat' dir='ltr'><strong>set,</strong></span> <span class='ocrx_word' id='word_1_102' title='bbox 772 1312 985 1381; x_wconf 68' lang='lat' dir='ltr'><strong>desuper</strong></span> <span class='ocrx_word' id='word_1_103' title='bbox 1034 1318 1289 1368; x_wconf 74' lang='lat' dir='ltr'><strong>contexta,</strong></span> <span class='ocrx_word' id='word_1_104' title='bbox 1341 1307 1562 1368; x_wconf 80' lang='lat' dir='ltr'><strong>addidit,</strong></span> <span class='ocrx_word' id='word_1_105' title='bbox 1628 1312 1717 1373; x_wconf 81' lang='lat' dir='ltr'><strong>per</strong></span> <span class='ocrx_word' id='word_1_106' title='bbox 1768 1314 1949 1355; x_wconf 90' lang='lat' dir='ltr'><strong>totum.</strong></span> <span class='ocrx_word' id='word_1_107' title='bbox 2002 1301 2152 1366; x_wconf 86' lang='lat' dir='ltr'><strong>Quod</strong></span> 
     </span>
    </p>
   </div>
   <div class='ocr_carea' id='block_1_15' title="bbox 606 1392 2151 1465">
    <p class='ocr_par' dir='ltr' id='par_1_15' title="bbox 606 1392 2151 1465">
     <span class='ocr_line' id='line_1_15' title="bbox 606 1392 2151 1465; baseline -0.007 -11"><span class='ocrx_word' id='word_1_108' title='bbox 606 1403 648 1454; x_wconf 84' lang='lat' dir='ltr'><strong>si</strong></span> <span class='ocrx_word' id='word_1_109' title='bbox 688 1401 979 1454; x_wconf 85' lang='lat' dir='ltr'><strong>referamus</strong></span> <span class='ocrx_word' id='word_1_110' title='bbox 1022 1400 1087 1451; x_wconf 91' lang='lat' dir='ltr'><strong>ad</strong></span> <span class='ocrx_word' id='word_1_111' title='bbox 1120 1399 1172 1452; x_wconf 93' lang='lat' dir='ltr'><strong>id</strong></span> <span class='ocrx_word' id='word_1_112' title='bbox 1216 1398 1355 1465; x_wconf 86' lang='lat' dir='ltr'><strong>quod</strong></span> <span class='ocrx_word' id='word_1_113' title='bbox 1392 1395 1675 1465; x_wconf 75' lang='lat' dir='ltr'><strong>signiﬁcat,</strong></span> <span class='ocrx_word' id='word_1_114' title='bbox 1721 1409 1874 1447; x_wconf 91' lang='lat' dir='ltr'><strong>nemo</strong></span> <span class='ocrx_word' id='word_1_115' title='bbox 1909 1401 1990 1447; x_wconf 89' lang='lat' dir='ltr'><strong>est</strong></span> <span class='ocrx_word' id='word_1_116' title='bbox 2037 1392 2151 1458; x_wconf 87' lang='lat' dir='ltr'><strong>ejus</strong></span> 
     </span>
    </p>
   </div>
   <div class='ocr_carea' id='block_1_16' title="bbox 605 1485 2149 1557">
    <p class='ocr_par' dir='ltr' id='par_1_16' title="bbox 605 1485 2149 1557">
     <span class='ocr_line' id='line_1_16' title="bbox 605 1485 2149 1557; baseline -0.003 -18"><span class='ocrx_word' id='word_1_117' title='bbox 605 1504 821 1557; x_wconf 71' lang='lat' dir='ltr'><strong>expers,</strong></span> <span class='ocrx_word' id='word_1_118' title='bbox 853 1489 943 1557; x_wconf 89' lang='lat' dir='ltr'><strong>qui</strong></span> <span class='ocrx_word' id='word_1_119' title='bbox 989 1488 1252 1555; x_wconf 88' lang='lat' dir='ltr'><strong>pertinere</strong></span> <span class='ocrx_word' id='word_1_120' title='bbox 1296 1486 1593 1538; x_wconf 83' lang='lat' dir='ltr'><strong>inveniatur</strong></span> <span class='ocrx_word' id='word_1_121' title='bbox 1622 1485 1687 1536; x_wconf 89' lang='lat' dir='ltr'><strong>ad</strong></span> <span class='ocrx_word' id='word_1_122' title='bbox 1737 1490 1907 1534; x_wconf 91' lang='lat' dir='ltr'><strong>totum</strong></span> <span class='ocrx_word' id='word_1_123' title='bbox 1941 1500 1951 1531; x_wconf 90' lang='lat'>:</span> <span class='ocrx_word' id='word_1_124' title='bbox 1986 1496 2015 1532; x_wconf 88' lang='lat' dir='ltr'><strong>a</strong></span> <span class='ocrx_word' id='word_1_125' title='bbox 2045 1496 2149 1547; x_wconf 86' lang='lat' dir='ltr'><strong>quo</strong></span> 
     </span>
    </p>
   </div>
   <div class='ocr_carea' id='block_1_17' title="bbox 604 1572 2147 1641">
    <p class='ocr_par' dir='ltr' id='par_1_17' title="bbox 604 1572 2147 1641">
     <span class='ocr_line' id='line_1_17' title="bbox 604 1572 2147 1641; baseline -0.006 -11"><span class='ocrx_word' id='word_1_126' title='bbox 604 1587 730 1635; x_wconf 89' lang='lat' dir='ltr'><strong>toto.</strong></span> <span class='ocrx_word' id='word_1_127' title='bbox 765 1580 899 1629; x_wconf 82' lang='lat' dir='ltr'><strong>Sit&#39;ttl.</strong></span> <span class='ocrx_word' id='word_1_128' title='bbox 947 1572 1132 1629; x_wconf 61' lang='lat' dir='ltr'><strong>Caeca</strong></span> <span class='ocrx_word' id='word_1_129' title='bbox 1177 1576 1373 1628; x_wconf 84' lang='lat' dir='ltr'><strong>indicat</strong></span> <span class='ocrx_word' id='word_1_130' title='bbox 1420 1574 1626 1641; x_wconf 73' lang='lat' dir='ltr'><strong>lingua,</strong></span> <span class='ocrx_word' id='word_1_131' title='bbox 1670 1572 1940 1625; x_wconf 78' lang='lat' dir='ltr'><strong>Catholica</strong></span> <span class='ocrx_word' id='word_1_132' title='bbox 1992 1585 2147 1623; x_wconf 81' lang='lat' dir='ltr'><strong>voca-</strong></span> 
     </span>
    </p>
   </div>
   <div class='ocr_carea' id='block_1_18' title="bbox 606 1648 2153 1729">
    <p class='ocr_par' dir='ltr' id='par_1_18' title="bbox 606 1648 2153 1729">
     <span class='ocr_line' id='line_1_18' title="bbox 606 1648 2153 1729; baseline -0.003 -13"><span class='ocrx_word' id='word_1_133' title='bbox 606 1675 689 1717; x_wconf 92' lang='lat' dir='ltr'><strong>tur</strong></span> <span class='ocrx_word' id='word_1_134' title='bbox 722 1663 970 1717; x_wconf 79' lang='lat' dir='ltr'><strong>Erclesia.</strong></span> <span class='ocrx_word' id='word_1_135' title='bbox 1020 1664 1074 1717; x_wconf 91' lang='lat' dir='ltr'><strong>ln</strong></span> <span class='ocrx_word' id='word_1_136' title='bbox 1126 1673 1267 1716; x_wconf 88' lang='lat' dir='ltr'><strong>sorte</strong></span> <span class='ocrx_word' id='word_1_137' title='bbox 1305 1671 1480 1714; x_wconf 82' lang='lat' dir='ltr'><strong>autent</strong></span> <span class='ocrx_word' id='word_1_138' title='bbox 1510 1660 1669 1729; x_wconf 92' lang='lat' dir='ltr'><strong>quid,</strong></span> <span class='ocrx_word' id='word_1_139' title='bbox 1708 1661 1809 1713; x_wconf 90' lang='lat' dir='ltr'><strong>nisi</strong></span> <span class='ocrx_word' id='word_1_140' title='bbox 1855 1660 1946 1713; x_wconf 88' lang='lat' dir='ltr'><strong>Dei</strong></span> <span class='ocrx_word' id='word_1_141' title='bbox 1975 1648 2153 1728; x_wconf 78' lang='lat' dir='ltr'><strong>gratia</strong></span> 
     </span>
    </p>
   </div>
   <div class='ocr_carea' id='block_1_19' title="bbox 2260 490 3799 581">
    <p class='ocr_par' dir='ltr' id='par_1_19' title="bbox 2260 490 3799 581">
     <span class='ocr_line' id='line_1_19' title="bbox 2260 490 3799 581; baseline 0.006 -26"><span class='ocrx_word' id='word_1_142' title='bbox 2260 504 2311 556; x_wconf 90' lang='lat' dir='ltr'><strong>id</strong></span> <span class='ocrx_word' id='word_1_143' title='bbox 2340 490 2478 571; x_wconf 82' lang='lat' dir='ltr'><strong>quod</strong></span> <span class='ocrx_word' id='word_1_144' title='bbox 2510 508 2629 559; x_wconf 88' lang='lat' dir='ltr'><strong>mali</strong></span> <span class='ocrx_word' id='word_1_145' title='bbox 2652 507 2870 567; x_wconf 81' lang='lat' dir='ltr'><strong>faciunt,</strong></span> <span class='ocrx_word' id='word_1_146' title='bbox 2903 507 3033 559; x_wconf 89' lang='lat' dir='ltr'><strong>nihil</strong></span> <span class='ocrx_word' id='word_1_147' title='bbox 3065 508 3186 559; x_wconf 82' lang='lat' dir='ltr'><strong>boni</strong></span> <span class='ocrx_word' id='word_1_148' title='bbox 3217 508 3567 581; x_wconf 86' lang='lat' dir='ltr'><strong>signiﬁcatur,</strong></span> <span class='ocrx_word' id='word_1_149' title='bbox 3588 511 3799 576; x_wconf 79' lang='lat' dir='ltr'><strong>quando</strong></span> 
     </span>
    </p>
   </div>
   <div class='ocr_carea' id='block_1_20' title="bbox 2255 594 3797 661">
    <p class='ocr_par' dir='ltr' id='par_1_20' title="bbox 2255 594 3797 661">
     <span class='ocr_line' id='line_1_20' title="bbox 2255 594 3797 661; baseline 0.006 -19"><span class='ocrx_word' id='word_1_150' title='bbox 2255 607 2351 658; x_wconf 89' lang='lat' dir='ltr'><strong>per</strong></span> <span class='ocrx_word' id='word_1_151' title='bbox 2372 608 2582 645; x_wconf 75' lang='lat' dir='ltr'><strong>crotem</strong></span> <span class='ocrx_word' id='word_1_152' title='bbox 2605 594 2799 646; x_wconf 71' lang='lat' dir='ltr'><strong>Christi</strong></span> <span class='ocrx_word' id='word_1_153' title='bbox 2826 609 2984 661; x_wconf 88' lang='lat' dir='ltr'><strong>quam</strong></span> <span class='ocrx_word' id='word_1_154' title='bbox 3013 595 3249 646; x_wconf 86' lang='lat' dir='ltr'><strong>fecerunt</strong></span> <span class='ocrx_word' id='word_1_155' title='bbox 3278 594 3401 647; x_wconf 80' lang='lat' dir='ltr'><strong>mali</strong></span> <span class='ocrx_word' id='word_1_156' title='bbox 3421 635 3434 657; x_wconf 91' lang='lat'><strong>,</strong></span> <span class='ocrx_word' id='word_1_157' title='bbox 3466 597 3519 648; x_wconf 88' lang='lat' dir='ltr'><strong>in</strong></span> <span class='ocrx_word' id='word_1_158' title='bbox 3558 597 3797 651; x_wconf 78' lang='lat' dir='ltr'><strong>celebra-</strong></span> 
     </span>
    </p>
   </div>
   <div class='ocr_carea' id='block_1_21' title="bbox 2258 680 3793 750">
    <p class='ocr_par' dir='ltr' id='par_1_21' title="bbox 2258 680 3793 750">
     <span class='ocr_line' id='line_1_21' title="bbox 2258 680 3793 750; baseline 0.005 -20"><span class='ocrx_word' id='word_1_159' title='bbox 2258 680 2395 731; x_wconf 88' lang='lat' dir='ltr'><strong>tione</strong></span> <span class='ocrx_word' id='word_1_160' title='bbox 2443 688 2893 733; x_wconf 86' lang='lat' dir='ltr'><strong>sacramentorum</strong></span> <span class='ocrx_word' id='word_1_161' title='bbox 2937 680 3052 750; x_wconf 85' lang='lat' dir='ltr'><strong>ejus</strong></span> <span class='ocrx_word' id='word_1_162' title='bbox 3100 683 3294 738; x_wconf 86' lang='lat' dir='ltr'><strong>bonum</strong></span> <span class='ocrx_word' id='word_1_163' title='bbox 3335 683 3488 736; x_wconf 89' lang='lat' dir='ltr'><strong>nobis</strong></span> <span class='ocrx_word' id='word_1_164' title='bbox 3524 699 3680 738; x_wconf 88' lang='lat' dir='ltr'><strong>omne</strong></span> <span class='ocrx_word' id='word_1_165' title='bbox 3717 686 3793 738; x_wconf 85' lang='lat' dir='ltr'><strong>si-</strong></span> 
     </span>
    </p>
   </div>
   <div class='ocr_carea' id='block_1_22' title="bbox 2255 773 2538 837">
    <p class='ocr_par' dir='ltr' id='par_1_22' title="bbox 2255 773 2538 837">
     <span class='ocr_line' id='line_1_22' title="bbox 2255 773 2538 837; baseline 0.007 -18"><span class='ocrx_word' id='word_1_166' title='bbox 2255 773 2475 837; x_wconf 82' lang='lat' dir='ltr'><strong>gnatur?</strong></span> <span class='ocrx_word' id='word_1_167' title='bbox 2520 791 2538 821; x_wconf 73' lang='grc' dir='ltr'><strong><em>ο</em></strong></span> 
     </span>
    </p>
   </div>
   <div class='ocr_carea' id='block_1_23' title="bbox 2328 858 3791 928">
    <p class='ocr_par' dir='ltr' id='par_1_23' title="bbox 2328 858 3791 928">
     <span class='ocr_line' id='line_1_23' title="bbox 2328 858 3791 928; baseline 0.007 -21"><span class='ocrx_word' id='word_1_168' title='bbox 2328 877 2346 907; x_wconf 75' lang='grc' dir='ltr'>ι</span> <span class='ocrx_word' id='word_1_169' title='bbox 2384 871 2409 897; x_wconf 74' lang='grc' dir='ltr'>ι</span> <span class='ocrx_word' id='word_1_170' title='bbox 2447 858 2711 912; x_wconf 72' lang='lat' dir='ltr'><strong>Cruritixo</strong></span> <span class='ocrx_word' id='word_1_171' title='bbox 2731 859 2971 921; x_wconf 87' lang='lat' dir='ltr'><strong>Domino,</strong></span> <span class='ocrx_word' id='word_1_172' title='bbox 2998 870 3274 928; x_wconf 83' lang='lat' dir='ltr'><strong>pestquam</strong></span> <span class='ocrx_word' id='word_1_173' title='bbox 3299 860 3487 916; x_wconf 75' lang='lat' dir='ltr'><strong>divisio</strong></span> <span class='ocrx_word' id='word_1_174' title='bbox 3508 864 3791 917; x_wconf 78' lang='lat' dir='ltr'><strong>vestimen-</strong></span> 
     </span>
    </p>
   </div>
   <div class='ocr_carea' id='block_1_24' title="bbox 2256 948 3796 1022">
    <p class='ocr_par' dir='ltr' id='par_1_24' title="bbox 2256 948 3796 1022">
     <span class='ocr_line' id='line_1_24' title="bbox 2256 948 3796 1022; baseline 0.006 -22"><span class='ocrx_word' id='word_1_175' title='bbox 2256 958 2427 1000; x_wconf 81' lang='lat' dir='ltr'><strong>torum</strong></span> <span class='ocrx_word' id='word_1_176' title='bbox 2473 948 2585 1016; x_wconf 79' lang='lat' dir='ltr'><strong>i-jus</strong></span> <span class='ocrx_word' id='word_1_177' title='bbox 2631 950 2791 1002; x_wconf 86' lang='lat' dir='ltr'><strong>etiam</strong></span> <span class='ocrx_word' id='word_1_178' title='bbox 2831 951 2991 1004; x_wconf 88' lang='lat' dir='ltr'><strong>missa</strong></span> <span class='ocrx_word' id='word_1_179' title='bbox 3045 961 3185 1004; x_wconf 87' lang='lat' dir='ltr'><strong>sorte</strong></span> <span class='ocrx_word' id='word_1_180' title='bbox 3229 952 3486 1020; x_wconf 87' lang='lat' dir='ltr'><strong>completa</strong></span> <span class='ocrx_word' id='word_1_181' title='bbox 3535 963 3796 1022; x_wconf 61' lang='lat' dir='ltr'><strong>est,qua</strong></span> 
     </span>
    </p>
   </div>
   <div class='ocr_carea' id='block_1_25' title="bbox 2253 1036 3797 1111">
    <p class='ocr_par' dir='ltr' id='par_1_25' title="bbox 2253 1036 3797 1111">
     <span class='ocr_line' id='line_1_25' title="bbox 2253 1036 3797 1111; baseline 0.005 -25"><span class='ocrx_word' id='word_1_182' title='bbox 2253 1036 2439 1087; x_wconf 81' lang='lat' dir='ltr'><strong>deinde</strong></span> <span class='ocrx_word' id='word_1_183' title='bbox 2471 1048 2649 1088; x_wconf 88' lang='lat' dir='ltr'><strong>narret</strong></span> <span class='ocrx_word' id='word_1_184' title='bbox 2677 1036 2905 1090; x_wconf 81' lang='lat' dir='ltr'><strong>Joannes</strong></span> <span class='ocrx_word' id='word_1_185' title='bbox 2930 1040 3269 1105; x_wconf 76' lang='lat' dir='ltr'><strong>evangelista,</strong></span> <span class='ocrx_word' id='word_1_186' title='bbox 3291 1041 3582 1095; x_wconf 80' lang='lat' dir='ltr'><strong>videamus.</strong></span> <span class='ocrx_word' id='word_1_187' title='bbox 3608 1042 3797 1111; x_wconf 71' lang='lat' dir='ltr'><strong>(Vsus.</strong></span> 
     </span>
    </p>
   </div>
   <div class='ocr_carea' id='block_1_26' title="bbox 2249 1122 3794 1194">
    <p class='ocr_par' dir='ltr' id='par_1_26' title="bbox 2249 1122 3794 1194">
     <span class='ocr_line' id='line_1_26' title="bbox 2249 1122 3794 1194; baseline 0.005 -20"><span class='ocrx_word' id='word_1_188' title='bbox 2249 1122 2432 1190; x_wconf 66' lang='lat'><strong>25-27)</strong></span> <span class='ocrx_word' id='word_1_189' title='bbox 2475 1122 2539 1173; x_wconf 77' lang='lat' dir='ltr'><strong>Et</strong></span> <span class='ocrx_word' id='word_1_190' title='bbox 2584 1123 2769 1176; x_wconf 77' lang='lat' dir='ltr'><strong>milites</strong></span> <span class='ocrx_word' id='word_1_191' title='bbox 2794 1126 2997 1192; x_wconf 85' lang='lat' dir='ltr'><strong>quidem</strong></span> <span class='ocrx_word' id='word_1_192' title='bbox 3033 1127 3141 1179; x_wconf 77' lang='lat' dir='ltr'><strong>ha&#39;c</strong></span> <span class='ocrx_word' id='word_1_193' title='bbox 3166 1127 3413 1194; x_wconf 75' lang='lat' dir='ltr'><strong>fecerunt.</strong></span> <span class='ocrx_word' id='word_1_194' title='bbox 3446 1128 3664 1183; x_wconf 80' lang='lat' dir='ltr'><strong>Stabant</strong></span> <span class='ocrx_word' id='word_1_195' title='bbox 3694 1148 3794 1182; x_wconf 79' lang='lat' dir='ltr'><strong>au-</strong></span> 
     </span>
    </p>
   </div>
   <div class='ocr_carea' id='block_1_27' title="bbox 2231 1206 3796 1285">
    <p class='ocr_par' dir='ltr' id='par_1_27' title="bbox 2231 1206 3796 1285">
     <span class='ocr_line' id='line_1_27' title="bbox 2231 1206 3796 1285; baseline 0.008 -24"><span class='ocrx_word' id='word_1_196' title='bbox 2231 1206 2350 1262; x_wconf 44' lang='lat' dir='ltr'><strong>‘tem</strong></span> <span class='ocrx_word' id='word_1_197' title='bbox 2380 1213 2537 1279; x_wconf 74' lang='lat' dir='ltr'><strong>juxta</strong></span> <span class='ocrx_word' id='word_1_198' title='bbox 2588 1230 2787 1267; x_wconf 73' lang='lat' dir='ltr'><strong>crucem</strong></span> <span class='ocrx_word' id='word_1_199' title='bbox 2831 1214 2957 1267; x_wconf 82' lang='lat' dir='ltr'><strong>Jesu</strong></span> <span class='ocrx_word' id='word_1_200' title='bbox 3005 1227 3169 1269; x_wconf 82' lang='lat' dir='ltr'><strong>mater</strong></span> <span class='ocrx_word' id='word_1_201' title='bbox 3210 1219 3357 1285; x_wconf 81' lang='lat' dir='ltr'><strong>ejus,</strong></span> <span class='ocrx_word' id='word_1_202' title='bbox 3390 1230 3436 1272; x_wconf 87' lang='lat' dir='ltr'><strong>et</strong></span> <span class='ocrx_word' id='word_1_203' title='bbox 3490 1234 3638 1272; x_wconf 83' lang='lat' dir='ltr'><strong>soror</strong></span> <span class='ocrx_word' id='word_1_204' title='bbox 3686 1237 3796 1272; x_wconf 80' lang='lat' dir='ltr'><strong>ata-</strong></span> 
     </span>
    </p>
   </div>
   <div class='ocr_carea' id='block_1_28' title="bbox 2248 1293 3801 1377">
    <p class='ocr_par' dir='ltr' id='par_1_28' title="bbox 2248 1293 3801 1377">
     <span class='ocr_line' id='line_1_28' title="bbox 2248 1293 3801 1377; baseline 0.006 -28"><span class='ocrx_word' id='word_1_205' title='bbox 2248 1300 2341 1351; x_wconf 84' lang='lat' dir='ltr'><strong>tris</strong></span> <span class='ocrx_word' id='word_1_206' title='bbox 2376 1302 2489 1367; x_wconf 67' lang='lat' dir='ltr'><strong>ejus</strong></span> <span class='ocrx_word' id='word_1_207' title='bbox 2538 1299 2707 1353; x_wconf 71' lang='lat' dir='ltr'><strong>Maria</strong></span> <span class='ocrx_word' id='word_1_208' title='bbox 2736 1301 2972 1377; x_wconf 55' lang='lat' dir='ltr'><strong>Cleophis</strong></span> <span class='ocrx_word' id='word_1_209' title='bbox 3015 1293 3061 1355; x_wconf 74' lang='lat' dir='ltr'><strong>et</strong></span> <span class='ocrx_word' id='word_1_210' title='bbox 3109 1303 3279 1357; x_wconf 74' lang='grc' dir='ltr'><em>Μανία</em></span> <span class='ocrx_word' id='word_1_211' title='bbox 3312 1304 3635 1373; x_wconf 80' lang='lat' dir='ltr'><strong>Magdaleue.</strong></span> <span class='ocrx_word' id='word_1_212' title='bbox 3666 1306 3801 1359; x_wconf 73' lang='lat' dir='ltr'><strong>Cum</strong></span> 
     </span>
    </p>
   </div>
   <div class='ocr_carea' id='block_1_29' title="bbox 2250 1388 3791 1461">
    <p class='ocr_par' dir='ltr' id='par_1_29' title="bbox 2250 1388 3791 1461">
     <span class='ocr_line' id='line_1_29' title="bbox 2250 1388 3791 1461; baseline 0.005 -21"><span class='ocrx_word' id='word_1_213' title='bbox 2250 1388 2451 1441; x_wconf 82' lang='lat' dir='ltr'><strong>ridisset</strong></span> <span class='ocrx_word' id='word_1_214' title='bbox 2518 1406 2636 1457; x_wconf 81' lang='lat' dir='ltr'><strong>ergo</strong></span> <span class='ocrx_word' id='word_1_215' title='bbox 2695 1388 2848 1442; x_wconf 73' lang='lat' dir='ltr'><strong>Jesus</strong></span> <span class='ocrx_word' id='word_1_216' title='bbox 2903 1401 3117 1443; x_wconf 88' lang='lat' dir='ltr'><strong>matrem</strong></span> <span class='ocrx_word' id='word_1_217' title='bbox 3181 1403 3227 1444; x_wconf 88' lang='lat' dir='ltr'><strong>et</strong></span> <span class='ocrx_word' id='word_1_218' title='bbox 3282 1392 3591 1461; x_wconf 82' lang='lat' dir='ltr'><strong>discipulum</strong></span> <span class='ocrx_word' id='word_1_219' title='bbox 3644 1406 3791 1448; x_wconf 81' lang='lat' dir='ltr'><strong>stau-</strong></span> 
     </span>
    </p>
   </div>
   <div class='ocr_carea' id='block_1_30' title="bbox 2248 1477 3793 1547">
    <p class='ocr_par' dir='ltr' id='par_1_30' title="bbox 2248 1477 3793 1547">
     <span class='ocr_line' id='line_1_30' title="bbox 2248 1477 3793 1547; baseline 0.005 -19"><span class='ocrx_word' id='word_1_220' title='bbox 2248 1487 2375 1541; x_wconf 81' lang='lat' dir='ltr'><strong>teut,</strong></span> <span class='ocrx_word' id='word_1_221' title='bbox 2422 1494 2567 1545; x_wconf 86' lang='lat' dir='ltr'><strong>quem</strong></span> <span class='ocrx_word' id='word_1_222' title='bbox 2631 1477 2910 1547; x_wconf 81' lang='lat' dir='ltr'><strong>diligebat,</strong></span> <span class='ocrx_word' id='word_1_223' title='bbox 2966 1480 3090 1532; x_wconf 81' lang='lat' dir='ltr'><strong>dicit</strong></span> <span class='ocrx_word' id='word_1_224' title='bbox 3154 1482 3307 1533; x_wconf 84' lang='lat' dir='ltr'><strong>matri</strong></span> <span class='ocrx_word' id='word_1_225' title='bbox 3358 1497 3467 1535; x_wconf 69' lang='lat' dir='ltr'><strong>suae</strong></span> <span class='ocrx_word' id='word_1_226' title='bbox 3512 1496 3529 1531; x_wconf 89' lang='lat'><strong><em>:</em></strong></span> <span class='ocrx_word' id='word_1_227' title='bbox 3582 1481 3793 1547; x_wconf 69' lang='lat' dir='ltr'><strong>Mulier,</strong></span> 
     </span>
    </p>
   </div>
   <div class='ocr_carea' id='block_1_31' title="bbox 2246 1564 3796 1635">
    <p class='ocr_par' dir='ltr' id='par_1_31' title="bbox 2246 1564 3796 1635">
     <span class='ocr_line' id='line_1_31' title="bbox 2246 1564 3796 1635; baseline 0.005 -19"><span class='ocrx_word' id='word_1_228' title='bbox 2246 1580 2308 1617; x_wconf 86' lang='lat' dir='ltr'><strong>eu</strong></span> <span class='ocrx_word' id='word_1_229' title='bbox 2342 1564 2482 1630; x_wconf 84' lang='lat' dir='ltr'><strong>[ilius</strong></span> <span class='ocrx_word' id='word_1_230' title='bbox 2533 1575 2669 1618; x_wconf 86' lang='lat' dir='ltr'><strong>tuus.</strong></span> <span class='ocrx_word' id='word_1_231' title='bbox 2731 1564 2927 1619; x_wconf 83' lang='lat' dir='ltr'><strong>Deinde</strong></span> <span class='ocrx_word' id='word_1_232' title='bbox 2971 1567 3093 1619; x_wconf 84' lang='lat' dir='ltr'><strong>dicit</strong></span> <span class='ocrx_word' id='word_1_233' title='bbox 3144 1567 3394 1635; x_wconf 80' lang='lat' dir='ltr'><strong>discipulo</strong></span> <span class='ocrx_word' id='word_1_234' title='bbox 3444 1581 3462 1617; x_wconf 93' lang='lat'><em>:</em></span> <span class='ocrx_word' id='word_1_235' title='bbox 3518 1566 3650 1622; x_wconf 78' lang='lat' dir='ltr'><strong>Ecce</strong></span> <span class='ocrx_word' id='word_1_236' title='bbox 3684 1586 3796 1622; x_wconf 83' lang='lat' dir='ltr'><strong>ma-</strong></span> 
     </span>
    </p>
   </div>
   <div class='ocr_carea' id='block_1_32' title="bbox 2247 1651 3794 1725">
    <p class='ocr_par' dir='ltr' id='par_1_32' title="bbox 2247 1651 3794 1725">
     <span class='ocr_line' id='line_1_32' title="bbox 2247 1651 3794 1725; baseline 0.004 -22"><span class='ocrx_word' id='word_1_237' title='bbox 2247 1662 2324 1703; x_wconf 86' lang='lat' dir='ltr'><strong>ter</strong></span> <span class='ocrx_word' id='word_1_238' title='bbox 2358 1662 2467 1704; x_wconf 87' lang='lat' dir='ltr'><strong>tua.</strong></span> <span class='ocrx_word' id='word_1_239' title='bbox 2526 1651 2591 1705; x_wconf 80' lang='lat' dir='ltr'><strong>Et</strong></span> <span class='ocrx_word' id='word_1_240' title='bbox 2626 1670 2689 1706; x_wconf 71' lang='lat' dir='ltr'><strong>ex</strong></span> <span class='ocrx_word' id='word_1_241' title='bbox 2733 1652 2825 1706; x_wconf 89' lang='lat' dir='ltr'><strong>illa</strong></span> <span class='ocrx_word' id='word_1_242' title='bbox 2862 1654 2990 1707; x_wconf 79' lang='lat' dir='ltr'><strong>liora</strong></span> <span class='ocrx_word' id='word_1_243' title='bbox 3035 1656 3226 1723; x_wconf 84' lang='lat' dir='ltr'><strong>accepit</strong></span> <span class='ocrx_word' id='word_1_244' title='bbox 3265 1672 3377 1707; x_wconf 86' lang='lat' dir='ltr'><strong>eam</strong></span> <span class='ocrx_word' id='word_1_245' title='bbox 3412 1656 3694 1725; x_wconf 78' lang='lat' dir='ltr'><strong>discipulus</strong></span> <span class='ocrx_word' id='word_1_246' title='bbox 3739 1658 3794 1709; x_wconf 85' lang='lat' dir='ltr'><strong>in</strong></span> 
     </span>
    </p>
   </div>
   <div class='ocr_carea' id='block_1_33' title="bbox 602 1734 2145 1819">
    <p class='ocr_par' dir='ltr' id='par_1_33' title="bbox 602 1751 2143 1819">
     <span class='ocr_line' id='line_1_33' title="bbox 602 1751 2143 1819; baseline -0.004 -12"><span class='ocrx_word' id='word_1_247' title='bbox 602 1754 962 1807; x_wconf 82' lang='lat' dir='ltr'><strong>commendata</strong></span> <span class='ocrx_word' id='word_1_248' title='bbox 994 1754 1109 1804; x_wconf 83' lang='lat' dir='ltr'><strong>cst?</strong></span> <span class='ocrx_word' id='word_1_249' title='bbox 1140 1753 1227 1805; x_wconf 81' lang='lat' dir='ltr'><strong>Sic</strong></span> <span class='ocrx_word' id='word_1_250' title='bbox 1253 1753 1442 1819; x_wconf 85' lang='lat' dir='ltr'><strong>quippe</strong></span> <span class='ocrx_word' id='word_1_251' title='bbox 1489 1753 1539 1804; x_wconf 92' lang='lat' dir='ltr'><strong>in</strong></span> <span class='ocrx_word' id='word_1_252' title='bbox 1570 1766 1673 1803; x_wconf 91' lang='lat' dir='ltr'><strong>uno</strong></span> <span class='ocrx_word' id='word_1_253' title='bbox 1708 1751 1771 1802; x_wconf 88' lang='lat' dir='ltr'><strong>ad</strong></span> <span class='ocrx_word' id='word_1_254' title='bbox 1798 1765 1981 1803; x_wconf 85' lang='lat' dir='ltr'><strong>omnes</strong></span> <span class='ocrx_word' id='word_1_255' title='bbox 2025 1766 2143 1818; x_wconf 86' lang='lat' dir='ltr'><strong>per-</strong></span> 
     </span>
    </p>
   </div>
   <div class='ocr_carea' id='block_1_34' title="bbox 2238 1734 3792 1819">
    <p class='ocr_par' dir='ltr' id='par_1_34' title="bbox 2245 1739 3792 1813">
     <span class='ocr_line' id='line_1_34' title="bbox 2245 1739 3792 1813; baseline 0.004 -22"><span class='ocrx_word' id='word_1_256' title='bbox 2245 1756 2359 1791; x_wconf 86' lang='lat' dir='ltr'><strong>sua.</strong></span> <span class='ocrx_word' id='word_1_257' title='bbox 2390 1739 2510 1793; x_wconf 66' lang='lat' dir='ltr'><strong>llaec</strong></span> <span class='ocrx_word' id='word_1_258' title='bbox 2538 1741 2783 1793; x_wconf 89' lang='lat' dir='ltr'><strong>nimirum</strong></span> <span class='ocrx_word' id='word_1_259' title='bbox 2811 1750 2893 1794; x_wconf 90' lang='lat' dir='ltr'><strong>est</strong></span> <span class='ocrx_word' id='word_1_260' title='bbox 2921 1742 3009 1794; x_wconf 89' lang='lat' dir='ltr'><strong>illa</strong></span> <span class='ocrx_word' id='word_1_261' title='bbox 3034 1742 3183 1805; x_wconf 85' lang='lat' dir='ltr'><strong>hora,</strong></span> <span class='ocrx_word' id='word_1_262' title='bbox 3212 1743 3275 1795; x_wconf 91' lang='lat' dir='ltr'><strong>de</strong></span> <span class='ocrx_word' id='word_1_263' title='bbox 3295 1758 3397 1810; x_wconf 90' lang='lat' dir='ltr'><strong>qua</strong></span> <span class='ocrx_word' id='word_1_264' title='bbox 3424 1742 3577 1798; x_wconf 72' lang='lat' dir='ltr'><strong>Iesus</strong></span> <span class='ocrx_word' id='word_1_265' title='bbox 3603 1762 3792 1813; x_wconf 85' lang='lat' dir='ltr'><strong>aquam</strong></span> 
     </span>
    </p>
   </div>
   <div class='ocr_carea' id='block_1_35' title="bbox 512 1839 2143 1907">
    <p class='ocr_par' dir='ltr' id='par_1_35' title="bbox 512 1839 2143 1907">
     <span class='ocr_line' id='line_1_35' title="bbox 512 1839 2143 1907; baseline -0.001 -14"><span class='ocrx_word' id='word_1_266' title='bbox 512 1882 519 1893; x_wconf 59' lang='grc' dir='ltr'><strong><em>ς</em></strong></span> <span class='ocrx_word' id='word_1_267' title='bbox 604 1842 781 1902; x_wconf 74' lang='lat' dir='ltr'><strong>venit,</strong></span> <span class='ocrx_word' id='word_1_268' title='bbox 836 1856 955 1894; x_wconf 88' lang='lat' dir='ltr'><strong>cum</strong></span> <span class='ocrx_word' id='word_1_269' title='bbox 998 1856 1114 1894; x_wconf 84' lang='lat' dir='ltr'><strong>sors</strong></span> <span class='ocrx_word' id='word_1_270' title='bbox 1168 1841 1412 1894; x_wconf 86' lang='lat' dir='ltr'><strong>omnilms</strong></span> <span class='ocrx_word' id='word_1_271' title='bbox 1467 1841 1705 1907; x_wconf 87' lang='lat' dir='ltr'><strong>placuit,</strong></span> <span class='ocrx_word' id='word_1_272' title='bbox 1762 1840 1886 1907; x_wconf 89' lang='lat' dir='ltr'><strong>quia</strong></span> <span class='ocrx_word' id='word_1_273' title='bbox 1937 1849 1991 1893; x_wconf 89' lang='lat' dir='ltr'><strong>et</strong></span> <span class='ocrx_word' id='word_1_274' title='bbox 2050 1839 2143 1892; x_wconf 86' lang='lat' dir='ltr'><strong>Dei</strong></span> 
     </span>
    </p>
   </div>
   <div class='ocr_carea' id='block_1_36' title="bbox 602 1928 2144 1997">
    <p class='ocr_par' dir='ltr' id='par_1_36' title="bbox 602 1928 2144 1997">
     <span class='ocr_line' id='line_1_36' title="bbox 602 1928 2144 1997; baseline 0 -16"><span class='ocrx_word' id='word_1_275' title='bbox 602 1931 767 1997; x_wconf 78' lang='lat' dir='ltr'><strong>gratia</strong></span> <span class='ocrx_word' id='word_1_276' title='bbox 817 1931 868 1981; x_wconf 92' lang='lat' dir='ltr'><strong>in</strong></span> <span class='ocrx_word' id='word_1_277' title='bbox 902 1930 1101 1981; x_wconf 84' lang='lat' dir='ltr'><strong>unitate</strong></span> <span class='ocrx_word' id='word_1_278' title='bbox 1137 1929 1203 1981; x_wconf 87' lang='lat' dir='ltr'><strong>ad</strong></span> <span class='ocrx_word' id='word_1_279' title='bbox 1250 1943 1433 1981; x_wconf 83' lang='lat' dir='ltr'><strong>omnes</strong></span> <span class='ocrx_word' id='word_1_280' title='bbox 1463 1928 1734 1995; x_wconf 73' lang='lat' dir='ltr'><strong>pervenit;</strong></span> <span class='ocrx_word' id='word_1_281' title='bbox 1773 1937 1826 1979; x_wconf 87' lang='lat' dir='ltr'><strong>et</strong></span> <span class='ocrx_word' id='word_1_282' title='bbox 1865 1942 1989 1981; x_wconf 85' lang='lat' dir='ltr'><strong>cum</strong></span> <span class='ocrx_word' id='word_1_283' title='bbox 2028 1942 2144 1981; x_wconf 89' lang='lat' dir='ltr'><strong>sors</strong></span> 
     </span>
    </p>
   </div>
   <div class='ocr_carea' id='block_1_37' title="bbox 601 2014 2141 2084">
    <p class='ocr_par' dir='ltr' id='par_1_37' title="bbox 601 2014 2141 2084">
     <span class='ocr_line' id='line_1_37' title="bbox 601 2014 2141 2084; baseline 0.002 -17"><span class='ocrx_word' id='word_1_284' title='bbox 601 2017 842 2079; x_wconf 84' lang='lat' dir='ltr'><strong>mittitur,</strong></span> <span class='ocrx_word' id='word_1_285' title='bbox 875 2031 976 2068; x_wconf 90' lang='lat' dir='ltr'><strong>non</strong></span> <span class='ocrx_word' id='word_1_286' title='bbox 1004 2032 1239 2084; x_wconf 73' lang='lat' dir='ltr'><strong>persona:</strong></span> <span class='ocrx_word' id='word_1_287' title='bbox 1279 2018 1533 2083; x_wconf 83' lang='lat' dir='ltr'><strong>cujusque</strong></span> <span class='ocrx_word' id='word_1_288' title='bbox 1555 2016 1636 2067; x_wconf 77' lang='lat' dir='ltr'><strong>vel</strong></span> <span class='ocrx_word' id='word_1_289' title='bbox 1676 2014 1901 2078; x_wconf 89' lang='lat' dir='ltr'><strong>meritis,</strong></span> <span class='ocrx_word' id='word_1_290' title='bbox 1924 2016 2014 2068; x_wconf 86' lang='lat' dir='ltr'><strong>sed</strong></span> <span class='ocrx_word' id='word_1_291' title='bbox 2052 2033 2141 2070; x_wconf 86' lang='lat' dir='ltr'><strong>oc-</strong></span> 
     </span>
    </p>
   </div>
   <div class='ocr_carea' id='block_1_38' title="bbox 603 2102 2142 2172">
    <p class='ocr_par' dir='ltr' id='par_1_38' title="bbox 603 2102 2142 2172">
     <span class='ocr_line' id='line_1_38' title="bbox 603 2102 2142 2172; baseline -0.001 -15"><span class='ocrx_word' id='word_1_292' title='bbox 603 2106 742 2158; x_wconf 87' lang='lat' dir='ltr'><strong>culto</strong></span> <span class='ocrx_word' id='word_1_293' title='bbox 771 2105 859 2155; x_wconf 79' lang='lat' dir='ltr'><strong>Dei</strong></span> <span class='ocrx_word' id='word_1_294' title='bbox 889 2104 1086 2172; x_wconf 81' lang='lat' dir='ltr'><strong>judicio</strong></span> <span class='ocrx_word' id='word_1_295' title='bbox 1112 2105 1335 2157; x_wconf 79' lang='lat' dir='ltr'><strong>ceditur.</strong></span> <span class='ocrx_word' id='word_1_296' title='bbox 1381 2103 1487 2157; x_wconf 74' lang='lat' dir='ltr'><strong>Nec</strong></span> <span class='ocrx_word' id='word_1_297' title='bbox 1532 2104 1648 2157; x_wconf 90' lang='lat' dir='ltr'><strong>ideo</strong></span> <span class='ocrx_word' id='word_1_298' title='bbox 1680 2102 1780 2156; x_wconf 88' lang='lat' dir='ltr'><strong>ista</strong></span> <span class='ocrx_word' id='word_1_299' title='bbox 1812 2119 1915 2156; x_wconf 93' lang='lat' dir='ltr'><strong>non</strong></span> <span class='ocrx_word' id='word_1_300' title='bbox 1944 2103 2142 2171; x_wconf 88' lang='lat' dir='ltr'><strong>aliquid</strong></span> 
     </span>
    </p>
   </div>
   <div class='ocr_carea' id='block_1_39' title="bbox 599 2192 2140 2261">
    <p class='ocr_par' dir='ltr' id='par_1_39' title="bbox 599 2192 2140 2261">
     <span class='ocr_line' id='line_1_39' title="bbox 599 2192 2140 2261; baseline 0 -16"><span class='ocrx_word' id='word_1_301' title='bbox 599 2192 720 2246; x_wconf 87' lang='lat' dir='ltr'><strong>boni</strong></span> <span class='ocrx_word' id='word_1_302' title='bbox 766 2194 1089 2261; x_wconf 81' lang='lat' dir='ltr'><strong>significasse</strong></span> <span class='ocrx_word' id='word_1_303' title='bbox 1118 2194 1235 2260; x_wconf 85' lang='lat' dir='ltr'><strong>quis</strong></span> <span class='ocrx_word' id='word_1_304' title='bbox 1272 2193 1486 2253; x_wconf 74' lang='lat' dir='ltr'><strong>dixerit,</strong></span> <span class='ocrx_word' id='word_1_305' title='bbox 1516 2192 1639 2261; x_wconf 87' lang='lat' dir='ltr'><strong>quia</strong></span> <span class='ocrx_word' id='word_1_306' title='bbox 1669 2207 1764 2260; x_wconf 91' lang='lat' dir='ltr'><strong>per</strong></span> <span class='ocrx_word' id='word_1_307' title='bbox 1794 2192 1959 2245; x_wconf 83' lang='lat' dir='ltr'><strong>malos</strong></span> <span class='ocrx_word' id='word_1_308' title='bbox 2003 2192 2140 2245; x_wconf 86' lang='lat' dir='ltr'><strong>facta</strong></span> 
     </span>
    </p>
   </div>
   <div class='ocr_carea' id='block_1_40' title="bbox 599 2268 2141 2350">
    <p class='ocr_par' dir='ltr' id='par_1_40' title="bbox 599 2268 2141 2350">
     <span class='ocr_line' id='line_1_40' title="bbox 599 2268 2141 2350; baseline -0.003 -13"><span class='ocrx_word' id='word_1_309' title='bbox 599 2294 753 2344; x_wconf 85' lang='lat' dir='ltr'><strong>Sunt;</strong></span> <span class='ocrx_word' id='word_1_310' title='bbox 793 2298 893 2335; x_wconf 89' lang='lat' dir='ltr'><strong>non</strong></span> <span class='ocrx_word' id='word_1_311' title='bbox 927 2268 1145 2336; x_wconf 65' lang='lat' dir='ltr'><strong>sedicet</strong></span> <span class='ocrx_word' id='word_1_312' title='bbox 1172 2297 1267 2349; x_wconf 79' lang='lat' dir='ltr'><strong>per</strong></span> <span class='ocrx_word' id='word_1_313' title='bbox 1294 2298 1386 2335; x_wconf 88' lang='lat' dir='ltr'><strong>eos</strong></span> <span class='ocrx_word' id='word_1_314' title='bbox 1418 2282 1509 2350; x_wconf 87' lang='lat' dir='ltr'><strong>qui</strong></span> <span class='ocrx_word' id='word_1_315' title='bbox 1538 2281 1809 2335; x_wconf 87' lang='lat' dir='ltr'><strong>Christum</strong></span> <span class='ocrx_word' id='word_1_316' title='bbox 1835 2281 2023 2341; x_wconf 88' lang='lat' dir='ltr'><strong>secuti,</strong></span> <span class='ocrx_word' id='word_1_317' title='bbox 2051 2280 2141 2333; x_wconf 89' lang='lat' dir='ltr'><strong>sed</strong></span> 
     </span>
    </p>
   </div>
   <div class='ocr_carea' id='block_1_41' title="bbox 598 2367 2143 2439">
    <p class='ocr_par' dir='ltr' id='par_1_41' title="bbox 598 2367 2143 2439">
     <span class='ocr_line' id='line_1_41' title="bbox 598 2367 2143 2439; baseline -0.003 -16"><span class='ocrx_word' id='word_1_318' title='bbox 598 2371 686 2439; x_wconf 87' lang='lat' dir='ltr'><strong>qui</strong></span> <span class='ocrx_word' id='word_1_319' title='bbox 730 2379 850 2423; x_wconf 91' lang='lat' dir='ltr'><strong>sunt</strong></span> <span class='ocrx_word' id='word_1_320' title='bbox 874 2370 1153 2437; x_wconf 75' lang='lat' dir='ltr'><strong>persecuti.</strong></span> <span class='ocrx_word' id='word_1_321' title='bbox 1196 2368 1331 2433; x_wconf 71' lang='lat' dir='ltr'><strong>Quid</strong></span> <span class='ocrx_word' id='word_1_322' title='bbox 1359 2368 1499 2420; x_wconf 88' lang='lat' dir='ltr'><strong>enim</strong></span> <span class='ocrx_word' id='word_1_323' title='bbox 1529 2368 1593 2420; x_wconf 89' lang='lat' dir='ltr'><strong>de</strong></span> <span class='ocrx_word' id='word_1_324' title='bbox 1622 2368 1733 2434; x_wconf 86' lang='lat' dir='ltr'><strong>ipsa</strong></span> <span class='ocrx_word' id='word_1_325' title='bbox 1762 2382 1919 2421; x_wconf 89' lang='lat' dir='ltr'><strong>cruce</strong></span> <span class='ocrx_word' id='word_1_326' title='bbox 1949 2367 2143 2421; x_wconf 88' lang='lat' dir='ltr'><strong>dicturi</strong></span> 
     </span>
    </p>
   </div>
   <div class='ocr_carea' id='block_1_42' title="bbox 598 2457 2144 2526">
    <p class='ocr_par' dir='ltr' id='par_1_42' title="bbox 598 2457 2144 2526">
     <span class='ocr_line' id='line_1_42' title="bbox 598 2457 2144 2526; baseline -0.003 -13"><span class='ocrx_word' id='word_1_327' title='bbox 598 2476 801 2521; x_wconf 70' lang='lat' dir='ltr'><strong>srnnns,</strong></span> <span class='ocrx_word' id='word_1_328' title='bbox 823 2474 938 2526; x_wconf 72' lang='lat' dir='ltr'><strong>qum</strong></span> <span class='ocrx_word' id='word_1_329' title='bbox 958 2468 1100 2512; x_wconf 87' lang='lat' dir='ltr'><strong>certe</strong></span> <span class='ocrx_word' id='word_1_330' title='bbox 1126 2458 1369 2511; x_wconf 85' lang='lat' dir='ltr'><strong>similiter</strong></span> <span class='ocrx_word' id='word_1_331' title='bbox 1397 2459 1464 2510; x_wconf 91' lang='lat' dir='ltr'><strong>ab</strong></span> <span class='ocrx_word' id='word_1_332' title='bbox 1505 2457 1735 2511; x_wconf 90' lang='lat' dir='ltr'><strong>inimicis</strong></span> <span class='ocrx_word' id='word_1_333' title='bbox 1760 2465 1921 2525; x_wconf 86' lang='lat' dir='ltr'><strong>atque</strong></span> <span class='ocrx_word' id='word_1_334' title='bbox 1969 2457 2144 2525; x_wconf 78' lang='lat' dir='ltr'><strong>impiis</strong></span> 
     </span>
    </p>
   </div>
   <div class='ocr_carea' id='block_1_43' title="bbox 598 2546 2143 2615">
    <p class='ocr_par' dir='ltr' id='par_1_43' title="bbox 598 2546 2143 2615">
     <span class='ocr_line' id='line_1_43' title="bbox 598 2546 2143 2615; baseline -0.003 -12"><span class='ocrx_word' id='word_1_335' title='bbox 598 2548 812 2603; x_wconf 86' lang='lat' dir='ltr'><strong>Christo</strong></span> <span class='ocrx_word' id='word_1_336' title='bbox 839 2547 974 2601; x_wconf 83' lang='lat' dir='ltr'><strong>iacta</strong></span> <span class='ocrx_word' id='word_1_337' title='bbox 999 2558 1050 2599; x_wconf 83' lang='lat' dir='ltr'><strong>et</strong></span> <span class='ocrx_word' id='word_1_338' title='bbox 1084 2548 1307 2615; x_wconf 85' lang='lat' dir='ltr'><strong>impacta</strong></span> <span class='ocrx_word' id='word_1_339' title='bbox 1355 2548 1467 2600; x_wconf 86' lang='lat' dir='ltr'><strong>est?</strong></span> <span class='ocrx_word' id='word_1_340' title='bbox 1496 2546 1561 2599; x_wconf 80' lang='lat' dir='ltr'><strong>Et</strong></span> <span class='ocrx_word' id='word_1_341' title='bbox 1615 2555 1791 2600; x_wconf 89' lang='lat' dir='ltr'><strong>tamen</strong></span> <span class='ocrx_word' id='word_1_342' title='bbox 1827 2562 1887 2599; x_wconf 88' lang='lat' dir='ltr'><strong>ea</strong></span> <span class='ocrx_word' id='word_1_343' title='bbox 1941 2546 2143 2615; x_wconf 84' lang='lat' dir='ltr'><strong>signiﬁ-</strong></span> 
     </span>
    </p>
   </div>
   <div class='ocr_carea' id='block_1_44' title="bbox 596 2634 2141 2705">
    <p class='ocr_par' dir='ltr' id='par_1_44' title="bbox 596 2634 2141 2705">
     <span class='ocr_line' id='line_1_44' title="bbox 596 2634 2141 2705; baseline -0.001 -15"><span class='ocrx_word' id='word_1_344' title='bbox 596 2637 706 2690; x_wconf 86' lang='lat' dir='ltr'><strong>cari</strong></span> <span class='ocrx_word' id='word_1_345' title='bbox 737 2646 876 2690; x_wconf 77' lang='lat' dir='ltr'><strong>recte</strong></span> <span class='ocrx_word' id='word_1_346' title='bbox 908 2637 1236 2705; x_wconf 78' lang='lat' dir='ltr'><strong>intelligitur,</strong></span> <span class='ocrx_word' id='word_1_347' title='bbox 1269 2637 1407 2704; x_wconf 89' lang='lat' dir='ltr'><strong>quod</strong></span> <span class='ocrx_word' id='word_1_348' title='bbox 1438 2637 1510 2688; x_wconf 85' lang='lat' dir='ltr'><strong>ait</strong></span> <span class='ocrx_word' id='word_1_349' title='bbox 1549 2636 1833 2702; x_wconf 74' lang='lat' dir='ltr'><strong>Apostolus</strong></span> <span class='ocrx_word' id='word_1_350' title='bbox 1863 2650 1876 2687; x_wconf 90' lang='lat'>:</span> <span class='ocrx_word' id='word_1_351' title='bbox 1904 2634 2033 2699; x_wconf 81' lang='lat' dir='ltr'><strong>Qua:</strong></span> <span class='ocrx_word' id='word_1_352' title='bbox 2069 2646 2141 2689; x_wconf 88' lang='lat' dir='ltr'><strong>est</strong></span> 
     </span>
    </p>
   </div>
   <div class='ocr_carea' id='block_1_45' title="bbox 598 2723 2141 2792">
    <p class='ocr_par' dir='ltr' id='par_1_45' title="bbox 598 2723 2141 2792">
     <span class='ocr_line' id='line_1_45' title="bbox 598 2723 2141 2792; baseline 0.001 -16"><span class='ocrx_word' id='word_1_353' title='bbox 598 2723 814 2776; x_wconf 68' lang='lat' dir='ltr'><strong>latitudo</strong></span> <span class='ocrx_word' id='word_1_354' title='bbox 842 2765 855 2785; x_wconf 86' lang='lat'><strong>,</strong></span> <span class='ocrx_word' id='word_1_355' title='bbox 899 2734 946 2775; x_wconf 87' lang='lat' dir='ltr'><strong>et</strong></span> <span class='ocrx_word' id='word_1_356' title='bbox 996 2724 1297 2792; x_wconf 81' lang='lat' dir='ltr'><strong>longitudo,</strong></span> <span class='ocrx_word' id='word_1_357' title='bbox 1329 2734 1377 2775; x_wconf 86' lang='lat' dir='ltr'><strong>et</strong></span> <span class='ocrx_word' id='word_1_358' title='bbox 1425 2723 1680 2788; x_wconf 83' lang='lat' dir='ltr'><strong>altitudo,</strong></span> <span class='ocrx_word' id='word_1_359' title='bbox 1729 2734 1777 2776; x_wconf 89' lang='lat' dir='ltr'><strong>et</strong></span> <span class='ocrx_word' id='word_1_360' title='bbox 1826 2724 2141 2792; x_wconf 82' lang='lat' dir='ltr'><strong>profundunt</strong></span> 
     </span>
    </p>
   </div>
   <div class='ocr_carea' id='block_1_46' title="bbox 599 2813 2141 2883">
    <p class='ocr_par' dir='ltr' id='par_1_46' title="bbox 599 2813 2141 2883">
     <span class='ocr_line' id='line_1_46' title="bbox 599 2813 2141 2883; baseline 0.001 -18"><span class='ocrx_word' id='word_1_361' title='bbox 599 2814 808 2883; x_wconf 76' lang='lat' dir='ltr'><strong>(Ephes.</strong></span> <span class='ocrx_word' id='word_1_362' title='bbox 847 2831 927 2875; x_wconf 86' lang='lat' dir='ltr'><strong>nt,</strong></span> <span class='ocrx_word' id='word_1_363' title='bbox 968 2815 1071 2874; x_wconf 86' lang='lat' dir='ltr'><strong>l8).</strong></span> <span class='ocrx_word' id='word_1_364' title='bbox 1103 2813 1226 2866; x_wconf 87' lang='lat' dir='ltr'><strong>Lata</strong></span> <span class='ocrx_word' id='word_1_365' title='bbox 1248 2822 1328 2866; x_wconf 85' lang='lat' dir='ltr'><strong>est</strong></span> <span class='ocrx_word' id='word_1_366' title='bbox 1346 2814 1536 2881; x_wconf 79' lang='lat' dir='ltr'><strong>quippe</strong></span> <span class='ocrx_word' id='word_1_367' title='bbox 1577 2814 1627 2867; x_wconf 91' lang='lat' dir='ltr'><strong>in</strong></span> <span class='ocrx_word' id='word_1_368' title='bbox 1654 2823 1955 2868; x_wconf 86' lang='lat' dir='ltr'><strong>transverso</strong></span> <span class='ocrx_word' id='word_1_369' title='bbox 1977 2813 2141 2883; x_wconf 81' lang='lat' dir='ltr'><strong>ligno,</strong></span> 
     </span>
    </p>
   </div>
   <div class='ocr_carea' id='block_1_47' title="bbox 600 2901 2141 2970">
    <p class='ocr_par' dir='ltr' id='par_1_47' title="bbox 600 2901 2141 2970">
     <span class='ocr_line' id='line_1_47' title="bbox 600 2901 2141 2970; baseline 0.001 -19"><span class='ocrx_word' id='word_1_370' title='bbox 600 2916 705 2969; x_wconf 89' lang='lat' dir='ltr'><strong>quo</strong></span> <span class='ocrx_word' id='word_1_371' title='bbox 734 2902 1084 2954; x_wconf 72' lang='lat' dir='ltr'><strong>extemluntur</strong></span> <span class='ocrx_word' id='word_1_372' title='bbox 1109 2902 1382 2968; x_wconf 81' lang='lat' dir='ltr'><strong>pendentis</strong></span> <span class='ocrx_word' id='word_1_373' title='bbox 1410 2901 1959 2970; x_wconf 82' lang='lat' dir='ltr'><strong>manus,etsigniticat</strong></span> <span class='ocrx_word' id='word_1_374' title='bbox 1979 2916 2141 2969; x_wconf 86' lang='lat' dir='ltr'><strong>opera</strong></span> 
     </span>
    </p>
   </div>
   <div class='ocr_carea' id='block_1_48' title="bbox 600 2989 2139 3059">
    <p class='ocr_par' dir='ltr' id='par_1_48' title="bbox 600 2989 2139 3059">
     <span class='ocr_line' id='line_1_48' title="bbox 600 2989 2139 3059; baseline 0.002 -18"><span class='ocrx_word' id='word_1_375' title='bbox 600 2991 734 3042; x_wconf 86' lang='lat' dir='ltr'><strong>bona</strong></span> <span class='ocrx_word' id='word_1_376' title='bbox 766 2990 816 3042; x_wconf 89' lang='lat' dir='ltr'><strong>in</strong></span> <span class='ocrx_word' id='word_1_377' title='bbox 849 2989 1120 3042; x_wconf 87' lang='lat' dir='ltr'><strong>latitudine</strong></span> <span class='ocrx_word' id='word_1_378' title='bbox 1147 2991 1450 3052; x_wconf 86' lang='lat' dir='ltr'><strong>charitatis;</strong></span> <span class='ocrx_word' id='word_1_379' title='bbox 1491 2991 1641 3059; x_wconf 85' lang='lat' dir='ltr'><strong>longa</strong></span> <span class='ocrx_word' id='word_1_380' title='bbox 1673 2999 1755 3044; x_wconf 87' lang='lat' dir='ltr'><strong>est</strong></span> <span class='ocrx_word' id='word_1_381' title='bbox 1778 3008 1808 3044; x_wconf 92' lang='lat' dir='ltr'><strong>a</strong></span> <span class='ocrx_word' id='word_1_382' title='bbox 1832 3000 2139 3044; x_wconf 82' lang='lat' dir='ltr'><strong>transverso</strong></span> 
     </span>
    </p>
   </div>
   <div class='ocr_carea' id='block_1_49' title="bbox 600 3082 2137 3152">
    <p class='ocr_par' dir='ltr' id='par_1_49' title="bbox 600 3082 2137 3152">
     <span class='ocr_line' id='line_1_49' title="bbox 600 3082 2137 3152; baseline 0 -20"><span class='ocrx_word' id='word_1_383' title='bbox 600 3082 739 3147; x_wconf 81' lang='lat' dir='ltr'><strong>ligno</strong></span> <span class='ocrx_word' id='word_1_384' title='bbox 774 3096 937 3146; x_wconf 81' lang='lat' dir='ltr'><strong>usque</strong></span> <span class='ocrx_word' id='word_1_385' title='bbox 966 3082 1029 3132; x_wconf 86' lang='lat' dir='ltr'><strong>ad</strong></span> <span class='ocrx_word' id='word_1_386' title='bbox 1061 3090 1274 3143; x_wconf 85' lang='lat' dir='ltr'><strong>terram,</strong></span> <span class='ocrx_word' id='word_1_387' title='bbox 1305 3082 1390 3134; x_wconf 88' lang='lat' dir='ltr'><strong>ubi</strong></span> <span class='ocrx_word' id='word_1_388' title='bbox 1432 3083 1645 3135; x_wconf 86' lang='lat' dir='ltr'><strong>dorsum</strong></span> <span class='ocrx_word' id='word_1_389' title='bbox 1695 3091 1747 3135; x_wconf 90' lang='lat' dir='ltr'><strong>et</strong></span> <span class='ocrx_word' id='word_1_390' title='bbox 1776 3082 1937 3152; x_wconf 88' lang='lat' dir='ltr'><strong>pedes</strong></span> <span class='ocrx_word' id='word_1_391' title='bbox 1966 3083 2137 3151; x_wconf 81' lang='lat' dir='ltr'><strong>figun-</strong></span> 
     </span>
    </p>
   </div>
   <div class='ocr_carea' id='block_1_50' title="bbox 602 3169 2141 3237">
    <p class='ocr_par' dir='ltr' id='par_1_50' title="bbox 602 3169 2141 3237">
     <span class='ocr_line' id='line_1_50' title="bbox 602 3169 2141 3237; baseline 0.002 -18"><span class='ocrx_word' id='word_1_392' title='bbox 602 3180 705 3229; x_wconf 90' lang='lat' dir='ltr'><strong>tur,</strong></span> <span class='ocrx_word' id='word_1_393' title='bbox 739 3177 791 3219; x_wconf 73' lang='lat' dir='ltr'><strong>et</strong></span> <span class='ocrx_word' id='word_1_394' title='bbox 819 3169 1077 3235; x_wconf 80' lang='lat' dir='ltr'><strong>signiﬁcat</strong></span> <span class='ocrx_word' id='word_1_395' title='bbox 1106 3172 1550 3237; x_wconf 83' lang='lat' dir='ltr'><strong>perseverantiam</strong></span> <span class='ocrx_word' id='word_1_396' title='bbox 1584 3171 1634 3223; x_wconf 91' lang='lat' dir='ltr'><strong>in</strong></span> <span class='ocrx_word' id='word_1_397' title='bbox 1658 3169 1983 3237; x_wconf 80' lang='lat' dir='ltr'><strong>longitudine</strong></span> <span class='ocrx_word' id='word_1_398' title='bbox 2009 3177 2141 3222; x_wconf 86' lang='lat' dir='ltr'><strong>tem-</strong></span> 
     </span>
    </p>
   </div>
   <div class='ocr_carea' id='block_1_51' title="bbox 598 3256 2139 3325">
    <p class='ocr_par' dir='ltr' id='par_1_51' title="bbox 598 3256 2139 3325">
     <span class='ocr_line' id='line_1_51' title="bbox 598 3256 2139 3325; baseline 0.005 -21"><span class='ocrx_word' id='word_1_399' title='bbox 598 3256 765 3320; x_wconf 87' lang='lat' dir='ltr'><strong>poris,</strong></span> <span class='ocrx_word' id='word_1_400' title='bbox 787 3270 951 3324; x_wconf 89' lang='lat' dir='ltr'><strong>usque</strong></span> <span class='ocrx_word' id='word_1_401' title='bbox 980 3256 1046 3308; x_wconf 87' lang='lat' dir='ltr'><strong>ad</strong></span> <span class='ocrx_word' id='word_1_402' title='bbox 1080 3258 1264 3318; x_wconf 84' lang='lat' dir='ltr'><strong>tinem;</strong></span> <span class='ocrx_word' id='word_1_403' title='bbox 1292 3259 1393 3310; x_wconf 87' lang='lat' dir='ltr'><strong>alta</strong></span> <span class='ocrx_word' id='word_1_404' title='bbox 1423 3267 1503 3310; x_wconf 81' lang='lat' dir='ltr'><strong>est</strong></span> <span class='ocrx_word' id='word_1_405' title='bbox 1533 3260 1585 3310; x_wconf 89' lang='lat' dir='ltr'><strong>in</strong></span> <span class='ocrx_word' id='word_1_406' title='bbox 1611 3259 1916 3320; x_wconf 86' lang='lat' dir='ltr'><strong>cacumine,</strong></span> <span class='ocrx_word' id='word_1_407' title='bbox 1949 3259 2087 3325; x_wconf 90' lang='lat' dir='ltr'><strong>quod</strong></span> <span class='ocrx_word' id='word_1_408' title='bbox 2110 3274 2139 3311; x_wconf 89' lang='lat' dir='ltr'><strong>a</strong></span> 
     </span>
    </p>
   </div>
   <div class='ocr_carea' id='block_1_52' title="bbox 596 3343 2136 3415">
    <p class='ocr_par' dir='ltr' id='par_1_52' title="bbox 596 3343 2136 3415">
     <span class='ocr_line' id='line_1_52' title="bbox 596 3343 2136 3415; baseline 0.001 -19"><span class='ocrx_word' id='word_1_409' title='bbox 596 3355 903 3396; x_wconf 79' lang='lat' dir='ltr'><strong>transverso</strong></span> <span class='ocrx_word' id='word_1_410' title='bbox 948 3343 1089 3412; x_wconf 81' lang='lat' dir='ltr'><strong>ligno</strong></span> <span class='ocrx_word' id='word_1_411' title='bbox 1133 3360 1339 3399; x_wconf 85' lang='lat' dir='ltr'><strong>sursum</strong></span> <span class='ocrx_word' id='word_1_412' title='bbox 1394 3362 1575 3400; x_wconf 88' lang='lat' dir='ltr'><strong>rursus</strong></span> <span class='ocrx_word' id='word_1_413' title='bbox 1627 3346 1930 3399; x_wconf 76' lang='lat' dir='ltr'><strong>extenditur</strong></span> <span class='ocrx_word' id='word_1_414' title='bbox 1983 3346 2136 3415; x_wconf 73' lang='grc' dir='ltr'><strong>[Αιιῃ.</strong></span> 
     </span>
    </p>
   </div>
   <div class='ocr_carea' id='block_1_53' title="bbox 600 3434 2138 3509">
    <p class='ocr_par' dir='ltr' id='par_1_53' title="bbox 600 3434 2138 3509">
     <span class='ocr_line' id='line_1_53' title="bbox 600 3434 2138 3509; baseline 0.002 -25"><span class='ocrx_word' id='word_1_415' title='bbox 600 3446 701 3497; x_wconf 87' lang='lat' dir='ltr'><strong>quo</strong></span> <span class='ocrx_word' id='word_1_416' title='bbox 732 3441 1087 3486; x_wconf 82' lang='lat' dir='ltr'><strong>transversum</strong></span> <span class='ocrx_word' id='word_1_417' title='bbox 1118 3434 1314 3503; x_wconf 79' lang='lat' dir='ltr'><strong>lignum</strong></span> <span class='ocrx_word' id='word_1_418' title='bbox 1345 3450 1552 3487; x_wconf 89' lang='lat' dir='ltr'><strong>sursum</strong></span> <span class='ocrx_word' id='word_1_419' title='bbox 1594 3450 1792 3509; x_wconf 66' lang='lat' dir='ltr'><strong>versus~</strong></span> <span class='ocrx_word' id='word_1_420' title='bbox 1822 3434 2138 3504; x_wconf 76' lang='lat' dir='ltr'><strong>exceditur],</strong></span> 
     </span>
    </p>
   </div>
   <div class='ocr_carea' id='block_1_54' title="bbox 598 3522 2139 3593">
    <p class='ocr_par' dir='ltr' id='par_1_54' title="bbox 598 3522 2139 3593">
     <span class='ocr_line' id='line_1_54' title="bbox 598 3522 2139 3593; baseline 0.001 -18"><span class='ocrx_word' id='word_1_421' title='bbox 598 3531 651 3575; x_wconf 84' lang='lat' dir='ltr'><strong>et</strong></span> <span class='ocrx_word' id='word_1_422' title='bbox 676 3522 938 3589; x_wconf 84' lang='lat' dir='ltr'><strong>signiﬁcat</strong></span> <span class='ocrx_word' id='word_1_423' title='bbox 972 3537 1255 3589; x_wconf 88' lang='lat' dir='ltr'><strong>supernutn</strong></span> <span class='ocrx_word' id='word_1_424' title='bbox 1304 3524 1458 3576; x_wconf 87' lang='lat' dir='ltr'><strong>finem</strong></span> <span class='ocrx_word' id='word_1_425' title='bbox 1500 3539 1603 3592; x_wconf 92' lang='lat' dir='ltr'><strong>quo</strong></span> <span class='ocrx_word' id='word_1_426' title='bbox 1638 3534 1825 3578; x_wconf 89' lang='lat' dir='ltr'><strong>cuncta</strong></span> <span class='ocrx_word' id='word_1_427' title='bbox 1853 3539 2012 3593; x_wconf 83' lang='lat' dir='ltr'><strong>Opera</strong></span> <span class='ocrx_word' id='word_1_428' title='bbox 2057 3540 2139 3577; x_wconf 90' lang='lat' dir='ltr'><strong>re-</strong></span> 
     </span>
    </p>
   </div>
   <div class='ocr_carea' id='block_1_55' title="bbox 596 3608 2140 3679">
    <p class='ocr_par' dir='ltr' id='par_1_55' title="bbox 596 3608 2140 3679">
     <span class='ocr_line' id='line_1_55' title="bbox 596 3608 2140 3679; baseline 0.001 -19"><span class='ocrx_word' id='word_1_429' title='bbox 596 3608 855 3671; x_wconf 87' lang='lat' dir='ltr'><strong>feruntur,</strong></span> <span class='ocrx_word' id='word_1_430' title='bbox 885 3610 1132 3676; x_wconf 88' lang='lat' dir='ltr'><strong>quoniam</strong></span> <span class='ocrx_word' id='word_1_431' title='bbox 1164 3621 1353 3664; x_wconf 87' lang='lat' dir='ltr'><strong>cuncta</strong></span> <span class='ocrx_word' id='word_1_432' title='bbox 1384 3628 1500 3679; x_wconf 75' lang='lat' dir='ltr'><strong>qua:</strong></span> <span class='ocrx_word' id='word_1_433' title='bbox 1521 3612 1795 3665; x_wconf 85' lang='lat' dir='ltr'><strong>latitudine</strong></span> <span class='ocrx_word' id='word_1_434' title='bbox 1828 3626 1890 3664; x_wconf 88' lang='lat' dir='ltr'><strong>ac</strong></span> <span class='ocrx_word' id='word_1_435' title='bbox 1915 3611 2140 3678; x_wconf 85' lang='lat' dir='ltr'><strong>longitu—</strong></span> 
     </span>
    </p>
   </div>
   <div class='ocr_carea' id='block_1_56' title="bbox 599 3698 2141 3769">
    <p class='ocr_par' dir='ltr' id='par_1_56' title="bbox 599 3698 2141 3769">
     <span class='ocr_line' id='line_1_56' title="bbox 599 3698 2141 3769; baseline 0.001 -17"><span class='ocrx_word' id='word_1_436' title='bbox 599 3698 719 3752; x_wconf 90' lang='lat' dir='ltr'><strong>dine</strong></span> <span class='ocrx_word' id='word_1_437' title='bbox 757 3698 888 3751; x_wconf 88' lang='lat' dir='ltr'><strong>hcne</strong></span> <span class='ocrx_word' id='word_1_438' title='bbox 916 3713 979 3750; x_wconf 89' lang='lat' dir='ltr'><strong>ac</strong></span> <span class='ocrx_word' id='word_1_439' title='bbox 1006 3711 1406 3767; x_wconf 75' lang='lat' dir='ltr'><strong>perseveranter</strong></span> <span class='ocrx_word' id='word_1_440' title='bbox 1436 3702 1569 3753; x_wconf 87' lang='lat' dir='ltr'><strong>ﬁunt</strong></span> <span class='ocrx_word' id='word_1_441' title='bbox 1592 3742 1605 3763; x_wconf 95' lang='lat'><strong>,</strong></span> <span class='ocrx_word' id='word_1_442' title='bbox 1648 3709 1866 3769; x_wconf 86' lang='lat' dir='ltr'><strong>propter</strong></span> <span class='ocrx_word' id='word_1_443' title='bbox 1914 3700 2141 3753; x_wconf 87' lang='lat' dir='ltr'><strong>altitudi-</strong></span> 
     </span>
    </p>
   </div>
   <div class='ocr_carea' id='block_1_57' title="bbox 596 3787 2138 3861">
    <p class='ocr_par' dir='ltr' id='par_1_57' title="bbox 596 3787 2138 3861">
     <span class='ocr_line' id='line_1_57' title="bbox 596 3787 2138 3861; baseline 0.004 -22"><span class='ocrx_word' id='word_1_444' title='bbox 596 3802 715 3840; x_wconf 87' lang='lat' dir='ltr'><strong>nem</strong></span> <span class='ocrx_word' id='word_1_445' title='bbox 742 3787 1039 3839; x_wconf 83' lang='lat' dir='ltr'><strong>divinorum</strong></span> <span class='ocrx_word' id='word_1_446' title='bbox 1076 3788 1315 3841; x_wconf 85' lang='lat' dir='ltr'><strong>facienda</strong></span> <span class='ocrx_word' id='word_1_447' title='bbox 1338 3798 1459 3841; x_wconf 89' lang='lat' dir='ltr'><strong>sunt</strong></span> <span class='ocrx_word' id='word_1_448' title='bbox 1484 3792 1823 3858; x_wconf 70' lang='lat' dir='ltr'><strong>prmmiorum</strong></span> <span class='ocrx_word' id='word_1_449' title='bbox 1843 3808 1856 3856; x_wconf 86' lang='lat'><strong>;</strong></span> <span class='ocrx_word' id='word_1_450' title='bbox 1878 3792 2138 3861; x_wconf 90' lang='lat' dir='ltr'><strong>profunda</strong></span> 
     </span>
    </p>
   </div>
   <div class='ocr_carea' id='block_1_58' title="bbox 594 3866 2140 3950">
    <p class='ocr_par' dir='ltr' id='par_1_58' title="bbox 594 3866 2140 3950">
     <span class='ocr_line' id='line_1_58' title="bbox 594 3866 2140 3950; baseline 0.006 -23"><span class='ocrx_word' id='word_1_451' title='bbox 594 3884 676 3927; x_wconf 85' lang='lat' dir='ltr'><strong>est</strong></span> <span class='ocrx_word' id='word_1_452' title='bbox 707 3877 755 3929; x_wconf 92' lang='lat' dir='ltr'><strong>in</strong></span> <span class='ocrx_word' id='word_1_453' title='bbox 786 3891 846 3929; x_wconf 89' lang='lat' dir='ltr'><strong>ea</strong></span> <span class='ocrx_word' id='word_1_454' title='bbox 884 3885 1054 3944; x_wconf 84' lang='lat' dir='ltr'><strong>parte,</strong></span> <span class='ocrx_word' id='word_1_455' title='bbox 1110 3893 1211 3946; x_wconf 85' lang='lat' dir='ltr'><strong>qua</strong></span> <span class='ocrx_word' id='word_1_456' title='bbox 1267 3878 1317 3930; x_wconf 91' lang='lat' dir='ltr'><strong>in</strong></span> <span class='ocrx_word' id='word_1_457' title='bbox 1365 3888 1505 3932; x_wconf 90' lang='lat' dir='ltr'><strong>terra</strong></span> <span class='ocrx_word' id='word_1_458' title='bbox 1542 3880 1719 3949; x_wconf 82' lang='lat' dir='ltr'><strong>figitur</strong></span> <span class='ocrx_word' id='word_1_459' title='bbox 1756 3899 1768 3934; x_wconf 95' lang='lat'><strong>:</strong></span> <span class='ocrx_word' id='word_1_460' title='bbox 1825 3866 1897 3935; x_wconf 85' lang='lat' dir='ltr'><strong>ibi</strong></span> <span class='ocrx_word' id='word_1_461' title='bbox 1947 3884 2140 3950; x_wconf 88' lang='lat' dir='ltr'><strong>quippe</strong></span> 
     </span>
    </p>
   </div>
   <div class='ocr_carea' id='block_1_59' title="bbox 594 3961 2141 4036">
    <p class='ocr_par' dir='ltr' id='par_1_59' title="bbox 594 3961 2141 4036">
     <span class='ocr_line' id='line_1_59' title="bbox 594 3961 2141 4036; baseline 0.005 -22"><span class='ocrx_word' id='word_1_462' title='bbox 594 3961 799 4014; x_wconf 85' lang='lat' dir='ltr'><strong>occulta</strong></span> <span class='ocrx_word' id='word_1_463' title='bbox 828 3972 928 4026; x_wconf 88' lang='lat' dir='ltr'><strong>est,</strong></span> <span class='ocrx_word' id='word_1_464' title='bbox 961 3980 1058 4017; x_wconf 88' lang='lat' dir='ltr'><strong>nec</strong></span> <span class='ocrx_word' id='word_1_465' title='bbox 1078 3964 1243 4018; x_wconf 83' lang='lat' dir='ltr'><strong>videri</strong></span> <span class='ocrx_word' id='word_1_466' title='bbox 1274 3974 1467 4034; x_wconf 88' lang='lat' dir='ltr'><strong>potest,</strong></span> <span class='ocrx_word' id='word_1_467' title='bbox 1504 3967 1596 4020; x_wconf 88' lang='lat' dir='ltr'><strong>sed</strong></span> <span class='ocrx_word' id='word_1_468' title='bbox 1622 3977 1813 4020; x_wconf 90' lang='lat' dir='ltr'><strong>cuncta</strong></span> <span class='ocrx_word' id='word_1_469' title='bbox 1842 3966 1956 4033; x_wconf 87' lang='lat' dir='ltr'><strong>ejus</strong></span> <span class='ocrx_word' id='word_1_470' title='bbox 1984 3984 2141 4036; x_wconf 88' lang='lat' dir='ltr'><strong>appa-</strong></span> 
     </span>
    </p>
   </div>
   <div class='ocr_carea' id='block_1_60' title="bbox 596 4052 2140 4124">
    <p class='ocr_par' dir='ltr' id='par_1_60' title="bbox 596 4052 2140 4124">
     <span class='ocr_line' id='line_1_60' title="bbox 596 4052 2140 4124; baseline 0.005 -21"><span class='ocrx_word' id='word_1_471' title='bbox 596 4052 763 4104; x_wconf 77' lang='lat' dir='ltr'><strong>rentia</strong></span> <span class='ocrx_word' id='word_1_472' title='bbox 816 4060 869 4104; x_wconf 90' lang='lat' dir='ltr'><strong>et</strong></span> <span class='ocrx_word' id='word_1_473' title='bbox 917 4052 1205 4107; x_wconf 79' lang='lat' dir='ltr'><strong>eaiinentia</strong></span> <span class='ocrx_word' id='word_1_474' title='bbox 1253 4055 1372 4108; x_wconf 89' lang='lat' dir='ltr'><strong>inde</strong></span> <span class='ocrx_word' id='word_1_475' title='bbox 1425 4064 1779 4124; x_wconf 87' lang='lat' dir='ltr'><strong>consurgunt;</strong></span> <span class='ocrx_word' id='word_1_476' title='bbox 1829 4057 1964 4109; x_wconf 88' lang='lat' dir='ltr'><strong>sicut</strong></span> <span class='ocrx_word' id='word_1_477' title='bbox 2004 4058 2140 4111; x_wconf 87' lang='lat' dir='ltr'><strong>bona</strong></span> 
     </span>
    </p>
   </div>
   <div class='ocr_carea' id='block_1_61' title="bbox 595 4141 2141 4215">
    <p class='ocr_par' dir='ltr' id='par_1_61' title="bbox 595 4141 2141 4215">
     <span class='ocr_line' id='line_1_61' title="bbox 595 4141 2141 4215; baseline 0.003 -22"><span class='ocrx_word' id='word_1_478' title='bbox 595 4151 773 4195; x_wconf 87' lang='lat' dir='ltr'><strong>nostra</strong></span> <span class='ocrx_word' id='word_1_479' title='bbox 794 4142 856 4195; x_wconf 89' lang='lat' dir='ltr'><strong>de</strong></span> <span class='ocrx_word' id='word_1_480' title='bbox 890 4141 1242 4210; x_wconf 76' lang='lat' dir='ltr'><strong>profmtditate</strong></span> <span class='ocrx_word' id='word_1_481' title='bbox 1267 4143 1449 4212; x_wconf 67' lang='lat' dir='ltr'><strong>gratiae</strong></span> <span class='ocrx_word' id='word_1_482' title='bbox 1476 4143 1588 4208; x_wconf 86' lang='lat' dir='ltr'><strong>Dei,</strong></span> <span class='ocrx_word' id='word_1_483' title='bbox 1618 4160 1732 4213; x_wconf 78' lang='lat' dir='ltr'><strong>qua:</strong></span> <span class='ocrx_word' id='word_1_484' title='bbox 1764 4146 2141 4215; x_wconf 87' lang='lat' dir='ltr'><strong>comprehendi</strong></span> 
     </span>
    </p>
   </div>
   <div class='ocr_carea' id='block_1_62' title="bbox 594 4231 2141 4302">
    <p class='ocr_par' dir='ltr' id='par_1_62' title="bbox 594 4231 2141 4302">
     <span class='ocr_line' id='line_1_62' title="bbox 594 4231 2141 4302; baseline 0.003 -18"><span class='ocrx_word' id='word_1_485' title='bbox 594 4248 656 4284; x_wconf 82' lang='lat' dir='ltr'><strong>ac</strong></span> <span class='ocrx_word' id='word_1_486' title='bbox 701 4231 973 4296; x_wconf 85' lang='lat' dir='ltr'><strong>dijudicari</strong></span> <span class='ocrx_word' id='word_1_487' title='bbox 1005 4246 1108 4283; x_wconf 88' lang='lat' dir='ltr'><strong>non</strong></span> <span class='ocrx_word' id='word_1_488' title='bbox 1154 4242 1346 4298; x_wconf 87' lang='lat' dir='ltr'><strong>potest,</strong></span> <span class='ocrx_word' id='word_1_489' title='bbox 1376 4234 1622 4288; x_wconf 81' lang='lat' dir='ltr'><strong>universa</strong></span> <span class='ocrx_word' id='word_1_490' title='bbox 1675 4236 1988 4302; x_wconf 87' lang='lat' dir='ltr'><strong>procedunt.</strong></span> <span class='ocrx_word' id='word_1_491' title='bbox 2038 4233 2141 4288; x_wconf 88' lang='lat' dir='ltr'><strong>Sed</strong></span> 
     </span>
    </p>
   </div>
   <div class='ocr_carea' id='block_1_63' title="bbox 594 4317 2141 4390">
    <p class='ocr_par' dir='ltr' id='par_1_63' title="bbox 594 4317 2141 4390">
     <span class='ocr_line' id='line_1_63' title="bbox 594 4317 2141 4390; baseline 0.002 -20"><span class='ocrx_word' id='word_1_492' title='bbox 594 4329 643 4370; x_wconf 89' lang='lat' dir='ltr'><strong>et</strong></span> <span class='ocrx_word' id='word_1_493' title='bbox 687 4319 729 4371; x_wconf 89' lang='lat' dir='ltr'><strong>si</strong></span> <span class='ocrx_word' id='word_1_494' title='bbox 767 4333 894 4371; x_wconf 72' lang='lat' dir='ltr'><strong>crux</strong></span> <span class='ocrx_word' id='word_1_495' title='bbox 948 4317 1141 4371; x_wconf 85' lang='lat' dir='ltr'><strong>Christi</strong></span> <span class='ocrx_word' id='word_1_496' title='bbox 1196 4318 1295 4371; x_wconf 87' lang='lat' dir='ltr'><strong>hoc</strong></span> <span class='ocrx_word' id='word_1_497' title='bbox 1329 4318 1496 4373; x_wconf 87' lang='lat' dir='ltr'><strong>solum</strong></span> <span class='ocrx_word' id='word_1_498' title='bbox 1552 4319 1831 4390; x_wconf 85' lang='lat' dir='ltr'><strong>signiﬁcet,</strong></span> <span class='ocrx_word' id='word_1_499' title='bbox 1880 4321 2018 4388; x_wconf 88' lang='lat' dir='ltr'><strong>quod</strong></span> <span class='ocrx_word' id='word_1_500' title='bbox 2067 4321 2141 4373; x_wconf 90' lang='lat' dir='ltr'><strong>ait</strong></span> 
     </span>
    </p>
   </div>
   <div class='ocr_carea' id='block_1_64' title="bbox 595 4404 2137 4475">
    <p class='ocr_par' dir='ltr' id='par_1_64' title="bbox 595 4404 2137 4475">
     <span class='ocr_line' id='line_1_64' title="bbox 595 4404 2137 4475; baseline 0.004 -18"><span class='ocrx_word' id='word_1_501' title='bbox 595 4406 923 4475; x_wconf 83' lang='lat' dir='ltr'><strong>Apostolus:</strong></span> <span class='ocrx_word' id='word_1_502' title='bbox 958 4404 1058 4470; x_wconf 84' lang='lat' dir='ltr'><strong>Qui</strong></span> <span class='ocrx_word' id='word_1_503' title='bbox 1111 4416 1282 4459; x_wconf 84' lang='lat' dir='ltr'><strong>autem</strong></span> <span class='ocrx_word' id='word_1_504' title='bbox 1326 4416 1443 4459; x_wconf 86' lang='lat' dir='ltr'><strong>sunt</strong></span> <span class='ocrx_word' id='word_1_505' title='bbox 1488 4407 1614 4460; x_wconf 81' lang='lat' dir='ltr'><strong>Jesu</strong></span> <span class='ocrx_word' id='word_1_506' title='bbox 1660 4407 1873 4471; x_wconf 80' lang='lat' dir='ltr'><strong>Christi,</strong></span> <span class='ocrx_word' id='word_1_507' title='bbox 1930 4426 2137 4463; x_wconf 83' lang='lat' dir='ltr'><strong>curaeat</strong></span> 
     </span>
    </p>
   </div>
   <div class='ocr_carea' id='block_1_65' title="bbox 593 4494 2139 4568">
    <p class='ocr_par' dir='ltr' id='par_1_65' title="bbox 593 4494 2139 4568">
     <span class='ocr_line' id='line_1_65' title="bbox 593 4494 2139 4568; baseline 0.004 -21"><span class='ocrx_word' id='word_1_508' title='bbox 593 4512 740 4547; x_wconf 82' lang='lat' dir='ltr'><strong>suam</strong></span> <span class='ocrx_word' id='word_1_509' title='bbox 768 4494 1129 4562; x_wconf 68' lang='lat' dir='ltr'><strong>cruciﬁxerunt</strong></span> <span class='ocrx_word' id='word_1_510' title='bbox 1156 4513 1270 4548; x_wconf 90' lang='lat' dir='ltr'><strong>cum</strong></span> <span class='ocrx_word' id='word_1_511' title='bbox 1294 4497 1613 4565; x_wconf 83' lang='lat' dir='ltr'><strong>passionibus</strong></span> <span class='ocrx_word' id='word_1_512' title='bbox 1642 4508 1689 4551; x_wconf 89' lang='lat' dir='ltr'><strong>et</strong></span> <span class='ocrx_word' id='word_1_513' title='bbox 1724 4499 2139 4568; x_wconf 74' lang='lat' dir='ltr'><strong>concupiscentiis</strong></span> 
     </span>
    </p>
   </div>
   <div class='ocr_carea' id='block_1_66' title="bbox 596 4576 2141 4653">
    <p class='ocr_par' dir='ltr' id='par_1_66' title="bbox 596 4576 2141 4653">
     <span class='ocr_line' id='line_1_66' title="bbox 596 4576 2141 4653; baseline 0.002 -18"><span class='ocrx_word' id='word_1_514' title='bbox 596 4576 736 4650; x_wconf 76' lang='lat' dir='ltr'><strong>(Cal.</strong></span> <span class='ocrx_word' id='word_1_515' title='bbox 761 4599 814 4645; x_wconf 88' lang='lat' dir='ltr'><strong>v,</strong></span> <span class='ocrx_word' id='word_1_516' title='bbox 839 4583 927 4653; x_wconf 66' lang='grc'><strong>24)</strong></span> <span class='ocrx_word' id='word_1_517' title='bbox 951 4623 965 4645; x_wconf 91' lang='grc'><em>,</em></span> <span class='ocrx_word' id='word_1_518' title='bbox 988 4598 1147 4650; x_wconf 91' lang='lat' dir='ltr'><strong>quam</strong></span> <span class='ocrx_word' id='word_1_519' title='bbox 1186 4598 1432 4651; x_wconf 89' lang='lat' dir='ltr'><strong>magnum</strong></span> <span class='ocrx_word' id='word_1_520' title='bbox 1462 4585 1656 4637; x_wconf 89' lang='lat' dir='ltr'><strong>bonum</strong></span> <span class='ocrx_word' id='word_1_521' title='bbox 1684 4585 1802 4637; x_wconf 87' lang='lat' dir='ltr'><strong>est?</strong></span> <span class='ocrx_word' id='word_1_522' title='bbox 1832 4582 1939 4638; x_wconf 81' lang='lat' dir='ltr'><strong>Nec</strong></span> <span class='ocrx_word' id='word_1_523' title='bbox 1964 4594 2141 4639; x_wconf 87' lang='lat' dir='ltr'><strong>tamen</strong></span> 
     </span>
    </p>
   </div>
   <div class='ocr_carea' id='block_1_67' title="bbox 595 4672 2142 4744">
    <p class='ocr_par' dir='ltr' id='par_1_67' title="bbox 595 4672 2142 4744">
     <span class='ocr_line' id='line_1_67' title="bbox 595 4672 2142 4744; baseline 0.003 -19"><span class='ocrx_word' id='word_1_524' title='bbox 595 4674 694 4725; x_wconf 90' lang='lat' dir='ltr'><strong>hoc</strong></span> <span class='ocrx_word' id='word_1_525' title='bbox 720 4672 868 4737; x_wconf 72' lang='lat' dir='ltr'><strong>facit,</strong></span> <span class='ocrx_word' id='word_1_526' title='bbox 906 4672 1007 4725; x_wconf 90' lang='lat' dir='ltr'><strong>nisi</strong></span> <span class='ocrx_word' id='word_1_527' title='bbox 1035 4674 1412 4740; x_wconf 86' lang='lat' dir='ltr'><strong>concupiscens</strong></span> <span class='ocrx_word' id='word_1_528' title='bbox 1436 4672 1691 4728; x_wconf 85' lang='lat' dir='ltr'><strong>adversus</strong></span> <span class='ocrx_word' id='word_1_529' title='bbox 1728 4689 1941 4728; x_wconf 81' lang='lat' dir='ltr'><strong>carnem</strong></span> <span class='ocrx_word' id='word_1_530' title='bbox 1986 4676 2142 4744; x_wconf 89' lang='lat' dir='ltr'><strong>spiri-</strong></span> 
     </span>
    </p>
   </div>
   <div class='ocr_carea' id='block_1_68' title="bbox 599 4761 2143 4823">
    <p class='ocr_par' dir='ltr' id='par_1_68' title="bbox 599 4761 2143 4823">
     <span class='ocr_line' id='line_1_68' title="bbox 599 4761 2143 4823; baseline 0.006 -13"><span class='ocrx_word' id='word_1_531' title='bbox 599 4770 678 4811; x_wconf 90' lang='lat' dir='ltr'><strong>tus</strong></span> <span class='ocrx_word' id='word_1_532' title='bbox 707 4762 895 4823; x_wconf 89' lang='lat' dir='ltr'><strong>bonns,</strong></span> <span class='ocrx_word' id='word_1_533' title='bbox 934 4776 1055 4814; x_wconf 90' lang='lat' dir='ltr'><strong>cum</strong></span> <span class='ocrx_word' id='word_1_534' title='bbox 1082 4761 1224 4813; x_wconf 89' lang='lat' dir='ltr'><strong>illam</strong></span> <span class='ocrx_word' id='word_1_535' title='bbox 1265 4777 1476 4816; x_wconf 89' lang='lat' dir='ltr'><strong>crucem</strong></span> <span class='ocrx_word' id='word_1_536' title='bbox 1524 4762 1723 4817; x_wconf 82' lang='lat' dir='ltr'><strong>Christi</strong></span> <span class='ocrx_word' id='word_1_537' title='bbox 1749 4763 1937 4818; x_wconf 88' lang='lat' dir='ltr'><strong>fecerit</strong></span> <span class='ocrx_word' id='word_1_538' title='bbox 1971 4765 2143 4819; x_wconf 90' lang='lat' dir='ltr'><strong>inimi-</strong></span> 
     </span>
    </p>
   </div>
   <div class='ocr_carea' id='block_1_69' title="bbox 512 4836 2141 4926">
    <p class='ocr_par' dir='ltr' id='par_1_69' title="bbox 512 4836 2141 4926">
     <span class='ocr_line' id='line_1_69' title="bbox 512 4836 2141 4926; baseline 0.008 -26"><span class='ocrx_word' id='word_1_539' title='bbox 512 4836 515 4839; x_wconf 49' lang='grc'><em>’</em></span> <span class='ocrx_word' id='word_1_540' title='bbox 598 4865 712 4910; x_wconf 75' lang='lat' dir='ltr'><strong>rus,</strong></span> <span class='ocrx_word' id='word_1_541' title='bbox 745 4850 795 4901; x_wconf 85' lang='lat' dir='ltr'><strong>id</strong></span> <span class='ocrx_word' id='word_1_542' title='bbox 823 4859 925 4913; x_wconf 90' lang='lat' dir='ltr'><strong>est,</strong></span> <span class='ocrx_word' id='word_1_543' title='bbox 954 4852 1169 4919; x_wconf 89' lang='lat' dir='ltr'><strong>spiritus</strong></span> <span class='ocrx_word' id='word_1_544' title='bbox 1192 4854 1377 4906; x_wconf 88' lang='lat' dir='ltr'><strong>malus.</strong></span> <span class='ocrx_word' id='word_1_545' title='bbox 1409 4854 1683 4909; x_wconf 87' lang='lat' dir='ltr'><strong>Postremo</strong></span> <span class='ocrx_word' id='word_1_546' title='bbox 1716 4858 1842 4923; x_wconf 91' lang='lat' dir='ltr'><strong>quid</strong></span> <span class='ocrx_word' id='word_1_547' title='bbox 1875 4866 1957 4911; x_wconf 89' lang='lat' dir='ltr'><strong>est</strong></span> <span class='ocrx_word' id='word_1_548' title='bbox 2000 4860 2141 4926; x_wconf 91' lang='lat' dir='ltr'><strong>quod</strong></span> 
     </span>
    </p>
   </div>
   <div class='ocr_carea' id='block_1_70' title="bbox 596 4942 2140 5017">
    <p class='ocr_par' dir='ltr' id='par_1_70' title="bbox 596 4942 2140 5017">
     <span class='ocr_line' id='line_1_70' title="bbox 596 4942 2140 5017; baseline 0.009 -29"><span class='ocrx_word' id='word_1_549' title='bbox 596 4953 781 4991; x_wconf 72' lang='lat' dir='ltr'><strong>omines</strong></span> <span class='ocrx_word' id='word_1_550' title='bbox 805 4952 1065 4995; x_wconf 86' lang='lat' dir='ltr'><strong>noverunt</strong></span> <span class='ocrx_word' id='word_1_551' title='bbox 1083 4942 1288 5013; x_wconf 88' lang='lat' dir='ltr'><strong>signum</strong></span> <span class='ocrx_word' id='word_1_552' title='bbox 1314 4944 1487 4997; x_wconf 88' lang='lat' dir='ltr'><strong>crucis</strong></span> <span class='ocrx_word' id='word_1_553' title='bbox 1506 4942 1702 4998; x_wconf 87' lang='lat' dir='ltr'><strong>Christi</strong></span> <span class='ocrx_word' id='word_1_554' title='bbox 1730 4943 1909 5017; x_wconf 81' lang='lat' dir='ltr'><strong>[Aug.,</strong></span> <span class='ocrx_word' id='word_1_555' title='bbox 1931 4948 2140 5016; x_wconf 88' lang='lat' dir='ltr'><strong>signum</strong></span> 
     </span>
    </p>
   </div>
   <div class='ocr_carea' id='block_1_71' title="bbox 598 5024 2143 5100">
    <p class='ocr_par' dir='ltr' id='par_1_71' title="bbox 598 5024 2143 5100">
     <span class='ocr_line' id='line_1_71' title="bbox 598 5024 2143 5100; baseline 0.008 -23"><span class='ocrx_word' id='word_1_556' title='bbox 598 5024 847 5097; x_wconf 77' lang='lat' dir='ltr'><strong>Christi},</strong></span> <span class='ocrx_word' id='word_1_557' title='bbox 880 5029 980 5081; x_wconf 91' lang='lat' dir='ltr'><strong>nisi</strong></span> <span class='ocrx_word' id='word_1_558' title='bbox 1008 5044 1137 5082; x_wconf 82' lang='lat' dir='ltr'><strong>crux</strong></span> <span class='ocrx_word' id='word_1_559' title='bbox 1157 5032 1386 5084; x_wconf 87' lang='lat' dir='ltr'><strong>Christi?</strong></span> <span class='ocrx_word' id='word_1_560' title='bbox 1419 5031 1568 5097; x_wconf 82' lang='lat' dir='ltr'><strong>Quod</strong></span> <span class='ocrx_word' id='word_1_561' title='bbox 1596 5034 1833 5100; x_wconf 89' lang='lat' dir='ltr'><strong>signum,</strong></span> <span class='ocrx_word' id='word_1_562' title='bbox 1866 5034 1965 5088; x_wconf 88' lang='lat' dir='ltr'><strong>nisi</strong></span> <span class='ocrx_word' id='word_1_563' title='bbox 1994 5037 2143 5090; x_wconf 82' lang='lat' dir='ltr'><strong>adhi-</strong></span> 
     </span>
    </p>
   </div>
   <div class='ocr_carea' id='block_1_72' title="bbox 598 5116 2142 5191">
    <p class='ocr_par' dir='ltr' id='par_1_72' title="bbox 598 5116 2142 5191">
     <span class='ocr_line' id='line_1_72' title="bbox 598 5116 2142 5191; baseline 0.008 -25"><span class='ocrx_word' id='word_1_564' title='bbox 598 5116 787 5168; x_wconf 74' lang='lat' dir='ltr'><strong>bentur</strong></span> <span class='ocrx_word' id='word_1_565' title='bbox 825 5118 935 5170; x_wconf 84' lang='lat' dir='ltr'><strong>sive</strong></span> <span class='ocrx_word' id='word_1_566' title='bbox 969 5117 1229 5172; x_wconf 83' lang='lat' dir='ltr'><strong>frontibus</strong></span> <span class='ocrx_word' id='word_1_567' title='bbox 1256 5121 1601 5184; x_wconf 86' lang='lat' dir='ltr'><strong>credentium,</strong></span> <span class='ocrx_word' id='word_1_568' title='bbox 1623 5122 1734 5175; x_wconf 85' lang='lat' dir='ltr'><strong>sive</strong></span> <span class='ocrx_word' id='word_1_569' title='bbox 1764 5122 1861 5189; x_wconf 86' lang='lat' dir='ltr'><strong>ipsi</strong></span> <span class='ocrx_word' id='word_1_570' title='bbox 1901 5136 2049 5191; x_wconf 80' lang='lat' dir='ltr'><strong>aquae</strong></span> <span class='ocrx_word' id='word_1_571' title='bbox 2076 5140 2142 5178; x_wconf 79' lang='lat' dir='ltr'><strong>ex</strong></span> 
     </span>
    </p>
   </div>
   <div class='ocr_carea' id='block_1_73' title="bbox 600 5209 2137 5283">
    <p class='ocr_par' dir='ltr' id='par_1_73' title="bbox 600 5209 2137 5283">
     <span class='ocr_line' id='line_1_73' title="bbox 600 5209 2137 5283; baseline 0.005 -24"><span class='ocrx_word' id='word_1_572' title='bbox 600 5222 704 5274; x_wconf 88' lang='lat' dir='ltr'><strong>qua</strong></span> <span class='ocrx_word' id='word_1_573' title='bbox 758 5221 1159 5277; x_wconf 87' lang='lat' dir='ltr'><strong>regenerantur,</strong></span> <span class='ocrx_word' id='word_1_574' title='bbox 1188 5211 1299 5264; x_wconf 77' lang='lat' dir='ltr'><strong>sive</strong></span> <span class='ocrx_word' id='word_1_575' title='bbox 1332 5209 1448 5263; x_wconf 89' lang='lat' dir='ltr'><strong>oleo</strong></span> <span class='ocrx_word' id='word_1_576' title='bbox 1489 5226 1594 5278; x_wconf 90' lang='lat' dir='ltr'><strong>quo</strong></span> <span class='ocrx_word' id='word_1_577' title='bbox 1646 5214 1969 5267; x_wconf 80' lang='lat' dir='ltr'><strong>charismate</strong></span> <span class='ocrx_word' id='word_1_578' title='bbox 2008 5212 2137 5283; x_wconf 79' lang='grc' dir='ltr'><strong>[Αι.,</strong></span> 
     </span>
    </p>
   </div>
   <div class='ocr_carea' id='block_1_74' title="bbox 602 5297 2140 5371">
    <p class='ocr_par' dir='ltr' id='par_1_74' title="bbox 602 5297 2140 5371">
     <span class='ocr_line' id='line_1_74' title="bbox 602 5297 2140 5371; baseline 0.005 -23"><span class='ocrx_word' id='word_1_579' title='bbox 602 5297 868 5369; x_wconf 86' lang='lat' dir='ltr'><strong>crismate]</strong></span> <span class='ocrx_word' id='word_1_580' title='bbox 896 5299 1053 5368; x_wconf 73' lang='lat'><strong>632</strong></span> <span class='ocrx_word' id='word_1_581' title='bbox 1097 5308 1384 5370; x_wconf 87' lang='lat' dir='ltr'><strong>unguntur,</strong></span> <span class='ocrx_word' id='word_1_582' title='bbox 1414 5300 1525 5353; x_wconf 76' lang='lat' dir='ltr'><strong>sive</strong></span> <span class='ocrx_word' id='word_1_583' title='bbox 1551 5302 1813 5357; x_wconf 78' lang='lat' dir='ltr'><strong>sacriﬁcio</strong></span> <span class='ocrx_word' id='word_1_584' title='bbox 1854 5316 1961 5371; x_wconf 86' lang='lat' dir='ltr'><strong>quo</strong></span> <span class='ocrx_word' id='word_1_585' title='bbox 1994 5302 2140 5356; x_wconf 88' lang='lat' dir='ltr'><strong>alun-</strong></span> 
     </span>
    </p>
   </div>
   <div class='ocr_carea' id='block_1_75' title="bbox 680 5428 1743 5499">
    <p class='ocr_par' dir='ltr' id='par_1_75' title="bbox 680 5428 1743 5499">
     <span class='ocr_line' id='line_1_75' title="bbox 680 5428 1743 5499; baseline 0.004 -20"><span class='ocrx_word' id='word_1_586' title='bbox 680 5441 702 5499; x_wconf 56' lang='grc' dir='ltr'><strong>ξι</strong></span> <span class='ocrx_word' id='word_1_587' title='bbox 730 5428 801 5499; x_wconf 79' lang='lat' dir='ltr'><strong>Ex</strong></span> <span class='ocrx_word' id='word_1_588' title='bbox 828 5428 884 5479; x_wconf 90' lang='lat' dir='ltr'><strong>S.</strong></span> <span class='ocrx_word' id='word_1_589' title='bbox 919 5429 1073 5499; x_wconf 70' lang='lat' dir='ltr'><strong>Aug,</strong></span> <span class='ocrx_word' id='word_1_590' title='bbox 1096 5439 1254 5484; x_wconf 88' lang='lat' dir='ltr'><strong>tract.</strong></span> <span class='ocrx_word' id='word_1_591' title='bbox 1286 5445 1426 5492; x_wconf 63' lang='lat' dir='ltr'><strong>calx,</strong></span> <span class='ocrx_word' id='word_1_592' title='bbox 1453 5444 1601 5499; x_wconf 68' lang='lat' dir='ltr'><strong>nunt.</strong></span> <span class='ocrx_word' id='word_1_593' title='bbox 1632 5430 1743 5483; x_wconf 55' lang='grc' dir='ltr'><strong>μϐ.</strong></span> 
     </span>
    </p>
   </div>
   <div class='ocr_carea' id='block_1_76' title="bbox 678 5496 2142 5567">
    <p class='ocr_par' dir='ltr' id='par_1_76' title="bbox 678 5496 2142 5567">
     <span class='ocr_line' id='line_1_76' title="bbox 678 5496 2142 5567; baseline 0.005 -21"><span class='ocrx_word' id='word_1_594' title='bbox 678 5496 702 5533; x_wconf 74' lang='grc' dir='ltr'>δ</span> <span class='ocrx_word' id='word_1_595' title='bbox 733 5498 925 5565; x_wconf 75' lang='lat' dir='ltr'><strong>Supple</strong></span> <span class='ocrx_word' id='word_1_596' title='bbox 962 5496 1023 5551; x_wconf 73' lang='lat' dir='ltr'><strong>ei</strong></span> <span class='ocrx_word' id='word_1_597' title='bbox 1057 5500 1187 5567; x_wconf 74' lang='lat' dir='ltr'><strong>Aug.</strong></span> <span class='ocrx_word' id='word_1_598' title='bbox 1232 5499 1331 5567; x_wconf 85' lang='lat' dir='ltr'><strong>loc.</strong></span> <span class='ocrx_word' id='word_1_599' title='bbox 1363 5501 1475 5553; x_wconf 90' lang='lat' dir='ltr'><strong>cit.:</strong></span> <span class='ocrx_word' id='word_1_600' title='bbox 1510 5518 1528 5551; x_wconf 74' lang='grc' dir='ltr'>ι</span> <span class='ocrx_word' id='word_1_601' title='bbox 1562 5498 1691 5551; x_wconf 81' lang='lat' dir='ltr'><strong>Nam</strong></span> <span class='ocrx_word' id='word_1_602' title='bbox 1728 5515 1822 5553; x_wconf 79' lang='lat' dir='ltr'><strong>our</strong></span> <span class='ocrx_word' id='word_1_603' title='bbox 1869 5501 1966 5554; x_wconf 86' lang='lat' dir='ltr'><strong>hoc</strong></span> <span class='ocrx_word' id='word_1_604' title='bbox 2006 5500 2142 5555; x_wconf 81' lang='lat' dir='ltr'><strong>fece-</strong></span> 
     </span>
    </p>
   </div>
   <div class='ocr_carea' id='block_1_77' title="bbox 609 5563 2134 5639">
    <p class='ocr_par' dir='ltr' id='par_1_77' title="bbox 609 5563 2134 5639">
     <span class='ocr_line' id='line_1_77' title="bbox 609 5563 2134 5639; baseline 0.004 -22"><span class='ocrx_word' id='word_1_605' title='bbox 609 5563 707 5621; x_wconf 78' lang='lat' dir='ltr'><strong>rit,</strong></span> <span class='ocrx_word' id='word_1_606' title='bbox 746 5563 881 5630; x_wconf 70' lang='lat' dir='ltr'><strong>quod</strong></span> <span class='ocrx_word' id='word_1_607' title='bbox 914 5563 1406 5634; x_wconf 56' lang='lat' dir='ltr'><strong>sequitur&#39;indicat;</strong></span> <span class='ocrx_word' id='word_1_608' title='bbox 1450 5569 1519 5621; x_wconf 79' lang='lat' dir='ltr'><strong>ait</strong></span> <span class='ocrx_word' id='word_1_609' title='bbox 1573 5568 1710 5621; x_wconf 82' lang='lat' dir='ltr'><strong>enim</strong></span> <span class='ocrx_word' id='word_1_610' title='bbox 1755 5568 2088 5639; x_wconf 80' lang='lat' dir='ltr'><strong>Evangelista</strong></span> <span class='ocrx_word' id='word_1_611' title='bbox 2124 5589 2134 5622; x_wconf 89' lang='grc'>;</span> 
     </span>
    </p>
   </div>
   <div class='ocr_carea' id='block_1_78' title="bbox 2245 1828 3793 1896">
    <p class='ocr_par' dir='ltr' id='par_1_78' title="bbox 2245 1828 3793 1896">
     <span class='ocr_line' id='line_1_78' title="bbox 2245 1828 3793 1896; baseline 0.001 -15"><span class='ocrx_word' id='word_1_612' title='bbox 2245 1842 2597 1881; x_wconf 78' lang='lat' dir='ltr'><strong>conversurus</strong></span> <span class='ocrx_word' id='word_1_613' title='bbox 2642 1829 2691 1880; x_wconf 91' lang='lat' dir='ltr'><strong>in</strong></span> <span class='ocrx_word' id='word_1_614' title='bbox 2722 1829 2899 1880; x_wconf 84' lang='lat' dir='ltr'><strong>vinum</strong></span> <span class='ocrx_word' id='word_1_615' title='bbox 2943 1828 3149 1883; x_wconf 74' lang='lat' dir='ltr'><strong>dixerat</strong></span> <span class='ocrx_word' id='word_1_616' title='bbox 3176 1831 3333 1883; x_wconf 88' lang='lat' dir='ltr'><strong>matri</strong></span> <span class='ocrx_word' id='word_1_617' title='bbox 3364 1848 3376 1891; x_wconf 90' lang='lat'>;</span> <span class='ocrx_word' id='word_1_618' title='bbox 3407 1829 3545 1896; x_wconf 83' lang='lat' dir='ltr'><strong>Quid</strong></span> <span class='ocrx_word' id='word_1_619' title='bbox 3591 1833 3713 1885; x_wconf 79' lang='lat' dir='ltr'><strong>mihi</strong></span> <span class='ocrx_word' id='word_1_620' title='bbox 3743 1841 3793 1885; x_wconf 87' lang='lat' dir='ltr'><strong>et</strong></span> 
     </span>
    </p>
   </div>
   <div class='ocr_carea' id='block_1_79' title="bbox 2242 1916 3790 1988">
    <p class='ocr_par' dir='ltr' id='par_1_79' title="bbox 2242 1916 3790 1988">
     <span class='ocr_line' id='line_1_79' title="bbox 2242 1916 3790 1988; baseline 0.003 -21"><span class='ocrx_word' id='word_1_621' title='bbox 2242 1918 2332 1968; x_wconf 88' lang='lat' dir='ltr'><strong>tibi</strong></span> <span class='ocrx_word' id='word_1_622' title='bbox 2359 1926 2432 1969; x_wconf 86' lang='lat' dir='ltr'><strong>est</strong></span> <span class='ocrx_word' id='word_1_623' title='bbox 2462 1916 2683 1968; x_wconf 81' lang='lat' dir='ltr'><strong>ntulich</strong></span> <span class='ocrx_word' id='word_1_624' title='bbox 2708 1916 2959 1971; x_wconf 63' lang='lat' dir='ltr'><strong>Nondum.</strong></span> <span class='ocrx_word' id='word_1_625' title='bbox 2976 1919 3105 1970; x_wconf 85' lang='lat' dir='ltr'><strong>rcait</strong></span> <span class='ocrx_word' id='word_1_626' title='bbox 3132 1918 3261 1970; x_wconf 77' lang='lat' dir='ltr'><strong>liora</strong></span> <span class='ocrx_word' id='word_1_627' title='bbox 3290 1936 3401 1971; x_wconf 84' lang='lat' dir='ltr'><strong>mea</strong></span> <span class='ocrx_word' id='word_1_628' title='bbox 3422 1916 3602 1987; x_wconf 74' lang='lat' dir='ltr'><strong>(loan.</strong></span> <span class='ocrx_word' id='word_1_629' title='bbox 3626 1936 3686 1983; x_wconf 86' lang='lat' dir='ltr'><strong>ll,</strong></span> <span class='ocrx_word' id='word_1_630' title='bbox 3712 1920 3790 1988; x_wconf 74' lang='grc'><strong>4),</strong></span> 
     </span>
    </p>
   </div>
   <div class='ocr_carea' id='block_1_80' title="bbox 2244 2005 3791 2075">
    <p class='ocr_par' dir='ltr' id='par_1_80' title="bbox 2244 2005 3791 2075">
     <span class='ocr_line' id='line_1_80' title="bbox 2244 2005 3791 2075; baseline 0.002 -17"><span class='ocrx_word' id='word_1_631' title='bbox 2244 2005 2390 2058; x_wconf 83' lang='lat' dir='ltr'><strong>Hanc</strong></span> <span class='ocrx_word' id='word_1_632' title='bbox 2411 2006 2587 2074; x_wconf 87' lang='lat' dir='ltr'><strong>itaque</strong></span> <span class='ocrx_word' id='word_1_633' title='bbox 2623 2007 2807 2059; x_wconf 78' lang='lat' dir='ltr'><strong>harant</strong></span> <span class='ocrx_word' id='word_1_634' title='bbox 2846 2006 3200 2074; x_wconf 63' lang='lat' dir='ltr'><strong>pra-dixerat,</strong></span> <span class='ocrx_word' id='word_1_635' title='bbox 3239 2022 3357 2075; x_wconf 73' lang='lat' dir='ltr'><strong>qum</strong></span> <span class='ocrx_word' id='word_1_636' title='bbox 3396 2016 3521 2061; x_wconf 92' lang='lat' dir='ltr'><strong>tunc</strong></span> <span class='ocrx_word' id='word_1_637' title='bbox 3559 2010 3791 2063; x_wconf 89' lang='lat' dir='ltr'><strong>nondum</strong></span> 
     </span>
    </p>
   </div>
   <div class='ocr_carea' id='block_1_81' title="bbox 2243 2094 3803 2162">
    <p class='ocr_par' dir='ltr' id='par_1_81' title="bbox 2243 2094 3803 2162">
     <span class='ocr_line' id='line_1_81' title="bbox 2243 2094 3803 2162; baseline 0.003 -17"><span class='ocrx_word' id='word_1_638' title='bbox 2243 2102 2483 2156; x_wconf 86' lang='lat' dir='ltr'><strong>venerat,</strong></span> <span class='ocrx_word' id='word_1_639' title='bbox 2512 2094 2563 2145; x_wconf 89' lang='lat' dir='ltr'><strong>in</strong></span> <span class='ocrx_word' id='word_1_640' title='bbox 2591 2108 2695 2162; x_wconf 89' lang='lat' dir='ltr'><strong>qua</strong></span> <span class='ocrx_word' id='word_1_641' title='bbox 2724 2094 2940 2147; x_wconf 88' lang='lat' dir='ltr'><strong>deberet</strong></span> <span class='ocrx_word' id='word_1_642' title='bbox 2967 2095 3182 2162; x_wconf 80' lang='lat' dir='ltr'><strong>agnosci</strong></span> <span class='ocrx_word' id='word_1_643' title='bbox 3212 2109 3240 2147; x_wconf 91' lang='lat' dir='ltr'><strong>a</strong></span> <span class='ocrx_word' id='word_1_644' title='bbox 3273 2104 3442 2148; x_wconf 86' lang='lat' dir='ltr'><strong>matre</strong></span> <span class='ocrx_word' id='word_1_645' title='bbox 3483 2098 3803 2160; x_wconf 74' lang='lat' dir='ltr'><strong>moriturus,</strong></span> 
     </span>
    </p>
   </div>
   <div class='ocr_carea' id='block_1_82' title="bbox 2243 2183 3794 2254">
    <p class='ocr_par' dir='ltr' id='par_1_82' title="bbox 2243 2183 3794 2254">
     <span class='ocr_line' id='line_1_82' title="bbox 2243 2183 3794 2254; baseline 0.004 -18"><span class='ocrx_word' id='word_1_646' title='bbox 2243 2184 2307 2236; x_wconf 91' lang='lat' dir='ltr'><strong>de</strong></span> <span class='ocrx_word' id='word_1_647' title='bbox 2335 2198 2438 2251; x_wconf 87' lang='lat' dir='ltr'><strong>qua</strong></span> <span class='ocrx_word' id='word_1_648' title='bbox 2483 2183 2655 2237; x_wconf 87' lang='lat' dir='ltr'><strong>fuerat</strong></span> <span class='ocrx_word' id='word_1_649' title='bbox 2706 2185 3003 2237; x_wconf 89' lang='lat' dir='ltr'><strong>mortaliter</strong></span> <span class='ocrx_word' id='word_1_650' title='bbox 3048 2193 3219 2238; x_wconf 87' lang='lat' dir='ltr'><strong>natus.</strong></span> <span class='ocrx_word' id='word_1_651' title='bbox 3262 2185 3408 2239; x_wconf 90' lang='lat' dir='ltr'><strong>Tunc</strong></span> <span class='ocrx_word' id='word_1_652' title='bbox 3451 2201 3577 2254; x_wconf 83' lang='lat' dir='ltr'><strong>ergo</strong></span> <span class='ocrx_word' id='word_1_653' title='bbox 3619 2187 3794 2241; x_wconf 82' lang='lat' dir='ltr'><strong>divina</strong></span> 
     </span>
    </p>
   </div>
   <div class='ocr_carea' id='block_1_83' title="bbox 2243 2270 3792 2340">
    <p class='ocr_par' dir='ltr' id='par_1_83' title="bbox 2243 2270 3792 2340">
     <span class='ocr_line' id='line_1_83' title="bbox 2243 2270 3792 2340; baseline 0.004 -16"><span class='ocrx_word' id='word_1_654' title='bbox 2243 2270 2499 2334; x_wconf 84' lang='lat' dir='ltr'><strong>facturus,</strong></span> <span class='ocrx_word' id='word_1_655' title='bbox 2534 2286 2638 2324; x_wconf 91' lang='lat' dir='ltr'><strong>non</strong></span> <span class='ocrx_word' id='word_1_656' title='bbox 2690 2272 3003 2331; x_wconf 84' lang='lat' dir='ltr'><strong>divinitatis.</strong></span> <span class='ocrx_word' id='word_1_657' title='bbox 3034 2274 3126 2326; x_wconf 87' lang='lat' dir='ltr'><strong>sed</strong></span> <span class='ocrx_word' id='word_1_658' title='bbox 3175 2274 3502 2328; x_wconf 86' lang='lat' dir='ltr'><strong>inﬁrmitatis</strong></span> <span class='ocrx_word' id='word_1_659' title='bbox 3546 2285 3792 2340; x_wconf 77' lang='lat' dir='ltr'><strong>matrem,</strong></span> 
     </span>
    </p>
   </div>
   <div class='ocr_carea' id='block_1_84' title="bbox 2243 2360 3793 2435">
    <p class='ocr_par' dir='ltr' id='par_1_84' title="bbox 2243 2360 3793 2435">
     <span class='ocr_line' id='line_1_84' title="bbox 2243 2360 3793 2435; baseline 0.005 -23"><span class='ocrx_word' id='word_1_660' title='bbox 2243 2360 2384 2415; x_wconf 80' lang='lat' dir='ltr'><strong>velut</strong></span> <span class='ocrx_word' id='word_1_661' title='bbox 2415 2360 2733 2431; x_wconf 76' lang='lat' dir='ltr'><strong>incognitam</strong></span> <span class='ocrx_word' id='word_1_662' title='bbox 2758 2361 3031 2416; x_wconf 83' lang='lat' dir='ltr'><strong>refellebat</strong></span> <span class='ocrx_word' id='word_1_663' title='bbox 3050 2362 3229 2433; x_wconf 85' lang='lat' dir='ltr'><strong>[.lug.,</strong></span> <span class='ocrx_word' id='word_1_664' title='bbox 3267 2364 3575 2435; x_wconf 82' lang='lat' dir='ltr'><strong>repellebat]</strong></span> <span class='ocrx_word' id='word_1_665' title='bbox 3608 2384 3619 2416; x_wconf 94' lang='lat'>:</span> <span class='ocrx_word' id='word_1_666' title='bbox 3649 2380 3793 2419; x_wconf 89' lang='lat' dir='ltr'><strong>nunc</strong></span> 
     </span>
    </p>
   </div>
   <div class='ocr_carea' id='block_1_85' title="bbox 2242 2451 3795 2523">
    <p class='ocr_par' dir='ltr' id='par_1_85' title="bbox 2242 2451 3795 2523">
     <span class='ocr_line' id='line_1_85' title="bbox 2242 2451 3795 2523; baseline 0.005 -19"><span class='ocrx_word' id='word_1_667' title='bbox 2242 2460 2418 2505; x_wconf 89' lang='lat' dir='ltr'><strong>autem</strong></span> <span class='ocrx_word' id='word_1_668' title='bbox 2462 2452 2690 2505; x_wconf 88' lang='lat' dir='ltr'><strong>humana</strong></span> <span class='ocrx_word' id='word_1_669' title='bbox 2722 2451 2832 2520; x_wconf 85' lang='lat' dir='ltr'><strong>jam</strong></span> <span class='ocrx_word' id='word_1_670' title='bbox 2874 2454 3113 2522; x_wconf 85' lang='lat' dir='ltr'><strong>patiens,</strong></span> <span class='ocrx_word' id='word_1_671' title='bbox 3163 2470 3227 2508; x_wconf 74' lang='lat' dir='ltr'><strong>ex</strong></span> <span class='ocrx_word' id='word_1_672' title='bbox 3257 2470 3363 2523; x_wconf 85' lang='lat' dir='ltr'><strong>qua</strong></span> <span class='ocrx_word' id='word_1_673' title='bbox 3407 2454 3582 2508; x_wconf 86' lang='lat' dir='ltr'><strong>fuerat</strong></span> <span class='ocrx_word' id='word_1_674' title='bbox 3624 2454 3795 2510; x_wconf 78' lang='lat' dir='ltr'><strong>factus</strong></span> 
     </span>
    </p>
   </div>
   <div class='ocr_carea' id='block_1_86' title="bbox 2242 2538 3799 2600">
    <p class='ocr_par' dir='ltr' id='par_1_86' title="bbox 2242 2538 3799 2600">
     <span class='ocr_line' id='line_1_86' title="bbox 2242 2538 3799 2600; baseline 0.004 -7"><span class='ocrx_word' id='word_1_675' title='bbox 2242 2539 2416 2600; x_wconf 90' lang='lat' dir='ltr'><strong>homo,</strong></span> <span class='ocrx_word' id='word_1_676' title='bbox 2450 2538 2640 2594; x_wconf 77' lang='lat' dir='ltr'><strong>all&#39;ectu</strong></span> <span class='ocrx_word' id='word_1_677' title='bbox 2695 2539 3101 2594; x_wconf 84' lang='lat' dir='ltr'><strong>commendabat</strong></span> <span class='ocrx_word' id='word_1_678' title='bbox 3154 2543 3402 2596; x_wconf 88' lang='lat' dir='ltr'><strong>humano.</strong></span> <span class='ocrx_word' id='word_1_679' title='bbox 3457 2543 3606 2599; x_wconf 85' lang='lat' dir='ltr'><strong>Tunc</strong></span> <span class='ocrx_word' id='word_1_680' title='bbox 3650 2545 3799 2599; x_wconf 84' lang='lat' dir='ltr'><strong>enim</strong></span> 
     </span>
    </p>
   </div>
   <div class='ocr_carea' id='block_1_87' title="bbox 2241 2627 3796 2698">
    <p class='ocr_par' dir='ltr' id='par_1_87' title="bbox 2241 2627 3796 2698">
     <span class='ocr_line' id='line_1_87' title="bbox 2241 2627 3796 2698; baseline 0.006 -19"><span class='ocrx_word' id='word_1_681' title='bbox 2241 2627 2331 2697; x_wconf 90' lang='lat' dir='ltr'><strong>qui</strong></span> <span class='ocrx_word' id='word_1_682' title='bbox 2371 2627 2591 2681; x_wconf 78' lang='lat' dir='ltr'><strong>Mariam</strong></span> <span class='ocrx_word' id='word_1_683' title='bbox 2631 2638 2942 2693; x_wconf 70' lang='lat' dir='ltr'><strong>creaverat,</strong></span> <span class='ocrx_word' id='word_1_684' title='bbox 2993 2629 3355 2687; x_wconf 87' lang='lat' dir='ltr'><strong>innotescebat</strong></span> <span class='ocrx_word' id='word_1_685' title='bbox 3384 2632 3606 2698; x_wconf 84' lang='lat' dir='ltr'><strong>virtute;</strong></span> <span class='ocrx_word' id='word_1_686' title='bbox 3657 2650 3796 2688; x_wconf 86' lang='lat' dir='ltr'><strong>nunc</strong></span> 
     </span>
    </p>
   </div>
   <div class='ocr_carea' id='block_1_88' title="bbox 2242 2718 3797 2788">
    <p class='ocr_par' dir='ltr' id='par_1_88' title="bbox 2242 2718 3797 2788">
     <span class='ocr_line' id='line_1_88' title="bbox 2242 2718 3797 2788; baseline 0.005 -18"><span class='ocrx_word' id='word_1_687' title='bbox 2242 2734 2367 2772; x_wconf 80' lang='lat' dir='ltr'><strong>vero</strong></span> <span class='ocrx_word' id='word_1_688' title='bbox 2388 2734 2544 2787; x_wconf 88' lang='lat' dir='ltr'><strong>quem</strong></span> <span class='ocrx_word' id='word_1_689' title='bbox 2567 2718 2730 2773; x_wconf 85' lang='lat' dir='ltr'><strong>Maria</strong></span> <span class='ocrx_word' id='word_1_690' title='bbox 2754 2723 3398 2788; x_wconf 87' lang='lat' dir='ltr'><strong>pepererat,pendebatin</strong></span> <span class='ocrx_word' id='word_1_691' title='bbox 3423 2739 3601 2777; x_wconf 89' lang='lat' dir='ltr'><strong>cruce.</strong></span> <span class='ocrx_word' id='word_1_692' title='bbox 3625 2742 3644 2774; x_wconf 83' lang='grc'><em>‹</em></span> <span class='ocrx_word' id='word_1_693' title='bbox 3664 2724 3797 2777; x_wconf 73' lang='lat' dir='ltr'><strong>Mor-</strong></span> 
     </span>
    </p>
   </div>
   <div class='ocr_carea' id='block_1_89' title="bbox 2242 2806 3796 2879">
    <p class='ocr_par' dir='ltr' id='par_1_89' title="bbox 2242 2806 3796 2879">
     <span class='ocr_line' id='line_1_89' title="bbox 2242 2806 3796 2879; baseline 0.003 -20"><span class='ocrx_word' id='word_1_694' title='bbox 2242 2806 2362 2860; x_wconf 87' lang='lat' dir='ltr'><strong>talis</strong></span> <span class='ocrx_word' id='word_1_695' title='bbox 2391 2806 2550 2875; x_wconf 83' lang='lat' dir='ltr'><strong>igitur</strong></span> <span class='ocrx_word' id='word_1_696' title='bbox 2579 2807 2878 2861; x_wconf 86' lang='lat' dir='ltr'><strong>insinuatur</strong></span> <span class='ocrx_word' id='word_1_697' title='bbox 2907 2808 3113 2863; x_wconf 88' lang='lat' dir='ltr'><strong>locutus</strong></span> <span class='ocrx_word' id='word_1_698' title='bbox 3142 2808 3266 2877; x_wconf 79' lang='lat' dir='ltr'><strong>|Ms.</strong></span> <span class='ocrx_word' id='word_1_699' title='bbox 3312 2820 3359 2862; x_wconf 90' lang='lat' dir='ltr'><strong>et</strong></span> <span class='ocrx_word' id='word_1_700' title='bbox 3394 2811 3551 2879; x_wconf 79' lang='lat' dir='ltr'><strong>Aug.,</strong></span> <span class='ocrx_word' id='word_1_701' title='bbox 3582 2810 3796 2864; x_wconf 72' lang='lat' dir='ltr'><strong>Moralis</strong></span> 
     </span>
    </p>
   </div>
   <div class='ocr_carea' id='block_1_90' title="bbox 2243 2896 3796 2969">
    <p class='ocr_par' dir='ltr' id='par_1_90' title="bbox 2243 2896 3796 2969">
     <span class='ocr_line' id='line_1_90' title="bbox 2243 2896 3796 2969; baseline 0.004 -20"><span class='ocrx_word' id='word_1_702' title='bbox 2243 2896 2539 2951; x_wconf 86' lang='lat' dir='ltr'><strong>insinuatur</strong></span> <span class='ocrx_word' id='word_1_703' title='bbox 2562 2897 2751 2969; x_wconf 79' lang='lat' dir='ltr'><strong>locus].</strong></span> <span class='ocrx_word' id='word_1_704' title='bbox 2779 2897 2926 2952; x_wconf 85' lang='lat' dir='ltr'><strong>Facit</strong></span> <span class='ocrx_word' id='word_1_705' title='bbox 2954 2899 3093 2967; x_wconf 82' lang='lat' dir='ltr'><strong>quod</strong></span> <span class='ocrx_word' id='word_1_706' title='bbox 3119 2898 3416 2954; x_wconf 89' lang='lat' dir='ltr'><strong>faciendum</strong></span> <span class='ocrx_word' id='word_1_707' title='bbox 3447 2901 3718 2966; x_wconf 86' lang='lat' dir='ltr'><strong>admonet,</strong></span> <span class='ocrx_word' id='word_1_708' title='bbox 3738 2910 3796 2956; x_wconf 83' lang='lat' dir='ltr'><strong>et</strong></span> 
     </span>
    </p>
   </div>
   <div class='ocr_carea' id='block_1_91' title="bbox 2242 2985 3793 3061">
    <p class='ocr_par' dir='ltr' id='par_1_91' title="bbox 2242 2985 3793 3061">
     <span class='ocr_line' id='line_1_91' title="bbox 2242 2985 3793 3061; baseline 0.006 -25"><span class='ocrx_word' id='word_1_709' title='bbox 2242 2985 2482 3052; x_wconf 73' lang='lat' dir='ltr'><strong>exemplo</strong></span> <span class='ocrx_word' id='word_1_710' title='bbox 2526 3001 2622 3038; x_wconf 90' lang='lat' dir='ltr'><strong>suo</strong></span> <span class='ocrx_word' id='word_1_711' title='bbox 2650 3001 2774 3040; x_wconf 90' lang='lat' dir='ltr'><strong>suos</strong></span> <span class='ocrx_word' id='word_1_712' title='bbox 2809 2987 3061 3041; x_wconf 80' lang='lat' dir='ltr'><strong>instruxit</strong></span> <span class='ocrx_word' id='word_1_713' title='bbox 3099 2998 3392 3057; x_wconf 77' lang='lat' dir='ltr'><strong>prmccptor</strong></span> <span class='ocrx_word' id='word_1_714' title='bbox 3420 2990 3589 3043; x_wconf 88' lang='lat' dir='ltr'><strong>bonus</strong></span> <span class='ocrx_word' id='word_1_715' title='bbox 3613 3031 3633 3061; x_wconf 18' lang='grc' dir='ltr'><strong>,η</strong></span> <span class='ocrx_word' id='word_1_716' title='bbox 3678 2999 3793 3045; x_wconf 75' lang='lat' dir='ltr'><strong>ut:</strong></span> 
     </span>
    </p>
   </div>
   <div class='ocr_carea' id='block_1_92' title="bbox 2246 3073 3795 3147">
    <p class='ocr_par' dir='ltr' id='par_1_92' title="bbox 2246 3073 3795 3147">
     <span class='ocr_line' id='line_1_92' title="bbox 2246 3073 3795 3147; baseline 0.006 -22"><span class='ocrx_word' id='word_1_717' title='bbox 2246 3073 2366 3128; x_wconf 87' lang='lat' dir='ltr'><strong>ﬁliis</strong></span> <span class='ocrx_word' id='word_1_718' title='bbox 2387 3076 2488 3143; x_wconf 89' lang='lat' dir='ltr'><strong>piis</strong></span> <span class='ocrx_word' id='word_1_719' title='bbox 2528 3076 2861 3145; x_wconf 89' lang='lat' dir='ltr'><strong>impendatur</strong></span> <span class='ocrx_word' id='word_1_720' title='bbox 2890 3093 3015 3131; x_wconf 89' lang='lat' dir='ltr'><strong>cura</strong></span> <span class='ocrx_word' id='word_1_721' title='bbox 3044 3080 3353 3147; x_wconf 89' lang='lat' dir='ltr'><strong>parentibus</strong></span> <span class='ocrx_word' id='word_1_722' title='bbox 3390 3098 3403 3131; x_wconf 90' lang='lat'><strong>:</strong></span> <span class='ocrx_word' id='word_1_723' title='bbox 3436 3088 3687 3147; x_wconf 86' lang='lat' dir='ltr'><strong>tanquam</strong></span> <span class='ocrx_word' id='word_1_724' title='bbox 3731 3082 3795 3135; x_wconf 77' lang='lat' dir='ltr'><strong>li-</strong></span> 
     </span>
    </p>
   </div>
   <div class='ocr_carea' id='block_1_93' title="bbox 2241 3164 3794 3232">
    <p class='ocr_par' dir='ltr' id='par_1_93' title="bbox 2241 3164 3794 3232">
     <span class='ocr_line' id='line_1_93' title="bbox 2241 3164 3794 3232; baseline 0.006 -17"><span class='ocrx_word' id='word_1_725' title='bbox 2241 3178 2401 3231; x_wconf 87' lang='lat' dir='ltr'><strong>gnum</strong></span> <span class='ocrx_word' id='word_1_726' title='bbox 2430 3164 2558 3217; x_wconf 91' lang='lat' dir='ltr'><strong>illud</strong></span> <span class='ocrx_word' id='word_1_727' title='bbox 2580 3164 2665 3217; x_wconf 89' lang='lat' dir='ltr'><strong>ubi</strong></span> <span class='ocrx_word' id='word_1_728' title='bbox 2706 3175 2860 3218; x_wconf 90' lang='lat' dir='ltr'><strong>erant</strong></span> <span class='ocrx_word' id='word_1_729' title='bbox 2885 3166 2989 3218; x_wconf 76' lang='lat' dir='ltr'><strong>lixa</strong></span> <span class='ocrx_word' id='word_1_730' title='bbox 3016 3168 3252 3221; x_wconf 75' lang='lat' dir='ltr'><strong>membra</strong></span> <span class='ocrx_word' id='word_1_731' title='bbox 3288 3170 3588 3232; x_wconf 85' lang='lat' dir='ltr'><strong>morientis,</strong></span> <span class='ocrx_word' id='word_1_732' title='bbox 3630 3172 3794 3226; x_wconf 79' lang='lat' dir='ltr'><strong>etiam</strong></span> 
     </span>
    </p>
   </div>
   <div class='ocr_carea' id='block_1_94' title="bbox 2241 3252 3794 3323">
    <p class='ocr_par' dir='ltr' id='par_1_94' title="bbox 2241 3252 3794 3323">
     <span class='ocr_line' id='line_1_94' title="bbox 2241 3252 3794 3323; baseline 0.005 -18"><span class='ocrx_word' id='word_1_733' title='bbox 2241 3253 2489 3306; x_wconf 89' lang='lat' dir='ltr'><strong>cathedra</strong></span> <span class='ocrx_word' id='word_1_734' title='bbox 2522 3252 2682 3307; x_wconf 88' lang='lat' dir='ltr'><strong>fuerit</strong></span> <span class='ocrx_word' id='word_1_735' title='bbox 2705 3255 2945 3323; x_wconf 78' lang='lat' dir='ltr'><strong>magistri</strong></span> <span class='ocrx_word' id='word_1_736' title='bbox 2968 3256 3206 3310; x_wconf 88' lang='lat' dir='ltr'><strong>docentis</strong></span> <span class='ocrx_word' id='word_1_737' title='bbox 3228 3257 3275 3310; x_wconf 72' lang='grc' dir='ltr'><strong>ι».</strong></span> <span class='ocrx_word' id='word_1_738' title='bbox 3308 3256 3390 3309; x_wconf 72' lang='lat' dir='ltr'><strong>Ea:</strong></span> <span class='ocrx_word' id='word_1_739' title='bbox 3418 3256 3509 3310; x_wconf 90' lang='lat' dir='ltr'><strong>illa</strong></span> <span class='ocrx_word' id='word_1_740' title='bbox 3538 3258 3666 3312; x_wconf 76' lang='lat' dir='ltr'><strong>liora</strong></span> <span class='ocrx_word' id='word_1_741' title='bbox 3704 3277 3794 3313; x_wconf 79' lang='lat' dir='ltr'><strong>ac-</strong></span> 
     </span>
    </p>
   </div>
   <div class='ocr_carea' id='block_1_95' title="bbox 2241 3328 3791 3414">
    <p class='ocr_par' dir='ltr' id='par_1_95' title="bbox 2241 3328 3791 3414">
     <span class='ocr_line' id='line_1_95' title="bbox 2241 3328 3791 3414; baseline 0.005 -21"><span class='ocrx_word' id='word_1_742' title='bbox 2241 3342 2371 3411; x_wconf 78' lang='lat' dir='ltr'><strong>cepit</strong></span> <span class='ocrx_word' id='word_1_743' title='bbox 2397 3358 2510 3395; x_wconf 87' lang='lat' dir='ltr'><strong>eam</strong></span> <span class='ocrx_word' id='word_1_744' title='bbox 2536 3342 2822 3411; x_wconf 79' lang='lat' dir='ltr'><strong>discipulus</strong></span> <span class='ocrx_word' id='word_1_745' title='bbox 2850 3345 2903 3397; x_wconf 87' lang='lat' dir='ltr'><strong>in</strong></span> <span class='ocrx_word' id='word_1_746' title='bbox 2928 3328 3043 3405; x_wconf 86' lang='lat' dir='ltr'><strong>sua,</strong></span> <span class='ocrx_word' id='word_1_747' title='bbox 3070 3344 3133 3398; x_wconf 89' lang='lat' dir='ltr'><strong>de</strong></span> <span class='ocrx_word' id='word_1_748' title='bbox 3162 3346 3449 3414; x_wconf 86' lang='lat' dir='ltr'><strong>semetipso</strong></span> <span class='ocrx_word' id='word_1_749' title='bbox 3472 3347 3671 3401; x_wconf 88' lang='lat' dir='ltr'><strong>dicens.</strong></span> <span class='ocrx_word' id='word_1_750' title='bbox 3701 3347 3791 3400; x_wconf 86' lang='lat' dir='ltr'><strong>Sic</strong></span> 
     </span>
    </p>
   </div>
   <div class='ocr_carea' id='block_1_96' title="bbox 2240 3433 3794 3506">
    <p class='ocr_par' dir='ltr' id='par_1_96' title="bbox 2240 3433 3794 3506">
     <span class='ocr_line' id='line_1_96' title="bbox 2240 3433 3794 3506; baseline 0.003 -22"><span class='ocrx_word' id='word_1_751' title='bbox 2240 3433 2434 3500; x_wconf 89' lang='lat' dir='ltr'><strong>quippe</strong></span> <span class='ocrx_word' id='word_1_752' title='bbox 2480 3448 2900 3487; x_wconf 87' lang='lat' dir='ltr'><strong>commemorare</strong></span> <span class='ocrx_word' id='word_1_753' title='bbox 2928 3450 2984 3489; x_wconf 90' lang='lat' dir='ltr'><strong>se</strong></span> <span class='ocrx_word' id='word_1_754' title='bbox 3029 3435 3183 3499; x_wconf 87' lang='lat' dir='ltr'><strong>solet,</strong></span> <span class='ocrx_word' id='word_1_755' title='bbox 3229 3437 3369 3505; x_wconf 90' lang='lat' dir='ltr'><strong>quod</strong></span> <span class='ocrx_word' id='word_1_756' title='bbox 3397 3452 3518 3491; x_wconf 89' lang='lat' dir='ltr'><strong>eum</strong></span> <span class='ocrx_word' id='word_1_757' title='bbox 3544 3437 3794 3506; x_wconf 77' lang='lat' dir='ltr'><strong>diligebat</strong></span> 
     </span>
    </p>
   </div>
   <div class='ocr_carea' id='block_1_97' title="bbox 2238 3517 3792 3592">
    <p class='ocr_par' dir='ltr' id='par_1_97' title="bbox 2238 3517 3792 3592">
     <span class='ocr_line' id='line_1_97' title="bbox 2238 3517 3792 3592; baseline 0.005 -21"><span class='ocrx_word' id='word_1_758' title='bbox 2238 3517 2394 3574; x_wconf 80' lang='lat' dir='ltr'><strong>Jesus</strong></span> <span class='ocrx_word' id='word_1_759' title='bbox 2423 3539 2434 3572; x_wconf 89' lang='lat'><strong>:</strong></span> <span class='ocrx_word' id='word_1_760' title='bbox 2466 3522 2555 3588; x_wconf 89' lang='lat' dir='ltr'><strong>qui</strong></span> <span class='ocrx_word' id='word_1_761' title='bbox 2595 3522 2778 3589; x_wconf 89' lang='lat' dir='ltr'><strong>utique</strong></span> <span class='ocrx_word' id='word_1_762' title='bbox 2820 3538 3032 3587; x_wconf 88' lang='lat' dir='ltr'><strong>omnes,</strong></span> <span class='ocrx_word' id='word_1_763' title='bbox 3080 3524 3173 3577; x_wconf 90' lang='lat' dir='ltr'><strong>sed</strong></span> <span class='ocrx_word' id='word_1_764' title='bbox 3224 3524 3392 3591; x_wconf 85' lang='lat' dir='ltr'><strong>ipsum</strong></span> <span class='ocrx_word' id='word_1_765' title='bbox 3438 3539 3549 3592; x_wconf 79' lang='lat' dir='ltr'><strong>pra:</strong></span> <span class='ocrx_word' id='word_1_766' title='bbox 3585 3526 3792 3579; x_wconf 65' lang='lat' dir='ltr'><strong>caeteris</strong></span> 
     </span>
    </p>
   </div>
   <div class='ocr_carea' id='block_1_98' title="bbox 2239 3607 3793 3682">
    <p class='ocr_par' dir='ltr' id='par_1_98' title="bbox 2239 3607 3793 3682">
     <span class='ocr_line' id='line_1_98' title="bbox 2239 3607 3793 3682; baseline 0.005 -22"><span class='ocrx_word' id='word_1_767' title='bbox 2239 3616 2294 3660; x_wconf 91' lang='lat' dir='ltr'><strong>et</strong></span> <span class='ocrx_word' id='word_1_768' title='bbox 2336 3607 2651 3662; x_wconf 81' lang='lat' dir='ltr'><strong>familiarius</strong></span> <span class='ocrx_word' id='word_1_769' title='bbox 2700 3609 2985 3679; x_wconf 77' lang='lat' dir='ltr'><strong>diligebat,</strong></span> <span class='ocrx_word' id='word_1_770' title='bbox 3038 3611 3114 3663; x_wconf 88' lang='lat' dir='ltr'><strong>ita</strong></span> <span class='ocrx_word' id='word_1_771' title='bbox 3157 3620 3213 3664; x_wconf 92' lang='lat' dir='ltr'><strong>ut</strong></span> <span class='ocrx_word' id='word_1_772' title='bbox 3247 3612 3299 3665; x_wconf 90' lang='lat' dir='ltr'><strong>in</strong></span> <span class='ocrx_word' id='word_1_773' title='bbox 3327 3613 3592 3681; x_wconf 77' lang='lat' dir='ltr'><strong>convivio</strong></span> <span class='ocrx_word' id='word_1_774' title='bbox 3635 3628 3793 3682; x_wconf 88' lang='lat' dir='ltr'><strong>super</strong></span> 
     </span>
    </p>
   </div>
   <div class='ocr_carea' id='block_1_99' title="bbox 2240 3698 3793 3765">
    <p class='ocr_par' dir='ltr' id='par_1_99' title="bbox 2240 3698 3793 3765">
     <span class='ocr_line' id='line_1_99' title="bbox 2240 3698 3793 3765; baseline 0.004 -16"><span class='ocrx_word' id='word_1_775' title='bbox 2240 3705 2422 3763; x_wconf 88' lang='lat' dir='ltr'><strong>pectus</strong></span> <span class='ocrx_word' id='word_1_776' title='bbox 2466 3712 2620 3751; x_wconf 90' lang='lat' dir='ltr'><strong>suum</strong></span> <span class='ocrx_word' id='word_1_777' title='bbox 2658 3698 2991 3752; x_wconf 88' lang='lat' dir='ltr'><strong>discumbere</strong></span> <span class='ocrx_word' id='word_1_778' title='bbox 3018 3698 3258 3753; x_wconf 83' lang='lat' dir='ltr'><strong>faceret:</strong></span> <span class='ocrx_word' id='word_1_779' title='bbox 3291 3702 3484 3765; x_wconf 88' lang='lat' dir='ltr'><strong>credo,</strong></span> <span class='ocrx_word' id='word_1_780' title='bbox 3530 3711 3590 3755; x_wconf 88' lang='lat' dir='ltr'><strong>ut</strong></span> <span class='ocrx_word' id='word_1_781' title='bbox 3639 3703 3793 3755; x_wconf 89' lang='lat' dir='ltr'><strong>istius</strong></span> 
     </span>
    </p>
   </div>
   <div class='ocr_carea' id='block_1_100' title="bbox 2240 3783 3793 3852">
    <p class='ocr_par' dir='ltr' id='par_1_100' title="bbox 2240 3783 3793 3852">
     <span class='ocr_line' id='line_1_100' title="bbox 2240 3783 3793 3852; baseline 0.004 -17"><span class='ocrx_word' id='word_1_782' title='bbox 2240 3783 2527 3850; x_wconf 80' lang='lat' dir='ltr'><strong>Evangelii,</strong></span> <span class='ocrx_word' id='word_1_783' title='bbox 2556 3785 2696 3851; x_wconf 89' lang='lat' dir='ltr'><strong>quod</strong></span> <span class='ocrx_word' id='word_1_784' title='bbox 2723 3800 2818 3852; x_wconf 88' lang='lat' dir='ltr'><strong>per</strong></span> <span class='ocrx_word' id='word_1_785' title='bbox 2841 3800 2961 3839; x_wconf 89' lang='lat' dir='ltr'><strong>eum</strong></span> <span class='ocrx_word' id='word_1_786' title='bbox 2992 3783 3169 3837; x_wconf 86' lang='lat' dir='ltr'><strong>fuerat</strong></span> <span class='ocrx_word' id='word_1_787' title='bbox 3212 3786 3614 3852; x_wconf 66' lang='lat' dir='ltr'><strong>prtedicaturus,</strong></span> <span class='ocrx_word' id='word_1_788' title='bbox 3659 3786 3793 3841; x_wconf 75' lang='lat' dir='ltr'><strong>divi-</strong></span> 
     </span>
    </p>
   </div>
   <div class='ocr_carea' id='block_1_101' title="bbox 2240 3873 3783 3931">
    <p class='ocr_par' dir='ltr' id='par_1_101' title="bbox 2240 3873 3783 3931">
     <span class='ocr_line' id='line_1_101' title="bbox 2240 3873 3783 3931; baseline 0.002 -6"><span class='ocrx_word' id='word_1_789' title='bbox 2240 3888 2361 3925; x_wconf 87' lang='lat' dir='ltr'><strong>nam</strong></span> <span class='ocrx_word' id='word_1_790' title='bbox 2397 3873 2766 3926; x_wconf 80' lang='lat' dir='ltr'><strong>excellentiam</strong></span> <span class='ocrx_word' id='word_1_791' title='bbox 2815 3874 2919 3927; x_wconf 86' lang='lat' dir='ltr'><strong>hoc</strong></span> <span class='ocrx_word' id='word_1_792' title='bbox 2966 3874 3120 3928; x_wconf 90' lang='lat' dir='ltr'><strong>modo</strong></span> <span class='ocrx_word' id='word_1_793' title='bbox 3163 3876 3321 3929; x_wconf 90' lang='lat' dir='ltr'><strong>altius</strong></span> <span class='ocrx_word' id='word_1_794' title='bbox 3367 3877 3783 3931; x_wconf 87' lang='lat' dir='ltr'><strong>commendaret.</strong></span> 
     </span>
    </p>
   </div>
   <div class='ocr_carea' id='block_1_102' title="bbox 2309 3960 3788 4034">
    <p class='ocr_par' dir='ltr' id='par_1_102' title="bbox 2309 3960 3788 4034">
     <span class='ocr_line' id='line_1_102' title="bbox 2309 3960 3788 4034; baseline 0.002 -20"><span class='ocrx_word' id='word_1_795' title='bbox 2309 3961 2469 4014; x_wconf 68' lang='lat' dir='ltr'><strong>Vens.</strong></span> <span class='ocrx_word' id='word_1_796' title='bbox 2515 3961 2697 4014; x_wconf 68' lang='lat'><strong>28-30.</strong></span> <span class='ocrx_word' id='word_1_797' title='bbox 2728 3992 2800 4002; x_wconf 88' lang='lat'><strong>—</strong></span> <span class='ocrx_word' id='word_1_798' title='bbox 2826 3960 3013 4016; x_wconf 82' lang='lat' dir='ltr'><strong>Postea</strong></span> <span class='ocrx_word' id='word_1_799' title='bbox 3061 3965 3224 4018; x_wconf 86' lang='lat' dir='ltr'><strong>sciens</strong></span> <span class='ocrx_word' id='word_1_800' title='bbox 3268 3964 3423 4018; x_wconf 72' lang='lat' dir='ltr'><strong>Iesus</strong></span> <span class='ocrx_word' id='word_1_801' title='bbox 3464 3966 3589 4034; x_wconf 81' lang='lat' dir='ltr'><strong>quia</strong></span> <span class='ocrx_word' id='word_1_802' title='bbox 3614 3966 3788 4017; x_wconf 75' lang='lat' dir='ltr'><strong>omnia</strong></span> 
     </span>
    </p>
   </div>
   <div class='ocr_carea' id='block_1_103' title="bbox 2240 4052 3787 4121">
    <p class='ocr_par' dir='ltr' id='par_1_103' title="bbox 2240 4052 3787 4121">
     <span class='ocr_line' id='line_1_103' title="bbox 2240 4052 3787 4121; baseline 0.002 -20"><span class='ocrx_word' id='word_1_803' title='bbox 2240 4061 2589 4104; x_wconf 84' lang='lat' dir='ltr'><strong>consummata</strong></span> <span class='ocrx_word' id='word_1_804' title='bbox 2614 4062 2749 4115; x_wconf 79' lang='lat' dir='ltr'><strong>sunt,</strong></span> <span class='ocrx_word' id='word_1_805' title='bbox 2773 4062 2825 4105; x_wconf 88' lang='lat' dir='ltr'><strong>ut</strong></span> <span class='ocrx_word' id='word_1_806' title='bbox 2852 4063 3293 4106; x_wconf 73' lang='lat' dir='ltr'><strong>contaminaretur</strong></span> <span class='ocrx_word' id='word_1_807' title='bbox 3306 4052 3598 4121; x_wconf 80' lang='lat' dir='ltr'><strong>Scriptura,</strong></span> <span class='ocrx_word' id='word_1_808' title='bbox 3621 4053 3745 4106; x_wconf 82' lang='lat' dir='ltr'><strong>dicit</strong></span> <span class='ocrx_word' id='word_1_809' title='bbox 3768 4067 3787 4104; x_wconf 91' lang='lat'><strong><em>:</em></strong></span> 
     </span>
    </p>
   </div>
   <div class='ocr_carea' id='block_1_104' title="bbox 2241 4137 3787 4211">
    <p class='ocr_par' dir='ltr' id='par_1_104' title="bbox 2241 4137 3787 4211">
     <span class='ocr_line' id='line_1_104' title="bbox 2241 4137 3787 4211; baseline 0.003 -20"><span class='ocrx_word' id='word_1_810' title='bbox 2241 4137 2394 4193; x_wconf 89' lang='lat' dir='ltr'><strong>Sitio.</strong></span> <span class='ocrx_word' id='word_1_811' title='bbox 2440 4140 2536 4194; x_wconf 76' lang='lat' dir='ltr'><strong>Vas</strong></span> <span class='ocrx_word' id='word_1_812' title='bbox 2562 4159 2679 4211; x_wconf 87' lang='lat' dir='ltr'><strong>ergo</strong></span> <span class='ocrx_word' id='word_1_813' title='bbox 2705 4144 2926 4211; x_wconf 86' lang='lat' dir='ltr'><strong>positum</strong></span> <span class='ocrx_word' id='word_1_814' title='bbox 2955 4152 3065 4197; x_wconf 84' lang='lat' dir='ltr'><strong>crat</strong></span> <span class='ocrx_word' id='word_1_815' title='bbox 3086 4152 3226 4195; x_wconf 90' lang='lat' dir='ltr'><strong>aceto</strong></span> <span class='ocrx_word' id='word_1_816' title='bbox 3246 4141 3475 4211; x_wconf 83' lang='lat' dir='ltr'><strong>plenum.</strong></span> <span class='ocrx_word' id='word_1_817' title='bbox 3500 4141 3591 4194; x_wconf 86' lang='lat' dir='ltr'><strong>Illi</strong></span> <span class='ocrx_word' id='word_1_818' title='bbox 3617 4152 3787 4196; x_wconf 81' lang='lat' dir='ltr'><strong>autem</strong></span> 
     </span>
    </p>
   </div>
   <div class='ocr_carea' id='block_1_105' title="bbox 2239 4228 3791 4299">
    <p class='ocr_par' dir='ltr' id='par_1_105' title="bbox 2239 4228 3791 4299">
     <span class='ocr_line' id='line_1_105' title="bbox 2239 4228 3791 4299; baseline 0.001 -18"><span class='ocrx_word' id='word_1_819' title='bbox 2239 4229 2503 4295; x_wconf 77' lang='lat' dir='ltr'><strong>spongiam</strong></span> <span class='ocrx_word' id='word_1_820' title='bbox 2523 4228 2726 4297; x_wconf 86' lang='lat' dir='ltr'><strong>plenam</strong></span> <span class='ocrx_word' id='word_1_821' title='bbox 2748 4241 2889 4283; x_wconf 85' lang='lat' dir='ltr'><strong>aceto</strong></span> <span class='ocrx_word' id='word_1_822' title='bbox 2906 4231 3123 4299; x_wconf 81' lang='lat' dir='ltr'><strong>hyssOpo</strong></span> <span class='ocrx_word' id='word_1_823' title='bbox 3143 4230 3581 4299; x_wconf 82' lang='lat' dir='ltr'><strong>circumponentes</strong></span> <span class='ocrx_word' id='word_1_824' title='bbox 3594 4230 3791 4283; x_wconf 79' lang='lat' dir='ltr'><strong>obtule—</strong></span> 
     </span>
    </p>
   </div>
   <div class='ocr_carea' id='block_1_106' title="bbox 2241 4316 3787 4387">
    <p class='ocr_par' dir='ltr' id='par_1_106' title="bbox 2241 4316 3787 4387">
     <span class='ocr_line' id='line_1_106' title="bbox 2241 4316 3787 4387; baseline 0 -19"><span class='ocrx_word' id='word_1_825' title='bbox 2241 4324 2359 4369; x_wconf 86' lang='lat' dir='ltr'><strong>runt</strong></span> <span class='ocrx_word' id='word_1_826' title='bbox 2387 4316 2465 4371; x_wconf 87' lang='lat' dir='ltr'><strong>ori</strong></span> <span class='ocrx_word' id='word_1_827' title='bbox 2491 4317 2622 4384; x_wconf 83' lang='lat' dir='ltr'><strong>ejus.</strong></span> <span class='ocrx_word' id='word_1_828' title='bbox 2640 4317 2767 4370; x_wconf 89' lang='lat' dir='ltr'><strong>Cum</strong></span> <span class='ocrx_word' id='word_1_829' title='bbox 2788 4335 2908 4387; x_wconf 86' lang='lat' dir='ltr'><strong>ergo</strong></span> <span class='ocrx_word' id='word_1_830' title='bbox 2924 4319 3198 4387; x_wconf 74' lang='lat' dir='ltr'><strong>accepisset</strong></span> <span class='ocrx_word' id='word_1_831' title='bbox 3218 4316 3370 4371; x_wconf 70' lang='lat' dir='ltr'><strong>Iesus</strong></span> <span class='ocrx_word' id='word_1_832' title='bbox 3387 4329 3608 4382; x_wconf 83' lang='lat' dir='ltr'><strong>acetum,</strong></span> <span class='ocrx_word' id='word_1_833' title='bbox 3623 4320 3752 4372; x_wconf 69' lang='lat' dir='ltr'><strong>dixit</strong></span> <span class='ocrx_word' id='word_1_834' title='bbox 3766 4331 3787 4368; x_wconf 83' lang='lat'><strong>.&#39;</strong></span> 
     </span>
    </p>
   </div>
   <div class='ocr_carea' id='block_1_107' title="bbox 2242 4400 3790 4476">
    <p class='ocr_par' dir='ltr' id='par_1_107' title="bbox 2242 4400 3790 4476">
     <span class='ocr_line' id='line_1_107' title="bbox 2242 4400 3790 4476; baseline 0.001 -19"><span class='ocrx_word' id='word_1_835' title='bbox 2242 4400 2663 4458; x_wconf 83' lang='lat' dir='ltr'><strong>Consummatum</strong></span> <span class='ocrx_word' id='word_1_836' title='bbox 2693 4415 2783 4458; x_wconf 87' lang='lat' dir='ltr'><strong>est.</strong></span> <span class='ocrx_word' id='word_1_837' title='bbox 2825 4404 2893 4456; x_wconf 84' lang='lat' dir='ltr'><strong>Et</strong></span> <span class='ocrx_word' id='word_1_838' title='bbox 2923 4406 3166 4475; x_wconf 81' lang='lat' dir='ltr'><strong>inclinato</strong></span> <span class='ocrx_word' id='word_1_839' title='bbox 3196 4408 3361 4476; x_wconf 86' lang='lat' dir='ltr'><strong>capite</strong></span> <span class='ocrx_word' id='word_1_840' title='bbox 3388 4408 3601 4460; x_wconf 81' lang='lat' dir='ltr'><strong>tradidit</strong></span> <span class='ocrx_word' id='word_1_841' title='bbox 3636 4406 3790 4475; x_wconf 79' lang='lat' dir='ltr'><strong>spiri-</strong></span> 
     </span>
    </p>
   </div>
   <div class='ocr_carea' id='block_1_108' title="bbox 2243 4492 3788 4564">
    <p class='ocr_par' dir='ltr' id='par_1_108' title="bbox 2243 4492 3788 4564">
     <span class='ocr_line' id='line_1_108' title="bbox 2243 4492 3788 4564; baseline 0.001 -18"><span class='ocrx_word' id='word_1_842' title='bbox 2243 4503 2370 4548; x_wconf 88' lang='lat' dir='ltr'><strong>tum.</strong></span> <span class='ocrx_word' id='word_1_843' title='bbox 2411 4492 2539 4559; x_wconf 84' lang='lat' dir='ltr'><strong>Quis</strong></span> <span class='ocrx_word' id='word_1_844' title='bbox 2561 4502 2732 4564; x_wconf 80' lang='lat' dir='ltr'><strong>poteSt</strong></span> <span class='ocrx_word' id='word_1_845' title='bbox 2755 4510 2871 4563; x_wconf 69' lang='lat' dir='ltr'><strong>qua:</strong></span> <span class='ocrx_word' id='word_1_846' title='bbox 2906 4494 3035 4548; x_wconf 89' lang='lat' dir='ltr'><strong>facit</strong></span> <span class='ocrx_word' id='word_1_847' title='bbox 3076 4496 3150 4547; x_wconf 86' lang='lat' dir='ltr'><strong>ita</strong></span> <span class='ocrx_word' id='word_1_848' title='bbox 3186 4495 3493 4563; x_wconf 87' lang='lat' dir='ltr'><strong>disponere,</strong></span> <span class='ocrx_word' id='word_1_849' title='bbox 3526 4494 3788 4563; x_wconf 89' lang='lat' dir='ltr'><strong>quomodo</strong></span> 
     </span>
    </p>
   </div>
   <div class='ocr_carea' id='block_1_109' title="bbox 2243 4587 3790 4658">
    <p class='ocr_par' dir='ltr' id='par_1_109' title="bbox 2243 4587 3790 4658">
     <span class='ocr_line' id='line_1_109' title="bbox 2243 4587 3790 4658; baseline -0.001 -18"><span class='ocrx_word' id='word_1_850' title='bbox 2243 4588 2503 4655; x_wconf 80' lang='lat' dir='ltr'><strong>disposuit</strong></span> <span class='ocrx_word' id='word_1_851' title='bbox 2530 4588 2687 4641; x_wconf 90' lang='lat' dir='ltr'><strong>homo</strong></span> <span class='ocrx_word' id='word_1_852' title='bbox 2723 4588 2822 4641; x_wconf 89' lang='lat' dir='ltr'><strong>iste</strong></span> <span class='ocrx_word' id='word_1_853' title='bbox 2858 4587 2945 4654; x_wconf 89' lang='lat' dir='ltr'><strong>qui</strong></span> <span class='ocrx_word' id='word_1_854' title='bbox 2982 4602 3171 4655; x_wconf 86' lang='lat' dir='ltr'><strong>passus</strong></span> <span class='ocrx_word' id='word_1_855' title='bbox 3206 4596 3287 4642; x_wconf 91' lang='lat' dir='ltr'><strong>est</strong></span> <span class='ocrx_word' id='word_1_856' title='bbox 3316 4588 3495 4658; x_wconf 79' lang='lat' dir='ltr'><strong>[Aug.,</strong></span> <span class='ocrx_word' id='word_1_857' title='bbox 3524 4600 3643 4654; x_wconf 71' lang='lat' dir='ltr'><strong>qua:</strong></span> <span class='ocrx_word' id='word_1_858' title='bbox 3667 4601 3790 4655; x_wconf 86' lang='lat' dir='ltr'><strong>pas-</strong></span> 
     </span>
    </p>
   </div>
   <div class='ocr_carea' id='block_1_110' title="bbox 2243 4674 3789 4745">
    <p class='ocr_par' dir='ltr' id='par_1_110' title="bbox 2243 4674 3789 4745">
     <span class='ocr_line' id='line_1_110' title="bbox 2243 4674 3789 4745; baseline 0.001 -17"><span class='ocrx_word' id='word_1_859' title='bbox 2243 4690 2334 4728; x_wconf 87' lang='lat' dir='ltr'><strong>sus</strong></span> <span class='ocrx_word' id='word_1_860' title='bbox 2354 4674 2491 4745; x_wconf 87' lang='lat' dir='ltr'><strong>est]?</strong></span> <span class='ocrx_word' id='word_1_861' title='bbox 2515 4675 2620 4728; x_wconf 88' lang='lat' dir='ltr'><strong>Sed</strong></span> <span class='ocrx_word' id='word_1_862' title='bbox 2645 4676 2803 4728; x_wconf 87' lang='lat' dir='ltr'><strong>homo</strong></span> <span class='ocrx_word' id='word_1_863' title='bbox 2846 4676 3106 4731; x_wconf 89' lang='lat' dir='ltr'><strong>mediator</strong></span> <span class='ocrx_word' id='word_1_864' title='bbox 3136 4676 3227 4730; x_wconf 90' lang='lat' dir='ltr'><strong>Dei</strong></span> <span class='ocrx_word' id='word_1_865' title='bbox 3267 4686 3321 4729; x_wconf 88' lang='lat' dir='ltr'><strong>et</strong></span> <span class='ocrx_word' id='word_1_866' title='bbox 3346 4675 3649 4741; x_wconf 85' lang='lat' dir='ltr'><strong>hominum;</strong></span> <span class='ocrx_word' id='word_1_867' title='bbox 3689 4676 3789 4730; x_wconf 86' lang='lat' dir='ltr'><strong>ho-</strong></span> 
     </span>
    </p>
   </div>
   <div class='ocr_carea' id='block_1_111' title="bbox 2245 4763 3789 4835">
    <p class='ocr_par' dir='ltr' id='par_1_111' title="bbox 2245 4763 3789 4835">
     <span class='ocr_line' id='line_1_111' title="bbox 2245 4763 3789 4835; baseline 0 -18"><span class='ocrx_word' id='word_1_868' title='bbox 2245 4780 2331 4818; x_wconf 89' lang='lat' dir='ltr'><strong>mo</strong></span> <span class='ocrx_word' id='word_1_869' title='bbox 2350 4804 2364 4828; x_wconf 92' lang='lat'><strong>,</strong></span> <span class='ocrx_word' id='word_1_870' title='bbox 2402 4766 2466 4819; x_wconf 89' lang='lat' dir='ltr'><strong>de</strong></span> <span class='ocrx_word' id='word_1_871' title='bbox 2488 4781 2592 4834; x_wconf 91' lang='lat' dir='ltr'><strong>quo</strong></span> <span class='ocrx_word' id='word_1_872' title='bbox 2615 4766 2923 4833; x_wconf 54' lang='lat' dir='ltr'><strong>praedictum</strong></span> <span class='ocrx_word' id='word_1_873' title='bbox 2948 4766 3156 4835; x_wconf 74' lang='lat' dir='ltr'><strong>legitur,</strong></span> <span class='ocrx_word' id='word_1_874' title='bbox 3186 4772 3239 4819; x_wconf 90' lang='lat' dir='ltr'><strong>et</strong></span> <span class='ocrx_word' id='word_1_875' title='bbox 3275 4765 3430 4818; x_wconf 88' lang='lat' dir='ltr'><strong>homo</strong></span> <span class='ocrx_word' id='word_1_876' title='bbox 3457 4773 3558 4829; x_wconf 89' lang='lat' dir='ltr'><strong>est,</strong></span> <span class='ocrx_word' id='word_1_877' title='bbox 3587 4773 3639 4818; x_wconf 87' lang='lat' dir='ltr'><strong>et</strong></span> <span class='ocrx_word' id='word_1_878' title='bbox 3668 4763 3789 4832; x_wconf 81' lang='lat' dir='ltr'><strong>quis</strong></span> 
     </span>
    </p>
   </div>
   <div class='ocr_carea' id='block_1_112' title="bbox 2245 4853 3789 4927">
    <p class='ocr_par' dir='ltr' id='par_1_112' title="bbox 2245 4853 3789 4927">
     <span class='ocr_line' id='line_1_112' title="bbox 2245 4853 3789 4927; baseline 0 -18"><span class='ocrx_word' id='word_1_879' title='bbox 2245 4857 2481 4927; x_wconf 76' lang='lat' dir='ltr'><strong>agnoscit</strong></span> <span class='ocrx_word' id='word_1_880' title='bbox 2522 4858 2678 4911; x_wconf 89' lang='lat' dir='ltr'><strong>eum?</strong></span> <span class='ocrx_word' id='word_1_881' title='bbox 2725 4856 2983 4926; x_wconf 82' lang='lat' dir='ltr'><strong>Quoniam</strong></span> <span class='ocrx_word' id='word_1_882' title='bbox 3033 4871 3217 4911; x_wconf 88' lang='lat' dir='ltr'><strong>omnes</strong></span> <span class='ocrx_word' id='word_1_883' title='bbox 3254 4872 3349 4925; x_wconf 90' lang='lat' dir='ltr'><strong>per</strong></span> <span class='ocrx_word' id='word_1_884' title='bbox 3378 4873 3511 4926; x_wconf 89' lang='lat' dir='ltr'><strong>quos</strong></span> <span class='ocrx_word' id='word_1_885' title='bbox 3552 4856 3666 4910; x_wconf 67' lang='lat' dir='ltr'><strong>haec</strong></span> <span class='ocrx_word' id='word_1_886' title='bbox 3694 4853 3789 4909; x_wconf 81' lang='lat' dir='ltr'><strong>fie-</strong></span> 
     </span>
    </p>
   </div>
   <div class='ocr_carea' id='block_1_113' title="bbox 2244 4943 3789 5012">
    <p class='ocr_par' dir='ltr' id='par_1_113' title="bbox 2244 4943 3789 5012">
     <span class='ocr_line' id='line_1_113' title="bbox 2244 4943 3789 5012; baseline -0.003 -13"><span class='ocrx_word' id='word_1_887' title='bbox 2244 4947 2389 5008; x_wconf 88' lang='lat' dir='ltr'><strong>bant,</strong></span> <span class='ocrx_word' id='word_1_888' title='bbox 2447 4945 2694 5000; x_wconf 86' lang='lat' dir='ltr'><strong>videbant</strong></span> <span class='ocrx_word' id='word_1_889' title='bbox 2750 4947 3051 5007; x_wconf 83' lang='lat' dir='ltr'><strong>bomiaem,</strong></span> <span class='ocrx_word' id='word_1_890' title='bbox 3104 4945 3194 4999; x_wconf 86' lang='lat' dir='ltr'><strong>sed</strong></span> <span class='ocrx_word' id='word_1_891' title='bbox 3240 4961 3345 4998; x_wconf 91' lang='lat' dir='ltr'><strong>non</strong></span> <span class='ocrx_word' id='word_1_892' title='bbox 3399 4943 3789 5012; x_wconf 76' lang='lat' dir='ltr'><strong>cognoscebant</strong></span> 
     </span>
    </p>
   </div>
   <div class='ocr_carea' id='block_1_114' title="bbox 2244 5029 3783 5099">
    <p class='ocr_par' dir='ltr' id='par_1_114' title="bbox 2244 5029 3783 5099">
     <span class='ocr_line' id='line_1_114' title="bbox 2244 5029 3783 5099; baseline 0.001 -16"><span class='ocrx_word' id='word_1_893' title='bbox 2244 5029 2406 5083; x_wconf 88' lang='lat' dir='ltr'><strong>Deum</strong></span> <span class='ocrx_word' id='word_1_894' title='bbox 2432 5043 2475 5081; x_wconf 77' lang='grc' dir='ltr'><strong>ε.</strong></span> <span class='ocrx_word' id='word_1_895' title='bbox 2502 5030 2667 5085; x_wconf 86' lang='lat' dir='ltr'><strong>Homo</strong></span> <span class='ocrx_word' id='word_1_896' title='bbox 2696 5044 2920 5097; x_wconf 88' lang='lat' dir='ltr'><strong>namque</strong></span> <span class='ocrx_word' id='word_1_897' title='bbox 2942 5032 3250 5099; x_wconf 83' lang='lat' dir='ltr'><strong>apparebat,</strong></span> <span class='ocrx_word' id='word_1_898' title='bbox 3281 5031 3370 5098; x_wconf 88' lang='lat' dir='ltr'><strong>qui</strong></span> <span class='ocrx_word' id='word_1_899' title='bbox 3391 5030 3529 5083; x_wconf 88' lang='lat' dir='ltr'><strong>Deus</strong></span> <span class='ocrx_word' id='word_1_900' title='bbox 3551 5029 3783 5093; x_wconf 74' lang='lat' dir='ltr'><strong>latebat;</strong></span> 
     </span>
    </p>
   </div>
   <div class='ocr_carea' id='block_1_115' title="bbox 2243 5116 3787 5187">
    <p class='ocr_par' dir='ltr' id='par_1_115' title="bbox 2243 5116 3787 5187">
     <span class='ocr_line' id='line_1_115' title="bbox 2243 5116 3787 5187; baseline -0.001 -16"><span class='ocrx_word' id='word_1_901' title='bbox 2243 5120 2542 5187; x_wconf 87' lang='lat' dir='ltr'><strong>patiebatur</strong></span> <span class='ocrx_word' id='word_1_902' title='bbox 2566 5120 2679 5172; x_wconf 66' lang='lat' dir='ltr'><strong>haec</strong></span> <span class='ocrx_word' id='word_1_903' title='bbox 2722 5118 2899 5170; x_wconf 90' lang='lat' dir='ltr'><strong>omnia</strong></span> <span class='ocrx_word' id='word_1_904' title='bbox 2942 5119 3031 5186; x_wconf 90' lang='lat' dir='ltr'><strong>qui</strong></span> <span class='ocrx_word' id='word_1_905' title='bbox 3075 5117 3379 5185; x_wconf 84' lang='lat' dir='ltr'><strong>apparebat,</strong></span> <span class='ocrx_word' id='word_1_906' title='bbox 3408 5124 3464 5169; x_wconf 89' lang='lat' dir='ltr'><strong>et</strong></span> <span class='ocrx_word' id='word_1_907' title='bbox 3487 5116 3627 5170; x_wconf 87' lang='lat' dir='ltr'><strong>idem</strong></span> <span class='ocrx_word' id='word_1_908' title='bbox 3675 5116 3787 5186; x_wconf 73' lang='lat' dir='ltr'><strong>ipse</strong></span> 
     </span>
    </p>
   </div>
   <div class='ocr_carea' id='block_1_116' title="bbox 2246 5203 3789 5275">
    <p class='ocr_par' dir='ltr' id='par_1_116' title="bbox 2246 5203 3789 5275">
     <span class='ocr_line' id='line_1_116' title="bbox 2246 5203 3789 5275; baseline -0.004 -12"><span class='ocrx_word' id='word_1_909' title='bbox 2246 5208 2553 5275; x_wconf 86' lang='lat' dir='ltr'><strong>disponebat</strong></span> <span class='ocrx_word' id='word_1_910' title='bbox 2592 5208 2702 5259; x_wconf 57' lang='lat' dir='ltr'><strong>hac</strong></span> <span class='ocrx_word' id='word_1_911' title='bbox 2742 5207 2918 5260; x_wconf 86' lang='lat' dir='ltr'><strong>omnia</strong></span> <span class='ocrx_word' id='word_1_912' title='bbox 2960 5206 3049 5274; x_wconf 89' lang='lat' dir='ltr'><strong>qui</strong></span> <span class='ocrx_word' id='word_1_913' title='bbox 3096 5204 3307 5257; x_wconf 84' lang='lat' dir='ltr'><strong>latebat.</strong></span> <span class='ocrx_word' id='word_1_914' title='bbox 3337 5203 3480 5257; x_wconf 78' lang='lat' dir='ltr'><strong>Viuit</strong></span> <span class='ocrx_word' id='word_1_915' title='bbox 3500 5217 3629 5274; x_wconf 83' lang='lat' dir='ltr'><strong>ergo</strong></span> <span class='ocrx_word' id='word_1_916' title='bbox 3654 5217 3789 5272; x_wconf 86' lang='lat' dir='ltr'><strong>quo-</strong></span> 
     </span>
    </p>
   </div>
   <div class='ocr_carea' id='block_1_117' title="bbox 2246 5293 3788 5363">
    <p class='ocr_par' dir='ltr' id='par_1_117' title="bbox 2246 5293 3788 5363">
     <span class='ocr_line' id='line_1_117' title="bbox 2246 5293 3788 5363; baseline -0.006 -10"><span class='ocrx_word' id='word_1_917' title='bbox 2246 5300 2388 5353; x_wconf 89' lang='lat' dir='ltr'><strong>niam</strong></span> <span class='ocrx_word' id='word_1_918' title='bbox 2429 5304 2791 5351; x_wconf 88' lang='lat' dir='ltr'><strong>consummata</strong></span> <span class='ocrx_word' id='word_1_919' title='bbox 2831 5305 2954 5351; x_wconf 91' lang='lat' dir='ltr'><strong>sunt</strong></span> <span class='ocrx_word' id='word_1_920' title='bbox 3002 5293 3179 5348; x_wconf 82' lang='lat' dir='ltr'><strong>omnia</strong></span> <span class='ocrx_word' id='word_1_921' title='bbox 3226 5306 3344 5363; x_wconf 68' lang='lat' dir='ltr'><strong>quae</strong></span> <span class='ocrx_word' id='word_1_922' title='bbox 3390 5293 3670 5363; x_wconf 78' lang='lat' dir='ltr'><strong>oportebat</strong></span> <span class='ocrx_word' id='word_1_923' title='bbox 3723 5296 3788 5345; x_wconf 84' lang='lat' dir='ltr'><strong>ut</strong></span> 
     </span>
    </p>
   </div>
   <div class='ocr_carea' id='block_1_118' title="bbox 2246 5426 2863 5487">
    <p class='ocr_par' dir='ltr' id='par_1_118' title="bbox 2246 5426 2863 5487">
     <span class='ocr_line' id='line_1_118' title="bbox 2246 5426 2863 5487; baseline -0.011 -5"><span class='ocrx_word' id='word_1_924' title='bbox 2246 5430 2312 5482; x_wconf 85' lang='lat' dir='ltr'><strong>Et</strong></span> <span class='ocrx_word' id='word_1_925' title='bbox 2334 5444 2397 5480; x_wconf 71' lang='lat' dir='ltr'><strong>ea:</strong></span> <span class='ocrx_word' id='word_1_926' title='bbox 2423 5426 2513 5478; x_wconf 90' lang='lat' dir='ltr'><strong>illa</strong></span> <span class='ocrx_word' id='word_1_927' title='bbox 2536 5426 2684 5487; x_wconf 81' lang='lat' dir='ltr'><strong>liora,</strong></span> <span class='ocrx_word' id='word_1_928' title='bbox 2708 5432 2809 5479; x_wconf 87' lang='lat' dir='ltr'><strong>etc.</strong></span> <span class='ocrx_word' id='word_1_929' title='bbox 2846 5443 2863 5475; x_wconf 70' lang='grc' dir='ltr'><strong>ι</strong></span> 
     </span>
    </p>
   </div>
   <div class='ocr_carea' id='block_1_119' title="bbox 2315 5487 3787 5564">
    <p class='ocr_par' dir='ltr' id='par_1_119' title="bbox 2315 5487 3787 5564">
     <span class='ocr_line' id='line_1_119' title="bbox 2315 5487 3787 5564; baseline -0.003 -15"><span class='ocrx_word' id='word_1_930' title='bbox 2315 5508 2336 5536; x_wconf 72' lang='grc' dir='ltr'><strong>ε</strong></span> <span class='ocrx_word' id='word_1_931' title='bbox 2370 5497 2504 5564; x_wconf 81' lang='lat' dir='ltr'><strong>Aug.</strong></span> <span class='ocrx_word' id='word_1_932' title='bbox 2534 5514 2544 5546; x_wconf 95' lang='lat'>:</span> <span class='ocrx_word' id='word_1_933' title='bbox 2579 5513 2597 5544; x_wconf 76' lang='grc' dir='ltr'>ι</span> <span class='ocrx_word' id='word_1_934' title='bbox 2634 5492 2891 5564; x_wconf 75' lang='lat' dir='ltr'><strong>Quoniam</strong></span> <span class='ocrx_word' id='word_1_935' title='bbox 2923 5493 3161 5564; x_wconf 81' lang='lat' dir='ltr'><strong>homines</strong></span> <span class='ocrx_word' id='word_1_936' title='bbox 3185 5506 3343 5564; x_wconf 83' lang='lat' dir='ltr'><strong>,_per</strong></span> <span class='ocrx_word' id='word_1_937' title='bbox 3367 5503 3501 5560; x_wconf 88' lang='lat' dir='ltr'><strong>quos</strong></span> <span class='ocrx_word' id='word_1_938' title='bbox 3545 5491 3659 5545; x_wconf 66' lang='lat' dir='ltr'><strong>haec</strong></span> <span class='ocrx_word' id='word_1_939' title='bbox 3693 5487 3787 5545; x_wconf 57' lang='lat' dir='ltr'><strong>lien</strong></span> 
     </span>
    </p>
   </div>
   <div class='ocr_carea' id='block_1_120' title="bbox 2245 5560 3443 5632">
    <p class='ocr_par' dir='ltr' id='par_1_120' title="bbox 2245 5560 3443 5632">
     <span class='ocr_line' id='line_1_120' title="bbox 2245 5560 3443 5632; baseline -0.008 -11"><span class='ocrx_word' id='word_1_940' title='bbox 2245 5568 2389 5632; x_wconf 84' lang='lat' dir='ltr'><strong>baut,</strong></span> <span class='ocrx_word' id='word_1_941' title='bbox 2422 5560 2523 5619; x_wconf 75' lang='lat' dir='ltr'><strong>non</strong></span> <span class='ocrx_word' id='word_1_942' title='bbox 2554 5562 2903 5632; x_wconf 75' lang='lat' dir='ltr'><strong>agnoscebant</strong></span> <span class='ocrx_word' id='word_1_943' title='bbox 2923 5562 3188 5619; x_wconf 87' lang='lat' dir='ltr'><strong>hominem</strong></span> <span class='ocrx_word' id='word_1_944' title='bbox 3208 5560 3391 5614; x_wconf 80' lang='lat' dir='ltr'><strong>Deum.</strong></span> <span class='ocrx_word' id='word_1_945' title='bbox 3425 5578 3443 5611; x_wconf 68' lang='grc' dir='ltr'><strong><em>ι</em></strong></span> 
     </span>
    </p>
   </div>
  </div>
