4152 6192
316 332 420 391 985

1070 325 1467 381 EXEBE'I‘ICA.
1507 353 1574 366 -
1607 320 1951 379 causam.
1987 298 2057 374 is
2088 319 2274 375 που.
2312 347 2382 358 -
2417 317 2543 372 un.
2580 314 2683 371 vn.

3373 309 3476 366 986

318 445 522 501 tierent,
545 447 825 504 antequam
848 436 1107 503 acciperet
1128 442 1334 486 acetum
1358 440 1414 486 et
1439 431 1668 486 traderet
1687 430 1845 498 spiri-
1874 435 1920 489 Α
1948 428 2216 491 crucibus,
2242 442 2491 498 maguum
2513 426 2649 479 diem
2690 422 2880 478 festum
2918 422 2999 476 sui
3029 423 3253 479 diuturni
3281 421 3479 475 crucia-

320 536 451 599 tum,
480 538 639 596 atque
675 535 733 579 ut
768 526 886 578 hoc-
906 523 1068 578 etiam
1109 527 1583 582 consummaretur,
1609 518 1746 586 quod
1775 517 1852 570 ait

320 618 594 686 Scriptura
617 634 629 667 :
654 613 720 667 Et
746 615 798 666 in
823 614 907 665 siti
945 627 1056 664 mea
1076 619 1375 679 potaverunt
1398 624 1477 661 me
1510 618 1652 681 aceto
1674 604 1844 677 (Psal.

318 722 505 769 tum,
526 704 636 773 22).
663 702 816 765 Sitio,
839 702 1044 769 inquit;
1090 708 1338 765 tanquam
1364 698 1597 751 diceret:
1626 696 1725 749 hoc
1753 695 1851 747 mi-

319 812 420 850 nus
445 795 665 856 fecistis,
694 793 815 846 date
838 789 978 859 quod
998 788 1147 841 estis.
1176 787 1340 840 Iudaei
1368 788 1559 854 quippe
1581 785 1678 853 ipsi
1699 792 1853 837 erant

319 893 546 947 acetum,
576 883 955 952 degenerantes
981 893 1013 931 a
1036 877 1157 929 vino
1182 875 1597 944 patriarcharum
1627 881 1681 926 et
1724 888 1850 939 pro-

318 974 626 1043 phetarum;
668 970 723 1025 et
747 977 998 1037 tanquam
1024 964 1089 1019 de
1117 964 1272 1034 pleno
1307 978 1453 1026 vase,
1478 962 1543 1015 de
1574 962 1850 1029 iniquitate

319 1063 501 1118 mundi
540 1060 695 1129 hujus
743 1058 975 1128 impleti,
1000 1072 1095 1111 cor
1137 1056 1394 1110 habentes
1413 1054 1557 1108 velut
1579 1054 1848 1123 spongiam

318 1150 621 1204 cavernosis
666 1145 1052 1216 quodammodo
1101 1151 1261 1213 atque
1305 1144 1557 1195 tortuosis
1623 1142 1853 1195 latibulis

318 1238 727 1292 fraudulentum.
752 1233 1044 1305 Hyssopum
1063 1241 1239 1285 autem
1259 1231 1341 1285 cui
1362 1232 1852 1299 circumposuerunt

316 1326 591 1397 spongiam
616 1335 767 1379 aceto
792 1323 1024 1394 plenam,
1052 1320 1301 1390 quoniam
1341 1320 1504 1373 herba
1534 1319 1745 1372 humilis
1770 1328 1854 1371 est

316 1429 370 1473 ct
395 1427 579 1487 pectus
622 1425 834 1486 purgat,
862 1415 1030 1484 ipsius
1080 1412 1279 1469 Christi
1326 1410 1679 1465 humilitatem
1727 1423 1851 1462 con-

315 1519 567 1577 gruenter
599 1506 887 1574 accipimus
923 1517 1139 1570 :‘quam
1188 1500 1671 1562 circumdederunt,
1697 1506 1751 1551 et
1795 1511 1853 1550 se

315 1593 724 1651 circumvenisse
762 1597 1095 1662 putaverunt.
1149 1588 1298 1643 Unde
1333 1587 1461 1641 illud
1496 1587 1548 1639 in
1595 1585 1804 1640 Psalmo
1836 1602 1848 1637 :

313 1686 561 1755 Asperges
606 1700 688 1738 me
738 1683 978 1753 hyssopo,
1026 1690 1075 1734 et
1114 1678 1401 1733 mundabor
1453 1675 1621 1750 (Psal.
1671 1693 1721 1739 ι..
1771 1678 1847 1745 9).

311 1776 512 1831 Christi
566 1778 795 1843 namque
842 1772 1139 1828 humilitate
1191 1772 1506 1825 mundamur
1533 1787 1548 1821 :
1580 1769 1701 1837 quia
1746 1767 1847 1821 nisi

316 1863 644 1918 humiliasset
668 1861 1025 1928 semetipsum,
1042 1858 1215 1912 factus
1234 1858 1485 1911 obcdiens
1512 1856 1657 1910 Patri
1685 1869 1851 1923 usque

312 1954 379 2008 ad
397 1960 623 2007 mortem
647 1951 845 2013 crucis,
862 1949 1042 2016 utique
1060 1946 1275 2015 sanguis
1301 1944 1417 2012 ejus
1436 1946 1489 1997 in
1510 1954 1851 2012 peccatorum

315 2041 702 2103 remissionem,
726 2038 827 2092 hoc
854 2042 954 2099 est,
983 2038 1037 2089 In
1068 2041 1304 2087 nostram
1329 2030 1723 2085 mundationem
1748 2045 1850 2082 non

315 2135 499 2189 fuisset
528 2132 763 2189 eﬂ'usus»
794 2128 901 2183 Nec
928 2134 1139 2183 moveat
1172 2124 1436 2195 quomodo
1459 2125 1731 2193 spongiam
1758 2123 1850 2195 ori

311 2224 425 2290 ejus
447 2222 717 2290 potuerint
735 2220 1039 2281 admovere,
1066 2216 1157 2285 qui
1191 2194 1245 2268 in
1296 2228 1455 2269 cruce
1502 2212 1675 2267 fuerat
1710 2194 1853 2266 eiul-

311 2321 453 2367 tatus
491 2325 524 2363 a
569 2319 732 2363 terra.
781 2308 932 2361 Sicut
973 2309 1112 2363 enim
1168 2308 1306 2376 apud
1335 2306 1466 2360 alios
1505 2306 1853 2375 evangelistas

310 2403 520 2472 legitur,
562 2400 703 2468 quod
751 2400 837 2454 hic
883 2388 1244 2469 praetermisit,
1271 2400 1326 2451 in
1358 2397 1615 2472 arundine
1654 2404 1735 2448 est
1773 2394 1851 2446 fa—

309 2469 475 2552 ctum,
501 2490 660 2560 633
704 2497 765 2543 ut
803 2489 1020 2560 spongia
1049 2488 1171 2542 talis
1195 2495 1351 2556 potus
1379 2486 1445 2538 ad
1474 2469 1650 2539 crucis
1690 2482 1852 2534 subli-

310 2582 417 2635 mia
442 2581 725 2635 levaretur.
754 2580 858 2635 Per
882 2579 1194 2633 arundinem
1226 2593 1349 2632 vero
1376 2574 1651 2643 Scriptura
1689 2572 1851 2641 signi-

311 2670 584 2732 ﬁcabatur,
624 2683 741 2736 qua:
780 2667 1094 2735 implebatur
1146 2668 1248 2719 hoc
1291 2664 1450 2717 facto.
1504 2660 1653 2715 Sicut
1709 2658 1853 2712 enim

311 2760 489 2827 lingua
514 2759 707 2812 dicitur
745 2757 827 2811 vel
862 2755 1066 2818 Graeca,
1096 2753 1177 2806 vel
1202 2752 1412 2815 Latina,
1448 2750 1532 2803 vel
1579 2749 1681 2802 alia
1709 2762 1853 2815 qua:-

310 2849 441 2904 libet
481 2863 667 2901 sonum
706 2844 1014 2915 significans
1058 2842 1144 2910 qui
1186 2841 1365 2910 lingua
1423 2837 1685 2907 promitur
1706 2874 1721 2899 ,
1774 2833 1851 2886 sic

312 2936 516 2991 arundo
559 2936 663 2989 dici
689 2940 863 3002 potest
892 2933 1091 2996 littera,
1120 2945 1238 3000 quae
1262 2928 1518 2983 arundine
1560 2925 1844 2987 scribitur;

313 3026 408 3079 sed
451 3021 833 3092 signiﬁcantius
861 3035 1019 3075 sonos
1043 3018 1197 3090 [Aug.
1217 3059 1231 3082 ,
1279 3031 1436 3105 sonos
1465 3009 1847 3105 significantes]
1874 3042 1923 3105 ο

313 3112 460 3167 rocis
484 3112 729 3165 humanae
752 3107 1099 3162 usitatissime
1125 3106 1347 3159 dicimus
1389 3104 1622 3173 linguam
1666 3121 1677 3151 :
1709 3100 1853 3155 Scri-

312 3211 523 3271 pturam
544 3214 671 3259 vero
690 3198 999 3253 arundinem
1024 3195 1127 3249 dici
1147 3209 1253 3264 quo
1273 3194 1447 3247 minus
1474 3202 1555 3245 est
1583 3191 1851 3253 usitatum,

312 3306 377 3345 eo
395 3290 565 3357 magis
590 3296 675 3343 est
718 3287 940 3356 mystice
968 3285 1268 3355 ﬁguratum.
1323 3280 1454 3335 Cum
1489 3295 1609 3348 ergo
1636 3277 1856 3345 accepis-

311 3386 386 3432 set
419 3375 571 3430 Iesus
610 3384 829 3438 acetum,
875 3374 1009 3426 dixit
1044 3384 1064 3423 :
1111 3371 1530 3425 Consummatum
1578 3376 1671 3421 est.
1720 3365 1857 3431 Quid

313 3467 416 3521 nisi
436 3465 576 3536 quod
601 3464 859 3533 propheta
884 3469 1033 3515 tanto
1058 3466 1181 3515 ante
1208 3458 1338 3530 [Al.,
1365 3454 1690 3526 paulo'ante]
1721 3462 1855 3507 tem-

315 3572 446 3626 pore
488 3553 839 3624 praedixerat?
887 3550 1084 3606 Deinde
1130 3550 1253 3617 quia
1306 3547 1437 3601 nihil
1484 3551 1853 3606 remanserat,

314 3644 457 3713 quod
508 3650 792 3709 antequam
848 3645 1142 3692 moreretur
1182 3636 1296 3689 fieri
1342 3636 1514 3688 adhuc
1557 3633 1851 3699 oportebat,

316 3743 569 3803 tanquam
606 3729 694 3784 ille
734 3727 846 3801 qui,
870 3732 1185 3795 potestatem
1214 3723 1446 3777 habebat
1471 3719 1699 3789 ponendi
1741 3718 1855 3770 ani-

315 3802 459 3872 mam
497 3831 646 3871 suam
673 3821 727 3870 et
753 3811 946 3868 iterum
974 3810 1213 3865 sumendi
1256 3822 1373 3862 eam
1391 3847 1405 3871 ,
1432 3804 1661 3875 peractis
1686 3802 1861 3857 omni-5

314 3909 416 3962 bus
451 3920 570 3974 quae
596 3912 655 3956 ut
695 3908 1073 3971 peragerentur
1117 3897 1478 3967 exspectabat,
1503 3893 1748 3948 inclinato
1770 3910 1855 3946 ca-

314 3994 418 4065 pite
461 3988 677 4045 tradidit
723 3983 979 4057 spiritum.
1012 3983 1141 4050 Quis
1169 3984 1244 4037 ita
1286 3984 1479 4037 dormit
1520 3983 1728 4050 quando
1765 3998 1854 4037 vo-

316 4081 495 4145 merit,
523 4079 659 4134 sicut
686 4074 841 4130 Iesus
884 4079 1125 4127 mortuus
1150 4077 1233 4125 est
1259 4070 1468 4138 quando
1497 4069 1697 4121 voluit?
1726 4069 1854 4133 Quis

317 4180 393 4226 ita
416 4177 619 4225 vestem
646 4166 861 4236 deponit
902 4156 1111 4234 quando
1132 4148 1391 4226 Voluerit',‘
1418 4160 1562 4216 iicut
1605 4176 1661 4215 se
1697 4176 1858 4215 carne

314 4258 463 4315 exuit
501 4255 719 4325 quando
744 4253 944 4309 voluit?
984 4252 1113 4320 Quis
1156 4253 1233 4307 ita
1280 4256 1408 4307 eum
1452 4250 1675 4305 voluerit
1720 4249 1849 4312 abit,

1947 526 2031 571 tus
2048 519 2269 571 horrore
2295 516 2575 571 fmdarent.

2012 620 2172 672 Vsus.
2217 617 2397 672 33—35.
2427 647 2495 656 —-
2531 615 2785 669 Venerunt
2813 631 2931 683 ergo
2978 613 3181 678 milites,
3231 625 3278 668 et
3325 616 3481 684 primi

1945 708 2148 777 quidem
2171 707 2425 775 fregerunt
2452 721 2622 765 crura,
2650 713 2697 756 et
2725 702 2937 756 alterius
2964 704 3052 772 qui
3078 706 3350 772 cruciﬁxus
3371 712 3481 756 erat

1947 812 2064 849 cum
2090 812 2168 848 eo.
2198 794 2277 847 Ad
2315 792 2491 847 Iesum
2518 802 2688 845 autem
2716 808 2833 844 cum
2852 791 3133 852 ,rcnissent,
3164 802 3218 843 ut
3249 790 3483 844 viderunt

1946 899 2061 935 eum
2089 884 2205 951 jant
2250 894 2539 944 mortuum,
2581 898 2681 933 non
2729 880 2985 949 fregerunt
3030 879 3140 947 ejus
3171 896 3343 931 crura.
3384 877 3483 929 Sed

1946 989 2077 1024 unus
2109 972 2325 1024 militum
2355 970 2533 1023 lancea
2561 969 2696 1022 latus
2736 986 2849 1038 ejus
2875 970 3106 1038 aperuit,
3152 979 3197 1020 et
3245 970 3485 1021 continuo

1945 1063 2341 1131 exivit'sanguis
2382 1072 2430 1114 et
2472 1078 2624 1130 aqua.
2678 1062 2914 1131 Eleganti
2954 1060 3297 1128 vigilantique
3330 1060 3487 1111 vei-ias

1946 1151 2264 1221 evangelista
2312 1166 2439 1203 usus
2487 1157 2589 1212 est,
2640 1157 2694 1202 ut
2738 1165 2846 1201 non
2873 1150 3072 1202 diceret
3108 1167 3119 1200 :
3176 1148 3340 1201 Latus
3375 1148 3488 1215 ejus

1947 1241 2225 1311 percussit,
2249 1248 2342 1292 aut
2365 1237 2676 1299 vulneravit,
2718 1245 2808 1290 aut
2853 1236 2979 1304 quid
3020 1236 3192 1299 aliud;
3240 1236 3328 1288 sed
3373 1248 3491 1302 ape-

1949 1333 2090 1382 ruit:
2123 1339 2180 1382 ut
2216 1328 2321 1382 illic
2362 1314 2748 1397 quedammodo
2776 1326 2899 1379 vita:
2924 1327 3117 1379 ostium
3144 1325 3490 1392 panderetur,

1947 1420 2085 1473 unde
2108 1414 2715 1488 sacramentaEcclesize
2757 1421 3122 1475 manaverunt,
3153 1414 3267 1466 sine
3295 1413 3493 1480 quihus

1949 1510 2014 1561 ad
2054 1508 2217 1560 vitam
2257 1520 2374 1573 qu:e
2405 1519 2532 1558 vera
2567 1503 2676 1563 vita
2699 1512 2799 1566 est,
2838 1518 2943 1557 non
2969 1503 3216 1555 intratur.
3258 1502 3347 1555 ille
3370 1513 3497 1578 sar}-

1948 1599 2066 1670 guis
2090 1600 2143 1651 in
2166 1592 2708 1651 remissionemlfusus
2729 1600 2813 1647 est
2841 1599 3215 1660 peccatorum;
3240 1606 3375 1658 aqua
3403 1591 3495 1643 illa

1950 1690 2180 1743 salutare
2240 1684 2551 1754 temperavit
2603 1682 2847 1752 poculum
2903 1700 2915 1734 :
2966 1681 3078 1735 lucc
3117 1688 3170 1733 et
3220 1679 3488 1733 lavacrum

1950 1783 2164 1844 pra:th
2195 1782 2248 1826 ct
2275 1781 2475 1841 potum.
2523 1770 2634 1824 Iloc
2676 1768 3064 1847 praznuntiabat
3102 1767 3238 1834 quod
3276 1765 3385 1819 Noe
3434 1766 3488 1817 in

1951 1867 2112 1920 latere
2151 1878 2287 1917 arcte
2313 1862 2508 1916 ostium
2534 1860 2706 1914 facere
2745 1858 2927 1925 jussus
2957 1865 3055 1921 est,
3094 1874 3195 1926 qua
3227 1858 3489 1910 intrarent

1950 1954 2195 2009 animalia
2236 1968 2353 2023 qua:
2388 1967 2493 2005 non
2535 1959 2689 2004 erant
2732 1948 2927 2003 diluvio
2978 1949 3246 2017 peritura,
3296 1947 3487 2016 quibus

1948 2041 2382 2111 pneﬁgurahatur
2406 2039 2643 2093 Ecclesia
2679 2037 2829 2106 (Gen.
2860 2054 2933 2100 γι,
2982 2037 3089 2107 16).
3124 2037 3348 2106 Propter
3384 2037 3486 2090 hoc

1948 2133 2120 2200 prima
2146 2130 2345 2203 mulier
2405 2128 2543 2182 facta
2591 2137 2672 2182 est
2722 2129 2786 2181 de
2840 2116 2946 2180 lviri
3003 2126 3171 2181 latere
3225 2126 3494 2181 dormien-

1950 2222 2049 2284 tis,
2083 2227 2138 2273 et
2170 2218 2429 2288 appellata
2458 2222 2540 2270 cSt
2564 2217 2672 2269 vita
2721 2224 2997 2283 materque
3043 2216 3282 2287 vivorum
3320 2216 3337 2275 t
3359 2214 3487 2269 Cen.

1950 2328 2022 2374 ιι,
2066 2310 2136 2362 ‘22
2159 2349 2175 2374 ,
2211 2308 2360 2378 seq.).
2396 2307 2640 2376 Magnum
2690 2306 2882 2375 quippe
2930 2292 3244 2375 signiﬁcavit
3270 2306 3486 2368 bonum,

1949 2407 2071 2451 ante
2120 2412 2366 2466 magnum
2417 2395 2867 2464 pmvaricationis
2926 2394 3258 2461 malum;jin
3304 2394 3488 2447 habitu

1940 2484 2165 2552 jacentis
2208 2500 2271 2538 ac
2318 2484 2643 2537 dormientis.
2674 2484 2740 2535 Et
2773 2485 2858 2537 hic
2915 2468 3366 2557 secundus'Adam
3416 2486 3488 2537 in-

1948 2571 2143 2625 clinato
2167 2570 2337 2638 capite
2366 2571 2416 2622 in
2446 2584 2601 2624 cruce
2628 2570 2893 2632 dormivit,
2922 2579 2979 2622 ut
3010 2572 3130 2624 inde
3170 2564 3490 2625 liirmaretur

1949 2663 1998 2715 ei
2020 2662 2209 2730 conjux
2236 2676 2353 2728 quae
2377 2660 2441 2713 de
2470 2659 2633 2712 latere
2652 2658 2961 2712 dormientis
2988 2658 3203 2713 elIluxit.
3234 2660 3277 2714 Ο
3322 2678 3487 2726 mors,

1949 2751 2088 2803 unde
2122 2749 2313 2803 mortui
2344 2749 2689 2802 reviviscunt!
2716 2749 2897 2813 (Vsus.
2926 2748 3139 2818 56,57.)
3165 2746 3326 2801 Facta
3356 2752 3490 2802 enim

1948 2835 2203 2899 sunthaec,
2218 2836 2407 2903 inquit,
2425 2845 2480 2887 ut
2508 2834 2776 2904 Scriptura
2804 2836 3127 2905 impleretur:
3146 2835 3215 2890 Os
3237 2855 3334 2890 non
3355 2855 3493 2891 com-

1948 2924 2182 2976 minuetis
2202 2939 2265 2975 ea:
2300 2939 2378 2975 eo.
2413 2923 2477 2974 Et
2500 2924 2683 2975 iterum
2714 2923 2818 2975 alia
2850 2924 3116 2992 Scriptura
3144 2925 3307 2978 dicit:
3341 2924 3490 2979 Vide-

1951 3012 2091 3075 bunt,
2140 3012 2195 3065 in
2252 3027 2398 3079 quem
2453 3011 2839 3078 transﬁxerunt.
2909 3013 3021 3065 Duo
3083 3016 3379 3069 testimonia
3425 3018 3490 3070 de

1952 3101 2238 3171 Scripturis
2274 3101 2499 3155 reddidit
2523 3099 2742 3169 singulis
2784 3100 2961 3162 rebus,
3004 3116 3136 3167 quas
3166 3103 3332 3157 factas
3361 3121 3489 3157 nar-

1952 3192 2105 3245 ravit.
2132 3190 2265 3247 Nam
2304 3190 2427 3259 quia
2465 3190 2670 3243 dixerat
2698 3207 2711 3242 :
2742 3190 2820 3241 Ad
2848 3189 3023 3241 Iesum
3052 3199 3220 3241 autent
3249 3207 3363 3242 cum
3412 3210 3493 3245 re-

1953 3283 2159 3345 nissent,
2188 3297 2289 3333 non
2335 3280 2590 3348 fregerunt
2630 3279 2740 3347 ejus
2784 3294 2966 3343 crura,
3015 3279 3079 3332 ad
3121 3278 3219 3333 hoc
3266 3282 3491 3347 pertinet

1952 3372 2309 3426 testimonium
2342 3384 2356 3421 :
2383 3369 2451 3422 0s
2474 3385 2573 3422 non
2604 3370 2953 3422 comminuetis
2978 3386 3041 3421 ea:
3069 3386 3126 3422 eo
3155 3384 3171 3420 :
3195 3370 3331 3438 quod
3356 3386 3489 3439 pra:-

1952 3468 2159 3527 ceptum
2184 3466 2263 3511 est
2294 3459 2373 3510 eis
2397 3458 2486 3524 qui
2517 3456 2785 3509 celebrare
2822 3457 3021 3510 Pascha
3062 3457 3195 3524 jussi
3225 3469 3348 3513 sunt
3374 3463 3490 3515 ovis

1951 3546 2308 3600 immolatione
2330 3545 2381 3596 in
2418 3542 2582 3596 veteri
2622 3544 2753 3611 lege,
2782 3558 2897 3610 quae
2921 3544 3206 3600 Dominicaa
3234 3550 3493 3614 passionis

1950 3634 2135 3687 umbra
2175 3640 2535 3701 praecesserat.
2574 3630 2722 3703 Unde
2753 3630 2954 3685 Pascha
2995 3644 3223 3687 nostrum
3253 3638 3492 3693 immola-

1950 3732 2032 3775 tus
2053 3733 2124 3775 est
2144 3720 2373 3775 Christus
2396 3720 2447 3789 (I
2474 3720 2594 3773 Cor.
2625 3736 2676 3784 ν,
2708 3719 2758 3792 7)
2803 3739 2814 3772 :
2856 3720 2921 3773 de
2951 3736 3053 3791 qua
3077 3720 3253 3792 [Aug.,
3279 3725 3344 3777 de
3363 3729 3488 3799 quo]
3562 3790 3564 3793 λ

1951 3823 2004 3867 et
2026 3813 2189 3866 lsaias
2206 3813 2455 3882 propheta
2474 3812 2790 3879 praedixerat
2809 3825 2823 3863 :
2840 3810 2982 3865 Sicut
3011 3814 3115 3865 ovis
3137 3814 3205 3865 ad
3226 3816 3494 3871 immolan—

1951 3906 2073 3969 dum
2102 3904 2283 3956 ductus
2307 3910 2380 3956 est
2407 3901 2557 3971 (Isai.
2584 3918 2696 3965 LIII,
2736 3901 2808 3970 7).
2850 3901 2975 3956 [tem
3007 3902 3173 3976 [quia]
3206 3905 3491 3972 subiunxe-

1954 4000 2037 4045 rat
2059 3992 2237 4045 dicens
2277 4009 2288 4043 :
2321 3988 2421 4044 Sed
2440 4006 2573 4043 unus
2594 3989 2816 4042 militum
2855 3989 3031 4068 lancea
3058 3991 3193 4045 latus
3231 3996 3343 4062 ejus
3371 4012 3491 4064 ape-

1953 4081 2076 4143 ruit,
2100 4080 2165 4132 ad
2205 4080 2305 4132 hoc
2345 4079 2575 4146 pertinet
2612 4077 2836 4131 alterum
2877 4079 3233 4134 testimonium
3272 4099 3283 4135 ;
3345 4080 3490 4137 Vide-

1950 4166 2101 4228 bunt,
2132 4168 2377 4235 in'quem
2417 4176 2819 4234 compunxerunt
2868 4179 2886 4216 :
2930 4167 3019 4221 ubi
3064 4169 3357 4237 promissus
3410 4180 3491 4225 est

1950 4251 2193 4305 Christus
2221 4252 2274 4303 in
2313 4266 2376 4304 ea
2420 4266 2523 4319 qua
2549 4250 2834 4305 cruciﬁxus
2884 4260 2967 4306 est
3016 4268 3176 4308 carne
3213 4266 3486 4313 venturus.

314 4346 577 4429 quomodo
598 4358 724 4399 cum
746 4343 911 4397 νοιιιίι
936 4342 1101 4396 om“?
1125 4340 1331 4423 Quam“
1372 4340 1631 4409 speranda
1668 4337 1753 4393 vel
1788 4338 1856 4391 ﬁ“
1881 4351 1931 4412 D
2022 4360 2177 4413 Vens.
2206 4359 2289 4421 58,
2319 4358 2405 4411 39.
2428 4387 2499 4397 ——
2523 4357 2647 4410 Post
2673 4358 2782 4410 hac
2826 4368 2995 4412 autem
3030 4364 3220 4429 rogavit
3256 4351 3488 4420 Pilatum

316 4434 506 4489 menda
528 4422 764 4501 potestas
788 4438 872 4497 est
893 4416 1195 4498 iudicantis,
1226 4430 1271 4483 si
1300 4430 1543 4497 apparuit
1572 4438 1716 4483 tanta
1744 4443 1857 4483 mo-

318 4522 536 4579 rientis?
565 4541 583 4572 s

391 4628 412 4662 ι
446 4622 472 4649 ι
493 4609 841 4675 Posteaquam
869 4606 1122 4660 Dominus
1150 4604 1325 4671 Iesus,
1355 4603 1585 4673 peractis
1611 4605 1857 4658 omnibus

318 4714 438 4771 quae
459 4704 582 4751 ante
600 4711 749 4750 suam
776 4706 998 4750 mortem
1022 4698 1203 4765 peragi
1243 4702 1486 4766 oportere
1524 4692 1850 4762 praesciehat,

319 4785 535 4858 quando
564 4784 733 4837 voluit
761 4784 977 4863 tradidit
1002 4784 1266 4851 spiritum,
1288 4799 1405 4853 qua:
1445 4781 1633 4837 deinde
1674 4788 1852 4834 secuta

318 4880 429 4933 sint
478 4873 798 4945 evangelista
855 4881 1106 4951 narrante
1156 4874 1447 4927 Videamus.
1506 4871 1689 4943 (Vsus.
1739 4870 1852 4939 51.)

317 4966 494 5019 Iudai
521 4980 664 5034 ergo,
690 4960 879 5030 inquit,
922 4958 1164 5030 quoniam
1202 4976 1471 5029 parasceve
1505 4970 1634 5023 erat,
1670 4967 1723 5012 ut
1754 4975 1855 5011 non

320 5048 637 5105 remanerent
680 5050 737 5103 in
767 5065 915 5109 cruce
942 5064 1153 5117 corpora
1184 5046 1391 5100 sabbato
1429 5046 1559 5115 (erat
1583 5048 1717 5099 enim
1745 5061 1855 5097 ma-

318 5156 447 5208 gnus
480 5139 590 5191 dies
618 5136 725 5191 .ills
750 5137 997 5208 sabbati),
1046 5145 1349 5205 rogaverunt
1376 5131 1601 5187 Pilatum
1629 5145 1682 5187 ut
1710 5135 1855 5205 {ran-

318 5236 557 5295 gerentur
571 5241 751 5278 eorum
776 5242 951 5291 crura,
981 5235 1028 5279 et
1055 5223 1375 5283 tollerentur.
1406 5221 1520 5276 Non
1548 5240 1705 5277 crura
1753 5226 1851 5278 tol-

319 5314 577 5397 lerentur,
614 5314 707 5368 sed
746 5315 803 5369 hi
826 5316 1016 5383 quibus
1042 5312 1161 5371 ideo
1201 5315 1575 5387 frangebantur
1596 5326 1653 5370 ut
1675 5332 1851 5372 more-

320 5414 523 5472 rentur,
551 5415 607 5461 et
650 5404 983 5461 auferrentur
1032 5422 1099 5463 ex
1139 5410 1282 5481 ligno
1312 5428 1325 5462 :
1355 5424 1422 5465 ne
1465 5412 1753 5479 pendentes
1800 5411 1851 5465 in

389 5565 412 5592 ο
450 5552 523 5607 Ex
556 5553 611 5607 S.
652 5554 806 5623 Aug.,
836 5563 985 5610 tract.
1015 5571 1132 5620 cxx,
1165 5574 1309 5612 num.
1342 5559 1447 5613 la'l.

1955 4444 2134 4517 Ioseph
2180 4445 2242 4497 ab
2268 4444 2576 4509 Arimathia,
2601 4460 2660 4497 eo
2694 4446 2831 4514 quod
2868 4455 2993 4499 esset
3020 4447 3297 4517 discipulus
3340 4446 3485 4518 Iesu,

1951 4534 2176 4589 occultus
2203 4542 2372 4585 autem
2394 4542 2597 4602 propter
2622 4526 3141 4589 metunLIudteorum
3160 4578 3175 4601 ,
3204 4548 3259 4590 ut
3287 4539 3487 4595 tolleret

1949 4639 2130 4691 corpus
2149 4619 2276 4674 Iesu
2302 4636 2320 4671 :
2346 4632 2393 4675 et
2421 4616 2649 4691 pertnisit
2676 4620 2899 4677 Pilatus.
2938 4624 3084 4679 Venit
3127 4644 3245 4698 ergo
3282 4638 3330 4682 et
3372 4630 3485 4683 tulit

1947 4725 2130 4777 corpus
2158 4708 2284 4762 Iesu
2307 4724 2326 4759 :
2361 4708 2505 4763 Venit
2530 4719 2697 4763 autem
2718 4722 2764 4764 et
2790 4713 3119 4780 Nicodentus,
3157 4719 3246 4787 qui
3286 4731 3486 4773 venerat

1955 4797 2020 4847 ad
2041 4795 2219 4848 Iesum
2255 4807 2399 4849 nocte
2423 4798 2671 4865 primum,
2700 4799 2865 4865 ferens
2889 4804 3168 4859 mixturam
3199 4810 3417 4877 myrrha:
3439 4821 3486 4863 et

1956 4878 2114 4943 aloes,
2149 4880 2295 4948 quasi
2335 4879 2492 4932 libras
2540 4891 2758 4933 centum.
2807 4882 2921 4939 Non
2952 4887 3027 4940 ita
3066 4890 3484 4959 distinguendum

1955 4977 2052 5030 est,
2070 4974 2128 5021 ut
2151 4968 2402 5031 dicamus,
2416 4969 2635 5037 primum
2648 4970 2813 5039 ferens
2828 4976 3101 5029 mixturam
3120 4980 3369 5046 myrrhae;
3393 4983 3485 5035 sed

1956 5058 2072 5119 hoc,
2096 5056 2238 5126 quod
2262 5057 2459 5112 dictum
2480 5064 2561 5112 cst
2580 5060 2822 5128 primum,
2847 5064 2912 5118 ad
2938 5067 3257 5134 superiorem
3272 5081 3485 5124 sensum

1957 5146 2205 5217 pertinet,
2234 5144 2434 5200 uenerat
2474 5149 2608 5199 enim
2665 5147 2976 5207 Nicodemus
3019 5154 3086 5207 ad
3126 5154 3302 5208 Iesum
3341 5166 3487 5211 nocte

1952 5239 2173 5306 primum
2203 5250 2221 5286 :
2250 5236 2390 5306 quod
2427 5235 2564 5289 idem
2594 5234 2833 5296 Joannes
2864 5245 3101 5297 narravit
3128 5244 3180 5297 in
3217 5246 3486 5312 prioribus

1952 5326 2222 5395 Evangelii
2248 5326 2330 5381 sui
2365 5322 2525 5395 634
2542 5327 2781 5394 partibus
2808 5329 2982 5401 (Joan.
3011 5347 3091 5396 ιη,
3116 5332 3197 5403 2).
3238 5332 3331 5387 Hic
3357 5346 3483 5404 ergo

1951 5414 2341 5485 intelligendum
2382 5421 2484 5478 est,
2529 5417 2595 5470 ad
2640 5414 2817 5474 Jesum
2856 5435 2959 5477 non
3004 5430 3127 5474 tunc
3171 5421 3354 5484 solum,
3390 5426 3481 5481 sed
