4154 6230
706 366 804 416 987

1533 334 1589 423 ti.
1632 372 1690 423 γ.
1733 371 1951 429 Λωίδι
1990 369 2118 427 seu
2157 373 2424 429 “cum
2461 360 2737 433 or‘rnuu
2774 378 2948 453 rans
2980 380 3038 435 ll.

3780 399 3891 452 988-

704 484 828 529 tunc
869 478 1098 545 primum
1134 480 1336 537 venisse
1366 480 1735 541 Nicodemum;
1774 485 2060 539 ventitasse
2089 483 2237 555 μὴ,
2271 489 2312 544 Α
2343 493 2488 539 tuum
2516 477 2785 554 quaerebat
2830 490 2881 542 in
2927 500 3296 561 monumento;
3323 508 3378 552 et
3414 501 3537 569 quia
3566 520 3706 559 nunc
3747 510 3874 577 μί..

704 559 1070 631 venitj‘autcm
1099 575 1309 632 postea,
1338 576 1393 619 ut
1426 568 1574 619 lieret
1603 568 1862 621 audiendo
1903 570 2191 639 discipulus
2222 590 2233 625 :

700 653 837 718 qqu
868 653 1022 706 modo
1048 663 1191 707 certe
1217 656 1266 708 in
1313 657 1625 712 revelatioue
1671 661 1907 727 corporis
1949 663 2236 715 beatissimi

702 733 952 806 Stephani
996 738 1105 793 fere
1133 741 1384 797 omnibus
1424 746 1663 811 gentibus
1699 746 2013 801 declaratur.
2054 751 2235 816 (Vens.

699 825 757 876 Η
793 824 961 894 )Εναι
988 839 1157 880 autent
1188 830 1239 881 in
1270 830 1379 883 loco
1409 834 1492 884 ubi
1522 834 1802 899 cruci/itus
1824 846 1917 897 est,
1945 837 2143 899 Itortus,
2191 849 2237 891 et

699 916 750 963 in
779 912 925 966 horto
966 926 1343 969 monumentum
1382 936 1588 981 novum,
1613 924 1663 973 in
1708 939 1809 990 quo
1853 924 2075 977 nondum
2103 928 2238 993 quis-

696 1020 846 1071 quam
876 1006 1069 1071 positus
1123 1005 1307 1069 fuerat.
1349 1006 1493 1061 Sicut
1530 1010 1583 1061 in
1612 1010 1786 1062 Maria:
1829 1013 2051 1079 virginis
2088 1023 2238 1068 utero

702 1107 853 1142 ﬂ“tttt)
886 1101 1006 1143 ante
1038 1092 1200 1154 illum,
1227 1111 1379 1147 :n-mn
1409 1107 1523 1162 post
1564 1099 1705 1149 illum
1732 1108 2013 1167 conceptus
2038 1109 2138 1161 est,
2166 1103 2235 1155 ita

698 1182 753 1231 itt
774 1181 870 1231 hoc
898 1192 1237 1236 monumento
1265 1199 1417 1236 nemo
1446 1194 1567 1238 ante
1594 1187 1758 1252 illum,
1776 1203 1934 1243 nemo
1961 1191 2237 1257 postillum

696 1269 928 1334 sepultus
957 1278 1053 1322 est.
1085 1272 1266 1338 (Vens.
1297 1273 1363 1326 Η
1388 1275 1406 1343 )
1427 1274 1450 1325 1
1458 1275 1506 1327 bi
1539 1292 1657 1342 ergo
1692 1285 1895 1344 propter
1915 1297 2235 1347 parascerem

694 1353 1020 1418 Jutltrorum,
1050 1360 1169 1425 quia
1191 1362 1345 1427 juxta
1375 1372 1483 1412 erat
1530 1374 1930 1426 monumentum,
1958 1376 2234 1433 posuerunt

692 1444 887 1498 Iesum.
941 1448 1298 1502 Acceleratam
1347 1451 1456 1504 vult
1500 1448 1718 1521 intelligi
1777 1455 2135 1522 sepulturam,
2169 1473 2236 1511 ne

694 1537 1188 1602 advesperasceret:
1221 1522 1428 1608 quando
1467 1542 1575 1609 jam
1622 1550 1836 1609 propter
1861 1559 2196 1610 parascevem
2218 1588 2233 1609 ,

693 1639 849 1691 quam
880 1640 1082 1680 cmnam
1112 1644 1293 1696 puram
1320 1628 1483 1681 Juda'i
1512 1630 1717 1692 Latine,
1763 1632 2007 1684 usitatius
2035 1648 2234 1701 praepa-

698 1713 951 1785 rationem
992 1719 1127 1784 apud
1173 1733 1269 1773 nos
1297 1729 1503 1780 vocant,
1543 1719 1716 1772 facere
1761 1721 1861 1772 tale
1908 1721 2101 1788 aliquid
2130 1738 2231 1775 non

697 1798 901 1851 licebat.
938 1821 953 1851 ι
1180 1828 1181 1833 η
1322 1821 1329 1827 '

1258 1892 1480 1947 CAPUT
1532 1895 1661 1947 XLI.

695 1993 1354 2075 IL-{t-trrectiontssimiliter
1396 2004 1740 2075 mani[estatio
1783 2004 2103 2075 declaratur,
2130 2024 2230 2075 qua

766 2063 934 2116 Maria
959 2063 1259 2134 Magdalene
1283 2065 1435 2121 Petro
1463 2080 1509 2121 et
1528 2063 1720 2124 Joanni
1747 2076 1946 2125 nuntiat
1976 2063 2231 2127 sublatum

762 2147 943 2199 corpus
990 2133 1059 2184 de
1094 2148 1435 2189 monumento.
1501 2139 1694 2202 Quibus
1744 2144 2130 2197 occurrentibus
2171 2161 2230 2196 ac

764 2202 999 2273 ret-emis,
1040 2202 1146 2273 ipsa
1175 2215 1285 2269 post
1322 2205 1602 2273 anyclieam
1647 2208 1885 2260 visionem
1935 2212 2096 2262 risum
2123 2229 2154 2262 a
2180 2228 2232 2263 se

763 2266 1032 2320 Dominum
1057 2266 1315 2343 irslimans
1343 2266 1691 2343 hortulanum,
1720 2279 1925 2343 proprio
1951 2294 2070 2330 mox
2089 2280 2154 2330 ab
2173 2295 2231 2330 eo

763 2342 1360 2414 revocaturcertamine.
1393 2340 1551 2406 Quem
1590 2340 1842 2412 cognitum
1865 2345 2078 2413 jubetur
2115 2363 2234 2414 pro-

761 2406 895 2457 t‘nus
925 2404 1184 2475 discipulis
1211 2404 1463 2474 nuntiare.

761 2515 937 2575 CtPCT
960 2532 1047 2579 xx,
1080 2520 1235 2572 Vsus.
1266 2522 1311 2572 l.
1334 2552 1403 2560 —
1433 2521 1547 2574 l'na
1592 2534 1761 2577 autem
1808 2528 2027 2592 sabbati,
2058 2528 2232 2581 Maria

695 2605 999 2674 Mtgdulene
1019 2611 1146 2662 venit
1177 2628 1344 2675 mane,
1366 2608 1479 2665 cum
1510 2616 1677 2668 adhuc
1701 2619 1917 2672 tenebra'
1944 2632 2106 2673 essent
2124 2661 2137 2683 ,
2165 2622 2230 2672 ad

693 2705 1102 2760 monumentum;
1142 2708 1189 2751 et
1240 2701 1361 2752 vidit
1406 2701 1629 2770 lapidem
1674 2705 1929 2759 sublatum
1976 2725 2007 2759 a
2051 2725 2231 2761 monu-

691 2790 875 2832 mento.
913 2799 930 2830 ι
980 2781 1095 2837 Una
1140 2787 1355 2842 sabbati.
1398 2805 1554 2857 quam
1580 2790 1690 2857 jam
1735 2794 1873 2845 diem
1904 2795 2227 2851 Dominicam

690 2881 905 2937 propter
926 2872 1127 2927 Domini
1155 2880 1591 2934 resurrectionem
1633 2898 1745 2936 mos
1774 2884 2105 2940 Christianus
2134 2904 2228 2957 ap~

691 2958 845 3025 pellat
874 2978 884 3011 :
908 2976 1062 3027 quem
1093 2963 1362 3019 λιπιιὴαξυς
1392 2968 1533 3021 solus
1564 2971 1615 3021 in
1640 2974 1976 3039 cvangelistis
2004 2977 2228 3041 primam

690 3048 890 3101 sa‘ibati
919 3052 1222 3103 n0'ninavit.
1249 3072 1264 3101 ι
1288 3052 1467 3121 (Vsus.
1492 3056 1567 3124 Ξ.)
1593 3056 1828 3111 Cucurrit
1851 3079 1968 3131 ergo
1988 3103 1999 3125 ,
2026 3076 2070 3115 et
2102 3066 2229 3117 venit

2338 572 2508 643 hunc]
2571 577 2787 631 minime
2835 580 3073 644 invenit,
3116 581 3347 639 furatum
3394 591 3636 645 credidit.
3695 572 3875 652 Adhuc

2336 675 2461 727 ergo
2484 671 2635 715 erant
2666 666 2913 728 tenebrae,
2938 681 3057 720 cum
3079 671 3223 723 venit
3250 678 3315 725 ad
3334 689 3748 735 monumentum.
3774 684 3876 738 Cu-

2337 749 2497 800 currit
2520 750 2695 814 citius,
2730 753 2997 822 discipulis
3022 759 3283 812 nuntiavit
3314 779 3325 811 :
3350 764 3442 818 sed
3482 766 3557 821 illi
3587 784 3695 837 pra:
3721 782 3874 826 cane-

2338 838 2409 889 ris
2456 850 2819 903 cucurrerunt,
2857 844 2944 910 qui
2972 859 3080 911 pne
3109 849 3313 903 ctetcris
3362 866 3689 923 amaverunt,
3727 860 3873 914 vide-

2336 923 2455 976 licet
2484 926 2669 981 Petrus
2695 937 2749 981 et
2775 926 3021 985 Joannes.
3065 931 3348 991 Currebant
3377 949 3548 993 autem
3568 943 3671 996 duo
3698 946 3865 1011 timul,

2334 1014 2422 1064 sed
2444 1012 2672 1069 Joannes
2690 1022 3023 1085 pra'cucurrit
3047 1024 3193 1077 citius
3224 1023 3393 1091 Petro,
3423 1041 3470 1082 et
3494 1035 3622 1085 venit
3649 1038 3791 1103 prior
3804 1042 3889 1093 ad

2336 1118 2714 1159 monumentum
2733 1148 2746 1171 ,
2788 1118 2839 1161 et
2865 1108 3038 1180 [Creg.
3059 1152 3073 1173 ,
3124 1114 3235 1184 sed]
3262 1117 3462 1186 ingredi
3492 1136 3595 1174 non
3622 1138 3871 1190 praesum-

2336 1188 2458 1257 psit,
2503 1194 2647 1245 venit
2699 1209 2825 1249 vero
2866 1199 3126 1263 posterior
3177 1200 3452 1275 [Petrus],
3502 1217 3555 1261 et
3585 1188 3813 1266 intravit.
3846 1235 3864 1264 ι

2335 1276 2437 1331 iste
2463 1293 2587 1333 vero
2623 1296 2809 1335 cursus
2836 1284 3057 1367 duorum
3081 1286 3452 1357 discipulorum
3499 1311 3741 1365 magnum
3775 1301 3867 1353 ha-

2335 1364 2422 1416 bet
2457 1367 2783 1434 mysterium.
2814 1364 2959 1434 Quid
3000 1373 3140 1426 enim
3177 1390 3272 1441 per
3310 1364 3703 1452 Joannem,rqui
3726 1390 3869 1455 prior

2334 1454 2477 1505 venit
2514 1454 2578 1507 ad
2625 1466 3040 1520 monumentum,
3068 1468 3121 1513 et
3156 1477 3260 1515 non
3288 1464 3523 1529 intravit,
3567 1471 3666 1523 nisi
3707 1454 3873 1540 Syna«

2335 1556 2465 1608 goga
2510 1541 2867 1610 significatur?
2901 1545 3035 1611 Quid
3079 1563 3173 1617 per
3216 1551 3448 1619 Petrum,
3483 1558 3584 1612 nisi
3636 1560 3866 1617 Ecclesia

2333 1644 2395 1681 ex
2426 1630 2667 1698 gentibus
2694 1645 3003 1705 congregata
3040 1637 3446 1709 demonstratur,
3469 1662 3589 1714 qua:
3610 1653 3866 1716 posterius

2334 1733 2539 1783 vocata,
2566 1730 2618 1775 et
2644 1725 2789 1790 prior
2824 1726 3073 1780 intravit?
3108 1729 3467 1787 Cucurrerunt
3506 1737 3645 1791 enim
3674 1742 3867 1807 pariter

2267 1826 2305 1881 ις
2332 1808 2609 1864 Geutilitas
2652 1820 2705 1863 et
2734 1813 3005 1885 Synagoga
3050 1832 3145 1884 per
3170 1819 3323 1889 hujus
3351 1826 3528 1879 szeculi
3570 1832 3863 1884 successio-

2333 1911 2462 1959 nes,
2509 1899 2600 1952 sed
2648 1914 2749 1953 non
2800 1904 2914 1970 pari
2970 1906 3312 1975 intelligentia
3364 1915 3662 1969 veniebant.
3710 1919 3869 1988 635

2338 2002 2352 2030 ο
2387 1984 2534 2037 Venit
2550 1984 2823 2058 Synagoga
2843 1993 2989 2058 prior
3010 1994 3075 2047 ad
3102 2009 3514 2067 monumentum,
3538 2005 3629 2058 sed
3656 1984 3864 2062 minime

2332 2072 2544 2127 intravit
2571 2089 2585 2127 :
2616 2078 2733 2144 quia
2775 2078 2906 2147 legis
2934 2081 3145 2149 quidem
3174 2087 3449 2163 mandata_
3463 2094 3716 2160 percepit,
3746 2111 3864 2163 pro-

2330 2161 2533 2226 phetias
2560 2163 2623 2215 de
2656 2165 3014 2223 incarnatione
3044 2185 3103 2224 ac
3141 2174 3386 2239 passione
3422 2156 3689 2234 Domini-ca
3719 2156 3863 2236 audio

2332 2246 2422 2309 vit,
2455 2249 2544 2300 sed
2575 2252 2789 2304 credere
2811 2254 2860 2306 iu
2890 2266 3154 2311 mortuum
3179 2260 3363 2313 noluit.
3390 2264 3530 2317 Vidit
3550 2268 3689 2319 enim
3715 2266 3865 2323 Joan-

2330 2349 2423 2388 nes
2451 2338 2616 2403 posita
2637 2338 2960 2406 linteamina,
2991 2346 3105 2397 non
3138 2354 3310 2401 tamen
3342 2350 3599 2416 introivit,
3628 2356 3750 2423 quia
3793 2358 3868 2410 vi-

2330 2426 2521 2479 delicet
2563 2428 2835 2501 Synagoga
2888 2444 2939 2488 et
2992 2435 3277 2505 Scrip‘ura:
3326 2456 3491 2496 sacrm
3540 2458 3865 2501 sacramenta

2330 2517 2603 2580 cognovit,
2657 2528 2709 2570 et
2757 2529 2929 2575 tamen
2980 2526 3048 2577 ad
3097 2528 3251 2579 tidem
3282 2531 3541 2595 passionis
3584 2533 3865 2589 Dominica':

2330 2604 2590 2657 credendo
2638 2608 2835 2660 intrare
2879 2610 3113 2669 distulit:
3163 2629 3318 2682 quem
3362 2618 3449 2669 diu
3484 2617 3636 2688 longe
3662 2620 3867 2694 lateque

2330 2694 2680 2760 prophetarit,
2733 2708 3043 2764 prtescntem
3086 2702 3214 2756 vidit
3261 2714 3314 2757 et
3362 2707 3561 2773 renuit;
3605 2710 3867 2766 hominem

2330 2795 2445 2832 csse
2474 2782 2728 2849 despexit,
2757 2786 2917 2839 Deum
2946 2805 3107 2843 carne
3138 2794 3411 2848 mortalem
3431 2796 3627 2852 factum
3655 2803 3870 2857 credere

2332 2869 2515 2922 noluit.
2546 2871 2680 2936 Quid
2702 2889 2831 2942 ergo
2855 2886 2934 2930 est
2953 2918 2966 2933 .
2997 2880 3095 2932 nisi
3122 2881 3244 2947 quia
3270 2890 3323 2935 et
3352 2884 3507 2938 citius
3528 2890 3784 2952 cucurrit,
3814 2901 3870 2943 et

2331 2967 2504 3011 tamen
2550 2970 2670 3013 ante
2724 2974 3117 3018 monumentum
3161 2982 3320 3021 vacua
3374 2972 3552 3047 stetit?
3581 2973 3761 3044 (Vsus.
3790 2976 3865 3047 6.)

2341 3042 2481 3096 l'enit
2515 3056 2683 3099 autent
2732 3048 2911 3102 Simon
2962 3050 3146 3107 Petrus
3191 3036 3675 3126 subsequens‘eum,
3720 3074 3764 3117 et
3790 3067 3859 3118 ire

690 3137 756 3185 ad
804 3133 1056 3187 Simonem
1089 3136 1328 3199 Petrum,
1368 3154 1413 3193 et
1442 3144 1507 3195 ad
1547 3146 1703 3198 alium
1745 3150 2050 3217 discipulum
2078 3169 2220 3220 quem

2267 3146 2296 3208 3
2329 3135 2497 3188 traicit
2535 3137 2587 3187 in
2629 3148 3026 3192 monumentum.
3069 3141 3199 3207 Quia
3252 3155 3429 3199 secuta
3483 3152 3746 3216 posterior
3771 3153 3870 3211 Ec-

688 3224 889 3275 amabat
936 3223 1107 3287 Iesus,
1138 3237 1182 3279 et
1231 3230 1351 3281 dicit
1394 3232 1465 3284 eis
1507 3247 1522 3281 :
1558 3233 1800 3286 Tulet‘uut
1847 3238 2117 3290 Dominum
2166 3242 2228 3292 de

686 3324 1029 3377 monumento,
1054 3326 1099 3367 et
1122 3320 1287 3369 nescio
1327 3320 1408 3371 ubi
1453 3333 1727 3388 posuerunt
1754 3340 1886 3376 eum.
1918 3326 2111 3380 Amore
2148 3328 2226 3380 ni-

685 3400 791 3451 mio
822 3403 1210 3463 turbatanlum
1253 3420 1405 3471 quem
1458 3411 1699 3474 qurcsivit
1737 3428 1839 3464 non
1888 3413 2103 3479 invenit,
2137 3431 2227 3469 cu-

684 3490 848 3542 cu'rit
901 3492 1167 3560 discipulis
1222 3496 1498 3559 nuntiare,
1556 3507 1613 3551 ut
1665 3509 1755 3552 aut
1800 3516 1978 3555 secum
2029 3518 2225 3571 qurere-

684 3588 835 3640 rent,
898 3591 986 3634 aut
1046 3598 1223 3636 secum
1291 3586 1530 3640 dolerent
1586 3589 1814 3642 ablatum
1883 3593 2158 3648 Dominum
2209 3616 2220 3649 :

685 3683 839 3734 quem
886 3669 1162 3723 Dominum
1212 3673 1486 3726 nominare
1520 3691 1619 3729 non
1660 3679 1881 3741 metuit,
1937 3680 2059 3733 dum
2103 3699 2224 3735 cor-

682 3770 777 3820 pus
805 3757 941 3810 illius
979 3762 1341 3814 tantummodo
1368 3775 1627 3830 quaereret
1657 3768 1708 3819 in
1754 3770 2013 3835 sepulcro.
2040 3772 2220 3837 (γης.

682 3844 749 3900 5.
797 3842 888 3911 4.)
940 3844 1080 3897 Exiit
1127 3862 1245 3914 ergo
1287 3846 1473 3901 Petrus
1522 3862 1567 3902 et
1610 3853 1695 3905 ille
1732 3853 1864 3907 alius
1915 3840 2221 3925 discipulus,

682 3940 726 3980 et
758 3942 994 3983 venerunt
1039 3934 1107 3984 ad
1155 3948 1555 3990 monuntentum.
1604 3941 1885 3996 Currebant
1928 3957 2095 4000 autem
2122 3950 2222 4000 duo

681 4022 869 4082 simul,
922 4033 967 4075 et
1017 4024 1102 4076 ille
1158 4026 1293 4076 alius
1349 4026 1629 4093 discipulus
1688 4036 2021 4097 prmcucurrit
2076 4037 2224 4088 citius

685 4105 874 4169 I'ctro,
925 4120 970 4160 et
1020 4112 1150 4162 venit
1202 4113 1342 4179 prior
1396 4114 1464 4165 ad
1514 4130 1913 4172 monumentum.
1969 4141 1985 4171 ι
2028 4125 2224 4178 Adver-

682 4198 834 4248 ten.la
879 4197 965 4250 hic
992 4206 1044 4251 et
1082 4202 1494 4254 commendanda
1531 4214 1614 4256 est
1649 4208 2046 4274 recapitulatio,
2095 4229 2226 4280 quo—

630 4336 637 4337 ί
682 4285 836 4335 molo
876 4285 1101 4337 reditum
1141 4295 1219 4338 est
1244 4289 1309 4339 ad
1334 4290 1385 4342 id
1409 4291 1548 4357 quod
1574 4291 1745 4344 fuerat
1775 4297 2219 4361 praetermissum:

679 4380 731 4423 et
760 4380 1027 4438 tanquam,
1061 4374 1104 4425 si
1134 4374 1228 4428 hoc
1266 4374 1443 4445 [.4ug.,
1472 4387 1524 4431 et
1564 4387 1740 4434 tamen
1785 4384 1936 4450 quasi
1979 4383 2101 4455 hoc]
2140 4401 2222 4439 se-

2326 3223 2483 3275 clesia
2512 3224 2775 3287 Gentium,
2805 3229 3165 3283 mediatorem.
3190 3231 3281 3284 Dei
3325 3240 3381 3285 et
3422 3234 3724 3302 hominum,
3766 3240 3865 3295 ho-

2325 3311 2524 3363 minem
2567 3310 2834 3365 Christum
2876 3313 3092 3379 Jesum,
3138 3324 3192 3371 et
3234 3321 3478 3388 cognovit
3521 3338 3866 3382 carnemor-

2328 3409 2488 3464 tuum,
2531 3409 2585 3455 et
2612 3402 2876 3455 viventem
2902 3404 3125 3459 credidit
3169 3406 3354 3461 Deum.
3388 3407 3570 3479 (Vsus.
3603 3412 3678 3483 Ἰ.)
3732 3414 3878 3469 Vidit.

2323 3490 2619 3543 linteamina
2652 3494 2851 3559 posita,
2897 3503 2943 3545 et
2990 3494 3256 3549 sudarium
3310 3499 3448 3566 quod
3496 3500 3665 3567 fuerat
3712 3518 3866 3570 super

2324 3587 2471 3647 caput
2492 3580 2621 3647 ejus,
2649 3596 2749 3632 non
2775 3597 2889 3633 sum
2916 3581 3295 3638 linteaminibus
3321 3589 3570 3655 positum,
3598 3591 3688 3644 sed
3718 3608 3867 3661 sepa-

2325 3666 2474 3717 ratim
2523 3666 2803 3720 involutum
2843 3670 2899 3721 in
2935 3686 3036 3722 uno
3077 3668 3201 3739 (AL,
3239 3674 3294 3725 in
3321 3690 3480 3728 unum
3515 3677 3704 3749 locum]
3729 3679 3867 3735 loco.

2323 3752 2456 3817 Quid
2484 3762 2565 3809 est
2589 3756 2726 3821 quod
2769 3757 3039 3810 sudarium
3069 3760 3257 3827 capitis
3284 3762 3490 3817 Domini
3526 3780 3645 3819 cum
3678 3766 3877 3821 lintea-

2323 3843 2549 3895 minibus
2578 3858 2681 3895 non
2716 3844 2979 3897 invenitur
3014 3845 3067 3897 in
3109 3856 3465 3913 monumento,
3510 3852 3611 3905 nisi
3638 3846 3761 3923 quia
3788 3865 3872 3909 at-

2324 3942 2549 3985 testante
2579 3934 2739 3986 Paulo
2771 3952 2782 3984 :
2811 3932 2979 4002 Caput
2999 3934 3189 3989 Christi
3208 3936 3345 3992 Deus
3364 3950 3437 3992 est
3465 3940 3514 4009 (Ι
3544 3941 3663 3995 Cor.
3692 3959 3765 4008 χι,
3787 3946 3869 4014 5).

2322 4029 2375 4071 et
2404 4022 2696 4072 divinitatis
2726 4022 3278 4091 incomprehensibilia
3312 4039 3647 4082 sacramenta
3677 4031 3743 4082 ab
3787 4033 3875 4084 in-

2324 4106 2587 4160 ﬁrmitatis
2619 4117 2813 4162 nostra:
2860 4110 3158 4179 cognitione
3186 4113 3445 4182 disjuncta
3472 4123 3622 4180 sunt,
3650 4117 3872 4185 ejusque

2322 4198 2552 4263 potentia
2601 4207 2856 4250 creatura:
2902 4201 3227 4254 transcendit
3274 4204 3556 4257 naturam?
3583 4205 3648 4257 Et
3676 4195 3868 4259 notan-

2323 4284 2443 4335 dum
2467 4285 2602 4351 quod
2632 4302 2731 4336 non
2775 4285 2943 4338 solum
2978 4288 3287 4354 separatim,
3322 4292 3413 4342 sed
3454 4290 3613 4344 etiam
3658 4292 3868 4347 involu-

2325 4382 2430 4424 tum
2464 4374 2684 4426 inveniri
2712 4374 2907 4426 dicitur
2935 4371 3107 4443 [Greg.
3136 4376 3320 4429 addit:
3346 4379 3399 4432 in
3447 4395 3610 4434 unum
3637 4381 3862 4454 locum}.

680 4469 947 4525 queretur,
987 4461 1287 4527 adjunctum
1333 4475 1431 4519 est.
1463 4467 1593 4520 Cum
1639 4469 1779 4521 enim
1812 4470 1924 4537 jam
1964 4473 2217 4528 dixisset.

2267 4461 2299 4518 D
2326 4461 2561 4512 Linteum
2594 4463 2783 4528 quippe
2812 4463 2951 4529 quod
2995 4463 3297 4530 involvitur,
3326 4468 3443 4536 ejus
3488 4484 3586 4522 nec
3630 4470 3862 4534 initium,

614 4604 619 4611 _
694 4542 940 4598 Venerunt
967 4548 1032 4599 ad
1055 4563 1458 4617 monumentum,
1495 4570 1765 4621 regressus
1785 4566 1865 4610 est
1900 4567 1957 4611 ut
1983 4572 2224 4614 narraret

676 4635 938 4701 quomodo
969 4646 1242 4702 venerunt,
1274 4648 1430 4707 alque
1460 4642 1534 4693 ait
1562 4660 1574 4693 :
1608 4642 1889 4697 Currebant
1921 4657 2090 4701 autem
2118 4650 2219 4703 duo

675 4723 859 4785 simul,
896 4732 998 4777 etc.
1039 4726 1134 4781 Ubi
1183 4728 1431 4792 ostendit,
1464 4732 1601 4797 quod
1632 4748 1961 4800 prazcurrens
2003 4738 2067 4790 ad
2115 4754 2219 4791 mo-

676 4821 980 4865 numentum
1012 4816 1156 4881 prior
1188 4820 1389 4871 venerit
1434 4820 1519 4873 ille
1560 4822 1694 4874 alius
1724 4825 2027 4891 discipulus,
2061 4844 2216 4894 quem

615 4953 622 4961 ,
674 4903 904 4968 seipsum
932 4902 1226 4970 significat;
1252 4906 1340 4958 sed
1365 4914 1612 4974 tanquam
1634 4908 1699 4962 de
1727 4909 1830 4962 alio
1860 4928 2003 4966 more
2022 4926 2217 4968 sancta:

675 4990 964 5058 Scriptura:
986 5002 1173 5046 cuneta
1208 5004 1389 5047 narrat
1417 5008 1464 5047 ο.
1503 5014 1521 5047 ι

744 5076 903 5131 Vens.
930 5076 1055 5130 5.—
1067 5079 1131 5131 Et
1148 5096 1262 5133 cum
1286 5100 1337 5136 se
1359 5084 1673 5149 inclinasset,
1692 5085 1882 5153 inquit,
1901 5088 2025 5142 cidit
2049 5091 2218 5159 posita

674 5162 993 5227 linteamina,
1024 5182 1124 5219 non
1146 5176 1315 5220 tamen
1350 5170 1564 5223 introiit.
1600 5191 1618 5223 ‹
1656 5174 1682 5212 b
1710 5172 1857 5240 Quod
1891 5192 2013 5231 vero
2055 5178 2215 5233 Maria

674 5248 977 5318 Magdalene
993 5253 1136 5305 venit
1157 5253 1223 5305 ad
1240 5262 1651 5321 monumentum,
1667 5275 1785 5313 eum
1803 5262 1973 5316 adhuc
1991 5264 2216 5319 tenebrae

670 5331 1025 5408 cssent,juxta
1040 5340 1311 5395 historiam
1331 5351 1542 5397 notatur
1556 5346 1683 5399 hora
1699 5348 1876 5415 ;juxta
1895 5352 2213 5407 intellectum

673 5438 798 5477 vero
813 5427 1111 5493 mysticum,
1128 5429 1444 5496 requirentis
1465 5433 1701 5501 signatur
1722 5435 2087 5505 intelligentia.
2108 5440 2214 5495 Ma-

674 5513 749 5561 ria
772 5511 908 5564 enim
939 5521 1208 5568 auctorem
1230 5516 1465 5568 omnium
1486 5532 1641 5585 quem
1661 5536 1820 5577 carne
1845 5522 2048 5579 viderat
2076 5542 2212 5582 mor-

741 5634 761 5656 θ
796 5622 1074 5691 llurusquc
1103 5640 1163 5677 ex
1282 5626 1589 5695 Augustino.

2323 4566 2417 4603 nec
2464 4552 2579 4604 linis
2605 4553 2874 4618 aspicitur.
2912 4552 3074 4605 Recte
3111 4568 3237 4622 ergo
3268 4556 3535 4610 sudarium
3572 4559 3761 4624 capitis
3785 4560 3868 4613 in-

2322 4639 2551 4691 volutum
2584 4641 2847 4692 inventum
2877 4652 2978 4701 est,
3016 4641 3138 4707 quia
3162 4642 3421 4697 celsitudo
3449 4645 3742 4700 divinitatis
3761 4663 3863 4703 nec

2320 4730 2478 4795 cmpit
2522 4743 2673 4791 esse,
2724 4744 2821 4781 nec
2868 4728 3078 4783 desinit.
3127 4730 3267 4785 Bene
3308 4740 3484 4786 autem
3530 4736 3760 4801 additur,
3804 4740 3865 4790 in

2318 4831 2419 4866 uno
2450 4815 2580 4876 loco,
2611 4816 2732 4882 quia
2780 4816 2830 4868 in
2877 4818 3105 4872 scissura
3149 4821 3403 4874 mentium
3433 4821 3567 4878 Deus
3605 4840 3707 4878 non
3756 4834 3861 4878 est.

2318 4903 2455 4957 Deus
2479 4906 2668 4972 quippe
2698 4906 2748 4958 in
2778 4908 2980 4962 unitate
3008 4917 3109 4970 est,
3160 4918 3215 4963 et
3257 4911 3329 4964 illi
3372 4912 3489 4980 ejus
3515 4914 3708 4968 habere
3736 4929 3863 4985 gra-

2319 4994 2442 5047 tiam
2493 5004 2778 5059 merentur,
2826 4997 2916 5063 qui
2964 5012 3021 5051 se
3062 4999 3128 5052 ab
3174 5000 3397 5055 invicem
3444 5018 3539 5072 per
3589 5010 3858 5057 sectarum

2317 5084 2560 5135 scandala
2588 5099 2691 5135 non
2723 5084 2979 5137 dividunt.
3020 5106 3037 5135 ι
3085 5086 3263 5142 Potest
3306 5090 3500 5159 quippe
3543 5088 3688 5160 [Hs.,
3720 5106 3857 5159 quo-

2315 5169 2437 5239 que]
2466 5186 2560 5237 per
2587 5170 2853 5225 sudarium
2878 5176 3054 5240 passio
3100 5175 3295 5229 Christi
3323 5175 3532 5230 Domini
3564 5179 3727 5233 nostri
3763 5180 3858 5234 dab

2317 5260 2535 5327 signari,
2580 5259 2726 5327 cujus
2752 5263 3012 5329 passionis
3053 5270 3381 5317 sacramenta
3412 5264 3711 5321 inﬁdelibus
3733 5275 3857 5320 sunt

2317 5349 2548 5402 involuta
2591 5365 2601 5399 :
2639 5365 2655 5397 ε
2692 5349 2815 5417 quia
2852 5364 3009 5417 quem
3048 5349 3296 5403 videbant
3341 5366 3504 5406 carne
3548 5353 3848 5416 mortalem,

2315 5438 2478 5491 Deum
2526 5451 2646 5490 esse
2688 5437 3036 5492 immortalem
3083 5453 3185 5492 non
3232 5440 3538 5494 creiebant.
3563 5438 3846 5495 Sudarium

2311 5540 2438 5594 ergo
2465 5528 2601 5592 quod
2651 5540 2808 5593 super
2834 5535 2992 5593 caput
3035 5524 3147 5594 ejus
3178 5526 3348 5581 fuerat
3382 5542 3619 5583 seorsum
3658 5530 3853 5585 inveni-

2383 5637 2409 5676 ι³
2438 5636 2513 5690 Ex
2550 5637 2605 5691 S.
2640 5634 2820 5704 Greg,
2847 5636 2985 5691 hom.
3008 5638 3096 5701 22,
3119 5652 3263 5691 num.
3292 5636 3406 5690 2-5.
