4262 6240
438 406 539 463 989

1202 400 1597 454 exeamus.
1636 375 1702 438 '—
1735 398 2080 453 comtenr.
2118 398 2180 450 IN
2218 397 2402 451 JOAN.
2439 424 2509 437 -
2541 398 2665 451 LIB.
2708 398 2805 451 vu.

3494 394 3597 447 090

440 524 543 577 tur,
566 504 686 581 quia
707 512 818 579 ipsa
837 508 1012 578 passio
1044 507 1413 575 Redemptoris
1437 508 1600 561 nostri
1624 508 1777 575 longe
1810 523 1839 558 a
1865 522 1962 559 no-
1993 514 2037 566 Α
2067 504 2184 555 bam
2227 502 2403 577 (Joan.
2429 519 2478 566 ι,
2510 504 2593 571 l).
2622 504 2687 556 Et
2712 504 2860 571 quasi
2898 503 2965 556 ad
2992 504 3152 570 pedes
3164 503 3335 557 \sedet
3362 502 3595 569 angelus,

438 613 550 654 stra
572 600 813 669 passione
835 595 1091 663 disiuncta
1118 604 1230 659 est;
1256 598 1505 665 quoniam
1524 598 1636 665 ipse
1667 597 1780 649 sine
1812 596 1962 662 culpa

2064 608 2181 645 cum
2204 592 2394 644 dicitur
2420 606 2434 642 :
2462 591 2527 643 Et
2570 589 2780 643 Verbum
2800 607 2920 643 caro
2946 592 3139 658 factum
3164 600 3255 653 est,
3278 601 3339 643 et
3356 588 3600 643 habitavit

438 686 671 757 pertulit,
693 686 833 754 quod
860 699 956 738 nos
978 698 1097 737 cum
1117 683 1269 751 culpa
1310 683 1613 736 toleramus.
1630 684 1753 751 ipse
1780 692 1966 750 sponte
2061 685 2121 735 in
2150 682 2310 735 nobis.
2339 680 2625 737 Possumus
2647 689 2823 734 autem
2853 680 3000 751 [Ms.,
3028 681 3213 751 etiam]
3238 695 3332 750 per
3356 680 3486 735 duos
3508 696 3601 733 an-

438 776 594 829 morti
620 776 958 828 succumbere
981 773 1160 835 voluit,
1193 771 1258 825 ad
1300 788 1455 841 quam
1500 787 1596 826 nos
1622 773 1861 825 venimus
1888 773 1969 823 in-

440 863 551 915 viti.
581 862 864 929 Sequitur:
893 862 1071 929 (Vens.
1103 862 1167 930 8)
1211 860 1351 914 Tunc
1397 877 1516 927 ergo
1542 862 1765 913 introivit
1808 869 1854 912 et
1883 860 1967 911 ille

438 949 738 1016 discipulus,
774 950 860 1018 qui
896 958 1094 1002 venerat
1118 950 1259 1016 prior
1283 948 1349 998 ad
1391 956 1790 999 monumentum.
1819 946 1969 1000 Post-

439 1052 596 1105 quam
645 1037 882 1091 introivit
921 1036 1149 1099 Petrus,
1200 1036 1465 1100 ingressus
1508 1041 1588 1087 est
1624 1041 1678 1086 et
1720 1024 1965 1085 Joannes.

442 1125 703 1178 Posterior
728 1125 961 1188 intravit,
980 1125 1069 1193 qui
1092 1125 1234 1192 prior
1249 1129 1479 1176 venerat.
1507 1121 1696 1176 Notum
1728 1127 1808 1174 est
1832 1122 1969 1188 quod

442 1215 491 1265 in
536 1214 637 1266 line
686 1213 885 1273 mundi,
916 1214 982 1265 ad
1013 1212 1377 1279 Redemptoris
1399 1212 1553 1263 ﬁdem
1596 1211 1757 1263 etiam
1790 1208 1970 1261 Iud-sea

408 1301 732 1369 colligetur,
764 1300 925 1353 Paulo
966 1308 1273 1360 attestante,
1303 1298 1392 1365 qui
1431 1298 1504 1349 ait
1538 1310 1552 1346 ε
1596 1298 1766 1349 οοιιτ
1811 1297 1975 1364 pleni-

438 1390 562 1442 tudo
613 1390 836 1458 gentium
894 1391 1125 1449 intraret,
1173 1396 1220 1439 et
1264 1386 1337 1437 sic
1383 1386 1546 1437 omnis
1600 1384 1766 1437 Israel
1802 1385 1972 1437 salvus

439 1480 581 1547 ﬁeret
612 1479 783 1548 (Rom.
813 1494 885 1540 ιιι,
917 1478 1003 1540 25,
1034 1468 1144 1545 26);

510 1567 577 1619 Et
606 1568 725 1620 vidit
751 1576 798 1618 et
828 1566 1060 1618 credidit.
1084 1566 1216 1629 Quid
1241 1579 1366 1633 ergo
1390 1564 1538 1627 vidit,
1563 1573 1618 1618 et
1654 1565 1780 1633 quid
1805 1566 1975 1618 credi-

441 1659 550 1711 dit?
578 1658 719 1712 Vidit
746 1656 1049 1711 linteamina
1076 1656 1263 1723 posita,
1291 1662 1345 1707 et
1369 1655 1593 1708 credidit
1620 1656 1758 1723 quod
1787 1655 1976 1710 mulier

442 1746 763 1809 dixerat,de
788 1750 1126 1799 monumento
1152 1742 1430 1795 Dominum
1456 1741 1618 1796 fuisse
1642 1742 1924 1796 sublatum.
1950 1763 1968 1793 ι

2064 771 2208 839 gelos
2253 771 2355 824 duo
2399 779 2710 824 testamenta
2752 784 3096 839 cognoscere.
3142 784 3301 822 unum
3341 770 3515 838 prius,
3547 778 3601 822 et

2066 860 2206 911 aliud
2231 874 2473 926 sequens.
2503 858 2603 923 Qui
2629 858 2872 913 videlicet
2906 858 3075 926 angeli
3104 873 3200 925 per
3221 857 3393 911 locum
3425 859 3603 911 Domi-

2066 945 2170 997 nici
2199 945 2436 1012 corporis
2463 945 2801 1013 sibimetipsis
2840 953 2961 998 sunt
2987 944 3271 1011 conjuncti,
3298 945 3420 1013 quia
3453 946 3603 998 nimi-

2071 1048 2187 1084 rum
2208 1041 2429 1098 utraque
2453 1039 2784 1094 testamenta,
2812 1034 2933 1086 dum
2955 1034 3067 1101 pari
3092 1047 3246 1086 sensu
3268 1033 3599 1086 incarnatum

2069 1130 2121 1173 et
2151 1128 2453 1185 mortuum,
2498 1135 2561 1173 ac
2607 1122 2959 1175 resurrexisse
3005 1122 3279 1174 Dominum
3328 1121 3611 1182 nuntiant,

2068 1213 2219 1280 quasi
2255 1221 2623 1266 testamentum
2668 1212 2815 1280 prius
2841 1213 2904 1265 ad
2931 1220 3110 1278 caput,
3148 1219 3202 1265 et
3230 1218 3601 1265 testamentum

2072 1303 2333 1369 posterius
2380 1303 2443 1353 ad
2468 1300 2629 1368 pedes
2654 1301 2817 1354 sedet.
2862 1300 3158 1367 Requirunt
3182 1299 3397 1351 Mariam
3432 1296 3615 1367 angeli.

2070 1391 2341 1443 dicentes:
2376 1388 2553 1457 (Vens.
2584 1388 2667 1457 15)
2698 1386 2905 1450 Mulier,
2937 1388 3059 1456 quid
3100 1386 3308 1455 ploras?
3334 1385 3470 1437 Dicit
3498 1386 3604 1437 eis:

2074 1474 2207 1538 Quia
2227 1474 2452 1527 tulerunt
2478 1474 2751 1525 Dominum
2775 1490 2945 1525 meum
2962 1492 2991 1526 a
3012 1484 3355 1535 monumento,
3373 1482 3416 1525 et
3443 1473 3617 1524 nescio

2073 1564 2157 1615 ubi
2190 1572 2463 1632 posuerunt
2490 1579 2623 1615 eum.
2652 1562 2766 1629 Ipsa
2796 1577 3020 1631 namque
3063 1578 3212 1615 sacra
3238 1562 3463 1630 eloquia,
3494 1576 3655 1630 quae“

2074 1656 2127 1706 in
2175 1654 2325 1707 nobis
2352 1653 2612 1721 lacrymas
2641 1653 2836 1706 amoris
2862 1653 3118 1714 excitant,
3157 1660 3373 1720 propter
3400 1653 3610 1704 bonita-

2077 1753 2180 1795 tem
2228 1741 2519 1795 Salvatoris
2566 1744 2730 1795 nostri
2774 1749 2829 1796 et
2880 1742 3186 1795 memoriam
3232 1742 3419 1795 mortis
3474 1740 3623 1793 illius,

444 1846 469 1872 ι
498 1833 680 1886 Adhuc
708 1833 848 1885 enim
874 1832 1104 1885 tenebra:
1128 1838 1281 1884 erant
1313 1831 1365 1883 in
1394 1838 1753 1894 monumento,
1782 1831 1833 1883 id
1858 1839 1969 1890 est,
2008 1817 2048 1872 Β
2077 1848 2233 1899 quam
2256 1848 2440 1900 passus
2459 1841 2541 1887 est
2562 1847 2659 1900 pro
2682 1841 2863 1886 nostro
2887 1838 3087 1895 autem,
3113 1834 3324 1887 eas-lem
3348 1832 3621 1901 lacrymas

444 1921 497 1973 in
525 1921 789 1974 mentibus
824 1919 1031 1972 illorum
1055 1917 1219 1992 :qideo
1246 1918 1485 1985 sequitur
1512 1926 1564 1969 et
1591 1918 1722 1971 dixit
1746 1936 1758 1969 :
1791 1918 1971 1989 (Vens.

442 2009 493 2070 9,
531 2007 616 2075 10)
653 2006 895 2059 Nondum
915 2005 1049 2059 enim
1074 1996 1296 2057 sciebant
1326 2002 1642 2072 Scripturam
1676 2006 1796 2079 quia
1824 2022 1977 2073 opor-

443 2100 539 2150 tuit
584 2112 697 2150 eum
732 2113 764 2147 a
788 2096 1001 2147 mortuis
1030 2107 1306 2161 resurgere.
1350 2093 1593 2145 Abierunt
1634 2109 1752 2161 ergo
1792 2094 1976 2149 iterum

444 2184 681 2254 discipuli
723 2184 791 2235 ad
820 2183 1145 2251 semetipsos;
1174 2181 1227 2234 id
1268 2188 1378 2245 est,
1417 2181 1507 2235 ubi
1555 2181 1894 2243 habitabant,
1927 2193 1979 2235 et

443 2273 587 2326 unde
606 2273 672 2325 ad
700 2279 1095 2326 monumentum
1120 2278 1483 2323 cucurrerant.
1517 2269 1696 2339 (Vens.
1724 2267 1833 2337 ll.)
1863 2268 1978 2321 Ma-

446 2363 524 2414 ria
557 2371 728 2414 autem
750 2360 917 2412 stabat
941 2361 1008 2412 ad
1037 2368 1415 2412 monumentum
1443 2359 1571 2426 foris
1603 2358 1829 2427 plorans.
1856 2360 1978 2415 Ηῑῐιο

446 2452 608 2506 Maria
640 2470 657 2501 ι
686 2452 713 2491 ιι
735 2458 1011 2520 postquam
1059 2450 1203 2503 venit
1245 2449 1310 2501 ad
1341 2454 1735 2500 monumentum
1756 2485 1770 2509 ,
1802 2448 1978 2515 ibique

444 2557 638 2611 corpus
679 2541 1007 2594 Dominicum
1039 2554 1140 2591 non
1170 2537 1394 2597 invenit,
1432 2535 1693 2599 sublatum
1720 2534 1975 2596 credidit,

448 2644 608 2701 atque
644 2630 917 2700 discipulis
961 2628 1255 2682 nuntiarit:
1283 2626 1371 2694 qui
1404 2626 1674 2679 venientes
1711 2624 1976 2687 viderunt,

447 2729 606 2789 atque
643 2720 716 2772 ita
739 2731 876 2780 esse,
904 2725 963 2768 ut
986 2714 1174 2767 mulier
1199 2715 1424 2776 dixerat,
1454 2712 1812 2773 crediderunt,
1834 2718 1887 2764 et
1915 2711 1979 2764 de

446 2809 531 2862 bis
552 2790 797 2876 ‘protinus
818 2804 1068 2872 scriptum
1096 2812 1176 2855 est
1199 2816 1213 2852 :
1239 2800 1483 2852 Abierant
1507 2816 1626 2868 ergo
1646 2798 1884 2866 discipuli
1911 2798 1979 2850 ad

446 2897 753 2962 semetipsos.
774 2892 849 2947 Ac
873 2891 1060 2945 deinde
1088 2889 1420 2958 subiungitur
1442 2906 1455 2941 :
1479 2887 1649 2940 Maria
1677 2896 1844 2940 autem
1874 2895 1979 2940 sta—

449 2986 532 3038 bat
568 2980 636 3036 tid
669 2990 1048 3036 monumentum
1094 2978 1218 3046 foris
1248 2978 1475 3047 plorans.
1502 2975 1615 3042 Qua
1650 2976 1701 3029 in
1744 2974 1803 3030 re
1843 2990 1977 3045 pen~

449 3072 669 3127 sandum
702 3078 782 3123 est
806 3069 959 3139 hujus
986 3068 1222 3122 mulieris
1250 3076 1478 3121 mentem
1502 3074 1700 3135 quanta
1722 3066 1804 3119 vis
1832 3072 1978 3119 amo-

451 3161 525 3213 ris
569 3158 915 3219 accenderat,
952 3171 1071 3223 qua:
1112 3169 1142 3208 a
1185 3164 1523 3208 monumento
1567 3154 1792 3217 Domini,
1818 3156 1976 3209 etiam
2005 3122 2050 3184 C

451 3246 718 3313 discipulis
760 3243 1126 3297 recedentibus
1173 3256 1276 3294 non
1318 3243 1613 3295 recedebat.
1659 3242 1981 3310 Exquirebat

451 3347 605 3400 quem
636 3346 739 3385 non
782 3331 1085 3393 invenerat,
1124 3329 1282 3383 ﬂebat
1316 3331 1645 3398 inquirendo,
1692 3340 1745 3384 et
1785 3332 1981 3385 amoris

450 3421 531 3475 sui
559 3421 677 3490 igne
702 3434 953 3474 succensa
981 3419 1115 3487 ejus,
1144 3433 1299 3487 quem
1341 3419 1571 3473 ablatum
1611 3420 1857 3483 credidit,
1898 3435 1982 3473 ar-

452 3511 609 3565 debat
638 3510 897 3565 dcsiderio
922 3527 934 3561 :
958 3527 975 3559 ι
1004 3516 1063 3563 et
1081 3508 1219 3563 oculi
1246 3510 1335 3578 qui
1363 3510 1641 3563 Dominum
1664 3512 1985 3579 quaesieram

452 3608 509 3653 et
552 3613 654 3652 non
696 3600 1025 3663 invenerant,
1055 3599 1304 3668 lacrymis
1328 3599 1439 3667 jam
1479 3603 1842 3667 exundabant;
1872 3619 1984 3657 am-

452 3688 589 3757 plius
630 3688 868 3742 dolentes
894 3688 1034 3755 quod
1080 3688 1253 3740 fuerat
1279 3688 1485 3741 ablatus
1530 3691 1593 3742 de
1622 3700 1980 3755 monumento,

442 3793 613 3847 quam
656 3776 795 3845 quod
843 3774 1018 3829 fuerat
1056 3774 1263 3829 occisus
1292 3776 1343 3828 in
1382 3775 1557 3844 ligno:
1586 3778 1834 3845 quoniam
1867 3794 1981 3832 ma-

455 3866 604 3934 gistri
634 3865 787 3927 tanti,
814 3865 965 3933 cujus
988 3864 1036 3917 ei
1065 3864 1171 3917 vita
1214 3866 1483 3917 subtracta
1523 3862 1716 3929 fuerat,
1750 3880 1848 3919 nec
1875 3881 1987 3920 me-

456 3954 623 4007 moria
646 3952 971 4013 remanebat.
1004 3970 1023 4001 ι
1054 3951 1202 4004 Unde
1233 3952 1453 4020 contigit
1475 3960 1535 4006 ut
1567 3966 1687 4005 eum
1725 3954 1835 4007 sola
1862 3962 1987 4008 tunc

456 4043 678 4101 videret,
717 4054 833 4106 qua:
860 4038 1112 4092 remansit
1149 4046 1206 4090 ut
1250 4048 1545 4105 quaereret:
1574 4042 1697 4107 quia
1738 4044 1985 4095 nimirum

455 4131 626 4197 virtus
648 4128 771 4182 boni
815 4126 991 4196 operis
1015 4127 1405 4195 perseverantia
1429 4135 1512 4181 est
1537 4145 1550 4180 :
1583 4136 1641 4182 ut
1664 4144 1793 4183 voce
1836 4131 1986 4184 Veri-

458 4220 581 4273 tatis
596 4216 820 4272 dicitur:
849 4216 949 4283 Qui
970 4226 1138 4271 autem
1157 4228 1538 4287 perseveraverit
1558 4236 1716 4289 usque
1740 4220 1791 4273 in
1808 4220 1984 4286 ﬁnem,

458 4312 536 4365 his
576 4328 755 4365 seiras.
771 4312 866 4363 erit
894 4310 1102 4381 (Matth.
1147 4327 1213 4376 χ,
1244 4311 1362 4381 22).
1399 4312 1507 4366 ista
1540 4313 1717 4381 itaque
1756 4328 1873 4382 quae
1911 4313 1987 4367 sic

460 4400 693 4490 amabat,
720 4412 836 4490 qua:
860 4412 917 4452 se
1032 4408 1427 4490 monumentum
1463 4402 1602 4490 quod
1628 4407 1983 4470 perspexerat,
2018 4436 2061 4490 υ

461 4487 649 4540 iterum
670 4486 904 4548 inclinat,
927 4487 1197 4539 videamus
1219 4502 1323 4553 quo
1344 4488 1515 4542 fructu
1538 4489 1616 4541 vis
1636 4490 1831 4543 amoris
1853 4490 1907 4544 in
1925 4504 1987 4544 ea

462 4575 745 4644 ingeminat
766 4589 898 4643 opus
928 4575 1299 4643 inquisitionis.
1332 4574 1580 4643 Sequitur
1603 4596 1614 4628 :

524 4663 687 4733 636
713 4665 867 4718 Vens.
890 4666 975 4718 12.
994 4695 1061 4703 -
1090 4664 1223 4719 Vidit
1252 4665 1381 4718 duos
1408 4666 1611 4735 angelos
1654 4667 1707 4718 in
1744 4667 1873 4719 albis
1914 4684 1990 4721 se-

460 4750 653 4812 dentes,
676 4766 832 4801 unum
848 4752 914 4801 ad
937 4762 1108 4819 caput,
1126 4762 1173 4805 et
1193 4770 1350 4805 unum
1374 4754 1440 4805 ad
1464 4754 1635 4823 pedes,
1657 4755 1743 4807 ubi
1771 4756 1990 4823 positum

462 4837 629 4904 fuerat
655 4853 850 4928 corpus
877 4837 1020 4891 Iesu.
1046 4824 1193 4928 Quidx
1214 4849 1295 4894 est
1336 4845 1475 4909 quod
1508 4844 1560 4896 in
1591 4843 1705 4896 loco
1734 4842 1989 4896 Dominici

463 4924 697 4993 corporis
720 4924 824 4977 duo
864 4926 1035 4995 angeli
1076 4924 1335 4989 videntur,
1375 4944 1509 4982 unus
1535 4930 1603 4982 ad
1628 4939 1804 4999 caput,
1837 4940 1993 5001 atque

462 5017 597 5070 alius
616 5014 683 5069 ad
709 5015 866 5084 pedes
887 5016 1095 5078 sedens,
1123 5016 1224 5069 nisi
1252 5018 1390 5085 quod
1419 5018 1601 5071 Latina
1634 5020 1808 5089 lingua
1836 5037 1993 5091 ange-

464 5100 546 5155 lus
571 5105 787 5159 nuntius
807 5105 1025 5170 dicitur,
1048 5112 1103 5159 et
1132 5105 1218 5158 ille
1244 5121 1307 5158 ex
1333 5106 1573 5173 passione
1612 5122 1704 5160 sua
1744 5110 1993 5163 nuntian-

465 5189 563 5243 dus
603 5201 751 5256 erat,
790 5196 877 5263 qui
917 5204 971 5250 et
1002 5196 1139 5249 Deus
1176 5203 1256 5249 est
1280 5204 1403 5248 ante
1428 5197 1639 5261 saecula,
1668 5206 1722 5251 et
1752 5199 1911 5254 homo
1937 5202 1991 5254 in

466 5276 569 5332 line
598 5280 939 5335 mulorum?
970 5284 1131 5349 Quasi
1159 5289 1223 5339 ad
1248 5293 1405 5353 caput
1429 5286 1576 5340 sedet
1606 5287 1843 5355 angelus,
1872 5304 1992 5342 cum

465 5380 561 5434 per
583 5371 890 5438 Apostolum
914 5373 1121 5427 dicatur
1145 5387 1192 5439 ε,
1220 5380 1342 5445 quia
1368 5377 1421 5429 in
1443 5378 1693 5446 principio
1722 5388 1831 5431 erat
1876 5378 1995 5433 Ver-

465 5455 603 5521 bum,
636 5468 682 5511 et
722 5458 937 5514 Verbum
960 5471 1069 5514 erat
1102 5466 1239 5530 apud
1278 5467 1459 5529 Deum,
1492 5477 1537 5521 et
1564 5467 1702 5521 Deus
1732 5478 1839 5521 erat
1870 5466 1994 5521 Ver—

534 5579 556 5641 ςι
589 5566 875 5641 llucpsque
895 5586 958 5625 ex
990 5569 1046 5624 S.
1074 5570 1343 5641 Gregorio.

535 5635 559 5671 ι’
586 5634 659 5686 Ex
688 5635 754 5690 S.
774 5634 1055 5709 Gregorio,
1076 5634 1213 5697 hom“.
1239 5642 1327 5705 23,
1356 5661 1496 5697 num.
1530 5646 1634 5697 l-7.
1730 5655 1733 5658 '

2078 1921 2445 1983 consolantur,
2493 1920 2615 1973 dum
2662 1920 2815 1972 nobis
2870 1919 3243 1987 Redemptoris
3282 1921 3445 1974 nostri
3491 1934 3611 1986 spe-

2078 2013 2212 2066 ciem
2270 2012 2646 2080 promittunt.»
2698 2009 2883 2079 Angeli
2934 2010 3425 2078 interrogaverunt,
3475 2008 3612 2073 Quid

2075 2100 2286 2169 ploras?
2305 2101 2466 2167 Quasi
2491 2101 2783 2159 dixissent:
2806 2099 2920 2153 Non
2943 2108 3025 2170 est
3051 2115 3184 2167 opus
3207 2109 3470 2153 mortuum
3504 2100 3625 2167 plo-

2079 2202 2220 2251 rare,
2247 2202 2405 2257 quem
2432 2188 2692 2241 viventem
2722 2188 2937 2243 credere
2957 2188 3136 2242 debes.
3163 2188 3231 2241 At
3254 2188 3340 2241 illa
3370 2188 3445 2242 ait
3474 2207 3485 2239 :
3520 2187 3618 2241 Tu-

2046 2298 2051 2301 »
2077 2276 2242 2328 lerunt
2263 2276 2538 2329 Dominum
2576 2293 2762 2340 meum,
2785 2285 2833 2329 et
2866 2278 3033 2330 nesci?)
3060 2278 3147 2329 ubi
3172 2287 3448 2346 posuerunt
3479 2294 3615 2332 eum.

2078 2364 2357 2418 Dominum
2389 2381 2539 2418 suum
2566 2380 2760 2421 vocans
2785 2365 2989 2420 Domini
3015 2366 3096 2419 sui
3135 2382 3328 2435 corpus
3350 2368 3631 2431 exanime,

2078 2468 2109 2505 a
2136 2460 2286 2520 parte
2325 2460 2495 2505 totum
2534 2451 2865 2520 signiﬁcans;
2906 2454 3040 2507 sicut
3075 2468 3260 2507 omnes
3304 2453 3623 2509 conﬁtemur

2076 2516 2256 2593 Jesum
2292 2538 2558 2591 Christum
2585 2516 2791 2591 'Filiur‘n
2820 2516 2913 2593 Dei
2940 2542 3155 2595 unicum
3198 2541 3474 2595 Dominum
3518 2556 3614 2597 no-

2080 2638 2270 2692 strum,
2292 2628 2433 2696 quod
2468 2628 2648 2696 utique
2673 2627 2828 2681 simul
2860 2636 2941 2680 est
2978 2637 3031 2681 et
3062 2630 3309 2692 Verbum,
3341 2639 3393 2684 et
3418 2633 3627 2695 anima,

2079 2730 2133 2773 et
2160 2734 2321 2774 caro:
2352 2718 2661 2773 cruciﬁxum
2703 2726 2877 2771 tamen
2916 2727 2969 2771 et
3016 2718 3296 2786 sepultum,
3340 2734 3458 2772 cum
3507 2720 3625 2773 sola.

2078 2806 2193 2875 ejus
2216 2806 2419 2876 sepulta
2443 2807 2511 2861 sit
2540 2820 2685 2881 caro.
2710 2804 2777 2858 Et
2809 2822 2996 2869 nescso,
3016 2806 3203 2873 inquit,
3229 2805 3316 2858 ubi
3342 2815 3617 2874 posuerunt

2078 2912 2211 2949 eum.
2242 2896 2365 2950 Haec
2402 2904 2518 2950 erat
2544 2910 2704 2951 causa
2747 2893 2918 2962 major
2944 2894 3157 2960 doloris,
3186 2895 3323 2963 quod
3353 2895 3621 2949 nesciebat

2079 2998 2183 3051 quo
2221 2983 2323 3036 iret
2358 2984 2425 3037 ad
2462 2983 2837 3037 consolandum
2879 2982 3145 3046 dolorem;
3190 2982 3283 3036 sed
3310 2996 3475 3052 prope
3504 2991 3621 3036 erat

2081 3074 2209 3127 hora
2240 3087 2342 3141 qua
2375 3072 2587 3133 tristitia
2613 3073 2727 3140 ejus
2764 3079 3056 3125 verteretur
3082 3072 3136 3125 in
3175 3072 3443 3141 gaudium.
3474 3072 3621 3126 Unde

2079 3163 2315 3231 sequitur
2351 3181 2362 3214 :
2396 3157 2693 3231 (Vensdb)
2728 3159 2854 3213 Ha'c
2876 3177 2989 3213 cum
3012 3160 3244 3222 dixisset,
3268 3175 3465 3211 reversa
3486 3156 3621 3227 [Al.,

2078 3250 2339 3322 conversa]
2364 3261 2437 3304 est
2467 3260 2761 3315 retrorsum,
2787 3259 2833 3303 et
2859 3251 2979 3303 vidit
2999 3248 3177 3304 Jesum
3204 3258 3435 3305 stantem.
3461 3258 3506 3300 et
3536 3264 3627 3300 nc-

2078 3342 2265 3393 sciebat
2291 3342 2410 3409 quia
2428 3338 2580 3392 Iesus
2602 3348 2749 3393 esset.
2780 3358 2799 3390 ί
2826 3338 3119 3393 Notandum
3148 3339 3286 3406 quod
3313 3338 3475 3390 Maria
3505 3353 3621 3405 qua:

2080 3433 2252 3484 adhuc
2277 3430 2340 3483 de
2365 3429 2569 3483 Domini
2599 3430 2981 3482 resurrectione
3014 3428 3303 3490 dubitabat,
3332 3434 3623 3480 retrorsum

2080 3531 2335 3570 conversa
2382 3525 2464 3569 est
2493 3523 2551 3567 ut
2594 3516 2797 3567 videret
2832 3514 3012 3568 Jesum
3042 3534 3052 3567 :
3091 3517 3213 3582 quia
3243 3515 3486 3567 videlicet
3531 3529 3628 3581 per

2082 3605 2321 3657 eamdem
2350 3602 2726 3655 dubitationem
2756 3614 2921 3662 suam,
2948 3602 3098 3667 quasi
3128 3610 3271 3670 terga
3300 3600 3494 3671 [Greg.,
3521 3612 3627 3655 ter-

2082 3690 2225 3761 gum]
2265 3691 2315 3743 in
2348 3685 2554 3742 Demini
2580 3688 2770 3743 faciem
2813 3690 3049 3750 miserat,
3080 3704 3234 3755 quem
3273 3692 3631 3744 resurrexisse

2084 3779 2297 3831 minime
2325 3777 2590 3830 credebat.
2618 3776 2722 3829 Sed
2746 3776 2868 3844 quia
2906 3778 3118 3828 amabat
3145 3786 3198 3829 et
3223 3775 3518 3839 dubitabat,
3546 3782 3629 3830 vi-

2084 3868 2258 3930 debat,
2285 3873 2337 3917 et
2363 3880 2463 3918 non
2504 3864 2875 3932 cognoscebat,
2898 3878 3125 3931 eumque
3163 3862 3236 3915 illi
3276 3872 3327 3917 et
3357 3878 3505 3917 amor
3532 3880 3621 3917 os-

2086 3956 2323 4008 tenderat
2349 3960 2403 4005 et
2428 3952 2669 4005 dubietas
2694 3951 3067 4004 abscondebat.
3095 3949 3255 4017 Cujus
3282 3952 3452 4005 adhuc
3478 3951 3626 4018 igno-

2086 4045 2256 4097 rantia
2281 4042 2610 4109 exprimitur,
2641 4055 2762 4094 cum
2790 4038 3049 4093 infertur:
3089 4039 3269 4110 (Vens.
3320 4039 3404 4110 l5)
3435 4037 3501 4092 Et
3532 4057 3623 4093 ne-

2084 4132 2269 4184 sciebat
2305 4133 2426 4197 quia
2470 4129 2623 4183 Jesus
2656 4137 2801 4181 esset.
2844 4128 2944 4192 Qui
2978 4129 3099 4183 dicit
3124 4130 3171 4182 ei
3203 4144 3219 4180 :
3249 4128 3458 4193 Mulier,
3501 4131 3627 4200 quid

2083 4219 2254 4286 ploras
2278 4220 2301 4271 ?
2324 4218 2483 4282 Quem
2510 4220 2696 4287 quteris
2711 4218 2734 4269 ?
2751 4217 3111 4287 Interrogatur
3133 4218 3330 4273 doloris
3360 4234 3541 4283 causa,
3570 4229 3631 4273 ut

2085 4315 2339 4373 augeatur
2359 4307 2701 4369 desiderium,
2724 4292 2983 4372 quatenus
3000 4321 3119 4360 cum
3146 4309 3445 4361 nominaret
3470 4324 3629 4375 quem

2085 4401 2375 4461 quaereret,
2404 4393 2459 4445 in
2498 4406 2677 4446 amore
2713 4390 2826 4457 ejus
2876 4392 3171 4446 ardentius
3202 4402 3471 4448 aestuaret.
3519 4396 3628 4448 Illa

2087 4484 2379 4536 existimans
2404 4482 2524 4551 quia
2546 4479 2849 4533 hortulanus
2887 4489 3032 4543 esset,
3062 4480 3183 4532 dicit
3209 4481 3254 4533 ei
3277 4496 3294 4535 :
3318 4481 3548 4544 Domine,
3581 4485 3627 4535 si

2087 4582 2142 4625 tu
2169 4572 2418 4626 sustulisti
2444 4588 2591 4636 eum,
2606 4571 2760 4624 dicito
2786 4571 2908 4624 mihi
2947 4572 3033 4624 ubi
3064 4572 3276 4640 posuisti
3300 4588 3434 4635 eum,
3462 4582 3507 4625 et
3535 4589 3629 4641 ego

2089 4688 2203 4723 eum
2222 4668 2418 4723 tollant.
2432 4668 2678 4724 Forsitan
2700 4684 2797 4724 nec
2821 4672 3047 4726 errando
3068 4672 3182 4728 haec
3202 4673 3390 4726 mulier
3408 4674 3623 4737 erravit,

2090 4772 2205 4824 qua:
2238 4756 2417 4812 desum
2444 4758 2783 4812 hortulanum
2814 4761 3055 4814 credidit.
3080 4761 3160 4814 An
3204 4777 3307 4816 non
3337 4764 3385 4816 ei
3417 4764 3631 4831 spirita-

2091 4844 2209 4897 liter
2237 4844 2544 4899 hortulanus
2564 4854 2700 4910 erat,
2728 4847 2817 4914 qui
2845 4847 2899 4898 in
2926 4848 3039 4915 ejus
3065 4857 3278 4916 pectore
3309 4866 3402 4918 per
3431 4855 3632 4907 amoris

2092 4936 2171 4990 sui
2206 4936 2410 4989 semina
2436 4922 2688 4990 virtutum
2727 4936 2951 4989 virentia
2992 4938 3260 5007 plantabat
3301 4942 3445 4995 sata?
3476 4959 3493 4990 ι
3523 4940 3631 4995 Sed

2093 5028 2218 5097 quid
2260 5027 2525 5095 est,un
2566 5028 2789 5092 visoeo,
2821 5043 2977 5097 quem
3004 5032 3338 5087 hortulanum
3379 5035 3629 5097 credidit,

2093 5117 2177 5169 cui
2209 5115 2433 5175 necdum
2461 5115 2665 5169 dixerat
2681 5130 2837 5183 quem
2862 5122 3153 5185 qumzebat,
3182 5123 3255 5174 ait
3276 5122 3324 5175 ei
3348 5138 3361 5174 :
3389 5120 3626 5183 Domine,

2093 5205 2136 5255 si
2152 5213 2205 5255 tu
2230 5203 2483 5258 sustulisti
2499 5221 2633 5267 eum,
2650 5204 2803 5256 dicito
2815 5207 2961 5269 mihi,
2982 5188 3093 5263 etc.
3118 5229 3137 5261 ι
3158 5210 3321 5264 Nemo
3343 5210 3629 5264 calumnie-

2101 5300 2187 5345 tur
2223 5294 2520 5356 mulierem,
2548 5295 2686 5360 quod
2720 5296 3055 5371 hortulanum
3093 5301 3285 5353 dixerit
3327 5300 3625 5363 Dominum,

2097 5390 2151 5435 et
2173 5381 2351 5439 Jesum
2382 5383 2707 5451 magistrum.
2736 5386 2812 5459 lbi
2840 5388 2981 5441 enim
3008 5392 3241 5457 rogabat,
3274 5391 3358 5442 hic
3380 5390 3632 5445 noscebat

2100 5468 2231 5539 [Αι.,
2255 5469 2621 5541 agnoscebat];
2652 5473 2723 5526 ibi
2752 5474 3041 5529 honorabat
3070 5476 3333 5529 hominem
3355 5492 3385 5529 a
3409 5492 3515 5545 quo
3540 5479 3631 5535 be-

2092 5628 2096 5630 .
2165 5578 2417 5697 :‘Gregu
2452 5598 2470 5629 ‹
2500 5579 2627 5634 Cum
2674 5599 2769 5651 per
2807 5586 3096 5651 apostolum
3136 5586 3388 5643 Joannem
3437 5596 3632 5661 przedi-

2102 5663 2159 5697 επ
2189 5663 2298 5697 ιΓ.ο

2102 5663 2298 5700 catur.i
