4154 6250
666 397 759 448 901

1494 385 1545 438 ιι,
1592 388 1649 439 ιε.
1692 385 1908 438 suam
1947 383 2072 435 Slili
2114 379 2383 435 ALCL’lNl
2416 378 2691 434 OPERL'M
2728 376 2903 431 rans
2938 376 2973 429 ιι

3746 375 3844 433 ειη

665 499 908 553 nellcium
941 496 1271 566 postulabat,
1312 493 1396 545 hic
1430 493 1694 545 recolebat
1724 494 1991 544 doctorem
2029 507 2057 540 a
2097 502 2201 556 quo
2227 493 2277 549 Α
2302 490 2613 539 annuntians
2659 486 2925 555 discipulis
2946 500 2963 534 ξ
2992 485 3129 549 Quin
3167 483 3271 537 uidi
3305 483 3600 540 Dominum.
3632 486 3699 539 Et
3729 489 3839 543 ha-c

662 590 961 640 discernere
1005 586 1231 638 humana
1269 592 1327 634 et
1368 583 1540 635 divina
1586 580 1842 633 discebat.
1890 578 2201 646 Appellabat

660 676 938 727 Dominum
982 673 1131 737 cujus
1167 670 1355 722 ancilla
1397 686 1502 722 non
1535 679 1671 732 erat,
1702 678 1761 722 ut
1804 668 2103 735 perveniret
2133 668 2197 718 ad

659 765 936 815 Dominum
973 761 1120 827 cujus
1164 769 1299 813 erat.
1330 760 1497 814 Aliter
1539 775 1666 829 ergo
1712 758 1990 813 Dominum
2022 758 2153 809 dixit
2183 776 2193 807 :

658 851 987 903 .Snstulerttnt
1017 849 1289 900 Dominum
1317 864 1478 900 meum
1496 862 1513 897 :
1536 847 1692 902 aliter
1715 857 1888 899 autem
1915 862 1929 899 :
1958 846 2198 909 Domine,

652 939 695 985 si
724 947 776 987 tn
817 935 1070 988 sustulisti
1099 934 1266 997 illum,
1292 934 1363 986 ibi
1389 948 1453 986 ex
1482 934 1724 993 veritate,
1756 934 1843 985 hic
1867 948 1931 986 ex
1976 934 2195 985 honore.

653 1026 931 1088 inmrebat
976 1023 1172 1091 itaque,
1212 1032 1264 1074 et
1302 1036 1407 1075 non
1452 1022 1682 1084 diccbat,
1711 1036 1828 1087 quae
1867 1037 1983 1073 eum
2024 1019 2193 1072 dixit:

652 1114 887 1171 Domine,
918 1114 962 1164 si
985 1122 1037 1163 tu
1066 1110 1316 1163 sustulisti
1346 1127 1480 1161 cum.
1513 1128 1529 1158 ι
1554 1109 1664 1163 Iloc
1694 1109 1853 1162 habet
1876 1108 1957 1162 vis
1979 1108 2195 1171 amoris,

652 1203 752 1255 hoc
779 1215 935 1269 agere
970 1201 1105 1253 solet
1129 1202 1181 1253 in
1211 1201 1405 1261 animo,
1432 1207 1490 1252 ut
1523 1214 1681 1267 quem
1709 1200 1820 1267 ipse
1852 1212 2062 1266 semper
2101 1212 2198 1251 co-

650 1291 808 1358 gitat,
841 1289 1037 1342 nullum
1084 1290 1244 1342 alium
1273 1289 1456 1343 credat
1489 1288 1965 1357 ignorare.'Reetc
1987 1296 2041 1340 et
2084 1286 2198 1339 lucc

651 1381 855 1439 mulier,
886 1394 1041 1446 quem
1070 1380 1258 1446 quterit
1285 1394 1389 1432 non
1417 1379 1565 1444 dicit,
1590 1385 1645 1433 et
1683 1378 1861 1433 tamen
1887 1377 2033 1439 dicit,
2064 1378 2113 1429 si
2140 1385 2195 1428 tn

647 1470 899 1523 sustulisti
916 1486 1050 1530 cum,
1069 1470 1189 1537 quia
1212 1469 1363 1523 alteri
1380 1484 1482 1522 non
1506 1477 1655 1538 putat
1676 1468 2015 1537 incognitum,
2038 1480 2201 1534 quem

648 1561 725 1611 sic
750 1560 859 1626 ipsa
887 1559 1135 1611 continuo
1162 1558 1360 1627 plangit
1383 1558 1670 1611 desiderio.

722 1646 874 1697 Vens.
905 1646 982 1697 I6.
1002 1674 1069 1683 -——
1091 1644 1226 1697 Dicit
1252 1646 1297 1696 ei
1321 1644 1475 1697 Iesus
1498 1659 1517 1695 :
1543 1642 1733 1698 Maria.
1764 1642 2049 1710 Postquam
2075 1655 2194 1694 eam

605 1802 613 1810 _
644 1733 910 1785 coommni
935 1733 1187 1784 vocabulo
1212 1732 1491 1799 appellavit
1509 1747 1574 1784 ex
1602 1746 1750 1795 sexu,
1774 1739 1829 1784 et
1856 1731 2067 1797 agnitus
2089 1743 2194 1781 non

644 1829 745 1881 est,
780 1830 932 1873 vocat
959 1836 1022 1873 ex
1072 1824 1299 1874 nomine.
1328 1824 1403 1874 Ac
1439 1824 1481 1875 si
1524 1831 1704 1891 aperte
1728 1822 1777 1875 ei
1810 1822 1987 1875 dicat:
2023 1821 2195 1873 lieco-
2228 1794 2273 1853 Β

645 1924 838 1974 gziosi-e
878 1924 996 1961 eum
1042 1926 1070 1961 a
1099 1925 1202 1977 quo
1250 1911 1663 1979 recognosceris.
1707 1910 1950 1963 Perfecto
1985 1921 2195 1974 quoque

646 1998 693 2047 vi
704 2013 759 2047 ro
773 1998 964 2049 dicitur
980 2016 991 2047 τ
1013 1997 1144 2049 Novi
1159 2007 1206 2049 te
1220 2014 1282 2049 ex
1294 1999 1496 2050 nomine
1510 1996 1701 2067 (Exod.
1715 2013 1905 2058 nam,
1924 1993 2193 2067 I2);637

648 2086 772 2149 quia
819 2085 995 2145 homo,
1026 2080 1306 2137 canimune
1331 2085 1566 2137 omnium
1606 2092 1844 2137 nostrum
1879 2090 2193 2142 vocabulum

647 2180 747 2234 est,
779 2172 983 2240 Moyses
1012 2188 1137 2225 vero
1166 2173 1461 2239 praprium,
1490 2173 1574 2224 cui
1605 2181 1747 2225 recte
1776 2174 1968 2227 dicitur
1984 2178 2107 2244 quia
2130 2192 2195 2231 ex

649 2264 859 2315 nomine
889 2263 1090 2316 scitur:
1122 2276 1185 2314 ac
1212 2262 1255 2314 si
1286 2270 1469 2328 aperte
1508 2262 1763 2315 Dominus
1795 2263 1955 2328 dicat,
1998 2280 2102 2318 non
2145 2274 2195 2319 te

645 2352 960 2419 generaliter
989 2360 1045 2402 ιιι
1089 2360 1330 2412 caeteros,
1362 2351 1454 2403 scd
1502 2351 1807 2417 specialiter
1850 2354 1981 2405 scio.
2028 2353 2192 2407 Maria

648 2455 793 2507 ergo,
814 2455 928 2506 qua:
951 2448 1169 2491 vocatur
1192 2454 1255 2490 ex
1284 2439 1515 2500 nomine,
1540 2440 1871 2507 recognoscit
1896 2449 2190 2507 auctorem,

646 2542 805 2595 atque
826 2543 945 2579 cum
970 2528 1209 2594 protinus
1235 2524 1483 2587 Rabboni,
1510 2525 1560 2577 id
1582 2534 1664 2578 est
1683 2527 1994 2595 magistrum
2016 2538 2189 2595 vocat,

645 2620 768 2685 quia
809 2626 860 2670 et
896 2617 1004 2684 ipse
1038 2625 1153 2668 erat
1189 2616 1276 2682 qui
1307 2615 1645 2683 qumrebatur
1677 2618 1943 2680 exterius,
1982 2626 2037 2670 et
2080 2619 2191 2685 ipse

644 2724 762 2760 eam
815 2707 1033 2758 interius
1075 2712 1132 2756 ut
1178 2712 1471 2769 qumreret,
1515 2703 1756 2757 docebat.
1802 2703 1920 2758 Jam
1961 2720 2085 2759 veno
2126 2708 2192 2760 ab

642 2794 967 2861 evangelista
998 2807 1101 2844 non
1133 2791 1379 2845 subdizur
1407 2793 1535 2859 quid
1564 2792 1753 2844 mulier
1776 2793 1978 2856 iecerit,
2005 2796 2098 2848 sed
2125 2810 2187 2848 ex

644 2900 708 2936 eo
741 2883 976 2935 inanitur
1002 2883 1141 2950 quod
1184 2883 1404 2945 audivit,
1439 2883 1522 2935 cui
1559 2884 1786 2936 dicitur:
1821 2885 1945 2937 Noli
1971 2901 2049 2938 me
2077 2896 2191 2938 tan-

644 2988 783 3039 gere,
813 2971 1037 3022 nondum
1077 2972 1211 3022 enim
1238 2972 1444 3022 ascendi
1467 2972 1534 3022 ad
1565 2970 1769 3024 Patrem
1806 2989 1990 3024 meum.
2018 2973 2075 3026 In
2110 2974 2191 3027 his

646 3071 872 3124 namque
909 3057 1084 3109 verbis
1107 3058 1422 3120 ostenditur,
1450 3058 1590 3124 quod
1632 3057 1795 3111 Maria
1823 3060 2066 3127 amplecti
2096 3075 2189 3113 vo-

645 3145 740 3196 luit
772 3146 887 3211 ejus
910 3145 1150 3211 vestigia,
1179 3159 1335 3212 quem
1374 3148 1695 3212 recognovit.
1726 3146 1827 3199 Sed
1853 3148 1901 3199 ei
1937 3149 2187 3217 magister

645 3234 807 3286 dicit:
842 3234 965 3285 Noli
1012 3250 1090 3285 me
1131 3242 1363 3300 tangere;
1397 3249 1500 3286 non
1530 3236 1652 3300 quia
1680 3244 1800 3300 post
1845 3238 2186 3288 resurrectio-

646 3335 766 3373 nem
801 3320 1053 3373 Dominus
1100 3328 1295 3372 tactum
1342 3320 1518 3372 renuit
1564 3319 1911 3383 feminarum,
1956 3337 2076 3375 cum
2121 3322 2186 3375 de

645 3410 847 3465 duabus
887 3410 954 3465 ad
1002 3408 1297 3477 sepulcrum
1336 3408 1453 3475 ejus
1498 3408 1886 3483 [venientibus]
1928 3412 2182 3477 scriptum

646 3504 715 3554 sit
750 3517 765 3553 :
800 3502 1127 3553 Accesserant
1180 3506 1228 3551 et
1278 3505 1547 3551 tenuerunt
1593 3498 1742 3567 pedes
1792 3499 1903 3567 ejus
1963 3498 2183 3569 (Matth.

647 3605 877 3652 xxxviii,
909 3588 982 3658 9).
1031 3588 1135 3644 Sed
1187 3604 1283 3643 cur
1319 3590 1461 3657 tangi
1503 3604 1607 3642 non
1648 3590 1857 3651 debeat,
1890 3590 2025 3641 ratio
2057 3606 2189 3657 quo-

646 3694 749 3746 que
792 3679 1027 3744 additur,
1074 3692 1191 3729 cum
1239 3677 1601 3738 subinl'ertur:
1636 3676 1882 3729 Nondum
1925 3679 2059 3729 enim
2103 3694 2188 3731 as-

646 3768 790 3820 eendi
816 3768 883 3819 ad
915 3764 1125 3819 Patrem
1149 3781 1335 3817 meum.
1366 3765 1422 3817 In
1448 3765 1610 3818 corde
1635 3764 1827 3817 etenim
1858 3773 2039 3818 nostro
2064 3774 2189 3818 tunc

645 3856 797 3909 Iesus
824 3855 1065 3908 ascendit
1089 3853 1155 3906 ad
1184 3852 1415 3915 Patrem,
1442 3869 1561 3907 cum
1586 3854 1803 3921 aequalis
1828 3854 2062 3908 creditur
2088 3855 2188 3908 Pa-

649 3944 736 3995 tri.
768 3942 897 3995 Nam
936 3942 1172 4009 quisquis
1208 3956 1327 3994 eum
1354 3941 1608 4007 aequalem
1655 3940 1799 3993 Patri
1841 3957 1947 3993 non
1989 3942 2185 4005 credit,
2230 3977 2235 3981 η

649 4032 816 4085 adhuc
840 4033 893 4084 in
912 4032 1026 4099 ejus
1046 4039 1258 4097 pectore
1280 4030 1344 4081 ad
1368 4029 1577 4082 Patrem
1606 4031 1980 4083 Dominus-non
2006 4045 2190 4084 ascen-

647 4121 741 4173 dit.
768 4121 857 4173 Ille
879 4135 1005 4188 ergo
1024 4117 1200 4172 Jesum
1229 4119 1487 4171 veraciter
1512 4121 1803 4188 tangit,qui
1833 4120 1975 4173 Patri
2000 4120 2187 4174 Filium

647 4220 962 4262 comternum
989 4210 1180 4263 credit.

732 4294 867 4346 Vade
909 4305 1077 4347 autem
1101 4295 1168 4346 ad
1216 4294 1399 4361 fratres
1439 4312 1593 4359 meos,
1628 4306 1674 4348 et
1704 4298 1786 4349 dic
1810 4300 1922 4350 eis:
1958 4298 2189 4350 Ascendo

2299 576 2430 626 dixit
2455 576 2607 627 milii.
2652 575 2788 628 Ecce
2821 576 3037 628 humani
3066 576 3274 643 generis
3299 570 3448 643 culpa
3482 578 3553 631 ibi
3577 576 3837 631 abscindi-

2300 669 2405 723 tur,
2435 662 2573 714 unde
2616 662 2892 729 processit.
2922 660 3054 725 Quia
3100 662 3241 714 enim
3281 663 3333 715 in
3369 664 3617 731 paradiso
3650 664 3839 717 mulier

2300 748 2414 801 viro
2439 749 2738 817 propinavit
2765 757 3009 812 mortem,
3042 764 3071 802 a
3100 749 3343 818 sepulcro
3374 751 3563 805 mulier
3588 754 3716 806 viris
3744 747 3838 806 an-

2299 837 2563 888 nuntiavit
2580 838 2763 900 vitam,
2785 845 2839 889 et
2866 837 3005 890 dicta
3031 838 3112 891 sui
3135 838 3482 893 viviﬁcatoris
3499 848 3700 903 narrat,
3723 855 3838 908 qua

2298 926 2557 979 mortiferi
2591 928 2848 995 serpentis
2876 928 3035 980 verba
3064 936 3389 982 narraverat.
3415 928 3493 982 Ac
3528 929 3572 982 si
3609 931 3836 985 humano

2298 1016 2475 1085 generi
2504 1031 2609 1068 non
2634 1017 2811 1070 verbis
2840 1017 3110 1080 Dominus,
3133 1017 3224 1071 sed
3254 1018 3414 1071 rebus
3434 1019 3575 1071 dicat
3598 1020 3711 1072 :De
3734 1035 3835 1087 qua

2298 1102 2633 1159 manu‘vobis
2661 1106 2837 1159 illatus
2868 1113 2952 1158 est
2983 1114 3141 1173 potus
3182 1108 3385 1169 mortis,
3414 1107 3477 1163 de
3511 1108 3622 1176 ipsa
3665 1111 3835 1163 susci-

2296 1193 2407 1260 pite
2454 1193 2701 1262 poculum
2752 1195 2895 1247 vitm.
2943 1195 3066 1249 llaec
3114 1197 3179 1248 de
3220 1195 3551 1263 expositione
3594 1196 3835 1251 lectionis

2295 1281 2611 1351 evangelica:
2634 1282 2898 1367 succincte
2921 1284 3364 1343 transcurrimus:
3386 1298 3529 1338 nunc
3546 1284 3836 1352 opitulante

2294 1373 2481 1427 eodem
2522 1373 2587 1427 de
2625 1388 2730 1442 quo
2757 1374 3022 1441 loquimur
3057 1374 3298 1438 Domino,
3335 1385 3390 1428 et
3433 1378 3835 1431 resurrectionis

2296 1461 2454 1533 [ejus]
2483 1464 2725 1532 gloriam,
2753 1472 2809 1516 et
2833 1463 3045 1531 pietatis
3074 1464 3278 1517 viscera
3304 1465 3720 1519 consideremus.
3746 1464 3833 1519 Ci-

2295 1549 2401 1601 tius
2425 1548 2569 1601 enim
2603 1563 2633 1601 a
2664 1557 2837 1603 morte
2880 1549 3045 1603 voluit
3085 1565 3384 1620 resurgere,
3412 1566 3481 1605 ne
3522 1560 3703 1607 nostra
3742 1552 3831 1606 diu

2294 1640 2468 1692 anima
2494 1640 2545 1692 in
2571 1638 2894 1694 inﬁdelitatis
2918 1649 3085 1694 morte
3110 1651 3427 1696 remaneret.
3449 1662 3467 1695 ι

2868 1769 3091 1826 CAPUT
3127 1770 3278 1823 XLII.

2296 1874 2426 1928 Cum
2453 1876 2588 1942 fores
2612 1887 2774 1946 essent
2797 1876 3006 1946 claustr,
3030 1879 3233 1931 reniens
3253 1878 3321 1929 ad
3350 1878 3625 1946 discipulos
3657 1896 3829 1946 pacem

2363 1946 2537 2024 infert,
2577 1945 2815 2025 inanibus
2841 1944 3093 2025 lateraque
3121 1955 3418 2025 monstrato.
3450 1944 3828 2025 Quibus—etiam

2361 2011 2451 2080 per
2471 2012 2856 2081 insnﬂlationeln
2882 2011 3134 2081 signi/ient
3162 2011 3407 2081 Spiritum
3430 2024 3679 2067 sanctum.
3703 2013 3829 2067 Item

2361 2079 2472 2147 post
2496 2079 2610 2133 dies
2642 2091 2752 2132 octo
2792 2079 3021 2133 Thomas
3040 2079 3265 2148 inspectu
3298 2081 3372 2134 cel
3398 2090 3540 2133 tactu
3565 2081 3735 2133 lateris
3770 2098 3829 2133 rc

2362 2165 2608 2201 manuum
2648 2150 2701 2199 in
2732 2148 2884 2214 ﬁdem
2916 2149 3249 2214 conﬁrmatur
3284 2149 3497 2201 audiens
3521 2164 3539 2199 :
3568 2149 3712 2208 Beati
3740 2151 3827 2216 qui

2363 2232 2468 2269 non
2496 2216 2757 2279 viderunt,
2790 2224 2843 2269 et
2870 2216 3225 2269 crediderunt.

2362 2348 2520 2400 Vens.
2540 2348 2622 2401 I9.
2635 2376 2703 2385 —
2716 2344 2843 2400 Cum
2864 2362 2977 2400 sero
2996 2346 3190 2415 factum
3209 2355 3336 2400 esset
3360 2363 3463 2400 una
3483 2346 3824 2410 sabbatorum,

2289 2446 2335 2487 et
2361 2434 2495 2503 {ores
2536 2445 2698 2489 essent
2725 2435 2934 2498 clansrr,
2972 2436 3059 2488 ubi
3092 2446 3236 2489 erant
3262 2435 3503 2504 discipuli
3542 2437 3829 2503 congregati

2289 2532 2493 2589 propter
2531 2531 2719 2574 metum
2758 2522 3092 2587 Iuda-orum,
3129 2526 3260 2577 venit
3297 2523 3479 2587 Iesus,
3516 2535 3565 2576 et
3601 2525 3735 2577 stetit
3771 2526 3829 2578 in

2291 2609 2456 2661 medio
2477 2625 2671 2661 eorum.
2693 2628 2711 2657 ι
2736 2622 2760 2649 ι
2776 2609 2910 2674 Quid
2931 2611 3124 2663 mirum
3145 2610 3187 2663 si
3209 2610 3405 2665 clausis
3418 2612 3597 2680 januis
3612 2620 3730 2679 post
3748 2624 3831 2665 re-

2292 2698 2672 2751 surrectionem
2693 2713 2840 2751 suam
2864 2700 2916 2752 in
2936 2708 3188 2753 aeternum
3210 2699 3319 2767 jam
3339 2701 3576 2754 victuma
3594 2702 3825 2764 intravit,

2291 2786 2379 2853 qui
2410 2787 2697 2839 moriturus
2724 2778 2939 2840 veniens
2962 2801 3067 2841 non
3094 2795 3276 2854 aperto
3303 2795 3455 2841 utero
3478 2788 3696 2857 virginis
3717 2789 3827 2841 esi-

2290 2874 2402 2924 vit?
2426 2873 2528 2925 Sed
2551 2874 2673 2940 quia
2714 2873 2782 2926 ad
2818 2873 2942 2927 illud
2976 2888 3186 2940 corpus,
3226 2875 3366 2942 quod
3395 2874 3561 2927 videri
3597 2882 3827 2943 poterat,

2292 2960 2421 3013 ﬁdes
2454 2954 2765 3014 intuentium
2792 2962 3085 3025 dubitabat,
3111 2961 3325 3014 ostendit
3351 2962 3423 3014 eis
3455 2962 3694 3029 protinus
3723 2978 3830 3014 ma-

2293 3066 2387 3101 nns
2433 3066 2493 3101 ac
2536 3049 2673 3103 latus
2699 3066 2717 3102 :
2755 3049 3068 3118 palpandam
3110 3064 3323 3104 carnem
3366 3050 3624 3121 praebuit,
3670 3044 3829 3118 quam

2287 3140 2479 3193 clausis
2501 3140 2678 3207 jamtis
2703 3141 3008 3194 introduxit.
3038 3160 3056 3191 ι
3095 3139 3285 3193 Clavus
3316 3140 3459 3193 enim
3487 3154 3675 3193 manus
3703 3140 3828 3193 ﬁxe-

2285 3239 2383 3290 rat,
2410 3230 2589 3282 lancea
2610 3230 2747 3282 latus
2769 3238 3076 3297 aperuerat;
3100 3229 3188 3281 ubi
3211 3227 3361 3299 [Hs.,
3384 3228 3478 3299 ibi]
3501 3230 3567 3283 ad
3584 3229 3795 3282 dubitan
3812 3262 3829 3271 -

2285 3317 2414 3368 tium
2435 3314 2595 3368 corda
2622 3316 2866 3368 'sananda
2890 3315 3167 3367 vulnerum
3204 3306 3329 3369 sunt
3349 3324 3558 3369 servata
3582 3317 3825 3385 vestigia.

2289 3421 2305 3451 ι
2337 3402 2451 3468 Qua
2487 3403 2540 3455 in
2581 3417 2638 3455 re
2667 3402 2771 3454 duo
2798 3402 2930 3454 mira
2956 3411 3009 3461 et
3049 3401 3205 3469 juxta
3244 3402 3530 3459 humanam
3568 3404 3827 3456 rationem

2283 3492 2384 3545 sibi
2413 3490 2563 3545 valde
2586 3490 2853 3543 contraria
2878 3490 3139 3553 ostendit,
3174 3489 3299 3542 dum
3334 3497 3454 3557 post
3482 3490 3832 3544 resurrectio—

2283 3600 2405 3637 nem
2426 3598 2617 3651 corpus
2641 3598 2791 3636 suum
2813 3591 2867 3635 et
2897 3581 3316 3649 incorruptibile,
3351 3589 3408 3635 et
3429 3590 3604 3635 tamen
3647 3583 3829 3652 palpa-

2283 3671 2386 3724 bile
2406 3671 2803 3743 demonstravit.
2830 3670 2957 3723 Nam
2981 3680 3035 3723 et
3055 3670 3319 3738 corrumpi
3344 3685 3561 3725 necesse
3581 3680 3663 3725 est
3685 3673 3837 3738 quod

2283 3760 2545 3828 palpatur,
2570 3768 2623 3811 et
2658 3760 2861 3827 palpari
2889 3774 2993 3812 non
3022 3767 3195 3826 potest
3220 3759 3360 3826 quod
3403 3773 3509 3810 non
3533 3760 3833 3827 corrumpi—

2286 3857 2388 3901 tur.
2414 3848 2517 3902 Sed
2546 3849 2681 3902 miro
2706 3848 2862 3902 modo
2904 3856 3061 3916 atque
3108 3847 3461 3902 inaestimabili
3507 3848 3829 3916 Redemptor

2285 3946 2464 3989 noster
2485 3945 2539 3989 et
2570 3936 2967 4004 incorruptibile
2991 3937 3154 4005 638
3187 3944 3307 4005 post
3344 3936 3785 3989 resurrectionem
3805 3973 3825 3997 ,

2284 4033 2339 4077 et
2363 4023 2619 4090 palpabile
2656 4038 2847 4091 corpus
2875 4024 3143 4086 exhibuit,
3172 4032 3229 4075 ut
3268 4024 3608 4077 monstrando
3651 4023 3828 4075 ineor-

2288 4113 2530 4180 ruptibile
2560 4113 2806 4167 invitaret
2826 4113 2894 4181 ad
2921 4112 3214 4179 prmmium,
3247 4112 3528 4181 praebendo
3565 4112 3835 4181 palpabile

2287 4202 2539 4253 formaret
2583 4200 2778 4270 [Greg.,
2808 4199 3060 4270 ﬁrmaret]
3091 4202 3156 4254 ad
3198 4200 3371 4253 iidem.
3398 4200 3466 4253 Et
3493 4201 3816 4271 incorrupti-

2288 4288 2443 4341 bilem
2466 4302 2523 4341 se
2543 4302 2668 4356 ergo
2685 4296 2738 4341 et
2756 4288 3070 4355 palpabilem
3090 4289 3487 4353 demonstravit,
3502 4298 3561 4343 ut
3581 4290 3823 4358 profecto

650 4386 716 4435 ad
745 4381 953 4435 Patrem
980 4400 1149 4436 meum
1184 4392 1232 4436 et
1274 4384 1342 4436 ad
1387 4382 1593 4438 Patrem
1632 4397 1872 4452 ινεεινωη,
1913 4387 1980 4439 ad
2026 4387 2189 4457 Deum
2217 4421 2267 4479 ο
2290 4392 2407 4430 esse
2432 4385 2551 4444 post
2580 4377 3017 4430 resurrectionem
3045 4378 3344 4432 ostenderet
3370 4393 3563 4448 ocrpus
3588 4394 3739 4433 suum
3768 4390 3824 4431 et

650 4490 816 4527 meum
844 4485 887 4525 et
912 4474 1074 4525 Deum
1099 4483 1333 4525 vestrum.
1356 4475 1487 4527 Cum
1516 4492 1685 4527 meum
1705 4477 1846 4528 dicat
1869 4486 1921 4529 et
1948 4487 2184 4541 reslrum,

650 4582 746 4619 cur
791 4580 894 4618 non
939 4565 1290 4619 communiter
1331 4565 1458 4617 dicit
1498 4566 1767 4618 nostrum?
1795 4565 1898 4619 Sed
1942 4566 2190 4618 distincte

651 4655 868 4721 loquens
896 4655 1093 4706 indicat
1119 4655 1243 4720 quia
1269 4655 1515 4705 eumdem
1542 4654 1753 4705 Patrem
1781 4663 1836 4706 et
1853 4654 2017 4705 Deum
2046 4656 2191 4707 simi-

652 4743 772 4795 liter
796 4740 955 4795 habet
984 4742 1113 4808 ipse,
1156 4755 1313 4807 quem
1339 4756 1433 4794 nos
1459 4740 1583 4809 [Με.
1611 4740 1791 4794 melius
1816 4757 1833 4793 .'
1866 4743 2190 4797 dissimiliter

651 4834 809 4885 habet
851 4833 984 4899 ipse,
1009 4846 1169 4898 quam
1211 4830 1346 4901 nos].
1374 4832 1605 4883 Ascendo
1631 4831 1699 4882 ad
1737 4829 1949 4884 Patrem
1987 4850 2187 4897 meum,

652 4921 893 4974 videlicet
927 4936 1023 4987 per
1052 4929 1325 4984 naturam;
1352 4930 1398 4973 et
1438 4919 1647 4975 Patrem
1678 4931 1899 4975 oestrum
1944 4937 2039 4989 per
2065 4939 2190 4991 gra-

653 5011 809 5073 tiam;
839 5010 906 5061 ad
933 5008 1096 5061 Deum
1124 5026 1309 5071 meum,
1338 5012 1457 5077 quia
1502 5012 1765 5075 descendi,
1794 5013 1861 5064 ad
1897 5012 2060 5064 Deum
2103 5030 2188 5066 ve-

558 5132 565 5140 -
652 5110 831 5163 stram,
862 5100 984 5167 quia
1008 5101 1302 5153 ascendctis
1333 5100 1485 5169 [δίδη
1506 5100 1860 5169 ascendistis].
1890 5101 2021 5166 Quia
2048 5104 2189 5156 enim

652 5193 707 5237 ct
744 5200 841 5254 ego
870 5188 1045 5248 homo,
1090 5187 1225 5241 Deus
1254 5188 1381 5240 mihi
1410 5198 1519 5251 est;
1546 5190 1668 5256 quia
1696 5204 1791 5242 vos
1818 5189 1885 5241 ab
1910 5205 2089 5243 errore
2123 5190 2188 5242 li-

655 5275 817 5329 berati
852 5276 980 5328 estis
1014 5274 1161 5345 μὴ,
1201 5275 1431 5345 liberat],
1466 5276 1603 5329 Deus
1627 5287 1707 5331 est
1736 5276 1904 5331 vobis.
1936 5277 2191 5331 Distincte

650 5379 781 5430 ergo
809 5364 937 5417 mihi
962 5363 1119 5416 Pater
1146 5370 1199 5415 et
1226 5364 1364 5417 Deus
1386 5373 1493 5426 est;
1524 5365 1643 5431 quia
1670 5382 1825 5433 quem
1855 5374 1977 5418 ante
2001 5366 2191 5418 sarcula

661 5454 821 5506 Deum
847 5455 1042 5521 genuit,
1070 5453 1334 5507 hominem
1362 5455 1413 5506 in
1454 5455 1557 5507 line
1596 5457 1905 5511 saeculorum
1934 5472 2017 5510 me
2040 5457 2188 5526 [.Ils.,

662 5539 885 5608 necum]
916 5542 1133 5593 creavit.
1163 5542 1343 5609 (VEnS.
1378 5542 1482 5609 18.)
1519 5541 1658 5594 Venit
1689 5538 1858 5597 Maria
1890 5543 2190 5615 Magdalenc

741 5654 753 5669 '
788 5650 856 5699 l‘.\
893 5638 957 5701 ὃ(
979 5650 1157 5717 Οιυε..
1184 5652 1324 5703 hom.
1356 5652 1440 5705 iii.
1474 5669 1615 5705 ιιιιιιι.
1646 5654 1749 5705 1—5.

2288 4466 2520 4532 ejusdem
2551 4474 2750 4519 natura:
2769 4475 2823 4519 et
2847 4467 3065 4521 alterius
3090 4467 3287 4535 gloriae.
3314 4486 3331 4520 ι

2357 4554 2491 4605 Dicit
2516 4556 2587 4607 eis
2610 4569 2627 4605 :
2661 4554 2771 4608 Pax
2797 4557 2951 4608 vobis.
2986 4552 3173 4608 Pacem
3200 4554 3470 4619 oll‘crebat,
3495 4555 3585 4622 qui
3611 4562 3828 4625 propter

2287 4658 2468 4709 pacem
2494 4644 2663 4707 Venit;
2688 4652 2741 4696 et
2768 4646 2960 4711 quibus
2992 4654 3115 4697 ante
3142 4644 3272 4696 dixit
3296 4660 3309 4695 ε
3345 4642 3529 4696 Pacem
3556 4661 3720 4698 meam
3746 4662 3828 4699 re-

2286 4729 2462 4795 linquo
2492 4731 2650 4789 vobis,
2676 4746 2852 4797 pacem
2874 4746 3034 4782 meam
3061 4730 3126 4781 do
3151 4732 3308 4793 vobis,
3335 4730 3491 4785 modo
3514 4732 3642 4786 dicit
3664 4750 3676 4785 :
3704 4732 3831 4786 Pas:

2286 4823 2441 4872 vo‘u's.
2468 4820 2635 4883 Quam
2663 4833 2843 4887 pacem
2872 4830 3115 4875 nascente
3136 4820 3346 4875 Christo
3374 4823 3543 4891 angeli
3571 4823 3829 4891 praedica-

2288 4914 2475 4959 verunt
2500 4908 2555 4959 in
2584 4908 2797 4961 mundo.
2828 4906 2894 4961 Et
2920 4910 3102 4961 iterum
3132 4909 3363 4961 secundo.
3383 4909 3494 4961 ait:
3525 4907 3637 4961 Pax
3662 4907 3822 4971 tabis,

2289 5002 2346 5045 ut
2373 5004 2695 5050 monstraret
2725 4997 3000 5066 paciﬁcata
3029 5010 3145 5049 esse
3182 5010 3299 5064 qnte
3334 4997 3388 5050 in
3425 4996 3582 5051 cmlis
3616 5003 3739 5048 sunt
3768 5004 3823 5049 et

2288 5099 2405 5152 qua:
2430 5086 2482 5138 in
2513 5086 2672 5139 terris
2695 5094 2839 5149 sunt,
2863 5101 2956 5154 per
2980 5086 3290 5156 sanguinem
3307 5100 3481 5139 suum.
3507 5085 3689 5155 (Vens.
3705 5085 3819 5152 2i.)

2288 5178 2421 5230 Dicit
2448 5180 2561 5232 eis:
2596 5176 2713 5230 Pax
2736 5177 2890 5231 vobis.
2917 5178 3151 5244 Iteratio,
3189 5178 3520 5233 conﬁrmatio
3544 5185 3647 5233 est.
3676 5177 3824 5232 Sicut

2290 5270 2425 5322 misit
2444 5266 2709 5330 mePater,
2736 5278 2783 5323 et
2807 5286 2897 5338 ego
2921 5272 3061 5323 mitto
3088 5285 3192 5321 vos.
3224 5286 3243 5317 ι
3261 5267 3418 5323 Pater
3441 5268 3633 5323 Filium
3657 5266 3817 5327 misit,

2289 5364 2380 5432 qui
2410 5361 2550 5414 hunc
2577 5377 2674 5431 pro
2694 5363 3052 5431 redemptione
3078 5361 3285 5429 generis
3308 5361 3524 5424 humani
3552 5356 3817 5412 incarnari

2291 5453 2587 5515 constituit;
2617 5468 2775 5521 quem
2797 5450 3037 5505 videlicet
3064 5451 3117 5503 in
3142 5452 3337 5505 mundo
3362 5448 3559 5520 [Greg.,
3586 5448 3638 5500 in
3672 5462 3821 5499 mun-

2292 5539 2436 5610 dum]
2460 5542 2640 5595 venire
2664 5540 2726 5592 ad
2756 5539 3050 5605 passionem
3077 5538 3267 5601 voluit;
3298 5537 3389 5591 sed
3422 5543 3596 5590 tamen
3632 5535 3823 5589 amavit
