4262 6214
452 332 553 387 993

1210 329 1604 384 EXEGETICA.
1645 357 1713 368 -—-
1749 327 2095 381 COMMENT.
2138 325 2198 377 ΙΝ
2235 322 2419 377 JOAN.
2459 355 2524 363 --
2561 324 2681 377 LIB.
2729 326 2829 376 ΠΙ.

3524 327 3624 380 998

452 443 641 496 Filium
664 455 818 509 quem
857 440 922 492 ad
948 442 1244 507 passionem
1270 441 1432 492 misit.
1460 440 1665 492 Electos
1692 452 1814 489 vero
1857 452 1981 503 apo—
2012 443 2056 497 Α
2085 434 2184 494 nis,
2217 432 2266 483 in
2297 430 2447 485 nobis
2488 432 2700 483 vulnera
2732 441 2944 483 sanaret
2973 432 3312 485 inﬁdelitatis.
3343 432 3463 486 l'lus
3484 436 3623 486 enim

452 531 614 585 stolos
646 529 898 583 Dominus
923 543 1026 581 non
1054 528 1119 580 ad
1150 526 1326 580 mundi
1354 527 1563 594 gaudia,
1591 524 1681 579 sed
1708 524 1846 577 sicut
1873 524 1983 590 ipse

452 620 644 671 missus
687 626 802 679 est,
842 617 907 668 ad
952 604 1221 684 passiones
1256 614 1308 665 in
1338 613 1587 665 mumlum
1629 610 1807 663 mittit.
1851 610 1982 673 Quia

451 720 576 772 ergo
604 714 656 757 et
692 704 858 756 Filius
900 711 1105 757 amatur
1133 718 1163 753 a
1191 700 1367 761 Patre,
1406 708 1460 753 et
1485 707 1659 750 tamen
1685 696 1749 749 ad
1781 696 1981 763 pas~io-

451 808 570 846 nem
598 792 846 851 mittitur,
872 790 941 841 ita
963 797 1015 840 et
1042 785 1283 854 discipuli
1302 791 1549 838 amantur
1572 798 1601 833 a
1629 782 1867 842 Domino,
1893 780 1983 847 qui

452 890 625 932 tamen
664 879 730 930 ad
758 876 1051 944 passionem
1091 874 1368 925 mittuntur
1410 871 1464 922 in
1504 870 1777 921 mundum.
1806 868 1984 933 Itaque

448 966 673 1018 dicitur:
704 961 849 1015 Sicut
892 961 1027 1012 misit
1054 975 1132 1010 me
1175 946 1352 1020 Pater,
1375 966 1422 1009 et
1460 972 1551 1024 ego
1600 956 1743 1007 mitto
1777 966 1899 1005 ros:
1931 952 1983 1003 id

447 1064 545 1114 est,
569 1067 633 1105 ea
657 1049 912 1104 charitate
935 1062 1028 1101 vos
1051 1046 1207 1114 diligo
1232 1060 1351 1098 cum
1371 1045 1508 1097 inter
1534 1041 1775 1095 scandala
1801 1054 1981 1105 perse-

448 1150 687 1195 cutorum
715 1139 885 1199 mitto,
920 1149 1021 1204 qua
1050 1149 1133 1187 me
1154 1133 1410 1187 charilate
1453 1130 1610 1184 Pater
1635 1129 1803 1198 diligit
1829 1127 1979 1197 [Hs.,

447 1227 685 1297 dilexit],
716 1211 874 1293 quem
912 1224 1091 1276 venire
1113 1224 1178 1275 ad
1212 1220 1510 1274 tolerandas
1536 1219 1807 1287 passiones
1834 1216 1977 1270 fecit.

448 1315 629 1382 (Vatis.
650 1314 761 1380 22.)
805 1311 918 1364 Hoc
945 1326 1060 1363 cum
1086 1309 1317 1370 dixisset,
1339 1307 1609 1375 insufﬂauit
1636 1315 1683 1358 et
1716 1304 1839 1356 dicit
1867 1306 1939 1356 eis
1962 1318 1979 1352 :

446 1406 667 1471 Accipite
704 1403 953 1471 Spiritum
1001 1407 1252 1451 sanctum.
1298 1396 1646 1461 Qumrendum
1688 1395 1841 1447 nobis
1877 1402 1977 1454 est,

445 1491 571 1558 quid
596 1498 677 1543 est
700 1489 842 1556 quod
871 1485 1126 1553 Spiritum
1156 1493 1397 1558 sanctum
1434 1481 1686 1535 Dominus
1724 1488 1906 1533 noster
1927 1490 1981 1532 et

446 1557 608 1630 semel
634 1576 776 1627 dedit
813 1573 866 1627 in
892 1581 1033 1625 terra
1067 1557 1382 1633 consistens,
1408 1577 1460 1623 et
1487 1568 1650 1621 semel
1681 1567 1817 1620 cmlo
1842 1582 1979 1634 pue-

445 1665 652 1718 sidens?
680 1662 857 1730 Neque
892 1661 1034 1714 enim
1058 1660 1163 1712 alio
1190 1660 1243 1712 in
1281 1658 1396 1711 loco
1425 1661 1579 1710 datus
1606 1655 1833 1722 Spiritus
1860 1671 1981 1706 san-

2082 523 2232 574 nohis
2261 521 2475 574 Thouia:
2510 522 2788 573 iutidelitas
2826 523 2890 574 ad
2922 523 3097 583 fidem,
3144 540 3300 591 quam
3342 524 3469 577 fides
3511 539 3626 578 ere-

2079 610 2315 661 dcntium
2346 608 2721 675 discipulorum
2770 608 2964 674 profuit
2993 628 3003 659 τ
3033 612 3154 677 quia
3187 612 3310 663 dum
3352 611 3448 676 ille.
3468 612 3533 663 ad
3564 610 3622 664 ft-

2080 696 2198 747 dem
2226 694 2482 762 palpando
2527 696 2810 755 reducitur,
2838 706 3012 748 nostra
3045 712 3193 750 mens
3234 686 3376 751 omni
3420 699 3623 751 dabim—

2081 786 2226 836 tione
2252 785 2538 852 postposita
2568 784 2620 835 in
2664 785 2763 835 fide
2805 786 3076 838 solidatur.
3119 788 3207 841 Sic
3242 790 3432 856 quippe
3462 791 3620 842 disci-

2080 868 2255 936 pulum
2286 880 2403 936 post
2446 873 2881 924 resurrectionem
2907 889 3054 925 suam
3098 875 3335 928 du‘itare
3363 879 3619 945 permisit,

2080 974 2176 1012 nec
2204 967 2380 1012 tamen
2408 961 2458 1012 in
2490 961 2815 1013 dubitatione
2841 964 3092 1025 deseruit,
3121 964 3253 1017 sicut
3283 976 3404 1017 ante
3433 967 3621 1018 nativi-

2082 1052 2241 1097 tatem
2278 1060 2427 1097 suam
2456 1045 2649 1097 habere
2679 1045 2893 1098 Maziam
2924 1063 3174 1115 sponsum
3212 1050 3390 1111 voluit,
3422 1053 3510 1118 qui
3542 1063 3619 1103 ta-

2081 1148 2197 1186 men
2222 1135 2288 1186 ad
2306 1132 2419 1199 ejus
2445 1136 2653 1200 nuptias
2681 1150 2781 1185 non
2813 1138 3065 1201 pervenit.
3093 1138 3221 1190 Nam
3253 1140 3322 1191 ita
3346 1140 3513 1192 factu;
3538 1151 3619 1193 est

2078 1220 2363 1287 discipulus
2392 1222 2637 1273 dubitans
2659 1232 2712 1275 et
2737 1223 2971 1289 palpans,
3004 1227 3151 1277 testis
3182 1242 3316 1278 verze
3341 1228 3502 1295 639
3537 1244 3618 1280 Πε-

2077 1311 2434 1371 surrectionis,
2458 1311 2594 1363 sicut
2615 1326 2838 1378 sponsus
2865 1314 3048 1366 matris
3076 1314 3245 1365 fuerat
3272 1327 3451 1367 custos
3480 1317 3614 1368 inte-

2078 1398 2318 1463 gerrima:
2366 1399 2698 1464 virginitatis.
2745 1399 2980 1467 Palpavit
3010 1386 3207 1463 autem,
3265 1412 3318 1454 et
3356 1404 3615 1455 exclama-

2078 1488 2195 1538 vit:
2230 1487 2415 1555 (Vsus.
2450 1488 2535 1548 28,
2588 1489 2677 1557 29)
2722 1489 2973 1542 Dominus
3015 1507 3154 1543 meus
3194 1501 3240 1543 ct
3275 1492 3408 1544 Deus
3454 1509 3612 1545 meus.

2081 1576 2213 1627 Dicit
2240 1577 2286 1627 ei
2315 1575 2467 1629 Jesus
2488 1589 2507 1628 .'
2539 1577 2673 1640 Quia
2698 1581 2864 1632 ridisti
2894 1597 2989 1642 me,
3017 1582 3295 1634 credidisti.
3320 1580 3450 1635 Cum
3482 1582 3615 1634 Pau-

2079 1664 2159 1717 lus
2179 1665 2444 1731 apostolus
2465 1666 2603 1719 dicat
2626 1685 2637 1718 :
2669 1666 2759 1720 Est
2794 1670 2925 1720 enim
2950 1670 3077 1735 [idos
3102 1672 3471 1737 spcrandarum
3500 1673 3617 1726 sub-

443 1764 560 1808 ctus
590 1766 770 1822 aperte
799 1758 1136 1813 monstratur,
1162 1749 1263 1802 nisi
1293 1761 1433 1801 nunc
1452 1761 1590 1803 cum
1618 1759 1714 1812 per
1742 1744 1977 1798 insuflla-
2009 1737 2051 1793 Β
2076 1763 2126 1804 δι,

1975 1776 1977 1781 ν
2009 1737 2051 1793 Β
2076 1754 2264 1804 stantia
2294 1770 2480 1815 rerum,
2510 1765 2864 1822 argumentum
2895 1774 2994 1808 non
3030 1760 3384 1825 apparentium
3429 1758 3612 1826 (Hebr.
3654 1746 3658 1751 ’

445 1843 638 1895 tionem
683 1840 988 1909 percipitur,
1018 1845 1072 1891 et
1098 1835 1429 1904 postmodum
1466 1848 1586 1887 cum
1626 1832 1689 1887 de
1725 1832 1861 1885 caelo
1891 1847 1978 1884 vc—

446 1930 598 1983 niens
618 1930 669 1982 in
699 1930 890 1998 linguis
916 1928 1076 1981 variis
1096 1928 1503 1981 demonstratur.
1531 1922 1641 1976 Cur
1677 1936 1804 1991 ergo
1830 1922 1979 1989 prius

446 2019 499 2070 in
530 2026 669 2071 terra
708 2017 973 2085 discipulis
1000 2016 1172 2078 datur,
1199 2014 1529 2083 postmodum
1558 2012 1622 2064 de
1647 2010 1783 2064 creto
1811 2009 1978 2062 mitti-

447 2113 546 2166 tur,
578 2106 678 2158 nisi
704 2106 840 2171 quod
866 2106 970 2157 duo
995 2111 1117 2155 sunt
1149 2109 1409 2170 praecepta
1447 2098 1744 2159 charitatis,
1767 2097 1977 2150 dilectio

445 2194 688 2248 videlicet
715 2194 806 2263 Dei
833 2202 888 2246 et
918 2192 1176 2260 proximi?
1201 2192 1257 2244 In
1296 2199 1438 2243 terra
1466 2190 1620 2241 datur
1660 2186 1892 2254 Spiritus
1922 2193 1978 2236 ut

444 2283 693 2350 diligatur
720 2282 1026 2350 proximus:
1054 2295 1087 2333 e
1126 2278 1261 2332 cado
1292 2279 1447 2331 datur
1486 2276 1716 2344 Spiritus
1753 2282 1812 2327 ut
1850 2274 1974 2326 dili-

444 2380 598 2449 gatulr
619 2369 775 2423 Deus.
806 2368 954 2422 Sicut
978 2382 1105 2435 ergo
1131 2382 1234 2419 una
1260 2373 1341 2418 est
1368 2365 1598 2417 cliaritas
1625 2371 1681 2416 et
1713 2363 1815 2416 duo
1843 2376 1976 2428 pra:—

444 2467 616 2526 cepta,
646 2458 717 2510 ita
746 2471 882 2509 unus
923 2456 1151 2524 Spiritus
1176 2462 1230 2507 et
1256 2454 1358 2507 duo
1394 2454 1535 2505 data.
1565 2452 1718 2505 Prius
1744 2466 1773 2502 a
1803 2452 1976 2505 consi-

441 2555 614 2598 stente
640 2543 860 2596 Domino
884 2541 938 2594 in
971 2550 1133 2603 terra,
1163 2538 1493 2607 postmodum
1525 2553 1555 2591 e
1576 2538 1742 2601 cmlo;
1774 2538 1894 2606 quia
1925 2538 1974 2589 in

440 2631 668 2701 proximi
710 2642 890 2682 amore
916 2629 1108 2681 dicitur
1142 2626 1366 2695 qualiter
1392 2626 1653 2693 perveniri
1694 2626 1881 2678 debeat
1909 2626 1974 2677 ad

441 2733 675 2773 amorem
703 2718 818 2772 Dei.
839 2736 860 2769 ι
887 2716 999 2769 Hoc
1035 2730 1155 2769 cum
1178 2714 1416 2777 dixisset,
1443 2713 1724 2766 insuﬂlavit
1763 2722 1817 2766 et
1849 2714 1977 2765 dicit

406 2840 413 2847 -
442 2807 557 2860 eis:
584 2805 807 2873 Accipite
841 2802 1089 2871 Spiritum
1135 2810 1384 2863 sanctum,
1426 2798 1735 2853 iusulllando
1774 2800 1974 2867 signifi-

442 2893 583 2947 cavit
607 2892 861 2961 Spiritum
900 2898 1143 2944 sanctum
1171 2904 1279 2949 non
1304 2888 1478 2943 Patris
1509 2888 1673 2941 solius
1698 2902 1815 2941 esse
1856 2888 1972 2954 Spi-

445 2983 631 3044 ritum,
678 2981 769 3036 sed
820 2989 877 3034 et
931 2995 1101 3033 suum.
1150 2978 1330 3049 (Vt-ms.
1535 2976 1764 3040 Quorum
1822 2978 1968 3027 remi-

2078 1857 2150 1902 Il,
2180 1842 2225 1908 Ι)
2252 1859 2263 1892 :
2296 1840 2536 1895 Profecto
2573 1842 2734 1909 liquet
2761 1844 2882 1910 quia
2913 1844 3041 1898 fides
3080 1845 3289 1897 illarum
3328 1862 3502 1900 rerum
3532 1864 3619 1901 ar-

2074 1936 2377 1995 gumentum
2406 1938 2515 1990 est,
2545 1942 2661 1995 qua:
2705 1944 2959 1997 apparere
2988 1946 3091 1983 non
3116 1941 3349 1998 possunt.
3381 1933 3507 1998 Qua:
3534 1944 3616 1987 ct-

2073 2016 2217 2068 enim
2262 2026 2517 2082 apparent
2556 2017 2664 2084 jam
2696 2017 2849 2069 fidem
2890 2034 2993 2071 non
3026 2020 3237 2081 habent,
3266 2022 3357 2073 sed
3396 2023 3616 2089 agnitio.

2077 2120 2218 2157 nem.
2254 2105 2384 2157 Dum
2415 2120 2540 2173 ergo
2571 2106 2698 2159 vidit
2728 2106 2978 2166 Thomas,
3011 2108 3132 2159 dtnu
3162 2109 3411 2175 palpavit,
3442 2126 3537 2162 cur
3566 2115 3613 2161 cl

2073 2191 2297 2244 dicitur:
2328 2191 2462 2254 Quia
2493 2193 2661 2243 vidisti
2692 2208 2787 2251 me,
2820 2194 3116 2245 credidisti?
3141 2195 3243 2247 Sed
3284 2195 3424 2248 aliud
3454 2197 3578 2248 vidit
3598 2236 3611 2253 ,

2072 2278 2212 2331 aliud
2243 2280 2484 2331 credidit.
2512 2279 2553 2329 Α
2583 2280 2789 2331 mortali
2817 2281 3009 2347 quippe
3036 2282 3244 2333 homine
3270 2282 3516 2335 divinitas
3541 2285 3612 2334 vi-

2073 2366 2186 2418 deri
2222 2380 2325 2417 non
2354 2367 2539 2432 potuit.
2567 2366 2841 2419 liuntiuem
2872 2368 3031 2435 igitur
3060 2370 3203 2430 vidit,
3227 2378 3279 2421 et
3304 2370 3463 2422 Deum
3487 2386 3610 2422 con-

2072 2455 2243 2505 fessus
2268 2461 2370 2515 est,
2397 2452 2578 2505 dicens
2603 2470 2614 2503 :
2646 2451 2782 2503 Deus
2807 2469 2946 2504 meus
2990 2464 3035 2503 et
3067 2453 3313 2505 Dominus
3341 2472 3502 2506 meus.
3531 2457 3617 2507 Υἱ-

2073 2541 2240 2594 dendo
2263 2554 2387 2608 ergo
2410 2539 2633 2592 credidit
2671 2540 2758 2604 qui
2799 2540 3180 2592 considerando
3211 2541 3494 2604 hominem,
3530 2558 3615 2589 vu-

2074 2645 2187 2681 rum
2215 2627 2412 2697 [στερη
2437 2628 2524 2694 qui
2551 2628 2930 2679 considerando
2958 2644 3136 2680 verum
3164 2629 3451 2699 hominem]
3479 2631 3617 2682 hunc

2074 2719 2233 2771 Deum
2276 2732 2432 2784 quem
2461 2717 2637 2769 videre
2680 2732 2781 2768 non
2822 2725 3046 2783 poterat,
3076 2717 3410 2770 exclamavit.
3464 2717 3615 2768 beti-

2072 2808 2194 2861 ficat
2219 2806 2366 2859 valde
2398 2806 2534 2873 quod
2561 2806 2799 2872 sequitur
2823 2821 2832 2854 :
2864 2802 3006 2854 Betui
3033 2805 3117 2871 qui
3154 2821 3255 2855 non
3281 2805 3535 2865 viderunt,
3567 2814 3614 2854 et

2070 2893 2413 2945 crediderunt.
2438 2893 2493 2945 In
2519 2907 2620 2959 qua
2646 2891 2892 2943 nimirum
2921 2891 3176 2955 sententia
3201 2907 3295 2944 nos
3319 2892 3617 2959 specialiter

2070 2981 2258 3048 signati
2288 2995 2487 3040 sumus,
2532 2979 2619 3045 qui
2664 2994 2784 3029 eum
2814 2992 2971 3043 quem
3015 2991 3175 3030 carne
3220 2992 3324 3031 non
3368 2979 3611 3041 vidimus,

443 3075 633 3137 seritis,
677 3072 872 3140 inquit,
923 3079 1159 3139 peccata,
1206 3069 1529 3121 remittuntur
1556 3067 1727 3130 eis;et
1758 3082 1970 3134 quorum
1998 3040 2043 3102 ο
2075 3075 2249 3121 mente
2293 3067 2596 3119 retinemus.
2635 3065 2739 3117 Nos
2784 3065 2971 3133 signati
3019 3080 3218 3127 sumus,
3247 3065 3339 3119 sed
3366 3064 3411 3118 si
3456 3066 3611 3118 ﬁdem

446 3161 770 3224 retinueritis,
796 3168 989 3213 retenta
1029 3167 1166 3211 sunt.
1199 3175 1219 3207 ι
1246 3168 1271 3196 ι
1297 3154 1433 3211 Ecce
1469 3156 1700 3209 Charitas
1725 3171 1840 3222 qua:
1882 3170 1976 3221 per

447 3252 699 3319 Spiritum
741 3256 978 3304 sanctum
1024 3246 1332 3317 diffunditur
1371 3247 1425 3299 in
1468 3246 1716 3299 cordibus
1750 3246 1971 3309 nostris,

444 3340 757 3405 participum
797 3352 1009 3391 suorum
1044 3328 1275 3403 peccatu
1307 3334 1552 3397 dimittit,
1579 3349 1761 3387 eorum
1801 3344 1975 3387 autem

445 3424 535 3491 qui
561 3439 663 3476 non
691 3433 813 3477 sunt
838 3424 951 3492 ejus
978 3406 1277 3492 participes,
1310 3429 1468 3475 tenet.
1489 3420 1610 3474 Ideo
1633 3428 1973 3489 posteaquam

445 3511 577 3565 dixit
602 3529 615 3563 :
643 3511 867 3579 Accipite
900 3510 1147 3578 Spiritum
1186 3511 1453 3571 sanctum,
1491 3509 1591 3561 hoc
1627 3510 1875 3562 continuo
1910 3510 1974 3562 de

445 3608 777 3667 peccatorum
826 3598 1131 3652 remissione
1196 3612 1259 3651 ac
1318 3596 1615 3649 detentioue
1677 3596 1916 3662 subjecit.
1948 3615 1966 3647 ι

446 3685 725 3738 Sciendum
754 3698 878 3737 vero
902 3694 984 3738 est
1016 3686 1152 3751 quod
1181 3684 1232 3738 lli
1262 3684 1351 3752 qui
1380 3684 1548 3751 primo
1576 3682 1827 3750 Spiritum
1854 3698 1975 3736 san-

447 3780 589 3824 ctum
634 3771 948 3835 habuerunt,
990 3780 1046 3823 ut
1074 3768 1127 3823 et
1162 3772 1259 3837 ipsi
1289 3772 1597 3824 innocenter
1637 3771 1893 3834 viverent,
1922 3781 1977 3825 et

447 3861 499 3912 in
529 3860 894 3928 pr.cdicatione
918 3858 1224 3927 quibusdam
1251 3860 1576 3926 prodessent,
1603 3859 1800 3913 idcirco
1823 3860 1977 3913 “hunc

446 3956 562 4015 post
590 3946 1025 4000 resurrectionem
1060 3945 1262 3998 Domini
1293 3952 1532 4012 patenter
1557 3955 1887 4011 acceperunt,
1920 3956 1976 3999 ut

447 4036 695 4102 prodesse
721 4049 822 4086 non
848 4034 1048 4101 paucis,
1076 4033 1166 4086 sed
1190 4033 1423 4097 pluribus
1447 4041 1681 4100 possent.

516 4122 671 4175 Vsus.
699 4121 784 4173 24.
804 4151 873 4160 -
894 4120 1111 4174 Thomas
1140 4131 1306 4173 autem
1335 4137 1465 4172 unus
1489 4137 1551 4173 ex
1576 4120 1863 4185 duodecim,
1888 4122 1975 4189 qui

446 4206 633 4258 dicitur
659 4207 928 4273 Didymus,
954 4223 1054 4259 non
1081 4218 1186 4259 erat
1212 4222 1325 4260 cum
1360 4209 1452 4271 eis,
1492 4209 1696 4276 quando
1728 4210 1859 4261 venit
1887 4206 1976 4260 Je-

446 4309 553 4345 sus.
599 4310 616 4340 ι
646 4292 795 4345 blste
825 4310 957 4347 unus
994 4296 1275 4362 discipulus
1320 4296 1502 4359 defuit,
1544 4311 1790 4350 reversus
1834 4298 1973 4364 quod

448 4390 651 4448 gestum
678 4391 755 4434 est
782 4383 997 4445 audivit,
1021 4384 1193 4437 audita
1224 4384 1437 4437 credere
1478 4386 1670 4437 renuit.
1703 4386 1853 4439 Venit
1880 4388 1973 4439 ite-

366 4514 369 4517 ,
451 4484 565 4519 rum
602 4469 873 4546 Dominus,
915 4480 967 4523 et
995 4487 1097 4525 non
1128 4472 1359 4526 credenti
1390 4472 1645 4539 discipulo
1691 4472 1826 4526 latus
1858 4474 1973 4541 pal-

449 4556 677 4621 pandum
706 4558 943 4623 prtebuit,
968 4574 1152 4615 manus
1172 4562 1415 4623 ostendit,
1444 4568 1497 4614 et
1524 4570 1732 4614 ostensa
1762 4576 1975 4615 suorum

448 4638 722 4691 vulnerum
746 4638 1007 4703 cicatrice,
1042 4642 1359 4697 inﬁdelitatis
1383 4643 1524 4697 illius
1543 4644 1729 4697 vulnus
1752 4647 1972 4698 sanavit.

450 4726 605 4791 Quid,
634 4725 822 4778 fratres
851 4726 1162 4795 charissimi,
1191 4734 1312 4799 quid
1336 4734 1473 4786 inter
1509 4732 1622 4785 haec
1655 4733 1975 4786 animadver-

450 4815 593 4866 titis?
622 4813 864 4889 Nunquid
899 4829 1022 4867 casu
1066 4827 1267 4883 gestum
1298 4820 1533 4882 creditis,
1564 4826 1621 4870 ut
1664 4817 1859 4870 electus
1888 4818 1972 4870 ille

453 4899 737 4968 discipulus
768 4910 889 4983 tunc
917 4901 1149 4965 deesset;
1180 4913 1296 4969 post
1336 4907 1448 4959 haec
1488 4906 1629 4958 venit
1671 4912 1729 4956 ut
1766 4904 1972 4955 audiret

455 4990 649 5059 [Greg.,
676 4999 792 5056 post
826 5002 999 5045 autem
1042 4994 1252 5046 veniens
1288 4995 1545 5064 audiret],
1575 4996 1793 5049 audiens
1826 4993 1973 5045 dubi-

455 5088 606 5141 taret,
636 5078 887 5133 dubitans
917 5082 1172 5148 palparet,
1198 5081 1411 5150 palpans
1436 5082 1709 5135 crederet?
1734 5081 1844 5135 Non
1875 5081 1974 5133 hoc

453 5181 597 5228 casu,
622 5165 713 5218 sed
734 5165 905 5218 divina
928 5166 1311 5232 dispensatione
1338 5175 1540 5235 gestum
1566 5173 1662 5218 est.
1688 5167 1807 5235 Egit
1832 5181 1971 5219 nam-

453 5269 552 5322 que
605 5256 739 5309 miro
788 5254 938 5308 modo
982 5269 1203 5321 superna
1250 5256 1553 5317 clementia,
1593 5261 1650 5306 ut
1689 5254 1972 5321 discipulus

452 5342 715 5405 dubitans,
737 5344 858 5395 dum
888 5344 939 5395 in
968 5342 1215 5409 magistro
1243 5357 1337 5395 suo
1358 5344 1570 5396 vulne:a
1594 5342 1832 5410 palparet
1858 5356 1971 5394 car-

521 5463 542 5488 ι
573 5450 645 5502 Ex
676 5450 731 5500 S.
758 5449 915 5515 Aug.,
940 5460 1090 5503 tract.
1116 5465 1254 5505 cui.
1283 5464 1423 5500 num.
1452 5449 1503 5501 ι.

522 5519 548 5557 δ
578 5518 649 5571 Ex
680 5516 735 5569 S.
760 5515 913 5586 Greg.
940 5519 1150 5573 lioutilia
1180 5520 1359 5581 citata,
1385 5532 1526 5570 num.
1554 5518 1661 5571 7—9.

2073 3167 2307 3210 nostram
2335 3157 2582 3222 operibus
2617 3155 2905 3221 sequimur.
2937 3155 3026 3208 Ille
3056 3156 3251 3208 etenim
3287 3170 3409 3208 vere
3446 3156 3615 3207 credit

2070 3246 2159 3311 qui
2180 3253 2391 3297 exercet
2414 3243 2680 3310 operando
2702 3244 2839 3308 quod
2862 3244 3044 3295 credit.
3061 3264 3077 3291 ι
3110 3244 3262 3313 [Quia
3287 3243 3481 3313 autem]
3506 3244 3611 3295 ait:

2071 3330 2215 3382 Beati
2244 3331 2329 3398 qui
2358 3346 2434 3380 me
2458 3346 2559 3379 non
2581 3328 2831 3386 viderunt,
2856 3338 2903 3378 et
2926 3328 3269 3389 crediderunt,
3304 3346 3321 3376 ι
3353 3339 3372 3364 ε
3397 3337 3615 3395 przeter-

2071 3417 2127 3468 iti
2175 3409 2423 3483 temporis
2470 3432 2595 3468 usus
2644 3424 2724 3467 est
2768 3416 2958 3475 verbo;
3018 3424 3265 3480 tauquam
3313 3416 3399 3468 ille
3429 3416 3517 3483 qui
3561 3416 3612 3467 id

2071 3504 2211 3571 quod
2236 3513 2352 3556 erat
2396 3502 2650 3564 futurum,
2694 3504 2745 3554 in
2781 3519 2874 3556 sua
2905 3512 3124 3555 noverat
3151 3503 3613 3569 pne-destinatione

2062 3588 2170 3655 jam
2194 3589 2409 3651 factum,
2425 3610 2441 3639 ι
2468 3590 2558 3642 sed
2588 3590 2670 3641 liis
2694 3590 2864 3641 verbis
2889 3590 3101 3655 proprie
3120 3588 3378 3653 gentium,
3401 3598 3457 3641 ut
3480 3590 3613 3642 disi-

2072 3697 2207 3750 mus,
2233 3682 2363 3734 fides
2390 3682 2647 3749 signatur.

2142 3771 2297 3823 Vens.
2326 3768 2411 3822 50.
2429 3798 2498 3807 —
2526 3766 2692 3821 Multa
2720 3766 2920 3835 quidem
2949 3774 2995 3817 et
3019 3765 3122 3817 alia
3147 3766 3291 3833 signa
3320 3765 3435 3831 ferit
3461 3766 3611 3818 Iesus

2070 3861 2123 3912 in
2144 3872 2411 3926 conspectu
2432 3857 2809 3929 discipulorum-
2825 3868 3054 3907 suorum.
3094 3852 3366 3917 Signiﬁcat
3389 3867 3611 3917 evange-

2072 3952 2191 4002 lista
2213 3950 2436 4016 plurima
2465 3946 2613 4015 [Ms.,
2637 3942 2810 4011 plura]
2836 3942 3021 3994 fecisse
3041 3938 3220 3991 Jesum
3256 3938 3403 4004 signa
3430 3946 3482 3990 et
3505 3938 3605 3989 mi.

2074 4038 2250 4091 racula
2265 4036 2451 4089 salutis
2469 4027 2523 4100 et
2547 4030 2958 4103 prtedicatiouis,
2973 4042 3089 4094 qua:
3102 4041 3203 4079 non
3226 4028 3421 4094 scripta
3438 4034 3614 4078 essent

2071 4135 2287 4195 propter
2316 4123 2702 4176 multitudinem
2726 4122 2934 4175 illarum
2961 4134 3139 4173 rerum
3182 4132 3299 4185 quae
3321 4125 3478 4185 gestae
3506 4116 3616 4169 fne-

2075 4224 2199 4267 runt
2221 4214 2287 4265 ab
2313 4227 2396 4266 eo.
2448 4211 2699 4278 Sequitur
2724 4216 2928 4260 autem:
2962 4208 3143 4275 (Vnus.
3173 4205 3262 4285 ξι)
3296 4204 3421 4256 Htec
3443 4214 3612 4255 autem

2072 4305 2259 4369 scripta
2289 4309 2425 4359 sunt,
2449 4308 2501 4349 ut
2524 4297 2741 4349 credatis
2768 4298 2886 4364 quia
2909 4294 3058 4347 Iesus
3085 4303 3156 4347 est
3186 4292 3419 4346 Christus
3448 4290 3613 4343 l’ilius

2076 4390 2188 4451 Dei,
2237 4398 2284 4439 et
2314 4396 2369 4438 ut
2395 4384 2653 4438 credentes
2681 4386 2837 4436 ritum
2885 4383 3113 4435 habeatis
3168 4382 3221 4433 in
3251 4380 3452 4432 nomine
3479 4380 3609 4447 ejus.

2074 4476 2211 4542 Quid
2233 4476 2413 4529 dicunt
2438 4474 2527 4541 qui
2556 4472 2991 4528 asscruntJesmn
3018 4470 3285 4523 Christum
3311 4467 3501 4520 Filium
3519 4466 3611 4517 Dei

2076 4578 2179 4616 non
2209 4577 2343 4624 esse,
2370 4562 2493 4615 dum
2524 4561 2624 4613 iste
2650 4558 2969 4625 evangelista
3002 4556 3109 4608 Deo
3135 4555 3355 4607 dilectus
3379 4560 3432 4605 et
3455 4566 3485 4603 a
3505 4552 3613 4602 Deo

2075 4651 2275 4704 electus
2300 4649 2431 4719 [Al.,
2467 4646 2675 4716 doctus]
2697 4646 2829 4697 dixit
2854 4647 2989 4697 hanc
3014 4644 3113 4694 sibi
3140 4656 3255 4694 esse
3280 4632 3611 4693 oceasionem

2076 4738 2339 4792 scribendi
2368 4736 2467 4787 hoc
2501 4731 2857 4800 Evangelium,
2907 4739 2961 4781 ut
2992 4730 3291 4782 crederetur
3319 4726 3440 4793 quia
3461 4722 3613 4777 Jcsus

2071 4834 2152 4878 est
2178 4823 2419 4877 Christus
2448 4820 2611 4872 Filius
2643 4820 2771 4872 Dei?
2824 4819 2910 4870 Ille
2933 4819 3021 4884 qui
3046 4818 3113 4869 ab
3138 4816 3321 4884 angelo
3344 4814 3612 4866 nuntiatus

2072 4918 2169 4972 est,
2191 4918 2244 4961 et
2274 4922 2463 4962 nomen
2501 4908 2573 4959 illi
2592 4906 2891 4973 impositum
2919 4913 3001 4957 est
3019 4903 3189 4964 Jesus,
3234 4903 3355 4953 dum
3378 4899 3521 4950 venit
3546 4898 3611 4948 ad

2072 4999 2327 5067 virginem
2356 4997 2489 5050 dixit
2520 5013 2531 5047 :
2565 4992 2743 5044 Paries
2772 4992 2955 5057 ﬁlium,
2988 4999 3033 5041 ct
3063 4989 3261 5041 vocabis
3292 5001 3471 5036 nomen
3499 4986 3610 5051 ejus

2071 5085 2247 5136 Jesum
2276 5083 2423 5153 (Luc.
2452 5100 2492 5145 ι,
2519 5081 2638 5147 3t):
2680 5078 2764 5130 hic
2800 5088 2973 5128 autem
3014 5073 3185 5133 Jesus,
3218 5073 3305 5139 qui
3342 5080 3497 5123 natus
3531 5082 3612 5123 est

2074 5186 2138 5224 ex
2166 5173 2365 5241 virgine
2385 5171 2566 5230 Maria,
2594 5166 2756 5219 Filius
2788 5172 2869 5219 est
2894 5164 3010 5227 Dei,
3057 5163 3192 5215 sicut
3240 5162 3340 5213 iste
3380 5173 3607 5225 evange—

2076 5260 2193 5312 lista
2222 5270 2463 5322 testatur,
2516 5266 2569 5310 et
2599 5263 2654 5309 ut
2673 5270 2855 5309 omnes
2884 5254 2935 5307 in
2962 5255 3060 5306 bac
3088 5252 3187 5304 fide
3224 5251 3379 5302 vitam
3405 5247 3609 5312 possint

2077 5348 2271 5401 habere
2297 5348 2670 5414 sempiternam
2723 5344 2775 5397 in
2803 5344 3011 5396 nomine
3058 5338 3189 5405 ejus.
3246 5335 3375 5399 Quid
3416 5335 3478 5387 de
3505 5334 3607 5388 illis

2148 5462 2167 5487 ε
2207 5452 2277 5502 Ex
2313 5452 2366 5503 S.
2404 5454 2554 5519 Aug,
2586 5450 2682 5502 loc.
2708 5452 2795 5501 t'il.
2829 5463 2965 5499 num.
2998 5446 3045 5498 5.
