4154 6218
666 300 769 355 995

1469 290 1532 341 Β.
1571 289 1627 343 F.
1670 286 1887 342 ALBINI
1926 286 2052 339 εει]
2090 284 2355 339 Λιεωκι
2388 283 2663 338 OPEllL'M
2698 282 2871 335 PARS
2905 282 2968 335 ll.

3724 278 3827 332 998

665 402 1027 459 mtimndum
1053 409 1135 454 est
1161 400 1254 466 qui
1284 411 1404 451 eum
1448 411 1558 449 non
1613 396 1832 449 credunt
1872 394 2063 448 Filium
2098 392 2189 446 Dei
2220 398 2264 452 Α
2294 391 2579 444 rectionem
2606 404 2752 444 suam
2792 390 3042 443 Dominus
3078 390 3130 443 in
3173 389 3348 444 littore
3382 390 3547 452 stetit,
3589 388 3678 457 qui
3705 395 3829 441 ante

665 508 781 547 esse
807 505 1009 553 verum,
1035 488 1128 543 sed
1156 486 1473 554 adoptivum,
1516 484 1615 536 nisi
1670 482 1805 536 forte
1830 492 1888 535 ut
1924 496 2190 549 nunquam

666 581 895 637 habeant
918 580 1079 633 vitam
1104 574 1389 630 aeternam?
1438 573 1632 627 Dicunt
1657 573 1832 638 itaque
1879 572 2196 640 assumptio-

596 732 606 739 .
666 685 787 724 nem
814 676 867 721 et
893 667 1223 736 adoptionem
1250 678 1411 717 unum
1455 676 1601 722 esse;
1651 669 1705 713 et
1728 658 1904 713 Iesum
1928 660 2194 714 Christum

666 756 950 811 secundum
990 753 1127 821 quod
1162 753 1321 806 homo
1368 757 1471 811 est,
1520 756 1733 817 propter
1785 748 2195 815 assumptionem

667 843 1009 899 humanitatis
1030 840 1325 895 necessarie
1350 838 1649 905 adoptivum
1687 850 1819 895 esse,
1860 851 1964 889 non
2010 834 2199 889 intelli-

669 941 852 1003 genles
908 938 1101 998 quanta
1125 936 1207 981 est
1233 928 1346 981 haec
1369 924 1667 979 absurditas
1710 938 1824 991 qua:
1850 924 2087 991 sequitur
2108 937 2199 976 eos

669 1020 817 1091 μη,
850 1019 969 1089 eis].
1027 1018 1157 1070 Nam
1180 1017 1224 1070 si
1250 1014 1523 1083 adoptivus
1546 1022 1626 1065 est
1652 1020 1865 1081 propter
1882 1010 2199 1079 assumptio-

666 1127 809 1173 nem,
835 1111 1024 1179 ,igitur
1041 1107 1159 1161 Filii
1188 1120 1412 1174 persona
1444 1102 1720 1169 adoptivus
1762 1109 1862 1162 est,
1891 1102 2013 1168 quia
2032 1091 2200 1153 Filius

666 1198 949 1267 assumpsit
993 1197 1286 1257 hominem,
1334 1198 1389 1245 et
1424 1198 1505 1244 est
1534 1198 1657 1241 tunc
1680 1203 1843 1257 nepos
1872 1188 1978 1241 Deo
2013 1186 2155 1240 Patri
2184 1205 2195 1239 :

669 1284 807 1353 quod
835 1282 1227 1361 quamimplum
1249 1279 1334 1341 sit,
1360 1276 1557 1331 nullum
1580 1276 1781 1327 aestimo
1803 1271 2031 1327 ﬁdelium
2052 1274 2203 1342 igno—

669 1386 810 1425 rare.
857 1368 1239 1424 Tantummodo
1262 1362 1726 1420 credamuslesum
1751 1377 1868 1415 esse
1890 1361 2200 1431 [Christum]

671 1460 862 1513 Filium
891 1458 984 1511 Dei
1004 1469 1185 1509 verum
1212 1454 1263 1507 in
1291 1460 1518 1520 utraque
1551 1458 1756 1502 natura.
1792 1449 1858 1502 Et
1883 1450 2017 1503 sicut
2042 1449 2204 1501 Filius

670 1550 762 1605 Dei
792 1563 915 1602 vere
938 1556 1020 1602 est
1039 1546 1203 1600 Filius
1222 1543 1470 1605 hominis,
1527 1543 1597 1595 ita
1630 1541 1794 1594 Filius
1815 1542 2043 1595 hominis
2080 1555 2202 1594 vere

670 1647 752 1692 est
772 1636 936 1688 Filius
958 1633 1070 1687 Dei.
1118 1631 1219 1685 Sed
1243 1631 1355 1684 hzec
1367 1629 1496 1683 alias
1516 1630 1754 1699 plenius;
1784 1644 1925 1683 nunc
1949 1643 2071 1682 vero
2086 1644 2201 1697 quce

671 1729 961 1792 sequuntur
985 1720 1271 1772 videamus.

745 1828 763 1860 ι
784 1822 808 1850 ι
824 1807 926 1862 Sed
939 1810 1038 1861 hoc
1048 1806 1333 1875 capitulum
1349 1806 1493 1858 velut
1501 1804 1621 1858 libri
1634 1801 1721 1869 huj
1729 1819 1790 1857 us
1804 1802 1997 1855 indicat
2013 1803 2167 1855 tinem
2188 1820 2199 1853 :

594 1964 599 1968 .
672 1907 848 1951 tamen
875 1906 1121 1950 narratur
1135 1895 1234 1949 hic
1256 1892 1444 1947 deinde
1494 1891 1929 1960 quemadmodum
1958 1907 2014 1945 se
2041 1891 2205 1943 mani-

676 1984 949 2037 l‘cstaverit
993 1982 1244 2036 Dominus
1272 1981 1339 2034 ad
1386 1994 1531 2034 mare
1581 1980 1874 2033 Tiberiadis
1898 2019 1911 2041 ,
1951 1988 2004 2033 et
2029 1980 2079 2031 in
2112 1994 2204 2031 ca-

674 2080 827 2139 ptura
878 2070 1099 2139 piscium
1135 2067 1579 2123 commendaverit
1615 2067 1863 2119 Ecclesia:
1908 2081 2207 2120 sacramen-

678 2172 803 2223 tum,
821 2162 991 2229 qualis
1013 2159 1183 2213 futura
1196 2167 1276 2214 est
1297 2159 1477 2212 ultima
1499 2157 1814 2210 resurrectio
1830 2156 2007 2225 [Aug.,
2026 2157 2207 2209 ultima

677 2250 1081 2318 resurrectione]
1110 2258 1452 2303 mortuorum.
1476 2267 1495 2297 ι
1513 2246 1633 2299 ldeo
1650 2246 1801 2314 quasi
1825 2248 1889 2297 ab
1903 2246 2006 2297 alio
2022 2246 2210 2313 incipit

675 2338 951 2407 principio,
971 2338 1091 2405 quia
1120 2337 1223 2389 vita
1248 2334 1476 2388 ﬁdelium
1492 2333 1558 2385 ab
1580 2334 1684 2386 alio
1714 2342 1835 2385 tunc
1865 2333 2042 2401 incipit
2066 2333 2210 2401 prin-

677 2430 832 2498 cipio,
868 2428 955 2481 ubi
1003 2427 1131 2480 nihil
1176 2424 1331 2492 hujus
1364 2424 1773 2493 perturbationis
1802 2422 2033 2475 futurum
2083 2423 2204 2483 erit,

677 2531 809 2584 quas
857 2516 941 2569 hic
972 2516 1200 2583 patimur
1231 2514 1282 2565 in
1308 2513 1409 2564 hac
1435 2512 1562 2563 vita.
1639 2510 1789 2564 Unde
1830 2518 1881 2562 et
1929 2510 2000 2561 ita
2029 2508 2213 2576 incipit

676 2604 903 2670 qualiter
926 2604 1039 2656 bzee
1076 2598 1430 2654 manifestatio
1469 2603 1607 2651 esset
1632 2605 1766 2649 acta.
1825 2596 1961 2647 Dicit
1981 2595 2149 2647 enim:

1134 2708 1293 2779 ϐω
1318 2706 1538 2761 CAPUT
1568 2706 1740 2759 XLIII.

612 2836 621 2845 .
683 2796 974 2863 Manifestat
1023 2811 1074 2847 se
1117 2797 1298 2847 iterum
1327 2795 1392 2845 ad
1420 2810 1559 2845 mare
1588 2792 1870 2844 Tiberiadis
1918 2792 2212 2863 septemdi-

749 2860 955 2938 scipulis
1005 2864 1061 2914 in
1106 2862 1575 2938 capturapisciuin
1606 2870 1807 2938 centum
1846 2860 2214 2928 quinquaginta

750 2934 921 2992 trium,
962 2946 1074 2983 cum
1096 2932 1448 2982 resurrexisset
1476 2946 1507 2980 a
1534 2932 1765 2981 mortuis.

2294 478 2730 531 resurrectionem
2758 492 2909 530 suam
2937 492 3117 531 coram
3146 477 3415 545 discipulis
3434 478 3545 531 suis
3565 478 3618 530 in
3658 476 3829 530 ﬂucti-

2292 564 2392 617 bus
2414 566 2574 617 maris
2600 566 2917 618 ambulavit?
2957 564 3120 632 Cujus
3144 565 3221 618 rei
3252 565 3386 618 ratio
3403 563 3594 618 festiue
3633 579 3829 633 cogno-

2294 652 2478 715 scitur,
2503 652 2548 706 si
2571 654 2681 722 ipsa
2709 668 2827 721 qua:
2850 662 2974 707 tunc
2995 654 3166 707 inerat
3190 668 3349 707 causa
3370 660 3639 723 pensetur.
3691 652 3825 716 Ouid

2292 744 2433 796 enim
2458 758 2624 807 mare,
2675 745 2775 798 nisi
2813 760 3047 813 praesens
3078 744 3328 799 sectilem
3378 743 3659 812 signiﬁcat,
3686 742 3827 810 quod

2294 847 2351 886 se
2384 846 2658 885 causarum
2686 833 2908 886 tumultu
2934 840 2989 886 et
3014 834 3169 907 undis
3189 833 3311 886 vita:
3333 831 3693 901 corruptibilis
3727 831 3830 883 illi-

2295 923 2408 975 dit?
2465 922 2603 988 Quid
2634 938 2731 991 per
2779 923 3095 977 soliditatem
3140 922 3353 985 littoris,
3384 922 3489 975 nisi
3518 921 3605 974 illa
3643 934 3830 988 pcipe-

2299 1008 2457 1062 tuitas
2484 1009 2673 1076 quietis
2696 1018 2906 1063 (eterna:
2930 1008 3219 1078 ﬁguntur?
3257 1009 3388 1074 Quia
3416 1009 3577 1077 igitur
3590 1006 3823 1075 discipuli

2297 1096 2468 1149 adhuc
2493 1096 2737 1153 ﬂuctibus
2757 1096 2997 1173 mortalis
3031 1097 3151 1151 vita
3172 1097 3395 1159 inerant,
3450 1096 3503 1148 in
3531 1096 3666 1148 mari
3686 1095 3828 1148 labo-

2298 1185 2507 1237 rabant.
2562 1183 2694 1248 Quia
2724 1194 2902 1237 autem
2948 1184 3267 1252 Redemptor
3293 1194 3475 1237 noster
3512 1183 3621 1250 iam
3649 1198 3827 1237 corru—

2296 1272 2530 1339 ptionem
2554 1271 2727 1324 carnis
2752 1279 3066 1331 excesserat,
3094 1270 3661 1338 postresurrectionem
3683 1286 3825 1323 suam

2306 1362 2357 1413 in
2398 1361 2573 1413 littore
2599 1361 2789 1413 stabat.
2845 1360 2919 1413 A‘c
2962 1361 3004 1413 si
3056 1360 3224 1428 ipsum
3282 1360 3681 1413 resurrectionis
3722 1375 3831 1412 sua!

2301 1446 2610 1517 mySterium
2647 1447 2803 1500 rebus
2828 1446 3097 1513 discipulis
3115 1446 3417 1514 loqueretur
3448 1445 3660 1500 dicens:
3689 1444 3826 1515 [llic]

2296 1534 2409 1603 jam
2436 1534 2585 1587 vobis
2625 1534 2678 1586 in
2706 1535 2839 1587 mari
2864 1550 2967 1588 non
3000 1548 3248 1602 appar-eo,
3295 1534 3416 1602 quia
3456 1534 3726 1587 vobiscum
3778 1535 3828 1587 in

2303 1623 2751 1693 perturbationum
2788 1620 3031 1675 [luctibus
3062 1637 3165 1677 non
3190 1637 3326 1676 sum.
3357 1622 3517 1676 Facta
3538 1630 3621 1675 est
3656 1612 3828 1675 autem

2233 1706 2277 1765 Β
2304 1710 2571 1780 discipulis
2596 1711 2899 1778 piscationis
2925 1725 3111 1779 magna
3151 1708 3445 1773 diﬂlcultas,
3490 1718 3550 1763 ut
3583 1710 3831 1779 magis'ro

2306 1802 2547 1855 veniente
2592 1800 2742 1852 ﬂeret
2769 1799 3130 1853 admirationis
3155 1814 3344 1867 magna
3385 1800 3699 1863 sublimitas,
3742 1801 3830 1867 qui

2305 1889 2546 1955 protinus
2565 1887 2727 1939 dixit:

2374 1974 2529 2027 Vnus.
2561 1973 2611 2028 6.
2636 2003 2704 2012 —
2732 1973 2919 2026 Mittite
2960 1975 3015 2027 in
3040 1974 3300 2027 dexteram
3533 1983 3653 2037 rete,
3685 1984 3732 2027 et
3754 1975 3833 2026 in-

2305 2063 2527 2115 venietis.
2606 2062 2695 2115 Bis
2719 2063 2772 2114 in
2808 2070 2991 2115 sancto
3020 2062 3302 2130 Evangelio
3339 2061 3532 2131 legitur
3578 2062 3698 2130 quia
3727 2061 3832 2113 Do-

2306 2152 2480 2203 minus
2488 2150 2645 2219 jussit
2663 2160 2722 2204 ut
2748 2150 2812 2204 ad
2836 2152 3144 2218 piscantium
3178 2151 3309 2204 retia
3338 2152 3687 2211 mitterentur,
3715 2158 3836 2203 ante

2306 2240 2603 2307 passionem
2641 2240 2886 2294 videlicet
2925 2248 2978 2292 et
3022 2247 3140 2307 post
3197 2240 3656 2294 resurrectionem.
3732 2239 3834 2293 Sed

2275 2368 2279 2373 .
2306 2330 2613 2397 priusquam
2631 2328 2946 2395 Redemptor
2957 2336 3135 2382 noster
3150 2337 3417 2397 pateretur
3435 2336 3489 2382 et
3517 2335 3833 2396 resurgeret.

2309 2417 2445 2467 mitti
2494 2415 2704 2482 quidem
2735 2422 2846 2467 rete
2875 2414 2939 2466 ad
2984 2415 3287 2483 piscantium
3316 2414 3484 2482 jubet,
3524 2416 3616 2469 sed
3661 2424 3837 2470 utrum

2309 2503 2362 2556 in
2402 2504 2662 2565 dextram,
2715 2516 2781 2555 an
2813 2502 2865 2554 in
2916 2503 3179 2555 sinistram
3217 2504 3355 2557 mitti
3394 2504 3681 2567 debuisset,
3732 2518 3834 2557 non

2303 2592 2482 2660 jubet:
2525 2597 2643 2657 post
2665 2590 3098 2643 resurrectionem
3126 2602 3250 2643 vero
3271 2591 3537 2659 discipulis
3556 2605 3836 2661 apparens,

2309 2680 2446 2733 mitti
2466 2688 2573 2731 rete
2598 2678 2649 2731 in
2674 2678 2940 2731 dexteram
2969 2678 3158 2747 navigii
3177 2678 3343 2746 jubet.
3374 2678 3427 2731 In
3448 2679 3531 2733 illa
3550 2680 3839 2748 piscatione

2311 2771 2442 2822 tanti
2463 2769 2600 2837 capti
2625 2776 2763 2831 sunt,
2812 2776 2869 2819 ut
2892 2768 3022 2821 retia
3051 2774 3444 2837 rumperentur:
3470 2768 3525 2822 in
3550 2769 3649 2823 ista
3663 2778 3836 2824 autem
3884 2796 3887 2799 ν

2312 2866 2367 2911 et
2398 2858 2546 2910 multi
2581 2856 2723 2924 capti
2750 2862 2889 2919 sunt,
2930 2864 2983 2909 et
3010 2858 3140 2910 retia
3186 2865 3338 2927 rupta
3381 2872 3486 2911 nou
3521 2869 3660 2912 sunt.
3712 2860 3838 2923 Quis

2313 2960 2437 2999 vero
2476 2946 2675 2999 nesciat
2695 2945 2861 2997 bonos
2891 2946 2941 2999 in
2981 2946 3215 3009 dextera,
3246 2954 3300 3000 et
3340 2946 3506 3000 malos
3539 2948 3594 2999 in
3627 2947 3837 3001 sinistra

748 3038 923 3091 Carior
955 3054 1065 3099 xxI,
1094 3038 1249 3091 Vens.
1283 3039 1393 3089 1-5.
1424 3067 1492 3077 —
1541 3037 1890 3104 Manifestavit
1930 3054 1981 3089 se
2028 3038 2211 3089 iterum
2243 3008 2285 3066 (ἶ
2317 3034 2561 3102 ﬁgurari?
2613 3032 2703 3084 llla
2754 3047 2878 3100 ergo
2920 3034 3158 3100 piscatio,
3202 3008 3264 3086 in
3305 3049 3408 3102 qua
3447 3034 3743 3101 specialiter
3786 3036 3841 3089 in

685 3128 751 3177 ad
800 3142 938 3178 mare
978 3125 1279 3185 Tiberiadis,
1312 3120 1647 3191 manifesmr'it
1697 3135 1863 3177 autem
1907 3126 1999 3175 sic.
2054 3124 2215 3175 Erant

684 3211 836 3265 simul
862 3210 1045 3264 Petrus
1072 3221 1116 3263 et
1145 3211 1383 3274 Thomas,
1411 3213 1497 3280 qui
1523 3212 1714 3263 dicitur
1736 3211 2007 3277 Didymus,
2036 3220 2081 3261 et
2112 3210 2221 3261 Na-

684 3302 908 3364 tltanael,
938 3303 1024 3372 qui
1062 3311 1171 3354 erat
1209 3318 1240 3353 α
1286 3300 1429 3354 Cana
1459 3299 1707 3364 Gallltl’tl",
1738 3310 1784 3352 et
1825 3301 1933 3375 ﬁlii
1969 3299 2217 3360 Zebedtri,

684 3400 730 3441 et
760 3389 849 3443 alii
879 3405 940 3442 ea:
966 3389 1227 3457 discipulis
1254 3390 1365 3456 ejus
1388 3388 1513 3440 duo.
1556 3387 1687 3441 Dicit
1707 3388 1779 3438 eis
1804 3386 1977 3439 Simus:
2006 3385 2219 3438 Petrus:

693 3476 837 3528 Vada
856 3478 1063 3543 piscari.
1095 3476 1375 3527 Dicuntei:
1404 3474 1644 3526 Venimus
1660 3482 1704 3524 et
1728 3489 1815 3524 nos
1837 3483 2019 3524 tecum.
2067 3472 2222 3525 Eric-

687 3574 803 3616 runt
826 3574 874 3616 et
896 3564 1225 3618 ascenderunt
1245 3567 1297 3617 in
1327 3581 1522 3627 navem,
1554 3573 1599 3615 et
1622 3562 1713 3614 illa
1744 3572 1883 3614 nocte
1910 3562 2036 3613 nihil
2079 3579 2220 3631 cepe-

690 3661 826 3704 runt.
878 3670 897 3701 ‹
934 3654 959 3691 δ
988 3652 1161 3717 Quaeri
1198 3653 1335 3705 enim
1359 3660 1531 3720 potest
1563 3667 1657 3704 cur
1692 3650 1905 3712 Petrus,
1939 3651 2025 3717 qui
2050 3652 2221 3718 pisca-

690 3749 774 3792 tor
805 3747 923 3794 ante
970 3741 1366 3794 conversionem
1409 3740 1525 3802 l‘uit,
1570 3746 1690 3805 post
1724 3739 2118 3790 conversionem
2154 3738 2218 3789 ad

687 3828 1030 3898 piseationem
1073 3829 1257 3881 rediit?
1313 3828 1378 3879 Et
1416 3842 1532 3894 cum
1578 3826 1783 3878 Veritas
1824 3826 2008 3879 dicat:
2054 3826 2218 3878 Nemo

692 3920 891 3969 mittens
944 3930 1153 3967 manum
1196 3930 1339 3966 suam
1381 3915 1433 3965 in
1476 3923 1723 3977 aratrum,
1771 3922 1817 3965 et
1861 3916 2108 3982 aspiciens
2146 3931 2221 3966 re-

690 4013 789 4067 tro,
821 4012 967 4072 aptus
996 4010 1068 4054 est
1096 4017 1245 4069 regno
1273 4001 1366 4052 Dei
1411 4000 1557 4068 (Luc.
1587 4017 1659 4062 Ix,
1690 4001 1776 4069 62)
1802 4018 1816 4064 ;
1865 4018 1960 4055 cur
2013 4004 2221 4069 repetiit

692 4089 830 4157 quod
855 4089 1163 4155 dereliquit?
1206 4087 1310 4140 Sed
1334 4088 1377 4140 si
1411 4088 1577 4140 virtus
1619 4088 1948 4141 discretionis
1993 4089 2221 4142 intendi-

691 4186 779 4232 tur
828 4177 952 4247 [Ms.
987 4186 1033 4229 et
1062 4174 1231 4245 στερη
1258 4174 1579 4244 inspicitur],
1629 4176 1785 4228 citius
1826 4176 2049 4239 videtur,
2098 4177 2219 4243 quia

691 4266 938 4319 nimirum
963 4265 1225 4332 negotium
1246 4264 1383 4330 quod
1408 4271 1526 4316 ante
1547 4265 1941 4317 conversionem
1965 4265 2077 4317 sine
2095 4278 2215 4331 pec-

694 4363 813 4408 cato
841 4354 1061 4415 exstitit,
1093 4354 1191 4405 hoc
1219 4354 1373 4405 etiam
1408 4360 1525 4421 post
1558 4355 1952 4407 conversionem
1982 4361 2217 4421 repetere

694 4442 845 4511 culpa
868 4457 970 4494 non
996 4439 1113 4493 fuit.
1160 4440 1289 4494 Nam
1311 4442 1623 4508 piscatorem
1660 4443 1892 4506 Petrum,
1922 4444 2218 4497 Mattbzeum

695 4551 821 4588 vero
875 4532 1216 4587 telonearium
1273 4534 1505 4597 scimus;
1564 4542 1617 4586 et
1664 4544 1781 4601 post
1826 4537 2219 4589 conversionem

695 4637 887 4683 suam,
944 4622 1010 4675 ad
1061 4623 1399 4689 piscationem
1455 4623 1645 4676 Petrus
1704 4624 1899 4685 rediit,
1947 4622 2222 4677 Matthmus

696 4724 822 4762 vero
835 4710 899 4761 ad
919 4710 1106 4762 telonei
1129 4712 1390 4779 negotium
1408 4726 1507 4764 neu
1541 4711 1693 4763 rediit
1740 4708 1933 4779 [Greg.,
1957 4725 2058 4762 non
2081 4726 2222 4763 rese-

697 4794 825 4865 dit];
855 4797 975 4864 quia
995 4805 1047 4849 et
1078 4798 1213 4849 aliud
1245 4806 1327 4851 est
1348 4800 1540 4851 victum
1567 4814 1662 4865 per
1685 4799 2026 4866 piscationem
2083 4815 2222 4866 qua!-

702 4898 837 4945 t'ere,
875 4883 1011 4935 aliud
1037 4884 1222 4935 telouei
1260 4884 1418 4937 lucris
1474 4885 1721 4938 exercitia
1750 4884 1921 4955 [Greg.
1952 4886 2219 4956 pecunias]

694 4986 909 5039 augere.
974 4970 1105 5024 Sunt
1135 4972 1270 5024 enim
1296 4972 1543 5042 pleraque
1569 4975 1773 5041 negotia
1812 4990 1926 5040 quae
1959 4978 2068 5029 sine
2104 4992 2223 5044 pec-

700 5057 831 5109 catis
850 5057 1085 5110 exhiberi
1114 5065 1203 5109 aut
1237 5058 1323 5109 vix
1350 5067 1439 5109 aut
1485 5062 1780 5113 nullatenus
1811 5072 2042 5129 possunt.
2098 5065 2222 5129 Quae

700 5157 827 5211 ergo
848 5144 909 5195 ad
938 5152 1206 5212 peccatum
1230 5144 1514 5212 implicant,
1562 5149 1629 5199 ad
1666 5150 1776 5201 htcc
1808 5163 2022 5201 necesse
2048 5134 2129 5203 est
2171 5160 2228 5204 ut

703 5244 817 5300 post
836 5236 1225 5289 conversionem
1258 5235 1464 5287 animus
1497 5251 1600 5289 mn
1634 5247 1889 5292 recurrat.
1920 5237 2093 5302 Quaeri
2136 5256 2228 5309 po-

703 5330 803 5372 tcst
837 5337 931 5374 cur
965 5323 1231 5389 discipulis
1273 5323 1325 5374 in
1346 5324 1479 5375 mari
1513 5324 1865 5381 laborantibus
1906 5338 2024 5394 post
2054 5343 2227 5382 resur-

776 5498 796 5524 α
842 5488 909 5538 Ev
939 5490 1137 5553 eodem,
1168 5500 1499 5553 tract.cxxn,
1524 5502 1664 5543 num.
1702 5495 1745 5545 l.

2316 3136 2473 3189 quam
2500 3130 2702 3189 partem
2730 3121 2864 3172 mitti
2897 3129 3007 3173 rete
3028 3121 3216 3175 debeat
3236 3138 3338 3176 non
3356 3122 3593 3189 jubetur,
3613 3138 3841 3192 praesen-

2319 3221 2424 3265 tem
2450 3211 2736 3264 Ecclesiam
2766 3212 3058 3280 designavit
3080 3228 3195 3280 qua:
3216 3215 3383 3267 bonos
3408 3214 3565 3267 simul
3590 3228 3653 3267 ac
3677 3213 3841 3267 malos

2316 3298 2542 3365 colligit;
2593 3311 2690 3350 nec
2750 3298 2894 3366 eligit
2958 3313 3089 3365 quos
3117 3302 3309 3362 trahat,
3342 3300 3463 3367 quia
3482 3308 3536 3352 et
3577 3311 3708 3366 quos
3747 3298 3842 3351 eli-

2316 3402 2440 3454 gere
2466 3388 2629 3455 possit
2662 3388 2893 3456 ignorat:
2929 3386 3040 3441 haec
3055 3396 3229 3443 autem
3257 3388 3477 3455 piscatio
3500 3397 3617 3455 post
3640 3385 3841 3439 Domini

2320 3476 2753 3528 resurrectionem
2784 3475 2941 3539 facta,
2990 3478 3040 3530 in
3067 3477 3229 3531 solam
3257 3478 3525 3531 dexteram
3554 3477 3711 3529 missa
3739 3484 3839 3537 est,

2317 3564 2438 3631 quia
2466 3564 2530 3617 ad
2556 3564 2833 3617 videndam
2859 3565 3113 3619 claritatis
3136 3564 3249 3631 ejus
3271 3565 3493 3632 gloriam
3517 3564 3631 3617 sola
3655 3560 3844 3617 electo-

2317 3666 2431 3703 rum
2457 3651 2689 3703 Ecclesia
2723 3652 2980 3719 pertinget
3024 3666 3138 3719 quae
3180 3652 3244 3705 de
3273 3653 3485 3706 sinistro
3510 3665 3667 3718 opere
3715 3648 3844 3703 nihil

2319 3740 2547 3793 habebit.
2598 3738 2654 3791 ln
2680 3739 3080 3808 illawpiscatione
3098 3755 3207 3808 prae
3246 3740 3581 3793 multitudine
3622 3739 3843 3805 piscium

2318 3834 2427 3879 rete
2440 3826 2720 3893 r'umpitur,
2741 3829 2860 3894 quia
2884 3843 3025 3880 nunc
3047 3828 3111 3881 ad
3127 3828 3505 3881 confessionem
3533 3826 3843 3889 lldei,etiam

2317 3930 2435 3967 cum
2461 3916 2641 3969 electis
2669 3918 2871 3984 reprobi
2900 3919 3029 3969 tanti
3078 3918 3294 3979 intrant,
3336 3918 3424 3985 qui
3452 3916 3615 3985 ipsam
3640 3927 3846 3983 quoque

2318 4003 2603 4056 Ecclesiam
2632 4006 2920 4058 hzeresibus
2964 4004 3232 4057 scindant:
3285 4005 3336 4056 in
3388 4006 3488 4057 ista
3516 4017 3641 4055 veno
3675 4003 3845 4071 pisca-

2317 4093 2458 4144 tione
2480 4100 2532 4143 et
2556 4094 2705 4144 multi
2735 4095 2904 4159 pisces
2928 4101 2981 4161 et
3006 4094 3176 4160 magni
3200 4094 3495 4161 capiuntur,
3533 4101 3585 4145 et
3608 4102 3716 4145 rete
3741 4107 3843 4145 non

2318 4178 2594 4248 rumpitur,
2618 4182 2738 4249 quia
2766 4189 2945 4233 sancta
2974 4180 3257 4234 electorum
3279 4181 3506 4234 Ecclesia
3532 4182 3582 4235 in
3598 4182 3843 4235 continua

2319 4272 2545 4324 auctoris
2573 4272 2651 4323 sui
2679 4284 2806 4337 pace
2833 4272 3184 4337 requiescens,
3224 4270 3383 4323 nullis
3406 4270 3514 4343 jam
3562 4270 3846 4323 dissensio-

2321 4362 2473 4415 nibus
2499 4361 2793 4413 dilaniatur.
2837 4359 3015 4427 Captis
3042 4358 3215 4412 autem
3242 4368 3349 4411 tam
3372 4359 3575 4427 magnis
3594 4358 3841 4427 piscibus.

2322 4448 2499 4515 (Vens.
2540 4446 2624 4511 ll)
2663 4445 2885 4496 ascendit
2923 4443 3096 4496 Simon
3128 4443 3333 4508 Petrus,
3372 4455 3418 4497 et
3460 4446 3617 4497 traxit
3644 4456 3745 4498 rete
3789 4447 3845 4499 in

2317 4543 2528 4584 terram.
2573 4530 2688 4583 Jam
2737 4531 2895 4583 credo
2927 4532 3064 4598 quod
3095 4542 3268 4587 vestra
3316 4532 3559 4599 Charitas
3610 4533 3849 4587 advertat

2322 4621 2447 4687 quid
2473 4627 2556 4673 est
2604 4619 2741 4685 quod
2768 4619 2955 4671 Petrus
2996 4628 3105 4673 rete
3162 4621 3227 4673 ad
3268 4630 3463 4675 terram
3514 4622 3692 4675 trahit.
3744 4620 3846 4688 ipsi

2321 4707 2509 4775 quippe
2536 4717 2716 4759 sancta
2739 4707 2971 4760 Ecclesia
2997 4715 3077 4759 est
3102 4710 3396 4773 commissa,
3423 4710 3578 4781 651
3612 4711 3707 4777 ipsi
3730 4724 3847 4780 spe-

2325 4798 2527 4849 cialiter
2558 4796 2750 4849 dicitur
2785 4814 2797 4847 :
2844 4795 3019 4847 Simon
3055 4796 3305 4862 Joannis,
3338 4815 3481 4851 amas
3527 4814 3604 4851 me
3626 4799 3651 4851 2
3692 4797 3848 4854 Pasce

2325 4902 2437 4936 oves
2462 4900 2599 4936 meas
2629 4884 2682 4953 (1
2687 4899 2803 4935 oan.
2826 4900 2936 4945 xxI,
2957 4886 3037 4947 15,
3067 4885 3169 4954 16).
3206 4885 3356 4950 Quod
3379 4900 3503 4952 ergo
3518 4888 3845 4955 postmodum

2326 4973 2560 5039 aperitur
2608 4972 2658 5023 in
2711 4987 2855 5031 voce,
2916 4974 3013 5026 hoc
3050 4972 3232 5044 [nunc]
3279 4974 3514 5040 signatur
3568 4974 3620 5028 in
3666 4989 3843 5044 opere.

2326 5060 2456 5123 Quia
2479 5058 2638 5126 igitur
2662 5059 2974 5126 praedicator
2991 5057 3235 5114 Ecclesia
3279 5074 3377 5113 nos
3419 5076 3450 5114 a
3473 5060 3649 5115 mundi
3680 5058 3843 5131 [vita]

2328 5146 2481 5212 hujus
2506 5146 2745 5200 ﬂuctibus
2768 5156 2993 5215 separat,
3026 5148 3266 5201 nimirum
3296 5161 3512 5204 necesse
3551 5155 3632 5202 est
3657 5158 3716 5203 ut
3738 5155 3847 5203 rete

2325 5238 2534 5305 plenum
2556 5240 2785 5307 piscibus
2805 5239 2993 5293 Petrus
3020 5241 3083 5292 ad
3105 5248 3299 5294 terram
3336 5241 3510 5293 ducat.
3572 5237 3687 5309 Ipse
3707 5239 3847 5295 enim

2324 5327 2494 5393 pisces
2520 5328 2584 5379 ad
2613 5318 2926 5379 soliditatem
2976 5327 3169 5381 littoris
3214 5328 3495 5395 pertrahit.
3538 5318 3659 5397 quia
3698 5326 3844 5401 μὴ..

2394 5496 2418 5533 δ
2455 5495 2526 5547 Ex
2561 5494 2812 5564 S.Greg.,
2837 5497 2974 5548 hom.
3006 5496 3096 5560 ξι,
3121 5511 3263 5549 num.
3288 5496 3392 5549 l-6.
