4262 6260
410 332 512 385 997

1185 327 1583 382 ΕΧΕΟΕΤΙΕᾹ.
1626 356 1692 365 --
1729 324 2074 379 ςυδιδιεδτ.
2116 324 2179 377 IN
2218 322 2402 377 JUAN.
2445 354 2511 363 ——
2553 324 2671 375 LIB.
2717 323 2809 376 VH.

3496 329 3597 379 998

405 435 516 507 qui]
546 443 739 489 sanctze
785 433 1174 501 pt'adicationis
1207 447 1334 485 voce
1372 432 1708 485 stabilitatem
1736 438 1945 483 mterua:
1973 435 2021 493 Α
2048 430 2099 482 in
2122 430 2335 483 denario
2355 429 2428 501 [et
2450 431 2634 498 gratia:
2655 432 2707 481 in
2733 430 3073 501 septenario],
3096 432 3225 486 satis
3245 446 3595 505 congruenter

404 524 588 595 patria:
616 521 857 574 fidelibus
882 521 1128 574 ostendit.
1191 518 1300 572 Hoc
1325 520 1432 587 egit
1452 517 1649 579 verbis,
1700 518 1799 570 hac
1842 517 1952 583 cpi-

406 606 575 666 stolis.
598 608 697 660 hoc
709 605 818 676 agit
842 606 1076 674 quotidie
1102 605 1473 658 miraculorum
1502 605 1685 674 signis.
1736 603 1954 667 Quoties

406 711 503 768 per
531 710 650 749 eum
672 695 738 747 ad
788 708 1021 747 amorem
1072 693 1266 761 quietis
1314 700 1523 747 aeternae
1574 692 1951 752 convertimur,

408 785 615 855 quoties
637 782 689 855 [ε
719 780 1069 852 terrenarum]
1086 796 1261 835 rerum
1292 781 1598 833 tumultibus
1626 794 1953 848 separamur,

410 874 535 945 quid
569 872 708 926 aliud
728 886 885 939 quam
912 871 1059 924 missi
1087 871 1223 924 intra
1252 877 1363 922 rete
1379 868 1497 923 fidei
1522 869 1693 936 pisces
1719 868 1785 921 ad
1812 867 1956 919 littus

412 961 707 1016 trahimur?
743 960 847 1014 Sed
870 974 990 1014 cum
1010 968 1124 1011 rete
1142 958 1374 1028 piscibus
1413 958 1616 1025 magnis
1650 956 1857 1023 plenum
1886 954 1959 1007 di-

412 1050 569 1112 citur,
618 1048 833 1101 additur
858 1055 913 1100 et
939 1046 1168 1113 quantis,
1220 1045 1422 1099 scilicet
1465 1053 1675 1101 centum
1702 1045 1958 1112 quinqua-

414 1139 558 1205 ginta
591 1136 780 1190 tribus.
838 1135 883 1187 Α
906 1148 1097 1204 magno
1139 1134 1389 1203 mysterio
1428 1133 1527 1186 iste
1555 1147 1805 1185 numerus
1855 1146 1957 1185 non

413 1231 590 1285 vacat,
618 1222 710 1277 sed
730 1222 960 1275 intentos
986 1236 1079 1274 vos
1104 1221 1235 1273 tanti
1266 1220 1498 1289 mysterii
1518 1218 1846 1288 profunditas
1868 1233 1959 1271 ex-

410 1320 637 1382 spectat.
693 1309 872 1378 Neque
897 1310 1091 1362 etenim
1116 1309 1425 1376 quantitatis
1442 1323 1700 1362 summam
1743 1307 1961 1360 solerter

416 1398 741 1468 evangelista
791 1398 1131 1465 expriment,
1170 1396 1269 1449 nisi
1313 1396 1449 1450 hanc
1501 1405 1833 1449 sacramento
1858 1395 1962 1463 ple-

417 1503 540 1541 nam
562 1502 680 1541 esse
698 1486 1005 1553 iudicasset.
1087 1485 1247 1539 Scitis
1270 1500 1498 1554 namque
1548 1486 1686 1554 quod
1716 1486 1766 1538 in
1797 1493 1959 1538 testa-

416 1580 595 1626 mento
621 1573 785 1625 veteri
817 1573 990 1625 omnis
1024 1573 1264 1639 operatio
1289 1587 1385 1640 per
1431 1573 1670 1641 Decalogi
1717 1573 1961 1626 mandata

418 1658 751 1726 przecipitur:
774 1658 827 1709 in
851 1673 987 1711 novo
1014 1667 1189 1712 autem
1214 1659 1410 1713 eisdem
1422 1659 1744 1727 operationis
1772 1660 1960 1723 virtus,

2053 521 2316 571 convenit.
2392 519 2496 571 Sed
2521 518 2670 585 plura
2694 528 2913 585 possunt
2945 520 3063 574 inde
3082 522 3405 575 considerari
3431 524 3590 576 admi-

2054 608 2255 660 ratione
2282 607 2458 676 digna,
2506 622 2619 675 qua:
2645 606 2799 672 hujus
2823 610 3074 675 temporis
3094 612 3331 678 angustia
3358 613 3595 680 prohibet

2054 711 2151 750 nos
2173 698 2348 750 omnia
2380 696 2574 748 dicere.
3245 687 3251 693 ’

2083 824 2091 830 .
2123 781 2227 834 Sed
2253 781 2379 849 quid
2401 790 2481 834 est
2501 782 2638 848 quod
2655 781 2974 849 Redemptor
2993 792 3172 836 noster
3196 785 3393 851 piscem
3423 802 3597 839 assum

2051 878 2171 939 post
2202 870 2638 922 resurrectionem
2666 871 3028 934 manducavit;
3053 881 3105 924 et
3129 873 3179 924 in
3202 874 3303 925 alio
3319 874 3602 941 Evangelia

2055 958 2265 1019 dicitur,
2313 972 2430 1010 cum
2467 958 2612 1024 pisce
2660 973 2780 1010 asso
2810 959 2984 1011 favum
3023 960 3209 1023 mellis,
3269 962 3319 1013 in
3347 962 3449 1015 isto
3478 977 3602 1016 vero

2054 1061 2242 1115 panem
2260 1060 2377 1099 cum
2401 1046 2581 1112 pisce?
2613 1065 2629 1094 ι
2651 1046 2785 1110 Quid
2797 1048 2938 1100 enim
2964 1049 3126 1115 piscis
3150 1066 3302 1103 assus
3322 1052 3599 1119 signiﬁcat,

2057 1128 2156 1188 nisi
2176 1135 2441 1187 Christum
2470 1134 2713 1201 passum?
2788 1132 2923 1197 Quid
2950 1134 3100 1187 favus
3126 1136 3313 1198 mellis,
3336 1139 3435 1190 nisi
3468 1139 3602 1191 Divi-

2056 1224 2240 1277 nitatis
2267 1222 2627 1277 dulcedinem?
2703 1221 2869 1275 Piscis
2892 1233 2993 1285 est,
3033 1225 3155 1290 quia
3187 1226 3294 1291 ipse
3342 1225 3505 1279 latere
3530 1228 3602 1278 di-

2056 1318 2245 1379 gnatus
2292 1309 2345 1362 in
2373 1305 2526 1376 aquis
2564 1308 2773 1375 generis
2804 1309 3038 1371 humani,
3078 1312 3191 1377 capi
3222 1311 3382 1364 voluit
3416 1311 3602 1379 laqueo

2060 1399 2245 1451 mortis
2275 1406 2484 1457 nostrtc,
2516 1406 2567 1447 et
2594 1397 2743 1463 quasi
2780 1397 3116 1449 tribulatione
3137 1408 3341 1451 assatus
3362 1408 3445 1451 est
3474 1408 3605 1453 tem-

2059 1500 2186 1553 pore
2209 1484 2467 1553 passionis
2503 1498 2631 1536 sum.
2676 1482 2778 1536 Sed
2801 1484 2888 1551 qui
2913 1484 3071 1551 piscis
3093 1500 3243 1537 assus
3275 1485 3385 1538 fieri
3422 1487 3603 1555 digna-

2061 1580 2147 1623 tus
2166 1580 2245 1623 est
2274 1572 2325 1624 in
2366 1571 2630 1639 passione,
2662 1568 2810 1622 favus
2838 1570 3007 1622 mell's
3031 1573 3181 1623 nobis
3206 1574 3410 1625 exstitit
3436 1575 3485 1627 in
3515 1590 3599 1627 re-

2061 1659 2406 1712 surrectione.
2451 1658 2530 1710 An
2552 1658 2640 1726 qui
2672 1658 2723 1709 in
2761 1658 2903 1724 pisce
2930 1673 3050 1712 asso
3080 1660 3292 1725 ﬁgurari
3322 1661 3484 1712 voluit
3513 1661 3607 1712 tri-

420 1760 514 1813 per
536 1747 892 1815 septiformem
919 1748 1141 1815 gratiam
1163 1748 1331 1801 sancti
1370 1748 1597 1815 Spiritus
1649 1749 1962 1829 multiplica-
1997 1742 2034 1799 Β
2062 1746 2383 1799 bulationem
2402 1745 2661 1813 passionis
2701 1760 2827 1806 suae,
2878 1745 2928 1796 in
2956 1744 3073 1797 favo
3118 1746 3289 1799 mellis
3334 1756 3610 1815 utramque

423 1835 491 1887 tis
516 1833 757 1887 ﬁdelibus
780 1834 963 1887 datur:
1004 1849 1160 1902 quem
1180 1834 1441 1902 Propheta
1463 1836 1777 1889 denuntians
1801 1836 1959 1889 dicit:

406 1920 639 1989 Spiritus
653 1922 915 1990 sapientia
933 1930 979 1974 et
998 1921 1300 1985 intellectus,
1316 1923 1523 1989 spiritus
1538 1922 1739 1975 consilii
1751 1932 1798 1974 et
1809 1922 1967 1990 .forti-

422 2008 635 2071 tudinis,
654 2008 864 2077 spiritus
887 2010 1111 2077 scientia
1133 2019 1180 2061 et
1194 2010 1415 2077 pietatis,
1442 2019 1487 2061 et
1510 2009 1714 2078 replebit
1733 2027 1844 2062 eum
1866 2011 1968 2078 spi-

423 2098 552 2150 ritus
567 2098 764 2150 timoris
794 2096 1001 2149 Domini
1024 2096 1175 2167 (Issi.
1206 2112 1283 2159 XI,
1306 2096 1381 2165 ἓ).
1419 2096 1522 2149 Sed
1548 2096 1635 2150 ille
1663 2097 1714 2148 in
1745 2097 1844 2149 hoc
1864 2095 1967 2163 spi-

426 2185 527 2237 ritu
910 2178 1254 2253 percipit,qui
1268 2184 1701 2239 iidem'l‘rinitatis
1713 2184 1965 2252 agnoscit,

416 2283 484 2327 ~nt
499 2274 799 2338 et‘Pa‘trem,
826 2275 929 2331 αῖ
934 2275 1109 2340 ilium,
1128 2284 1183 2352 et
1204 2276 1446 2347 eumdem
1461 2275 1715 2343 Spiritum
1731 2285 1969 2330 sanetum

426 2363 583 2419 unius
610 2364 819 2419 virtutis
839 2363 1041 2429 credat,
1068 2355 1225 2419 unius
1250 2364 1557 2418 substantiae
1579 2378 1693 2417 esse
1721 2363 1965 2416 fateatur.

424 2448 558 2513 Quia
574 2449 742 2527 igitur
762 2448 986 2519 septem,
1184 2451 1427 2519 superius
1456 2450 1705 2513 diximus,
1750 2463 1843 2517 per
1869 2447 1973 2502 No-

421 2551 550 2589 vum
586 2536 979 2593 Testamentum
1008 2537 1169 2593 latius
1198 2539 1319 2591 data
1346 2546 1492 2602 sunt,
1520 2538 1700 2593 decem
1727 2553 1852 2591 vero
1878 2553 1973 2609 per

2066 1842 2306 1887 naturam
2329 1833 2620 1901 exprimere
2636 1832 3049 1900 uoluitpersona:
3062 1834 3197 1885 smn?
3235 1833 3609 1903 l-‘avusquippc

2060 1923 2168 1977 mel
2189 1922 2347 1993 642
2376 1923 2428 1976 in
2455 1938 2575 1975 cera
2607 1931 2714 1974 est:
2766 1922 2867 1975 mel
2893 1938 3017 1975 vero
3067 1924 3118 1975 in
3149 1938 3269 1976 cera
3296 1932 3377 1977 est
3427 1925 3611 1976 divini-

2065 2020 2149 2065 tas
2180 2011 2234 2064 in
2259 2010 2601 2065 humanitate.
2649 2010 2797 2074 Quod
2823 2010 2888 2061 ab
2912 2009 3010 2061 hac
3032 2024 3236 2076 quoque
3267 2008 3490 2063 lectione
3508 2026 3609 2062 non

2067 2099 2359 2165 discrepat:
2393 2112 2512 2149 nam
2542 2098 2766 2149 comedit
2792 2098 2986 2164 piscem
3013 2105 3065 2149 et
3096 2112 3305 2163 panem.
3350 2096 3449 2162 Qui
3471 2100 3609 2152 enim

2067 2184 2233 2236 assari
2256 2184 2486 2251 utpiscis
2508 2184 2676 2252 potuit
2703 2197 2765 2235 ex
2796 2184 3139 2243 humanitate,
3168 2199 3301 2251 pane
3328 2200 3423 2237 nos
3444 2184 3613 2238 reiicit

2067 2287 2130 2324 ex
2162 2272 2432 2325 divinitate
2452 2312 2464 2333 ,
2518 2273 2605 2339 qui
2643 2271 2715 2324 ait
2743 2290 2753 2321 :
2785 2269 2891 2338 Ego
2920 2287 3031 2322 sum
3059 2272 3204 2339 panis
3234 2272 3391 2335 ritus,
3435 2275 3521 2341 qui
3548 2274 3614 2325 de
3674 2302 3677 2305 λ

2066 2357 2191 2410 τίετο
2212 2358 2447 2410 descendi
2473 2357 2650 2425 (Joan.
2682 2374 2757 2420 vt,
2776 2344 3005 2425 il,;‘ﬁ).
3041 2358 3231 2410 Assum
3269 2374 3394 2427 ergo
3416 2360 3613 2427 piscem

2068 2447 2297 2500 comedit
2323 2455 2377 2500 et
2408 2462 2616 2514 panem,
2662 2456 2718 2499 ut
2735 2448 2847 2516 ipso
2873 2462 2967 2501 suo
2992 2448 3111 2500 cibo
3132 2448 3283 2500 nobis
3313 2450 3613 2501 ostenderet

2068 2536 2192 2604 quia
2224 2544 2277 2589 et
2306 2536 2603 2603 passionem
2632 2550 2695 2589 es
2723 2546 2902 2589 nostra
2933 2536 3259 2603 humanitate
3298 2535 3530 2604 pertulit,
3561 2544 3615 2588 et

424 2634 581 2679 vetus
604 2633 886 2694 praecepta,
937 2626 1109 2679 omnis
1136 2634 1316 2680 nostra
1342 2626 1509 2679 virtus
1533 2634 1586 2678 et
1610 2627 1846 2693 operatio
1880 2640 1975 2695 per
2071 2624 2411 2679 refectionem
2451 2634 2687 2678 nostram
2726 2638 2791 2679 ex
2822 2640 2913 2678 sua
2971 2624 3245 2677 divinitate
3294 2626 3615 2691 procuravit.

431 2712 613 2767 decem
640 2721 694 2765 et
717 2721 915 2782 septem
945 2714 1098 2781 plene
1134 2720 1307 2783 potest
1356 2712 1745 2781 comprehendi.
1807 2713 1974 2764 Duca-
2071 2710 2367 2764 Notandum
2384 2724 2593 2780 quoque
2614 2713 2754 2779 quod
2778 2711 3015 2763 ultimum
3044 2712 3341 2764 convivium
3366 2712 3619 2765 Dominus

423 2815 550 2854 mus
571 2814 697 2867 ergo
720 2814 814 2867 per
840 2801 1101 2869 trigonum
1132 2801 1310 2855 decem
1341 2809 1392 2855 et
1421 2810 1643 2868 septem,
1686 2809 1739 2852 et
1762 2800 1976 2852 veniunt
2072 2797 2193 2853 cum
2218 2808 2420 2867 septem
2465 2798 2734 2866 discipulis
2763 2799 3010 2852 habuisse
3053 2800 3390 2852 describitur.
3435 2799 3622 2854 Petrus

426 2887 814 2955 quinquaginta
856 2894 910 2938 et
955 2902 1135 2940 unum.
1219 2886 1321 2951 Qui
1366 2886 1601 2956 profecto
1645 2891 1899 2939 numerus
1945 2898 1975 2936 a
2074 2901 2302 2956 namque
2325 2895 2378 2940 et
2424 2886 2674 2949 Thomas,
2730 2886 3017 2939 Nathanael
3046 2894 3099 2939 et
3129 2888 3219 2940 lilii
3260 2888 3524 2948 Zebedaei,
3571 2898 3622 2940 et

422 2988 623 3042 magno
650 2974 899 3041 mysterio
928 2987 1031 3025 non
1058 2960 1227 3034 vacat,
1266 2973 1389 3041 quia
1422 2973 1472 3025 in
1511 2971 1850 3024 Testamento
1878 2971 1977 3023 νε·
2019 3041 2035 3043 _
2077 2976 2164 3029 alii
2186 2990 2249 3028 ex
2279 2974 2547 3043 discipulis
2579 2972 2693 3039 ejus
2726 2974 2828 3027 duo
2874 2973 3009 3027 ineo
3051 2972 3211 3027 fuisse
3241 2985 3620 3039 memorantur,

436 3041 540 3115 teri
565 3062 805 3129 legimus,
857 3060 996 3130 quod
1027 3076 1195 3114 annus
1241 3059 1704 3129 quinquagesimus
1734 3055 1976 3125 jubilmus
1999 3041 2048 3103 ο
2076 3064 2181 3118 Cur
2210 3080 2330 3118 cum
2355 3041 2554 3131 septem
2580 3066 2851 3132 discipulis
2892 3065 3133 3118 ultimum
3158 3067 3454 3120 convivium
3482 3068 3623 3120 cele-

435 3144 610 3202 νοδπί
634 3149 812 3217 jussus
839 3158 939 3212 es"
996 3149 1047 3202 in
1078 3164 1184 3217 quo
1222 3148 1466 3203 Videlicet
1506 3154 1725 3201 ευηοῑυε
1754 3144 1976 3213 Populus
2073 3152 2211 3215 brat,
2262 3154 2360 3207 nisi
2383 3154 2506 3222 quia
2531 3168 2624 3207 eos
2653 3154 3031 3215 tantummodo,
3062 3155 3150 3223 qui
3173 3154 3462 3222 septiformi
3501 3173 3622 3224 gra-

436 3238 502 3291 ab
534 3238 675 3291 omni
725 3252 886 3305 opere
936 3239 1287 3311 requiesceret
1327 3236 1509 3307 (Leuit.
1546 3250 1669 3299 xxv,
1699 3234 1804 3303 ii).
1873 3233 1976 3288 Sed
2076 3242 2148 3295 tia
2172 3244 2341 3296 sancti
2365 3242 2591 3313 Spiritus
2615 3244 2909 3311 plenisunt,
2938 3244 3331 3299 luturossecum
3350 3247 3401 3298 in
3424 3256 3620 3300 aeterna

437 3341 559 3380 vera
598 3316 806 3395 requies
832 3328 883 3379 in
908 3328 1113 3380 unitate
1131 3312 1229 3393 esi.
1268 3326 1436 3381 Dividi
1464 3326 1657 3395 quippe
1690 3338 1851 3377 unum
1874 3337 1977 3376 non
2076 3329 2362 3385 refectione
2388 3333 2693 3387 denuntiat?
2764 3332 2976 3400 Septem
3000 3348 3208 3401 quoque
3237 3334 3422 3388 diebus
3466 3350 3623 3387 omne

431 3421 639 3483 potest:
668 3414 756 3468 ubi
786 3417 927 3470 enim
953 3409 1182 3471 scissurd
1203 3415 1475 3470 divisionis
1494 3423 1593 3478 est,
1623 3428 1746 3467 vera
1771 3412 1979 3479 requies
2078 3419 2177 3471 hoc
2222 3428 2428 3488 tempus
2474 3421 2758 3473 evolvitur:
2808 3430 2859 3474 et
2892 3437 3028 3489 srepe
3055 3423 3355 3489 septenario
3404 3438 3625 3476 numero

440 3519 543 3557 non
567 3512 667 3557 est.
721 3504 984 3559 Ducamus
1027 3520 1151 3573 ergo
1175 3520 1271 3574 per
1299 3507 1563 3572 trigonum
1600 3502 1978 3571 quinquaginta
2078 3505 2331 3573 perfectio
2360 3507 2681 3575 designatur.
2746 3508 2820 3561 Illi
2875 3525 3001 3577 ergo
3051 3510 3237 3563 ultimo
3292 3511 3530 3564 convivio
3558 3512 3623 3565 de

440 3600 493 3643 et
515 3606 699 3655 unum,
751 3599 804 3645 et
852 3591 984 3645 llunt
1017 3598 1226 3645 centum
1270 3591 1648 3660 quinquaginta
1676 3590 1797 3643 tria.
1847 3588 1980 3653 Quia
2079 3592 2356 3659 pnesentia
2380 3593 2615 3645 veritatis
2654 3594 2949 3660 epulantur,
3003 3598 3091 3662 qui
3117 3610 3257 3650 nunc
3291 3597 3629 3663 perfectionis

444 3679 609 3747 igitur
629 3688 681 3732 et
708 3680 878 3732 omnis
902 3680 1138 3748 operatio
1167 3687 1347 3733 nostra
1375 3686 1429 3731 et
1441 3678 1608 3730 virtus
1635 3677 1687 3729 in
1741 3675 1842 3729 ﬁde
1867 3675 1983 3727 Tri-
2080 3681 2254 3732 studio
2278 3689 2482 3733 terrena
2511 3684 2906 3744 transcendunt,
2932 3698 3063 3750 quos
3088 3686 3267 3737 mundi
3299 3684 3451 3750 hujus
3476 3698 3626 3740 amor

440 3768 627 3821 uitatis
655 3768 888 3821 exhibita
920 3770 984 3821 ad
1011 3769 1244 3834 requiem
1270 3768 1456 3830 tendit,
1495 3773 1694 3835 septem
1722 3771 1774 3818 et
1804 3765 1982 3817 decem
2082 3781 2185 3819 non
2208 3767 2395 3835 alligat,
2427 3769 2619 3834 quibus
2639 3772 2738 3822 etsi
2760 3778 3024 3839 utcunque
3048 3789 3141 3839 per
3165 3782 3487 3828 tentamenta
3522 3778 3619 3828 ob«

449 3864 529 3910 ter
555 3856 809 3917 ducimus,
837 3862 898 3908 ut
941 3855 1006 3908 ad
1039 3855 1414 3923 quinquaginta
1434 3861 1487 3907 et
1510 3870 1673 3907 unum
1699 3855 1877 3908 venire
1897 3854 1987 3907 de-
2084 3854 2292 3920 strepit,
2340 3862 2509 3921 empta
2538 3863 2710 3906 tamen
2740 3871 2920 3908 eorum
2958 3859 3215 3911 desideria
3244 3876 3347 3912 non
3372 3862 3620 3915 retundit.

447 3940 681 3999 beamus.
734 3944 801 3998 Et
824 3959 950 3999 vera
973 3953 1152 4000 nostra
1174 3944 1378 4013 requies
1402 3952 1527 3997 tunc
1547 3951 1646 4007 est,
1673 3959 1791 3996 cum
1819 3945 1985 4011 ipsam
2084 3942 2159 3996 De
2191 3944 2291 3997 hoc
2315 3953 2550 3996 extremo
2578 3946 2819 3998 convivio
2848 3945 2976 3998 alias
3002 3961 3095 4013 per
3130 3946 3380 4000 Joannem
3406 3948 3587 4000 dicitur
3616 3962 3629 3995 :

445 4038 550 4107 jam
580 4038 872 4105 claritatem
903 4036 1176 4092 Trinitatis
1197 4036 1548 4105 agnoscimus,
1587 4049 1744 4102 quam
1781 4035 1831 4086 in
1864 4033 1987 4087 Uni-

454 4132 562 4179 tate
583 4126 874 4179 divinitatis
898 4140 1017 4181 esse
1041 4132 1258 4205 certum.
1268 4133 1525 4177 tenemus.
1603 4120 1987 4189 Quinquaginta

2086 4030 2234 4084 Beati
2256 4034 2343 4102 qui
2362 4033 2429 4085 ad
2450 4049 2639 4084 canam
2664 4036 2955 4101 nuptiarum
2972 4036 3103 4100 Agni
3124 4037 3285 4088 τοιατὶ
3313 4046 3428 4088 sunt
3446 4034 3628 4103 (Apoc.
3646 4074 3661 4083 .

2088 4135 2203 4184 xu,
2229 4119 2303 4189 9).
2366 4120 2563 4174 Idcirco
2582 4122 2723 4175 enim
2751 4138 2852 4175 non
2878 4124 2942 4175 ad
2971 4124 3268 4190 prandium,
3306 4124 3398 4177 sed
3424 4123 3489 4176 ad
3522 4138 3626 4177 cm-

449 4221 507 4265 et
526 4228 686 4265 unum
706 4223 787 4267 ter
805 4214 1060 4277 ducimus,
1112 4222 1166 4267 et
1202 4214 1488 4267 electorum
1514 4226 1773 4265 summam
1820 4211 1873 4263 in
1902 4227 1991 4263 su-
2088 4222 2213 4260 nam
2237 4216 2451 4260 vocatos
2472 4217 2667 4269 narrat,
2719 4210 2840 4275 quia
2872 4209 3118 4262 nimirum
3162 4210 3215 4263 in
3245 4210 3350 4265 fine
3371 4212 3476 4264 diei
3497 4227 3593 4265 con
3611 4241 3625 4251 -

452 4314 615 4365 perna
644 4300 831 4367 patria,
870 4300 1021 4367 quasi
1047 4307 1257 4353 centum
1304 4299 1681 4368 quinquaginta
1722 4298 1879 4351 trium
1904 4297 1987 4363 pi-

2089 4295 2285 4347 vivium
2309 4310 2457 4348 caena
2479 4304 2577 4349 est.
2627 4294 2724 4361 Qui
2746 4311 2870 4364 ergo
2893 4296 3040 4351 linito
3062 4299 3336 4364 pneseutis
3362 4302 3480 4354 vita:
3503 4310 3635 4354 tem-

455 4388 620 4440 scium
648 4402 923 4441 numerum
950 4396 1206 4442 tenemus.
1253 4385 1377 4439 Post
1398 4384 1837 4439 resurrectionem
1864 4400 1991 4438 vero
2021 4362 2069 4421 θ
2091 4397 2220 4452 pore
2233 4383 2300 4437 ad
2314 4381 2649 4439 refectionem
2672 4386 3375 4454 superuzecontemplationis
3394 4389 3632 4448 veniunt,

458 4472 665 4527 Domini
719 4476 935 4529 missum
966 4484 1076 4529 rete
1101 4476 1317 4543 dignum
1342 4474 1459 4538 fuit,
1487 4486 1547 4528 ut
1572 4482 1650 4527 tot
1694 4474 1864 4542 pisces
1894 4490 1990 4528 .ca-

454 4571 624 4632 peret,
660 4572 788 4630 quot
811 4565 1137 4619 solummodo
1158 4565 1355 4619 electos
1380 4565 1524 4619 cives
1551 4579 1789 4631 superna:
1808 4564 1993 4632 patriae

459 4652 809 4719 designarent.
833 4670 851 4702 ι
866 4650 959 4704 Est
977 4666 1183 4720 quoque
1208 4650 1307 4704 alia
1336 4652 1633 4719 supputatio
1652 4650 1805 4718 hujus
1825 4661 1995 4719 septe-

459 4740 595 4792 narii
624 4737 699 4808 [et
729 4736 952 4807 denarii]
980 4740 1202 4793 numeri.
1238 4739 1367 4792 Nam
1395 4740 1439 4793 si
1472 4740 1539 4791 ab
1566 4754 1671 4792 uno
1698 4754 1879 4793 omnes
1899 4755 1995 4791 nu-

459 4842 636 4881 meros
645 4834 919 4895 computes
939 4839 1105 4893 usque
1126 4829 1190 4881 ad
1205 4829 1383 4881 decem
1409 4836 1457 4881 et
1480 4835 1678 4894 septem
1697 4827 1797 4879 hoc
1810 4826 1993 4879 modo:

463 4930 647 4982 unum,
674 4917 796 4979 duo,
825 4924 933 4970 tres
956 4915 1118 4977 (lunt;
1148 4916 1280 4970 adde
1309 4925 1438 4980 tres,
1492 4916 1624 4969 ﬁunt
1647 4930 1767 4978 sex;
1803 4914 1884 4967 his
1906 4915 1997 4967 ad-

2093 4486 2199 4525 non
2244 4470 2311 4524 ad
2337 4472 2468 4542 Agni
2509 4474 2809 4542 prandium,
2855 4475 2948 4528 sed
2991 4475 3057 4527 ad
3102 4490 3308 4529 caenam
3358 4486 3627 4531 vocantur.

2094 4560 2222 4625 Quae
2243 4561 2490 4617 videlicet
2510 4578 2658 4619 omna
2686 4566 2782 4618 hoc
2806 4565 2987 4618 ultimo
3016 4567 3253 4618 convivio
3298 4567 3629 4633 exprimitur,

2096 4651 2179 4704 cui
2205 4659 2408 4719 septem
2427 4653 2667 4721 discipuli
2696 4656 2878 4708 adesse
2917 4664 3291 4719 memorantur,
3340 4657 3460 4722 quia
3499 4656 3633 4717 illos,

2096 4746 2155 4791 ut
2180 4738 2428 4803 diximus,
2454 4749 2578 4796 tunc
2600 4742 2805 4795 interna
2829 4742 3044 4796 refectio
3068 4740 3219 4811 μὴ,
3238 4741 3541 4812 refectione]
3559 4757 3634 4796 re.

2098 4830 2268 4889 parat,
2314 4826 2403 4892 qui
2426 4825 2562 4895 pleni
2586 4843 2723 4881 nunc
2742 4828 3030 4895 septiformi
3055 4831 3223 4897 gratia
3249 4830 3300 4882 in
3317 4844 3495 4882 amore
3522 4829 3637 4895 Spir

2099 4918 2232 4969 ritus
2257 4918 2526 4972 anhelant.
2557 4938 2577 4970 ι

462 5002 621 5071 iunge
648 5015 891 5070 quatuor,
924 5004 1057 5081 fiunt
1080 5003 1290 5065 decem;
1334 5004 1418 5058 bis
1440 5006 1686 5075 quinque,
1711 5011 1762 5055 et
1783 5002 2001 5055 habebis
2176 5023 2194 5054 ι
2225 5018 2249 5044 ι
2279 5005 2333 5058 1η
2358 5022 2421 5062 eo
2445 5011 2581 5075 quod
2608 5008 2763 5061 tertio
2789 5008 3042 5062 Dominus
3062 5016 3179 5076 post
3203 5010 3640 5064 resurrectionem

470 5092 796 5159 quindecim;
825 5100 879 5145 et
910 5094 986 5147 sic
1012 5093 1371 5147 crescentibus
1388 5093 1621 5147 numeris
1648 5103 1702 5147 et
1748 5090 1999 5158 multipli-
2103 5093 2459 5149 manifestavit
2494 5109 2551 5146 se
2600 5095 2867 5161 discipulis
2895 5097 3024 5157 suis,
3077 5095 3216 5147 beati
3247 5094 3467 5150 Joannis
3486 5112 3639 5150 evan-

472 5179 606 5232 catis
642 5192 808 5245 usque
833 5179 899 5231 ad
921 5179 1103 5234 decem
1135 5190 1188 5234 et
1211 5188 1433 5248 septem,
1488 5181 1547 5231 ﬁt
1573 5180 1806 5232 omnium
1823 5192 2005 5232 nume.
2102 5182 2302 5250 gelistte
2329 5182 2664 5251 Evangelium
2690 5184 3012 5236 terminatur.
3064 5183 3244 5249 (Vens.
3272 5183 3380 5250 12.)
3410 5182 3544 5234 Dicit
3570 5186 3644 5235 eis

474 5277 652 5317 rerum
677 5279 879 5318 summa
906 5265 1145 5327 istorum,
1173 5266 1260 5332 qni
1285 5264 1697 5332 multiplicantur
1716 5266 1782 5317 ab
1797 5279 1899 5317 uno
1920 5277 2005 5315 ns—
2103 5269 2288 5323 lem.-
2326 5270 2522 5334 γεηίιε,
2550 5271 2809 5339 prandete.

2103 5269 2288 5323 Iesus:
2326 5270 2522 5334 Venite,
2550 5271 2812 5339 prandete.
2880 5270 2947 5322 Et
2981 5286 3125 5321 nemo
3152 5268 3373 5320 audebat
3418 5268 3639 5321 discum.

477 5364 577 5417 que
606 5353 673 5406 ad
708 5355 881 5408 'leeem
908 5361 959 5407 et
986 5360 1204 5420 septem,
1237 5362 1447 5407 centum
1480 5353 1856 5421 quinquaginta
1884 5353 2003 5404 tria.
2106 5360 2328 5411 Dentium
2352 5361 2663 5428 interrogare
2686 5376 2799 5412 eam

2106 5360 2328 5411 Dentium
2352 5361 2663 5428 interrogare
2686 5376 2799 5412 eum
2821 5373 2839 5407 .·
2888 5359 2960 5411 Tu
2986 5359 3097 5427 quis
3118 5374 3170 5409 rs
3186 5358 3210 5407 3’
3256 5358 3470 5410 scientes
3519 5360 3641 5426 quia

479 5437 602 5501 Quae
622 5443 939 5495 communio
972 5440 1226 5509 superiori
1251 5439 1634 5508 signiﬁcationi,
1667 5438 1717 5490 id
1751 5446 1848 5499 est,
1880 5437 2011 5505 legis
2110 5451 2353 5503 υοηιεηκε
2376 5458 2465 5502 ια,
2498 5448 2693 5501 sensus
2714 5462 2805 5515 erg

2110 5451 2353 5503 Dominus
2376 5458 2465 5502 est.
2498 5448 2693 5501 Sensus
2714 5462 2839 5515 ergo
2860 5449 2942 5501 hic
2968 5454 3075 5499 est:
3112 5446 3275 5497 Tanta
3306 5446 3642 5497 erateviden-

550 5557 571 5583 ι
613 5546 682 5597 Ex
714 5544 769 5596 S.
799 5546 952 5615 Aug.,
982 5557 1133 5601 tract.
1168 5562 1353 5607 cum,
1387 5559 1528 5598 num.
1568 5545 1676 5596 1-5.
