4262 6204
698 342 799 398 999
1463 350 1467 354 ‘
1519 340 1579 392 Β.
1620 340 1678 394 F.
1719 336 1936 391 ALDlNl
1976 335 2102 391 SEU
2140 334 2381 389 ALCUIN

2173 334 2405 389 ιιειλικι
2444 333 2717 396 OPERUM
2756 330 2928 385 PARS
2964 330 3021 385 ll.
3723 319 3856 376 1000

697 454 772 506 tia
793 449 1051 514 veritatis,
1092 451 1211 518 quia
1238 425 1419 520 (Aug,
1451 449 1575 519 qua]
1625 446 1777 500 Jesus
1810 447 1916 499 illis
1961 444 2229 514 discipulis
2258 450 2301 505 Α
2332 443 2416 495 nia
2446 461 2457 494 :
2495 461 2517 495 ι
2554 443 2689 497 sicut
2715 443 2814 496 iste
2851 442 2987 494 idem
3016 438 3244 492 Joannes
3271 445 3518 491 testatur.
3547 433 3711 489 multa
3737 447 3858 488 eum

698 542 1002 611 apparebat,
1035 547 1097 594 ut
1118 554 1298 605 eorum
1324 546 1428 593 non
1455 539 1622 592 solum
1645 550 1860 606 negare,
1880 534 1969 587 scd
1998 549 2065 587 ne
2083 534 2233 586 dubi-
2328 528 2515 582 fecisse
2540 544 2657 596 qua:
2682 544 2786 582 non
2816 537 2939 611 sunt
2956 528 3169 596 scripta.

699 638 813 684 tare
852 629 1061 696 quidem
1090 628 1225 680 nllus
1270 626 1514 679 auderet:
1564 625 1810 691 quoniam
1858 622 1900 674 si
1954 621 2232 689 quisquam

698 717 980 779 dubitaret,
1014 715 1195 783 utique
1244 700 1567 783 interrogare
1597 710 1827 762 deberet.
1879 707 1965 758 Sic
1999 720 2127 774 ergo
2153 704 2233 757 di-

697 813 841 858 ctum
879 810 986 856 est:
1029 800 1194 855 Nemo
1224 792 1826 864 andebat‘interrogare:
1888 793 1964 844 Tu
1999 791 2111 861 quis
2156 808 2228 853 es,

697 908 760 947 ac
780 893 826 945 si
849 893 1137 946 diceretur:
1188 889 1351 943 Nemo
1374 886 1601 941 audebat
1625 885 1887 945 dubitare,
1931 884 2068 950 quod
2121 882 2232 948 ipse

698 989 855 1034 esset.
893 979 1055 1049 (Vens
1082 975 1189 1046 l3.)
1220 964 1241 1026 ἰ
1271 976 1338 1029 Et
1366 976 1493 1028 venit
1531 972 1706 1037 Iesus,
1737 982 1783 1025 et
1813 972 2001 1039 accepit
2025 986 2229 1039 panem,

696 1077 745 1121 et
768 1068 907 1121 dedit
929 1067 1034 1130 eis;
1058 1076 1105 1118 et
1119 1066 1303 1134 piscem
1326 1052 1578 1123 similiter.
1611 1062 1747 1115 Ecce
1763 1059 1956 1113 dictum
1972 1067 2053 1112 est
2071 1058 2231 1111 etiam

700 1157 825 1224 quid
847 1156 1186 1241 prandegent,
1235 1153 1297 1207 de
1318 1152 1467 1218 cujus
1497 1149 1879 1225 signiﬁcatione
1903 1149 1954 1201 in
1990 1148 2231 1215 superio-

700 1243 843 1297 ribus
872 1232 1116 1295 diximus.
1187 1239 1438 1307 Superius
1463 1250 1668 1305 quoque
1695 1243 1963 1287 narratum
1992 1240 2073 1286 est
2094 1232 2233 1300 quod

699 1330 962 1398 discipuli,
1001 1326 1210 1395 quando
1250 1325 1632 1380 descenderunt
1656 1322 1708 1375 in
1736 1328 1950 1384 terram,
1992 1320 2235 1373 viderunt

701 1433 893 1486 prunas
920 1417 1117 1485 positas
1158 1424 1209 1469 et
1244 1416 1441 1482 piscem
1473 1412 1878 1481 superpositum,
1923 1418 1975 1463 et
2020 1423 2230 1475 panem.

704 1507 796 1559 Ubi
823 1521 922 1558 non
949 1512 1030 1557 est
1050 1502 1437 1573 intelligendum
1459 1500 1618 1551 etiam
1657 1510 1845 1566 panem
1870 1495 2028 1548 fuisse
2053 1509 2237 1563 super-

700 1593 922 1651 positum
943 1592 1144 1658 prunis,
1170 1590 1259 1642 sed
1282 1597 1482 1640 tantum
1516 1584 1953 1646 subaudiendum,
1981 1584 2230 1635 riderunt.

700 1680 848 1745 Quod
873 1680 1085 1732 verbum
1107 1679 1148 1730 si
1175 1687 1470 1744 repetamus
1490 1691 1553 1728 eo
1571 1676 1685 1728 loco
1704 1675 1793 1727 ubi
1818 1673 2234 1727 subaudiendum

2398 613 2740 685 [Invenimus]
2771 610 2977 669 collatis
3002 612 3292 681 Evangelio.
3312 630 3399 666 tum
3422 610 3735 667 testimoniis
3760 612 3855 667 de-

2327 703 2434 756 cies
2464 702 2740 756 Dominum
2762 703 2934 756 visum
2958 717 3074 755 esse
3094 704 3159 756 ab
3180 704 3315 756 how
3344 708 3497 766 illius,
3521 718 3553 756 a
3579 702 3664 757 die
3689 703 3861 770 prima

2325 788 2728 843 resurrectionis
2767 804 2875 842 sua:
2910 803 3076 857 usque
3112 791 3179 843 ad
3228 791 3366 843 diem
3406 790 3859 859 quadragesimum

2328 876 2651 929 ascensionis
2679 863 2815 928 sum.
2850 874 3027 929 Primo
3079 876 3287 944 quidem
3332 875 3507 930 Mariae
3548 875 3862 945 Magdalena:

2328 964 2474 1018 ﬂenti
2501 964 2566 1017 ad
2593 971 3020 1029 monumentum;
3063 964 3249 1019 deinde
3274 965 3443 1019 cidem
3484 964 3678 1031 Mariae,
3700 973 3754 1019 et
3786 966 3865 1017 al-

2331 1054 2429 1104 teri
2469 1051 2707 1119 ejusdem
2738 1051 2963 1105 nominis
3004 1050 3228 1118 ieminzn,
3253 1053 3672 1123 regredientibus
3692 1069 3723 1107 a
3747 1068 3860 1108 meo

2328 1147 2577 1192 numento
2612 1140 2852 1193 nuntiare
2873 1140 3141 1209 discipulis
3160 1156 3277 1209 qua:
3299 1142 3371 1195 ibi
3404 1141 3661 1207 viderant,
3678 1155 3855 1197 occur-

2330 1245 2452 1283 rens
2472 1229 2742 1298 apparuit;
2794 1230 2952 1283 tertio
2995 1230 3195 1282 Simoni
3246 1220 3425 1293 Petro,
3453 1230 3577 1283 licet
3617 1231 3719 1285 hoc
3755 1245 3862 1284 non

2330 1316 2553 1385 legatur,
2584 1312 2672 1369 ubi
2721 1324 2863 1369 esset
2902 1314 3120 1381 factum,
3166 1322 3338 1370 tamen
3385 1316 3582 1386 factum
3628 1330 3746 1370 esse
3796 1332 3862 1370 ex

2330 1403 2610 1472 Evangelio
2631 1402 2787 1457 Luca:
2809 1404 3120 1466 invenimus,
3138 1402 3226 1457 ubi
3248 1404 3323 1456 ait
3341 1391 3623 1471 discipulos
3636 1404 3859 1458 dixisse:

2334 1490 2467 1554 Quia
2492 1506 2602 1543 vere
2621 1488 2842 1543 surrexit
2868 1490 3194 1554 Dominus,et
3224 1492 3461 1559 apparuit
3490 1489 3686 1544 Simoni
3712 1491 3859 1561 (Luc.

2332 1592 2476 1641 xxiv,
2498 1577 2608 1647 5i).
2632 1576 2853 1642 Quarto,
2882 1577 3126 1647 Cleopha:
3154 1586 3208 1631 et
3254 1579 3396 1632 socio
3424 1577 3565 1644 ejus,
3596 1594 3717 1632 eum
3746 1579 3865 1647 qui-

2332 1664 2430 1718 bus
2452 1665 2563 1732 ipse
2584 1663 2832 1732 gradiens
2857 1664 2907 1717 in
2927 1663 3197 1727 Emmaus,
3222 1664 3348 1716 inibi
3368 1665 3421 1717 in
3443 1666 3593 1733 panis
3611 1655 3864 1727 fractiono

700 1777 799 1829 est,
830 1768 898 1819 ita
923 1774 1086 1819 totum
1114 1766 1213 1819 dici
1240 1772 1435 1832 potest:
1476 1764 1734 1818 Viderunt
1770 1777 1964 1831 prunas
2008 1762 2229 1830 positas,
2262 1749 2307 1807 Β
2332 1753 2571 1821 cognitus
2592 1760 2670 1805 es!
2697 1791 2708 1803 ο
2741 1752 2828 1819 qui
2869 1766 2986 1805 mox
3028 1752 3223 1806 reversi
3250 1750 3681 1821 Hierosolymam,
3714 1753 3850 1805 inve-

700 1864 751 1907 et
790 1855 985 1921 piscem
1028 1852 1409 1920 superpositum
1436 1849 1747 1922 [viderunt],
1789 1850 2032 1903 viderunt
2056 1858 2111 1902 et
2137 1864 2233 1918 pa-

701 1958 837 1995 nem.
900 1942 993 1995 Vel
1024 1943 1095 1994 ita
1140 1943 1343 2008 potius:
1396 1940 1650 1992 Viderunt
1691 1954 1887 2007 prunas
1922 1939 2143 2007 positas,
2181 1948 2235 1991 et

700 2032 893 2098 piscem
949 2031 1349 2099 superpositum,
1396 2027 1640 2082 viderunt
1664 2036 1719 2082 et
1742 2043 1952 2097 panem.
2011 2026 2235 2081 lubente

699 2118 856 2171 etiam
918 2117 1136 2169 Domino
1179 2116 1464 2170 attulerunt
1496 2126 1551 2169 et
1590 2118 1653 2170 de
1682 2118 1915 2185 piscibus
1956 2129 2087 2183 quos
2137 2116 2236 2183 ipsi

699 2212 971 2273 ceperant:
1014 2205 1152 2273 quod
1190 2220 1281 2258 eos
1320 2203 1509 2257 fecisse
1537 2205 1778 2271 quamvis
1800 2220 1826 2255 a
1855 2212 2105 2256 narrante
2132 2220 2237 2256 non

701 2294 770 2346 sit
790 2307 1118 2361 expressum,
1148 2299 1320 2345 tamen
1350 2292 1623 2345 Dominum
1648 2291 1865 2360 jussisse
1890 2306 1989 2343 non
2018 2292 2235 2344 tacitum

701 2391 798 2435 est.
828 2382 912 2433 Ait
934 2381 1071 2433 enim
1100 2396 1111 2430 :
1149 2379 1338 2448 Afferte
1362 2380 1423 2432 de
1440 2380 1660 2448 piscibus
1684 2396 1811 2449 quos
1838 2380 2237 2448 appreltendistis

702 2486 853 2521 nunc.
913 2469 977 2521 Et
1008 2468 1417 2537 utiqnejubente
1457 2470 1565 2532 illo,
1609 2484 1701 2523 eos
1751 2484 1853 2522 non
1880 2468 2067 2522 iecisse
2114 2470 2235 2536 quis

701 2557 919 2608 credat?
978 2555 1113 2608 Hinc
1144 2569 1268 2622 ergo
1295 2554 1412 2607 fecit
1442 2555 1718 2622 prandium
1753 2554 2004 2607 Dominus
2031 2553 2132 2605 illis
2156 2568 2239 2605 se—

700 2652 841 2710 ptem
856 2643 1123 2710 discipulis
1147 2643 1291 2695 suis:
1343 2642 1407 2695 de
1442 2641 1587 2711 pisce
1625 2642 1844 2705 scilicet,
1873 2657 2026 2709 quam
2056 2642 2238 2710 prunis

704 2731 1087 2798 superpositum
1115 2730 1373 2791 viderant,
1401 2730 1525 2782 huic
1571 2730 1856 2798 adjungens
1877 2745 1940 2783 ex
1978 2730 2078 2783 illis
2107 2746 2237 2798 quos

703 2827 974 2885 ceperant,
1013 2824 1066 2869 et
1096 2817 1159 2870 de
1188 2832 1319 2885 pane
1351 2831 1507 2884 quem
1553 2816 1894 2869 nihilominus
1918 2831 2008 2869 eos
2044 2818 2238 2872 vidisse

707 2915 973 2959 narratum
997 2914 1097 2959 est.
1143 2906 1310 2958 Piscis
1344 2920 1514 2968 assus,
1531 2914 1598 2956 ut
1621 2905 1869 2967 diximus,
1895 2904 2134 2959 Christus
2159 2916 2239 2960 est

701 3010 907 3064 passus,
952 2996 1061 3063 ipse
1089 3001 1163 3047 est
1216 3002 1269 3045 et
1302 2994 1471 3061 panis,
1531 2994 1617 3060 qui
1668 2993 1731 3047 de
1774 2993 1906 3046 coelo
1952 2995 2234 3047 descendit.

704 3083 812 3137 lloc
835 3082 1191 3136 corroboravit
1211 3081 1498 3135 Ecclesium
1524 3080 1701 3149 [Aug.,
1724 3080 1855 3135 lluic
1883 3083 2240 3149 incorporatur
2265 3054 2310 3114 Ο

708 3168 999 3237 Ecclesia],
1050 3170 1113 3220 ad
1134 3168 1549 3234 participandum
1571 3169 1942 3220 beatitudinem
1970 3171 2246 3236 sempiter-

702 3272 854 3319 nam;
882 3276 899 3307 ι
935 3270 1050 3323 qua:
1078 3256 1234 3309 etiam
1262 3255 1311 3307 in
1335 3254 1416 3306 his
1438 3262 1637 3321 septem
1661 3254 1929 3322 discipul's
1953 3256 2241 3324 signiﬁcata

707 3350 806 3405 est,
848 3358 966 3410 qua:
986 3358 1104 3395 cum
1127 3341 1335 3395 Christo
1364 3340 1414 3392 in
1447 3349 1639 3393 aeterna
1662 3342 1981 3395 beatitudine
2009 3349 2125 3410 post
2164 3342 2240 3393 la-

702 3432 858 3484 bores
881 3430 1034 3497 hujus
1056 3430 1230 3483 szeculi
1255 3437 1529 3496 regnatura
1556 3431 1675 3483 erit.
1728 3449 1743 3478 ι
1770 3430 1900 3484 llinc
1927 3430 2238 3501 [Aug.,llic]

703 3518 840 3570 enim
863 3518 1115 3579 Ecclesia,
1141 3518 1311 3584 qualis
1338 3518 1389 3569 in
1417 3518 1539 3571 solis
1564 3519 1713 3571 bonis
1742 3518 1914 3571 futura
1936 3529 2035 3584 est,
2074 3519 2239 3587 signi-

705 3606 890 3660 ficatur
934 3622 1027 3675 per
1060 3615 1347 3674 ,eaptnram
1399 3616 1609 3658 centum
1666 3608 2039 3674 quinquaginta
2080 3607 2239 3659 trium

704 3696 953 3762 piscium:
982 3703 1035 3748 et
1055 3696 1105 3747 in
1131 3697 1209 3746 eis
1228 3694 1314 3760 qui
1338 3695 1447 3746 hmo
1472 3695 1710 3754 credunt.
1738 3704 1969 3761 sperant,
1996 3695 2236 3764 diligunt,

706 3782 1033 3850 participatio
1057 3789 1213 3835 tantce
1238 3782 1575 3834 beatitudinis
1601 3796 1697 3849 per
1726 3783 1824 3835 hoc
1850 3782 2128 3847 prandium
2150 3784 2239 3835 de-

706 3880 1045 3925 monstratur.

773 3962 928 4031 65.3
943 3963 1098 4014 Vens.
1117 3962 1199 4012 14,
1220 3990 1287 3998 -——
1303 3959 1411 4010 Hoc
1426 3959 1539 4026 jam
1556 3959 1724 4021 tertio,
1740 3960 1925 4026 inquit,
1941 3959 2236 4028 manifesta-

712 4058 789 4101 tus
812 4057 883 4100 est
910 4048 1059 4099 Iesus
1080 4046 1341 4114 discipulis
1354 4047 1475 4105 suis,
1494 4063 1605 4098 cum
1622 4049 1921 4099 surrexisset
1945 4065 1975 4100 η
2000 4051 2232 4113 mortuis,

710 4136 856 4201 Quod
886 4150 983 4189 non
1032 4136 1095 4188 ad
1134 4135 1273 4203 ipsas
1316 4134 1807 4197 demonstrationes,
1838 4136 1927 4188 sed
1958 4133 2091 4205 [ad]
2124 4136 2235 4189 dies

710 4225 903 4279 referre
926 4225 1173 4277 debemus
1202 4241 1214 4275 :
1254 4224 1303 4276 id
1330 4232 1428 4284 est,
1454 4223 1625 4292 primo
1647 4225 1746 4286 die,
1765 4238 1883 4277 cum
1909 4226 2229 4291 resurrexit;

2329 1850 2519 1893 nerunt
2557 1839 2840 1909 discipulos
2878 1840 3173 1908 loquentes,
3197 1837 3334 1902 Quia
3361 1842 3581 1894 surrexit
3616 1840 3864 1894 Dominus

2330 1945 2461 1993 rere,
2491 1938 2537 1982 et
2568 1930 2805 1998 apparuit
2845 1927 3075 1994 Simoni;
3126 1945 3249 1984 nam
3295 1930 3445 1997 plene
3492 1931 3634 1994 alibi,
3656 1931 3865 1998 quando

2333 2015 2535 2071 Simoni
2572 2017 2891 2086 apparuerit,
2922 2032 3022 2070 non
3048 2018 3255 2088 legitur.
3287 2018 3499 2083 Quinto,
3535 2020 3867 2087 apparuiteis

2334 2106 2386 2158 in
2412 2104 2596 2159 eodem
2620 2104 2734 2157 loco
2748 2104 2924 2173 januis
2950 2105 3163 2170 clausis,
3188 2096 3275 2159 ubi
3304 2120 3408 2158 non
3444 2114 3559 2159 erat
3600 2105 3863 2167 Thomas;

2334 2208 2423 2245 ses
2434 2200 2503 2255 to,
2528 2199 2649 2260 post
2670 2191 2781 2246 dies
2804 2199 2945 2254 octo,
2962 2192 3170 2259 quando
3185 2200 3437 2245 eratcum
3457 2191 3533 2245 cis
3551 2199 3603 2245 et
3617 2190 3864 2252 Thomas.

2332 2282 2417 2334 cui
2448 2296 2633 2334 manus
2680 2288 2733 2333 et
2776 2280 2911 2334 latus
2955 2281 3205 2335 Dominus
3249 2281 3563 2351 palpandum
3606 2282 3864 2346 ostendit;

2334 2373 2575 2441 septimo,
2598 2373 2923 2439 piscantibus
2964 2373 3027 2425 ad
3066 2388 3211 2426 mare
3258 2373 3569 2437 Tiberiadis,
3593 2381 3647 2425 et
3688 2375 3869 2427 eonvi-

2334 2462 2578 2513 vantibus
2619 2476 2740 2514 cum
2784 2462 2879 2525 eis,
2908 2461 2994 2514 ubi
3032 2470 3084 2513 et
3130 2461 3368 2524 Petrum,
3393 2477 3459 2514 an
3506 2475 3563 2515 se
3603 2461 3863 2532 diligeret,

2339 2552 2492 2605 tertio
2520 2551 2893 2622 interrogavit;
2933 2560 3138 2617 octavo,
3186 2553 3237 2605 in
3278 2558 3453 2605 monte
3498 2548 3723 2606 ϐειιίὶώ
3766 2552 3871 2605 illis

2334 2641 2575 2694 undecim
2599 2642 2859 2710 apparuit,
2882 2641 3015 2695 sicut
3037 2640 3302 2694 constituit
3322 2640 3399 2693 eis
3425 2649 3545 2692 ante
3570 2639 3867 2707 passionem

2336 2750 2511 2797 suam;
2540 2744 2592 2788 et
2619 2733 2923 2787 mulieribus
2949 2731 3199 2800 praecepit
3218 2732 3295 2784 eis
3316 2731 3492 2783 dicere
3533 2738 3592 2781 nt
3633 2730 3770 2783 irent
3815 2730 3868 2781 in

2336 2819 2602 2873 Galilaeam
2623 2859 2636 2883 ,
2654 2821 2741 2873 ubi
2767 2834 2887 2874 eum
2918 2818 3081 2871 visuri
3113 2826 3307 2871 essent.
3332 2816 3499 2880 Nono,
3529 2816 3868 2885 regredienti-

2335 2909 2437 2963 bus
2463 2907 2564 2962 illis
2585 2910 2824 2962 undecim
2850 2906 3097 2975 apparuit
3116 2905 3192 2976 [in
3225 2904 3445 2975 monte],
3466 2905 3531 2959 de
3554 2919 3659 2973 quo
3688 2918 3879 2982 ascenj

2339 3000 2414 3054 dit
2441 3000 2494 3051 in
2524 2998 2731 3060 coelum,
2758 2999 2894 3051 sicut
2921 2997 3126 3050 Marcus
3149 2994 3324 3048 refert.
3372 2993 3602 3056 Decimo,
3631 2993 3872 3046 viderunt

2340 3101 2458 3140 eum
2486 3087 2595 3153 ipsa
2624 3086 2729 3149 die,
2760 3101 2862 3138 non
2884 3085 2993 3153 jam
3021 3084 3071 3137 in
3102 3091 3241 3137 terra
3284 3083 3532 3152 positum,
3558 3084 3651 3137 sed
3695 3082 3870 3136 eleva-

2340 3181 2448 3226 tum
2479 3173 2530 3224 in
2558 3187 2702 3234 aera,
2731 3172 2997 3239 coelosque
3022 3177 3380 3237 penetrantem
3427 3170 3722 3223 dicentibus
3770 3170 3870 3222 sibi

2339 3260 2537 3327 angelis
2568 3276 2579 3309 :
2611 3258 2695 3312 Sic
2730 3260 2910 3322 veniet,
2936 3258 3359 3332 quemadmodum
3384 3257 3592 3310 vidistis
3607 3272 3721 3308 eum
3747 3272 3873 3307 eun-

2338 3357 2436 3400 tem
2464 3348 2515 3399 in
2542 3345 2719 3399 caelum
2750 3344 2882 3414 (Act.
2914 3362 2952 3408 ι,
2980 3344 3084 3414 ll).
3113 3344 3247 3409 Quid
3280 3358 3407 3397 vero
3452 3351 3625 3396 actum
3673 3342 3742 3396 sit
3793 3343 3873 3394 vel

2338 3441 2534 3493 dictum
2586 3438 2638 3489 in
2671 3436 2757 3489 illo
2783 3435 3023 3489 convivio
3049 3434 3254 3488 Domini
3295 3433 3459 3488 nostri
3504 3433 3628 3488 Iesu
3675 3432 3869 3486 Christi

2337 3525 2624 3578 novissimo
2675 3538 2794 3575 cum
2844 3522 3112 3591 discipulis
3150 3522 3278 3586 suis,
3310 3527 3692 3588 consequenter
3712 3531 3871 3586 expo-

2337 3613 2441 3665 suit
2467 3609 2821 3679 Evangelista,
2850 3611 3033 3664 dicens
3065 3625 3079 3661 :

2750 3699 2972 3753 CAPUT
3009 3699 3165 3752 XLIV
3204 3714 3271 3753 ΕΤ
3303 3697 3452 3752 XLV.

2338 3789 2504 3857 Usque
2534 3787 2680 3868 tertio
2701 3786 2823 3868 dicit
2853 3784 3028 3868 Petro,
3059 3788 3219 3842 Amas
3246 3803 3329 3841 me
3347 3789 3372 3841 7
3405 3790 3526 3868 quia
3547 3797 3625 3841 ter
3644 3806 3756 3868 eum
3786 3805 3872 3841 ne-

2403 3855 2641 3925 gaverat;
2668 3863 2713 3906 et
2729 3855 3143 3925 pascendasores
3160 3873 3299 3925 irque
3320 3855 3868 3925 tcrtiorcommendans,

2400 3923 2695 4001 extensione
2713 3938 2957 4001 mpnuum
2979 3923 3231 4001 signi/ient
3257 3924 3680 4001 eiLquodtcrncis-
3708 3936 3871 4001 mons

2402 3992 2531 4056 [oret
2564 3991 2813 4056 martyrio
2838 3989 3178 4056 coronandus.
3212 4020 3281 4030 —
3303 3989 3437 4042 Dicit
3480 3989 3680 4044 Simoni
3715 3990 3871 4045 Petro

2400 4054 2550 4108 Iesus
2580 4054 2807 4126 :_Sir_n_on
2853 4054 3089 4119 Ioannis,
3123 4056 3297 4126 diligis
3328 4071 3414 4111 me
3456 4058 3572 4126 plus
3598 4060 3722 4112 bis?
3746 4071 3867 4123 etc.,

2401 4139 2557 4192 usque
2584 4122 2966 4177 clariﬁcaturus
2990 4132 3129 4178 esset
3154 4122 3337 4178 Deum.

2400 4234 2666 4291 Vens.l5.
2697 4264 2766 4274 —
2799 4234 2935 4289 Dicit
2973 4233 3171 4289 Simoni
3222 4234 3376 4288 Petro
3428 4233 3581 4289 Iesus
3627 4249 3646 4287 :
3690 4235 3868 4290 Simon

708 4321 759 4366 et
784 4318 900 4379 post
919 4311 1031 4363 dies
1056 4319 1193 4369 octo,
1226 4311 1438 4376 quando
1464 4310 1747 4375 discipulus
1767 4311 1997 4363 Thomas
2028 4312 2158 4364 vidit
2180 4320 2235 4366 et
2259 4360 2307 4419 υ
2330 4323 2391 4377 ,1ο

714 4400 954 4419 “Jun-
990 4405 1031 4419 -.
1059 4397 1211 4419 L-.a:-
1243 4396 1444 4419 -.-ηλΑ
1469 4395 1569 4419 ι--
1599 4396 1657 4419 Α-
1685 4396 1911 4419 ..2.-ιι.---
1940 4396 2086 4419 ευρ.-
2117 4407 2229 4419 _-_.

2182 4320 2235 4366 εἴ
2259 4360 2307 4419 υ
2330 4323 2547 4377 Ioannis
2577 4323 2747 4392 diligis
2772 4338 2849 4376 me
2870 4322 2984 4392 plus
3010 4323 3129 4375 Itis?
3152 4323 3287 4375 Dicit
3310 4323 3355 4374 ei
3379 4335 3395 4370 :
3425 4320 3616 4381 Etiam,
3632 4314 3865 4383 Domine,

708 4400 956 4460 credidit;
986 4405 1037 4449 et
1059 4397 1212 4449 hodie
1239 4396 1446 4462 quando
1469 4395 1570 4447 hoc
1596 4396 1659 4449 de
1685 4396 1914 4463 piscibus
1939 4396 2089 4461 fecit;
2117 4407 2235 4467 post

707 4496 833 4554 quot
861 4493 1033 4540 autem
1059 4485 1171 4538 dies
1191 4485 1242 4537 id
1268 4483 1469 4548 fecerit,
1498 4484 1586 4538 hic
1611 4485 1803 4538 dictum
1829 4501 1930 4538 non
1958 4494 2038 4541 est
2064 4505 2077 4539 :
2111 4503 2232 4542 nam

709 4574 819 4641 ipso
845 4575 1015 4642 primo
1053 4574 1137 4627 die
1173 4587 1273 4626 non
1314 4572 1475 4626 semel
1499 4574 1646 4625 visus
1674 4580 1770 4633 est,
1799 4573 1935 4626 sicut
1978 4575 2231 4645 evangelia

709 4670 904 4714 starum
936 4662 1169 4714 omnium
1196 4661 1493 4713 testimonia
1520 4661 1705 4713 collata
1731 4661 2115 4728 demonstrant,
2140 4664 2231 4719 sed

710 4749 844 4801 sicut
868 4749 1061 4801 dictum
1088 4754 1186 4809 est,
1233 4748 1512 4799 secundum
1566 4748 1677 4801 dies
1721 4748 2059 4803 numeranda:
2112 4758 2233 4805 sunt

708 4835 1159 4889 manifestatioaes
1179 4832 1307 4899 ejus.
1325 4844 1380 4887 ut
1405 4836 1503 4888 ista
1534 4836 1601 4889 sit
1629 4835 1818 4899 tertia;
1851 4835 2018 4903 prima
2044 4838 2232 4908 quippe

708 4924 945 4979 habenda
973 4933 1053 4977 est
1080 4927 1259 4977 eadem
1288 4940 1389 4978 una
1422 4924 1572 4994 [Aug.
1592 4967 1606 4991 ,
1630 4927 1868 4980 habenda
1898 4928 1993 4985 sit.
2020 4930 2230 4983 eadem-

710 5030 810 5085 quc
830 5012 954 5084 una]
1000 5023 1212 5083 propter
1256 5031 1413 5067 unum
1445 5016 1613 5080 diem,
1636 5019 2048 5085 quotiescunque
2085 5034 2141 5072 se
2181 5029 2235 5073 et

710 5105 1105 5173 qnibuscnnqne
1147 5105 1199 5156 in
1245 5105 1333 5157 illo
1379 5119 1481 5171 quo
1531 5107 1836 5170 resurrexit,
1861 5107 2116 5171 ostendit;
2149 5123 2232 5162 se-

710 5198 875 5249 cunda
911 5204 1030 5266 post
1066 5196 1177 5249 dies
1214 5203 1352 5257 octo,
1377 5203 1429 5248 et
1454 5196 1563 5248 ἣξεις
1592 5197 1770 5259 tertia;
1814 5205 1866 5250 et
1894 5197 2079 5250 deinde
2105 5212 2231 5264 quo-

711 5282 808 5333 ties
856 5284 1037 5347 voluit,
1072 5298 1238 5351 u~qne
1294 5282 1358 5335 ad
1410 5282 1543 5335 diem
1598 5283 2076 5353 quadragesimum,
2126 5301 2228 5353 quo

712 5372 945 5424 ascendit
972 5372 1024 5423 in
1053 5372 1242 5425 cretum
1263 5412 1277 5437 ,
1322 5371 1559 5439 quamvis
1606 5385 1707 5424 non
1748 5374 1938 5441 scripta
1979 5374 2083 5426 sint
2112 5389 2225 5428 om—

2336 4420 2389 4464 tu
2416 4411 2515 4464 scis
2539 4411 2661 4479 quia
2688 4425 2803 4463 amo
2832 4419 2898 4463 te.
2930 4427 2947 4459 ι
2970 4422 2995 4449 ι
3023 4410 3277 4463 Virtutem
3305 4408 3455 4460 nobis
3478 4406 3721 4476 perfecta
3742 4407 3867 4460 dile-

2337 4500 2526 4553 ctionis
2547 4513 2780 4567 presens
2806 4497 3012 4551 Domini
3047 4496 3211 4549 nostri
3255 4497 3594 4565 interrogatio
3616 4496 3864 4550 ostendit.

2335 4588 2572 4643 Perfecta
2594 4586 2735 4641 enim
2756 4586 2965 4642 dilectio
2986 4594 3199 4655 est,qua
3218 4587 3493 4641 Dominum
3515 4586 3662 4658 [ιιι.
3677 4584 3866 4656 Deum]

2336 4693 2401 4734 ex
2428 4685 2538 4732 toto
2566 4676 2743 4741 corde,
2769 4684 2877 4730 tota
2915 4677 3087 4729 anima
3108 4714 3121 4739 ,
3148 4682 3257 4729 tota
3308 4675 3525 4739 virtute,
3565 4677 3865 4743 proximum

2337 4776 2511 4822 autem
2532 4775 2779 4835 tanquam
2801 4766 3038 4833 nosipsos
3058 4762 3273 4831 diligere
3285 4760 3532 4829 jnbemur
3559 4782 3570 4815 :
3602 4772 3657 4815 et
3678 4771 3865 4817 neutra

2332 4856 2520 4909 harum
2548 4853 2757 4907 dilectio
2784 4851 2897 4905 sine
2924 4850 3087 4903 altera
3114 4848 3251 4902 valet
3270 4864 3388 4903 esse
3428 4848 3689 4917 perfecta;
3740 4848 3862 4916 quia

2333 4956 2432 4996 nec
2456 4943 2593 4996 Deus
2620 4954 2744 4994 vere
2770 4939 2882 4993 sine
2910 4939 3166 5007 proximo,
3186 4952 3298 4999 nec.
3323 4938 3436 4990 sine
3472 4938 3577 4990 Deo
3618 4952 3740 4991 vere
3767 4953 3861 5006 po-

2334 5027 2726 5098 testproximus
2748 5026 2934 5078 amari.
2966 5026 3113 5080 Unde
3154 5024 3403 5079 Dominus
3439 5023 3596 5077 toties
3639 5025 3863 5078 interro-

2334 5126 2457 5185 gato
2486 5115 2641 5169 Petro
2666 5129 2733 5167 an
2762 5128 2817 5167 se
2845 5114 3104 5182 diligeret,
3132 5119 3185 5165 et
3216 5110 3305 5165 illo
3348 5112 3693 5179 respondente
3722 5106 3862 5178 quod

2333 5218 2453 5257 eum
2486 5204 2595 5271 ipso
2633 5210 2765 5256 teste
2812 5202 3071 5271 diligeret,
3100 5198 3411 5268 adjungebat
3442 5213 3537 5267 per
3559 5196 3760 5265 singula
3790 5197 3861 5251 ita

2334 5289 2649 5344 concludens
2675 5304 2688 5342 :
2718 5287 2880 5343 Pasce
2904 5286 3064 5357 6“
3093 5302 3201 5339 oves
3231 5302 3388 5349 meas,
3410 5286 3520 5339 sive
3540 5300 3688 5351 Pasce
3702 5300 3860 5354 agnos

2334 5393 2491 5431 meos.
2522 5377 2595 5431 Ac
2622 5378 2663 5431 si
2692 5384 2871 5447 aperte
2900 5376 3094 5429 diceret
3126 5391 3137 5425 :
3166 5372 3286 5427 Hac
3338 5371 3447 5425 sola
3493 5378 3547 5425 et
3606 5386 3729 5426 vera
3779 5377 3861 5425 est

781 5533 803 5560 ⁸
830 5518 901 5573 Ex
934 5520 1073 5573 ltom.
1116 5522 1244 5575 Ven.
1275 5520 1426 5575 Bede
1460 5520 1509 5572 in
1554 5519 1743 5585 vigiliis
1770 5532 2066 5575 sanctorum
2094 5524 2233 5577 Petri
2271 5535 2320 5579 et
2352 5524 2519 5581 Pauli.
