4262 6212
437 345 555 396 1001

1192 342 1584 393 l-IXlZUl-LTleA.
1627 369 1694 379 --
1733 339 2076 391 COMMENT.
2124 337 2182 388 ΙΝ
2221 334 2404 386 JllAN.

2477 367 2512 371 —
2555 334 2674 385 Lill.
2725 335 2823 382 νη.
3496 331 3622 380 1002

432 455 671 524 probatio
697 453 883 519 integri
917 452 964 502 in
1001 450 1277 502 Dominum
1310 453 1522 512 amoris,
1556 452 1596 500 si
1630 465 1750 516 erga
1782 448 1971 500 fratres
2001 456 2044 512 Α
2077 461 2228 497 nosse
2259 460 2415 511 quam
2448 445 2558 510 ipsa
2588 458 2642 492 se.
2671 441 2990 491 tfttllbt'liflllid
3020 438 3277 489 ullatenus
3305 451 3459 488 nosse.
3484 440 3620 489 stilli-

433 542 696 598 studueris
716 555 895 594 curam
927 540 1136 592 solliciti
1164 555 1412 592 exercere
1450 541 1672 601 laboris;
1707 553 1826 590 nam
1862 539 1975 605 qui-

433 645 640 699 cunque
686 627 836 682 fratri
869 643 1001 695 opus
1050 628 1260 695 pietatis
1301 627 1438 694 quod
1484 627 1620 679 valet
1679 627 1979 694 impendere

435 719 672 789 negligit,
696 719 870 772 minus
897 715 1042 782 justo
1080 731 1135 768 se
1176 718 1502 769 conditorem
1544 716 1761 783 diligere
1803 724 1981 767 osten-

434 809 528 872 dit,
558 807 710 875 cujus
738 808 984 859 mandata
1015 806 1067 858 in
1100 806 1437 858 sustentanda
1484 805 1710 872 proximi
1752 805 1980 857 necessi-

435 903 542 948 tate
566 894 878 949 contemnit.
908 892 1034 957 Quae
1060 891 1296 959 profecto
1320 892 1572 952 cliaritas,
1591 893 1838 958 quoniam
1869 892 1981 943 sine

435 981 625 1034 divin:e
651 980 834 1048 gratia:
857 979 1200 1045 inspiratione
1230 977 1411 1046 [BCdm
1447 980 1560 1030 sine
1589 979 1775 1031 divina:
1814 981 1979 1046 gratia

436 1064 814 1135 inspirationis]
849 1066 1064 1117 minime
1093 1067 1256 1132 possit
1288 1065 1491 1126 haberi,
1525 1067 1681 1118 tacite
1725 1068 1980 1132 quodam-

437 1154 594 1208 modo
620 1154 872 1206 Dominus
901 1154 1151 1214 insinuat,
1183 1154 1273 1220 qui
1313 1154 1527 1206 Petrum
1553 1156 1615 1207 de
1644 1155 1726 1206 illa
1754 1157 1981 1207 interro-

436 1258 582 1308 gans,
613 1241 880 1296 Simonem
914 1256 1034 1293 cum
1065 1240 1295 1300 Joannis,
1326 1259 1480 1310 quem
1515 1259 1781 1311 nunquam
1837 1245 1850 1312 ι
1879 1244 1979 1294 Με.

438 1342 485 1384 et
523 1330 686 1393 Beda,
709 1331 846 1397 quod
873 1329 1153 1398 nusquam]
1191 1330 1337 1393 alias,
1372 1332 1746 1398 cognominat:
1783 1330 1980 1392 Simon,

439 1421 641 1488 inquit,
666 1419 910 1482 Joannis,
938 1420 1110 1487 diligis
1137 1435 1215 1470 me
1247 1419 1361 1486 plus
1386 1421 1505 1472 his?
1530 1421 1626 1474 Ubi
1667 1422 1906 1487 quamvis
1936 1430 1986 1472 et

442 1509 755 1577 simpliciter
781 1508 980 1560 mentio
1012 1507 1147 1560 facta
1175 1510 1369 1560 terreni
1401 1509 1637 1575 parentis
1668 1510 1781 1576 ejus
1823 1508 1986 1575 possit

441 1598 681 1665 intelligi,
713 1612 816 1650 non
841 1605 1015 1649 tamen
1046 1597 1111 1650 ab
1143 1611 1197 1648 re
1221 1604 1300 1648 est
1320 1636 1333 1655 ,
1361 1598 1403 1649 si
1440 1598 1555 1663 quis
1583 1597 1794 1648 nomine
1818 1595 1984 1646 Joan—

443 1689 518 1740 nis
565 1687 760 1740 donum
792 1701 1032 1754 superna:
1070 1687 1426 1754 generationis
1453 1687 1670 1753 mystice
1700 1685 1985 1738 indicatum

2076 544 2247 594 erret;
2280 535 2341 583 de
2377 533 2592 583 fraterni
2626 532 2833 597 quidem
2867 530 3040 581 cordis
3062 527 3280 579 occultis
3310 528 3437 578 nihil
3474 543 3621 594 pror-

2078 635 2167 672 sus
2195 620 2350 671 audet
2373 620 2627 671 delinire:
2661 620 2724 669 de.
2752 618 2830 669 sui
2873 626 3046 676 autem
3083 617 3278 668 amoris
3324 616 3626 682 integritate

2079 724 2180 762 non
2209 710 2401 761 suimet
2429 709 2608 769 solius,
2638 709 2728 759 sed
2754 715 2804 757 et
2831 707 2995 772 ipsius
3026 706 3113 772 qui
3141 705 3497 770 interrogabat
3528 703 3628 754 Do-

2080 800 2205 850 mini
2250 801 2606 851 testimouium
2635 799 2834 866 pandit,
2865 796 3068 856 Etiam,
3099 796 3364 862 inquiens,
3390 793 3626 851 Domine,

2080 898 2132 940 tu
2156 889 2253 939 scis
2274 889 2393 954 quia
2423 905 2538 939 amo
2561 898 2626 939 te.
2651 886 2693 939 Ο
2719 901 2877 954 quam
2903 886 3023 938 felix
3048 895 3100 940 et
3127 900 3252 953 pura
3285 884 3626 938 conscientia.

2081 992 2195 1043 qum
2225 977 2481 1029 conditori
2511 992 2624 1038 suo,
2656 978 2804 1043 cujus
2835 975 2968 1026 nuda
3000 976 3164 1027 oculis
3188 985 3242 1026 et
3268 984 3448 1041 aperta
3484 974 3627 1025 novit

2081 1068 2274 1125 omnia,
2308 1067 2482 1119 dicere
2512 1082 2613 1118 non
2647 1069 2830 1118 metuit
2866 1084 2874 1114 :
2914 1065 3142 1124 Domine,
3173 1075 3224 1115 tu
3248 1065 3345 1115 scis
3364 1065 3485 1131 quia
3514 1080 3628 1114 amo

2084 1167 2129 1208 te
2147 1158 2169 1207 ,νη
2203 1155 2371 1220 Quam
2397 1165 2541 1208 casta
2565 1172 2625 1208 ac
2648 1165 2825 1206 sancta
2847 1156 3040 1213 anima,
3059 1170 3174 1220 qua-
3203 1162 3253 1205 et
3277 1169 3422 1204 suam
3453 1154 3630 1219 cogni-

2086 1249 2282 1299 tionem
2332 1247 2553 1299 Domino
2583 1256 2759 1314 patere
2797 1260 2896 1295 non
2928 1243 3148 1300 dubitat,
3177 1251 3228 1294 et
3275 1257 3328 1293 se
3374 1241 3444 1292 nil
3481 1233 3631 1319 aliud

2084 1352 2242 1402 quam
2267 1352 2326 1388 ea
2351 1352 2467 1404 qua:
2490 1336 2742 1387 Dominus
2771 1336 3054 1401 approbat,
3080 1337 3312 1401 cogitare
3347 1350 3447 1385 non
3490 1335 3633 1400 igno-

2089 1427 2196 1475 rat!
2232 1425 2454 1476 Provida
2496 1433 2668 1475 autem
2697 1424 2890 1491 pietate
2935 1423 3186 1475 Dominus
3216 1424 3372 1474 tertio
3423 1422 3630 1474 Petrum

2088 1530 2152 1566 an
2207 1529 2263 1565 se
2318 1514 2498 1581 diligat
2540 1514 2846 1580 interrogat,
2875 1522 2930 1564 ut
2979 1513 3086 1578 ipsa
3127 1512 3260 1562 trina
3308 1510 3636 1562 confessione

2087 1603 2316 1663 vincula,
2343 1617 2458 1669 qua:
2495 1602 2636 1652 illum
2671 1611 2751 1652 ter
2774 1601 3012 1668 negando
3035 1593 3341 1668 ligaverant.
3367 1599 3631 1657 absolvat;

2089 1705 2140 1747 et
2193 1685 2398 1763 quoties
2425 1697 2642 1748 territus
2683 1695 2796 1761 ejus
2844 1694 3106 1772 passione,
3135 1707 3236 1759 qua
3292 1691 3434 1743 illum
3485 1705 3637 1742 nosse.

443 1777 568 1830 velit
596 1777 864 1844 accipere;
907 1777 970 1828 de
997 1791 1101 1843 quo
1127 1774 1356 1828 Joannes
1379 1773 1646 1841 apostolus
1664 1774 1991 1827 admonendo
2026 1768 2065 1823 Β
2095 1784 2104 1851 ί
2119 1803 2126 1834 ι

1954 1779 1991 1824 ἱο
2026 1768 2065 1823 Β
2095 1784 2278 1851 [Beda,
2304 1785 2441 1851 quod
2479 1799 2597 1836 eum
2631 1783 2828 1852 nosset]
2858 1768 3169 1849 negaverat,
3203 1782 3356 1832 toties
3404 1781 3518 1848 ejus
3560 1797 3637 1832 rc-

445 1873 669 1918 testatur
688 1883 699 1916 :
716 1863 1039 1926 Charissimi,
1058 1863 1334 1932 diligamus
1363 1865 1596 1923 invicem,
1612 1865 1853 1932 quoniam
1872 1863 1994 1913 elia-

445 1954 572 2006 ritas
588 1969 650 2005 ex
673 1951 780 2004 Deo
811 1962 882 2004 est
899 1962 975 2002 :et
1001 1953 1165 2004 omnis
1187 1953 1274 2020 qui
1298 1951 1487 2019 diligit,
1509 1967 1571 2002 ea:
1595 1950 1699 2001 Deo
1728 1959 1878 2000 natus
1902 1957 1991 2009 est,

445 2050 490 2091 et
536 2041 790 2108 cognoscit
844 2038 1003 2091 Deum
1058 2039 1104 2107 (l
1133 2038 1291 2091 Joan.
1326 2054 1396 2101 IV,
1420 2039 1493 2108 7).
1544 2037 1724 2090 Simon
1772 2051 1994 2103 namque

445 2128 716 2188 obediens,
740 2126 972 2180 Joannes
1011 2128 1206 2180 dicitur
1241 2127 1331 2179 Dei
1372 2127 1540 2194 gratia
1573 2143 1584 2176 :
1616 2134 1667 2179 et.
1714 2134 1991 2193 propterea

444 2224 591 2269 recte
614 2215 817 2282 primus
838 2215 1213 2283 apostolorum,
1245 2231 1364 2267 cum
1397 2216 1462 2268 de
1483 2229 1662 2268 amore
1695 2231 1790 2267 suo
1821 2215 1994 2283 requi-

449 2303 600 2366 ritur,
635 2302 814 2356 Simon
859 2301 1102 2364 Joannis,
1143 2304 1192 2354 id
1244 2311 1357 2366 est,
1398 2305 1647 2358 obediens
1689 2305 1782 2358 Dei
1826 2306 1993 2374 gratia

449 2389 633 2460 (Beda,
661 2389 864 2461 gratias]
898 2401 1116 2444 vocatur
1146 2410 1156 2443 :
1201 2402 1257 2445 ut
1291 2393 1488 2460 liquido
1514 2395 1717 2446 cunctis
1753 2395 1996 2447 ostenda-

450 2487 556 2542 tur,
576 2479 684 2531 'hoc
708 2481 850 2546 quod
879 2479 1076 2546 majore
1101 2497 1209 2550 pra:
1237 2482 1444 2535 ueteris
1465 2482 1760 2535 obedientia
1791 2482 1995 2534 Domini

443 2567 610 2633 jussis
646 2569 975 2637 obsequitur,
1020 2573 1162 2639 quod
1213 2574 1503 2627 ardentiori
1546 2573 1689 2626 illum
1735 2574 1997 2626 cbaritate

451 2656 803 2723 amplectitur,
833 2672 934 2710 non
969 2659 1184 2712 humani
1231 2660 1424 2722 meriti,
1452 2661 1545 2713 sed
1586 2661 1822 2713 muneris
1879 2675 1996 2713 esse

453 2744 634 2797 divini.
680 2745 828 2799 Unde
851 2755 905 2798 et
927 2749 1196 2814 apostolus
1219 2749 1412 2801 Paulus
1439 2750 1620 2803 eadem
1661 2750 1828 2817 gratia
1865 2763 1993 2801 ροη-

454 2841 677 2892 l'ortatus
698 2841 873 2894 aiebat
899 2859 910 2891 :
946 2841 1083 2905 Quia
1111 2843 1334 2894 Charites
1369 2842 1465 2894 Dei
1489 2843 1682 2909 diffusa
1707 2851 1778 2895 est
1806 2843 1858 2893 in
1886 2858 1996 2893 cor—

453 2926 600 2981 dibus
621 2930 803 2981 nosfris
833 2946 923 2998 per
952 2927 1201 2997 Spiritum
1225 2940 1481 2992 sanctum,
1511 2931 1600 2999 qui
1633 2931 1783 2983 datus
1810 2940 1882 2982 est
1907 2946 1998 2981 no-

454 3019 530 3071 bis
561 3018 726 3088 (Rom.
759 3035 808 3082 v,
831 3019 905 3089 5).
931 3020 1029 3094 Qui
1063 3035 1190 3088 ergo
1223 3025 1430 3074 ueteris
1463 3021 1772 3088 ﬂagrantius
1812 3019 1995 3073 Domi-

2093 1873 2419 1923 surrectione
2448 1880 2736 1930 recreatus,
2764 1869 2901 1935 quod
2952 1868 3096 1919 illum
3145 1877 3252 1920 toto
3290 1877 3429 1919 amet
3482 1870 3638 1920 corde

2093 1968 2329 2012 tcstetur.
2359 1958 2579 2010 Provida
2605 1958 3000 2026 dispensatione
3027 1958 3181 2009 tet-tio
3199 1957 3467 2009 conﬁtenti
3496 1973 3637 2010 amo—

2094 2061 2222 2109 rem,
2250 2047 2404 2099 tcrtio
2433 2061 2579 2112 neque
2611 2045 2899 2113 pascendas
2928 2059 3052 2095 suas
3094 2059 3220 2097 oves
3272 2046 3635 2103 commendat;

2091 2135 2212 2202 quia
2245 2135 2464 2187 decebat
2489 2142 2546 2184 ut
2568 2134 2774 2200 quoties
2805 2131 2853 2183 in
2886 2132 3112 2198 pastoris
3155 2131 3250 2184 fide
3301 2133 3636 2189 titubaverat.

2095 2225 2252 2276 toties
2301 2240 2420 2276 cum
2470 2231 2717 2274 renovata
2767 2221 2866 2273 fide
2911 2223 3136 2289 pastoris
3165 2225 3398 2276 membra
3431 2238 3640 2294 quoque.

2093 2317 2208 2384 ejus
2231 2315 2456 2384 pastoris
2479 2315 2726 2382 jubeatur
2746 2327 2952 2366 curare.
2970 2311 3116 2376 Quod
3138 2313 3276 2363 enim
3300 2312 3384 2364 hic
3406 2313 3530 2366 dicit
3554 2315 3598 2366 ei
3629 2335 3638 2364 :

2095 2406 2259 2459 Pasce
2286 2424 2396 2459 oves
2426 2423 2583 2467 meas,
2615 2407 2712 2459 hoc
2739 2416 2820 2459 est
2847 2407 3044 2472 utique,
3068 2406 3207 2472 quod
3228 2407 3274 2458 ei
3299 2415 3422 2458 ante
3442 2406 3642 2472 passio-

2096 2511 2212 2547 nem
2257 2495 2492 2563 apertius
2526 2495 2732 2548 dixerat
2766 2513 2775 2543 :
2818 2493 2927 2562 Ego
2952 2503 3119 2546 autem
3172 2495 3346 2562 rogari
3375 2510 3467 2563 pro
3493 2504 3559 2554 tc,
3588 2506 3642 2545 ut

2095 2600 2196 2636 non
2217 2583 2422 2649 deﬁciat
2450 2585 2576 2649 ﬁdes
2603 2593 2689 2635 tua
2719 2597 2735 2631 .·
2764 2592 2812 2634 et
2839 2592 2892 2634 tu
2914 2582 3192 2650 aliquando
3219 2598 3507 2644 conversus,
3525 2599 3644 2634 con-

2093 2674 2246 2738 ﬁma
2276 2673 2462 2740 fratres
2484 2685 2595 2726 tuos
2627 2673 2773 2740 (Luc.
2806 2689 2938 2735 un,
2970 2673 3076 2739 55).
3109 2671 3332 2724 Poscere
3365 2685 3492 2741 ergo
3517 2686 3645 2723 oves

2095 2763 2388 2828 Christiest
2416 2765 2694 2817 credentes
2717 2763 2768 2815 in
2789 2763 3059 2815 Christum
3088 2777 3153 2814 ne
3181 2777 3208 2814 a
3252 2763 3354 2814 ﬁde
3399 2761 3648 2816 deﬁciant

2095 2851 2437 2914 confirmare;
2467 2860 2519 2924 et
2555 2860 2610 2904 ut
2635 2852 2794 2922 645
2833 2853 2884 2905 in
2913 2852 3012 2905 fide
3041 2853 3213 2921 magis
3232 2853 3504 2921 magisque
3526 2868 3644 2922 pro—

2096 2939 2296 3003 ficiant,
2317 2941 2578 2996 instanter
2601 2955 2814 3011 Operam
2842 2942 2995 2995 dare:
3033 2961 3050 2991 ι
3075 2942 3418 2996 srecularibus
3438 2957 3646 3010 quoque

2100 3027 2348 3080 subsidiis
2402 3042 2496 3080 eos
2537 3035 2793 3094 quantum
2838 3028 3008 3080 valeat
3052 3028 3324 3096 adjuvare,
3354 3030 3647 3098 cogitantes

456 3121 579 3160 num
611 3122 789 3161 amare
824 3109 1096 3175 probatur,
1133 3109 1272 3176 ﬁlius
1305 3108 1524 3162 Joannis
1570 3109 1999 3176 εοεηοηιὶηαιυτς
2025 3091 2072 3152 c
2103 3115 2362 3182 superﬂue
2388 3117 2452 3169 de
2475 3116 2690 3170 caducis
2711 3117 2976 3185 corrigere
2999 3091 3446 3186 [l!s:,a(lju\'are:
3461 3133 3644 3172 erran-

457 3202 580 3268 quia
607 3202 860 3254 nimirum
889 3203 1060 3256 virtus
1086 3201 1319 3268 ejusdem
1369 3203 1566 3255 amoris
1608 3207 1710 3255 nan
1754 3202 1855 3255 nisi
1904 3217 2000 3270 per

457 3290 679 3357 gratiam
703 3288 933 3356 Spiritus
951 3291 1258 3358 percipitur.
1278 3291 1375 3358 Qui
1402 3301 1571 3343 tamen
1590 3292 1696 3358 ipse
1711 3293 1999 3345 notandum

456 3398 615 3452 quam
640 3392 792 3437 caute
817 3392 872 3436 et
899 3371 1658 3451 circumspecte/testimonium
1697 3398 1793 3436 suo
1828 3384 2002 3436 reddit

455 3472 645 3534 amori,
672 3485 792 3524 cum
820 3470 1042 3524 Domino
1068 3472 1356 3526 sciscitanti
1386 3487 1451 3524 an
1482 3486 1536 3523 se
1573 3471 1689 3538 plus
1728 3470 1844 3522 aliis
1884 3471 2000 3523 dili-

457 3566 625 3625 geret,
651 3572 755 3610 non
792 3573 953 3611 ausus
979 3567 1060 3610 est
1083 3561 1397 3626 respondere
1422 3576 1441 3610 :
1476 3557 1547 3609 Tu
1578 3559 1676 3609 scis
1720 3560 1840 3625 quia
1885 3574 2000 3608 amo

456 3657 506 3700 te
529 3648 643 3720 plus
667 3647 882 3709 his,’sed
923 3655 1210 3714 temperata
1239 3661 1301 3698 ac
1343 3646 1564 3713 simplici
1607 3661 1752 3704 voce,
1796 3645 1998 3706 Etiam,

458 3735 644 3802 inquit,
667 3735 901 3796 Domine,
930 3744 985 3786 tu
1020 3735 1118 3786 scis
1157 3734 1278 3802 quia
1304 3749 1418 3784 amo
1448 3743 1512 3784 te.
1540 3732 1690 3797 Quod
1717 3739 1799 3785 est
1823 3740 2001 3798 aperte

457 3823 667 3877 dicere:
692 3822 814 3876 Scio
842 3824 1214 3890 quidem,quia
1243 3824 1355 3890 ipse
1382 3831 1525 3884 te,ut
1553 3832 1607 3874 tu
1635 3822 1821 3874 melius
1843 3822 1996 3882 nosti,

461 3909 664 3977 integro
711 3909 872 3962 corde
919 3908 1106 3976 diligo;
1167 3923 1325 3976 quam
1369 3922 1494 3960 vere
1533 3907 1715 3979 [Beda,
1743 3918 1998 3976 quantum

457 3999 607 4070 vero]
649 4009 702 4052 te
739 3998 827 4051 alii
853 3998 1070 4066 diligant
1112 3999 1238 4050 mihi
1265 3997 1474 4065 quidem
1504 3999 1756 4066 ignotum,
1784 3999 1876 4050 sed
1907 3999 1998 4050 tibi

460 4097 583 4143 sunt
602 4089 779 4142 omnia
803 4096 944 4140 nota.
975 4085 1133 4152 Cujus
1159 4085 1362 4138 cautela
1405 4084 1764 4152 responsionis
1808 4092 2000 4137 nostra:

460 4176 697 4246 profecto
724 4186 805 4231 est
832 4175 1092 4228 institutio
1116 4174 1412 4234 locutionis,
1437 4174 1591 4226 simul
1619 4175 2000 4242 etcognitionis

464 4263 649 4338 [Beda,
669 4264 1057 4336 cngitationis];
1097 4275 1153 4318 ut
1173 4265 1418 4319 videlicet
1433 4263 1545 4330 ejus
1573 4265 1812 4332 exemplo
1840 4265 2000 4318 discao

460 4369 577 4409 mus
592 4354 764 4406 minus
778 4351 842 4404 de
854 4362 1046 4405 nostra
1057 4353 1391 4406 conscientiae
1406 4352 1634 4420 puritate
1646 4367 1962 4420 prmsumere
1981 4369 1995 4414 ;

461 4442 635 4494 minus
657 4449 853 4493 temere
880 4439 943 4490 de
967 4437 1216 4491 fraterna:
1250 4437 1590 4490 conscientiae
1615 4437 1836 4491 occultis
1846 4437 1999 4504 judi-

462 4543 608 4591 care,
621 4528 673 4580 in
691 4528 867 4580 dubiis
891 4527 1120 4580 maxime
1138 4527 1315 4588 rebus,
1328 4525 1467 4593 quod
1490 4539 1591 4592 qua
1614 4525 1902 4579 intentione
1917 4527 1998 4579 vel

462 4615 778 4668 necessitate
800 4621 1050 4682 gerantur
1080 4612 1338 4681 inspicere
1367 4613 1644 4680 nequimus
1669 4626 1784 4678 qua:
1805 4613 1872 4664 ab
1899 4612 2001 4666 illis

462 4702 544 4769 agi
573 4701 944 4767 conspicimus.
970 4700 1119 4768 Siqui
1143 4708 1239 4753 tem
1266 4709 1319 4754 et
1342 4702 1452 4769 ipse
1472 4700 1662 4753 Petrus
1700 4699 1895 4752 idcirco
1941 4716 2000 4753 se

463 4792 516 4845 in
539 4792 638 4845 bac
659 4789 930 4843 Dominica
969 4791 1378 4861 interrogatione
1406 4791 1611 4844 cautius
1640 4790 2000 4855 respondendo

463 4880 760 4940 cohibebat,
791 4877 913 4945 quia
953 4878 1193 4930 meminit
1217 4894 1273 4932 se
1297 4879 1498 4948 pridem
1517 4919 1530 4942 ,
1557 4879 2003 4945 imminente-ejus

465 4968 726 5036 passione,
753 4968 868 5037 plus
887 4967 984 5021 sibi
1016 4969 1323 5020 constantia:
1353 4970 1599 5022 tribuisse
1639 4986 1795 5038 quam
1838 4969 2000 5022 babe-

466 5064 568 5118 ret,
591 5058 892 5123 spondendo
911 5056 1156 5111 videlicet
1178 5068 1235 5108 se
1254 5071 1369 5109 esse
1397 5068 1639 5123 paratum
1670 5068 1721 5112 et
1750 5060 1800 5111 in
1827 5073 2001 5112 Carce-

469 5159 579 5198 rem
604 5151 658 5197 et
685 5144 736 5196 in
759 5153 979 5199 mortem
1005 5145 1082 5198 ire
1105 5161 1223 5200 cum
1257 5145 1364 5205 illo,
1389 5145 1478 5212 qui
1505 5148 1726 5199 necdum
1755 5157 1870 5199 erat
1895 5147 2004 5200 ido-

467 5249 599 5287 neua
621 5234 846 5288 instante
870 5236 1102 5300 periculo
1128 5235 1316 5289 saltem
1353 5234 1588 5286 confiteri
1608 5274 1622 5296 ,
1651 5237 1774 5302 quia
1822 5245 2000 5290 nosset

470 5320 633 5384 illum,
653 5323 733 5376 vel
763 5322 884 5390 quia
915 5321 1102 5375 fuisset
1127 5324 1408 5389 alzquando
1437 5339 1553 5376 cum
1579 5323 1684 5375 illo.
1711 5325 2001 5378 lnstructus

470 5425 596 5478 ergo
646 5413 881 5481 periculo
932 5414 1109 5482 priore
1151 5415 1356 5466 cautius
1411 5414 1547 5482 loqui
1593 5428 1710 5466 cum
1749 5414 1998 5476 Domino,

473 5512 627 5565 quem
665 5499 796 5551 bene
825 5498 1082 5552 didicerat
1109 5499 1350 5552 humanae
1396 5499 1732 5553 conscientiae
1782 5499 2000 5570 [statum

475 5584 691 5653 (Edit.,
720 5587 1052 5640 conscientia
1095 5587 1445 5639 constantiam
1497 5586 1714 5655 statim)
1755 5587 1772 5655 ]
1813 5589 2001 5641 melius

859 5677 1125 5737 Parnm.
1165 5676 1231 5734 C.

2100 3212 2179 3255 tes
2225 3203 2533 3274 corrigere],
2567 3213 2853 3258 mmrentes
2889 3205 3182 3268 consolari,
3224 3221 3407 3260 omnes
3457 3222 3642 3277 magna

2097 3293 2308 3360 pietatis
2351 3310 2477 3348 cura
2525 3295 2589 3346 ad
2634 3304 2900 3364 perpetua:
2949 3295 3068 3348 vitae
3098 3297 3384 3364 perducere
3429 3311 3644 3364 pascua.

2103 3400 2120 3430 s
2152 3381 2255 3435 Sed
2287 3384 2382 3435 hoc
2412 3385 2606 3450 pastori
2656 3394 2736 3436 est
2779 3384 2884 3436 fixo
2928 3386 3087 3438 corde
3115 3387 3428 3449 tenendum,
3459 3395 3515 3439 ut
3557 3403 3649 3440 eos

2096 3471 2289 3536 quibus
2327 3482 2516 3538 praeest
2560 3488 2661 3524 non
2692 3474 2841 3539 quasi
2873 3489 2996 3526 suos
3024 3475 3283 3541 proprios,
3307 3476 3398 3527 sed
3443 3484 3499 3526 ut
3548 3474 3648 3526 Dn-

2100 3559 2225 3612 mini
2255 3561 2332 3612 sui
2362 3574 2571 3628 gregem
2597 3570 2825 3614 tractare
2847 3561 3331 3627 meminerit,juvta
3356 3563 3481 3614 illud
3507 3566 3645 3630 quoi

2101 3644 2257 3699 Petro
2284 3648 2478 3699 dicitur
2504 3665 2514 3697 :
2551 3646 2605 3699 Si
2635 3649 2806 3715 diligis
2845 3664 2950 3705 me,
2977 3664 3126 3714 pasce
3152 3665 3263 3700 ores
3290 3664 3446 3700 meas.
3486 3649 3644 3707 Meas,

2100 3733 2288 3799 inquit,
2316 3751 2418 3787 non
2441 3746 2593 3799 tuas;
2627 3751 2770 3789 meas
2800 3737 2892 3788 til.i
2917 3751 3042 3790 oves
3074 3738 3472 3791 commendatas
3493 3738 3645 3800 scito,

2099 3828 2150 3870 et
2188 3819 2283 3872 has
2321 3821 2471 3886 quasi
2515 3836 2661 3874 meas
2688 3837 2888 3889 regere,
2915 3823 2957 3875 si
2988 3838 3070 3876 me
3099 3821 3331 3891 perfecte
3361 3839 3526 3887 amas,
3566 3842 3643 3877 re-

2100 3907 2210 3960 cole
2244 3925 2254 3958 :
2283 3918 2339 3959 ut
2370 3924 2536 3959 meam
2559 3909 2801 3962 videlicet
2830 3910 2880 3961 in
2912 3910 2989 3962 eis
3016 3911 3256 3978 gloriam,
3278 3925 3449 3964 meum
3479 3914 3644 3966 domi-

2100 4000 2266 4062 nium,
2322 4013 2437 4051 mea
2488 3998 2654 4063 lucra,
2697 4015 2799 4051 non
2850 4008 2937 4051 tua
2986 4002 3196 4068 propria
3250 4016 3474 4068 quieras.
3523 4003 3643 4056 Veri

2099 4095 2272 4138 autem
2308 4087 2555 4152 pastoris,
2579 4095 2631 4139 et
2660 4087 2742 4140 cui
2775 4086 2978 4139 sincera
3033 4095 3114 4138 est
3159 4101 3285 4139 cura
3334 4089 3398 4140 de
3436 4089 3642 4151 ovibus,

2098 4174 2316 4227 evidens
2345 4189 2406 4228 ac
2448 4177 2676 4243 speciale
2725 4177 2973 4228 indicium
3004 4185 3118 4238 est,
3143 4192 3262 4229 cum
3291 4180 3514 4246 quisque
3542 4196 3642 4232 noa

2100 4260 2266 4314 solum
2321 4264 2611 4315 commodis
2651 4264 2896 4316 omnibus
2943 4264 3062 4316 vita:
3095 4267 3396 4332 temporalis
3419 4282 3640 4328 carere;

2101 4352 2193 4404 sed
2221 4352 2388 4419 ipsam
2414 4365 2621 4420 quoque
2644 4353 2801 4404 vitam
2827 4366 2924 4420 pro
2949 4368 3105 4422 grege
3135 4354 3330 4410 Clu-isti
3355 4372 3566 4425 ponere,
3594 4360 3643 4412 in

2100 4450 2346 4510 promptu
2373 4442 2552 4495 habet.
2581 4441 2726 4495 Unde
2755 4457 2894 4495 nunc
2922 4443 3031 4511 ipse
3050 4484 3063 4503 ,
3091 4452 3368 4512 postquam
3415 4462 3637 4513 pascen-

2100 4533 2194 4584 das
2217 4546 2339 4584 suas
2365 4545 2492 4584 oves
2514 4531 2689 4592 Petro,
2715 4532 2813 4585 hoc
2839 4541 2938 4592 est,
2970 4533 3148 4599 plebes
3175 4533 3435 4587 docendas
3459 4537 3644 4601 guber-

2102 4619 2407 4685 nandasque
2430 4618 2714 4678 commisit,
2745 4620 3126 4684 subsequenter
3155 4619 3320 4681 addit,
3349 4621 3528 4675 dicens
3563 4641 3573 4673 :

2172 4707 2330 4759 Vsus.
2365 4707 2448 4760 18.
2474 4736 2545 4747 -
2573 4706 2749 4767 Amen,
2775 4723 2923 4758 niuea
2953 4708 3067 4760 dico
3096 4709 3205 4770 tibi,
3235 4726 3348 4761 cum
3386 4727 3517 4764 esses
3547 4715 3639 4781 ju-

2102 4803 2234 4861 nior,
2251 4801 2483 4869 cingebas
2505 4811 2573 4862 te,
2597 4811 2642 4853 et
2664 4802 2961 4853 ambulabas
2983 4802 3066 4853 ubi
3090 4801 3319 4853 colebas:
3337 4820 3451 4855 cum
3473 4815 3640 4856 autem

2101 4889 2349 4948 senueris,
2375 4889 2612 4941 extendes
2659 4904 2839 4939 manus
2870 4897 3004 4949 tuas,
3031 4899 3078 4940 et
3124 4888 3258 4941 alius
3293 4898 3341 4942 te
3378 4891 3559 4960 cinget,
3595 4906 3639 4946 et

2102 4976 2249 5027 ducet
2274 4993 2372 5044 quo
2404 4994 2504 5030 non
2548 4979 2638 5028 ris.
2671 4975 2725 5028 In
2778 4976 3084 5028 extensione
3127 4979 3324 5031 etenim
3369 4994 3640 5044 manuum,

2103 5065 2414 5130 positionem
2443 5063 2798 5117 membrorum
2847 5063 2980 5129 ejus,
3015 5080 3115 5132 qua
3145 5067 3290 5119 cruci
3317 5077 3430 5120 erat
3457 5079 3643 5136 aptan-

2103 5153 2219 5212 dus,
2252 5153 2511 5212 insinuat;
2568 5150 2617 5202 in
2673 5151 2934 5203 cinctione
2972 5153 3207 5210 alterius.
3255 5154 3640 5219 impositionem

2105 5240 2450 5300 vinculorum,
2477 5237 2668 5303 quibus
2689 5252 2719 5288 a
2743 5248 3079 5304 persecutore
3107 5247 3218 5291 erat
3243 5242 3522 5304 arcendus,
3548 5259 3642 5297 es-

2106 5329 2312 5394 prlmit;
2337 5331 2386 5380 in
2415 5327 2574 5379 ductu
2597 5341 2702 5394 quo
2729 5327 2907 5385 nollet,
2940 5327 3105 5392 ipsam
3134 5326 3318 5381 mortis
3351 5345 3412 5382 ac
3439 5333 3638 5398 passio-

2105 5417 2188 5468 nis
2217 5417 2556 5469 acerbitatem
2585 5416 2802 5476 indicat,
2823 5431 2977 5481 quam
3007 5418 3295 5483 corporalis
3336 5418 3446 5484 ejus
3489 5419 3638 5474 inﬁr-

2107 5505 2262 5555 mitas
2290 5503 2566 5562 horrebat,
2594 5502 2741 5569 cujus
2769 5501 2925 5555 animi
2960 5501 3178 5555 ﬁrmitas
3205 5504 3453 5571 spiritalis
3481 5507 3638 5560 etiam

2108 5593 2324 5644 adversa
2350 5607 2445 5658 pro
2474 5592 2693 5646 Domino
2719 5593 2993 5644 iretabatur
3025 5601 3206 5644 cuncta
3250 5592 3483 5648 sufferre.
3528 5596 3638 5650 Non

3220 5685 3290 5720 ,η
