4262 6232
628 298 758 351 ίῆυῆ

1449 294 1503 345 Β.
1546 294 1604 347 F.
1643 291 1863 346 ALDlNl
1901 292 2024 345 SEL'
2067 288 2332 343 ALCL'INI
2371 288 2646 343 OPERUM
2686 286 2858 341 PARS
2896 287 2954 339 ll.

3653 283 3788 336 ίοηι

625 404 765 458 enim
814 400 1132 454 voluntatem
1174 416 1361 461 suam,
1394 402 1483 453 sed
1523 400 1843 453 voluntatem
1883 399 2152 465 quzerehat
2181 401 2225 455 Α
2256 395 2341 448 ille
2369 395 2655 463 discipulus
2680 409 2835 461 quem
2866 393 3113 462 diligebat
3154 392 3337 453 Iesus;
3374 390 3603 444 Ioannes
3646 392 3791 442 vide—

626 482 742 562 e‘jus
757 494 846 560 qui
872 492 1014 545 misit
1034 506 1174 555 eum,
1195 491 1411 546 Christi.
1434 492 1707 544 Pratmissa
1732 478 1890 559 igitur
1907 489 2160 544 Dominus

626 585 800 637 ovium
827 596 1039 635 suarum
1066 581 1321 649 pastione,
1340 581 1605 649 sulijungit
1630 594 1774 642 mox,
1798 578 1965 630 eidem
1991 578 2160 645 primo

627 669 825 736 pastori
850 658 1141 720 insinuans
1179 666 1336 718 etiam
1366 665 1625 733 passionis
1657 679 1765 717 suae
1805 664 2156 730 triumphum,

628 755 907 820 Extendes,
932 755 1190 822 inquiens,
1219 770 1401 807 manus
1431 762 1564 815 tuas,
1594 764 1639 806 et
1665 755 1798 805 alius
1826 762 1875 804 te
1900 751 2083 818 cinget,
2113 759 2160 800 et

628 845 772 897 ducet
796 858 896 913 quo
921 859 1021 895 non
1054 843 1158 904 vis;
1184 857 1247 894 ac
1274 842 1316 893 si
1349 850 1587 909 patenter
1625 841 1763 894 dicat
1796 858 1808 891 :
1843 838 2047 904 Quanta
2079 852 2161 889 me

630 933 887 992 eharitate
910 931 1115 998 diligas,
1140 929 1262 981 hinc
1278 928 1477 995 liquido
1502 928 1768 996 probabis,
1785 940 1903 979 cum
1927 940 2022 991 pro
2044 939 2163 991 par-

629 1021 870 1073 vulorum
904 1033 1140 1071 meorum
1173 1018 1281 1069 vita
1328 1031 1494 1083 usque
1539 1016 1605 1083 ad
1646 1023 1867 1068 mortem
1914 1012 2164 1067 certando

630 1108 965 1178 perveneris;
1012 1114 1064 1159 et
1092 1116 1149 1158 ut
1178 1106 1248 1158 illi
1277 1107 1329 1159 in
1359 1120 1580 1173 corpore
1628 1105 1831 1172 possint
1875 1104 2072 1171 pariter
2110 1110 2164 1154 et

629 1202 805 1250 mente
832 1194 1058 1256 salvari,
1087 1193 1197 1261 ipse
1235 1201 1495 1245 tormenta
1546 1192 1780 1259 corporis
1825 1192 2001 1244 omnia
2046 1204 2164 1257 quae

632 1284 993 1339 adversarium
1023 1278 1257 1348 inﬂigere
1298 1280 1443 1344 libet,
1475 1279 1595 1333 forti
1636 1279 1827 1333 mentis
1863 1278 2164 1332 constantia

631 1371 879 1427 tolerabis
902 1349 1084 1441 [Deda,
1099 1367 1451 1438 toleraveris].
1476 1368 1627 1433 Quod
1646 1367 1756 1436 ipse
1775 1381 1984 1435 quoque
2006 1381 2166 1420 evan-

629 1462 809 1531 gelista
832 1461 1210 1526 subsequenter
1238 1458 1508 1513 insinuans
1532 1457 1605 1510 ait
1632 1474 1644 1509 :
1684 1455 1795 1509 Hoc
1820 1464 1987 1509 autem
2012 1456 2162 1519 dixit,

631 1549 924 1620 signiﬁcans
958 1563 1061 1621 qua
1089 1556 1249 1600 morte
1278 1545 1650 1613 clariﬁcaturus
1676 1554 1804 1597 esset
1828 1544 2010 1597 Deum.
2042 1541 2164 1597 Cla-

634 1639 859 1692 rilicavit
880 1637 1069 1711 quippe
1096 1636 1285 1689 Petrus
1304 1641 1471 1688 morte
1498 1648 1590 1687 sua
1625 1633 2038 1700 Deum,.quando
2065 1634 2166 1686 hoc

2259 485 2380 538 licet
2410 485 2538 553 ipse,
2562 485 2651 551 qui
2689 484 2787 537 hoc
2816 480 3026 550 scripsit
3075 481 3432 549 Evangelium,
3477 490 3632 547 atque
3676 479 3794 530 ideo

2259 589 2405 627 suam
2436 587 2714 641 personam
2742 571 2928 624 maluit
2954 570 3161 623 indiciis
3200 584 3371 621 rerum
3419 566 3793 628 accidentium,

2259 672 2414 728 quam
2443 660 2656 728 proprio
2677 660 2953 727 designare
2985 658 3258 711 vocabulo.
3310 657 3568 726 Diligehat
3619 664 3793 709 autem

2259 764 2380 801 eum
2404 748 2586 810 Jesus,
2612 763 2714 801 non
2750 740 2983 814 exceptis
3010 748 3216 800 escteris
3243 746 3576 815 singulariter
3603 744 3793 805 solum,

2261 838 2353 890 sed
2390 852 2497 904 pra:
2538 838 2745 889 emtcris
2787 851 2919 904 quos
2954 835 3200 903 diligebat
3245 834 3553 887 familiarius
3603 849 3794 895 unum,

2261 940 2415 993 quem
2444 924 2688 992 specialis
2726 924 3070 992 prmrogativa
3112 923 3367 975 castitatis
3405 921 3643 989 ampliori
3672 921 3799 974 dile-

2262 1014 2435 1066 ctiune
2462 1013 2660 1066 fecerat
2683 1013 2917 1079 dignum.
2940 1010 3134 1064 Omnes
3152 1010 3343 1077 quippe
3364 1022 3420 1062 se
3440 1009 3655 1077 diligere
3678 1023 3801 1076 pro-

2263 1102 2373 1165 bat,
2397 1102 2589 1169 quibus
2628 1108 2750 1153 ante
2789 1100 3084 1167 passionem
3134 1098 3364 1165 loquitur
3390 1114 3403 1149 :
3429 1095 3569 1149 Sicut
3623 1096 3801 1148 dilexit

2264 1205 2343 1240 me
2372 1187 2549 1252 Pater,
2577 1198 2623 1240 et
2643 1204 2733 1258 ego
2754 1187 2911 1240 dilexi
2939 1204 3043 1249 vos,
3068 1194 3264 1239 manete
3297 1186 3349 1237 in
3378 1185 3645 1237 dilectione
3688 1200 3804 1235 mea

2266 1275 2443 1344 (Ioan.
2474 1290 2563 1336 xv,
2591 1275 2667 1344 9).
2701 1275 2805 1328 Sed
2849 1275 2989 1328 hunc
3045 1285 3152 1342 prae
3194 1271 3437 1324 omnibus
3479 1270 3671 1337 diligit,
3710 1269 3802 1336 qui

2266 1366 2413 1433 virgo
2439 1364 2639 1417 electus
2665 1365 2732 1418 ab
2753 1363 2887 1430 ipso,
2907 1364 3057 1432 virgo
3078 1362 3129 1413 in
3152 1375 3319 1414 aevum
3345 1359 3653 1427 permansit.
3677 1359 3804 1411 Tra-

2268 1453 2398 1507 dunt
2421 1466 2648 1520 namque
2690 1445 2925 1505 historiae
2948 1451 3088 1518 quod
3114 1463 3233 1501 cum
3272 1448 3338 1501 de
3382 1448 3579 1515 nuptiis
3624 1447 3803 1501 volen-

2269 1549 2373 1593 tem
2399 1542 2598 1595 nubere
2624 1542 2919 1602 vocaverit;
2962 1549 3015 1592 et
3040 1547 3316 1607 propterea
3340 1552 3497 1605 quem
3528 1552 3558 1589 a
3604 1536 3803 1591 carnali

2269 1630 2537 1699 voluptate
2565 1638 2876 1691 retraxerat,
2910 1630 3109 1696 potiore
3151 1629 3232 1681 sui
3284 1628 3483 1681 amoris
3528 1627 3805 1681 dulcedine

631 1726 823 1778 indicio
852 1710 1055 1786 cunctis
1082 1730 1332 1789 quantum
1357 1721 1493 1774 Deus
1519 1729 1658 1774 esset
1690 1720 1939 1773 colendus
1981 1734 2162 1771 aman—
2193 1709 2238 1766 Β
2267 1720 2497 1774 donavit.
2537 1720 2771 1787 Denique
2810 1719 2933 1772 huic
2969 1718 3253 1770 moriturus
3282 1716 3333 1768 in
3375 1730 3531 1769 cruce
3558 1725 3804 1787 matrem

632 1816 833 1881 ilusque
861 1810 1258 1871 demonstravit,
1288 1810 1411 1862 dum
1456 1810 1566 1876 ipse
1595 1804 1715 1862 data
1744 1809 1959 1876 optione
1989 1806 2169 1859 mallet

632 1901 804 1954 erucis
831 1899 1007 1952 subire
1032 1904 1367 1955 tormentum,
1388 1910 1546 1962 quam
1570 1909 1599 1947 a
1620 1895 1850 1949 caelestis
1870 1894 2012 1946 verbi
2039 1908 2172 1960 prte-

633 1987 894 2041 dicatioue
911 1998 1142 2039 cessare.
1179 2002 1197 2035 ι

1185 2112 1405 2168 CAPUT
1436 2112 1609 2167 XLVI.
1648 2106 1654 2113 ’

636 2232 769 2283 Dicit
802 2230 1048 2283 Dominus
1081 2226 1287 2298 Petro_:
1327 2225 1560 2292 Sequere
1585 2239 1689 2286 me,
1736 2239 1899 2298 usque.
1919 2224 2004 2274 ubi
2049 2222 2174 2298 dici-

704 2312 789 2350 tur
820 2310 836 2348 :
870 2308 923 2351 et
956 2298 1154 2350 scimus
1173 2294 1296 2361 quia
1324 2291 1507 2345 verum
1533 2302 1616 2345 est
1640 2291 1994 2345 testimonium
2040 2291 2172 2357 ejus.

706 2429 863 2480 Vens.
890 2426 978 2479 20.
1001 2456 1069 2465 —
1096 2425 1238 2478 Dixit
1262 2424 1414 2477 Iesus
1442 2420 1596 2476 Petro
1623 2436 1640 2472 :
1666 2422 1888 2491 Sequere
1916 2438 2012 2474 me.
2043 2421 2179 2475 Con-

638 2534 807 2570 versus
828 2526 998 2569 autem
1022 2514 1365 2577 Petrus,vidit
1390 2511 1537 2564 illum
1565 2510 1890 2579 discipulum,
1923 2526 2071 2579 quem
2100 2510 2178 2561 di-

641 2606 824 2676 ligebat
848 2602 1022 2667 Iesus,
1046 2610 1350 2671 sequentem,
1369 2599 1455 2667 qui
1480 2609 1526 2651 et
1550 2598 1776 2650 recubuit
1791 2598 1844 2649 in
1867 2612 2007 2649 ctena
2030 2612 2183 2664 super

638 2704 807 2762 pectus
828 2693 959 2761 ejus.
990 2710 1009 2741 ‹
1047 2703 1071 2729 α
1102 2688 1445 2743 Commendat
1483 2686 1625 2739 enim
1660 2686 1809 2739 nobis
1844 2685 2183 2738 beatissimus

642 2781 967 2851 evangelista
1004 2788 1057 2833 et
1083 2775 1351 2845 apostolus
1373 2772 1601 2829 Joannes
1626 2775 1958 2845 privilegium
1988 2774 2185 2827 amoris

643 2870 911 2938 praecipui,
964 2882 1070 2935 quo
1111 2865 1315 2919 caeteris
1359 2864 1583 2933 amplius
1628 2865 1822 2917 meruit
1869 2864 2185 2917 honoraria

648 2957 893 3017 Domino;
924 2952 1255 3007 commendat
1281 2951 1636 3005 testimonium
1657 2951 1971 3020 evangelicae
1992 2950 2189 3005 descri-

647 3046 858 3116 ptionis,
884 3044 1021 3112 quod
1050 3046 1274 3097 veritate
1320 3044 1498 3097 divina
1548 3043 1827 3096 subnixum
1854 3044 2029 3096 nullus
2057 3042 2186 3097 fide-

648 3138 774 3188 lium
798 3136 1037 3189 dubitare
1058 3134 1410 3201 permittitur;
1442 3132 1777 3185 commendat
1796 3131 2056 3199 placidam
2078 3147 2186 3185 sua:

647 3223 822 3275 carnis
866 3220 1274 3283 absolutionem,
1302 3235 1459 3287 quam
1510 3219 1731 3272 Domino
1784 3218 2089 3286 specialiter
2130 3234 2187 3273 se

646 3310 892 3363 visitante
938 3308 1191 3377 percepit.
1225 3307 1508 3373 Postquam
1556 3306 1699 3359 enim
1736 3304 1989 3359 Dominus
2033 3304 2188 3361 Iesus

649 3399 964 3469 signiﬁcavit
1025 3398 1184 3453 Petro
1234 3413 1335 3465 qua
1385 3405 1557 3450 morte
1608 3396 1997 3451 clarificaturus
2045 3405 2187 3451 esset

654 3489 835 3552 Deum,
864 3488 1104 3555 protinus
1131 3485 1368 3553 adjungit
1397 3501 1408 3535 :
1442 3483 1661 3553 Sequere
1694 3499 1793 3536 me.
1832 3483 1909 3537 Ac
1935 3485 1980 3538 si
2009 3492 2191 3553 aperte

652 3577 793 3630 dicat
823 3593 836 3629 :
865 3575 997 3640 Quia
1032 3575 1144 3641 ipse
1172 3574 1319 3641 prius
1343 3588 1441 3640 pro
1484 3582 1571 3626 tua
1619 3574 1977 3642 redemptione
2016 3575 2192 3629 crucis

653 3664 965 3732 supplicium
990 3662 1169 3716 subire
1190 3676 1293 3714 non
1325 3662 1494 3725 timui,
1522 3663 1646 3731 quid
1672 3670 1726 3714 tu
1762 3677 1859 3731 pro
1906 3664 2009 3716 mei
2067 3679 2192 3717 con-

659 3753 885 3806 fessione
913 3752 1137 3804 nominis
1184 3765 1397 3804 crucem
1441 3752 1548 3819 pati
1585 3749 1851 3816 formides,
1876 3752 1965 3819 qui
1994 3767 2055 3805 eo
2081 3752 2190 3820 glo-

656 3842 875 3895 riosiore
914 3839 1150 3906 martyrii
1195 3839 1367 3906 palma
1418 3838 1817 3907 glorificaberis,
1848 3853 1953 3906 quo
1997 3840 2048 3891 in
2092 3840 2191 3893 bac

655 3928 1000 3997 promerenda
1047 3927 1280 3993 magistri
1327 3928 1430 3980 iter
1472 3926 1744 3994 sequeris?
1788 3926 1906 3979 Iam
1949 3941 2077 3981 vero
2125 3929 2192 3983 ab

656 4017 979 4085 evangelista
1008 4028 1113 4067 non
1142 4014 1384 4067 subditur
1402 4014 1526 4083 quid
1548 4016 1800 4082 posthaec
1838 4016 1980 4070 dicta
2016 4017 2193 4071 Domi-

665 4120 764 4158 nus
788 4112 842 4156 et
863 4101 1101 4169 discipuli
1128 4100 1375 4167 fecerint;
1409 4103 1498 4156 sed
1527 4117 1592 4155 ex
1618 4116 1682 4156 eo
1711 4111 1883 4157 tamen
1933 4104 2190 4169 innuitur,

660 4193 798 4259 quod
826 4191 1121 4258 subjungit:
1148 4186 1427 4243 Conversus
1462 4188 1665 4255 Petrus,
1692 4192 1814 4244 vidit
1855 4192 2001 4245 illum
2038 4194 2191 4247 disci-

658 4280 854 4347 pulum,
876 4294 1023 4370 quem
1048 4276 1287 4370 diligebat
1308 4276 1479 4343 Iesus,
1510 4289 1815 4345 sequentem.
1845 4279 1997 4334 Patet
2043 4297 2193 4334 nam-
2220 4314 2265 4370 υ

659 4383 761 4435 que
792 4366 912 4432 quia
939 4363 1104 4434 [cum]
1136 4366 1352 4417 dixisset
1376 4366 1533 4418 Petro
1562 4384 1574 4417 :
1608 4364 1826 4434 Sequere
1856 4382 1965 4429 me,
1993 4367 2047 4420 id
2082 4376 2189 4430 est,

658 4453 819 4523 646
853 4464 1062 4504 crucem
1087 4451 1333 4517 patiendo
1361 4466 1443 4503 me
1476 4453 1703 4515 imitare,
1733 4454 1965 4508 surrexit
1988 4454 2051 4507 de
2080 4455 2193 4510 loco

662 4538 887 4593 convivii
928 4547 981 4591 et
1010 4537 1157 4589 abire
1176 4536 1285 4605 jam
1315 4536 1491 4604 C(Bpil.
1524 4536 1747 4591 Secutus
1789 4547 1871 4591 est
1895 4547 2069 4592 autem
2096 4538 2197 4599 Pes

666 4642 775 4683 trus
797 4628 958 4681 etiam
976 4626 1180 4679 incessu
1202 4624 1410 4693 pedum,
1441 4624 1658 4691 cupiens
1680 4624 1895 4690 implere
1917 4626 2057 4692 quod
2096 4640 2193 4679 au-

665 4718 794 4770 divit
820 4732 835 4766 :
867 4713 1086 4783 Sequere
1112 4729 1223 4777 me;
1251 4721 1462 4766 secutus
1487 4721 1541 4765 et
1586 4712 1672 4766 ille
1700 4712 2006 4779 discipulus,
2035 4728 2191 4781 quem

670 4804 919 4871 diligebat
953 4800 1106 4855 Iesus
1132 4819 1143 4853 :
1167 4816 1337 4869 neque
1360 4803 1498 4855 enim
1530 4803 1813 4855 arcendum
1848 4816 1906 4855 se
1939 4818 1968 4855 a
2007 4818 2194 4858 conse-

668 4900 811 4944 ctatu
838 4889 1030 4943 Christi
1056 4890 1290 4956 putabat,
1315 4890 1402 4956 qui
1440 4906 1543 4944 non
1566 4890 1767 4942 minore
1798 4904 1855 4943 se
1880 4892 2048 4961 gratia
2069 4892 2196 4945 dile-

668 4979 859 5033 ctionis
880 4994 910 5031 a
931 4976 1144 5031 Christo
1165 4976 1490 5042 complexum
1512 4986 1749 5031 noverat.
1777 4976 1953 5046 Neque
1980 4979 2198 5033 incredi-

672 5070 771 5124 bile
796 5077 876 5123 est
904 5068 1023 5121 ideo
1044 5074 1324 5135 utrumque
1356 5068 1668 5137 discipulum
1708 5070 1964 5137 corporali
2013 5086 2195 5139 gressu

673 5159 887 5227 vestigia
914 5157 1121 5211 Domini
1145 5164 1401 5219 secutum,
1431 5160 1551 5225 quia
1579 5161 1801 5213 necdum
1830 5159 2197 5214 intellexerunt

672 5245 795 5309 quid
824 5244 1197 5321 significaverit
1219 5244 1272 5297 in
1295 5258 1359 5296 eo
1381 5247 1519 5311 quod
1557 5245 1770 5302 Petrum
1794 5260 1851 5301 se
1877 5247 2023 5315 sequi
2068 5263 2199 5315 pne-

675 5336 827 5401 eepit.
860 5335 1050 5390 Notum
1080 5346 1253 5389 autem
1285 5335 1405 5388 novi
1434 5344 1621 5391 vestra:
1646 5336 1963 5393 fraternitati
1986 5339 2105 5406 quis
2131 5340 2199 5392 sit

2266 1806 2654 1861 commendavit
2680 1822 2849 1870 suam,
2876 1816 2934 1858 ut
2965 1807 3219 1873 virginem
3242 1805 3390 1873 virgo
3434 1812 3674 1858 servaret
3709 1821 3721 1856 :
3752 1814 3809 1857 et

2269 1897 2382 1962 ipso
2411 1904 2530 1963 post
2562 1903 2783 1947 mortem
2834 1903 2889 1946 et
2935 1895 3374 1946 resurrectionem
3418 1893 3582 1946 caelos
3625 1906 3811 1945 ascen—

2271 1983 2443 2043 dente,
2474 1997 2577 2034 non
2603 1983 2807 2035 deesset
2832 1980 2945 2048 ejus
2990 1981 3229 2049 genitrici
3262 1980 3417 2041 ﬁlius,
3466 1979 3616 2046 cujus
3659 1989 3808 2033 casta

2272 2070 2379 2122 vita
2408 2069 2521 2136 ejus
2541 2071 2703 2123 castis
2724 2079 2960 2123 tueretur
2977 2069 3263 2136 obsequiis.
3289 2068 3444 2121 Ponit
3462 2078 3515 2121 et
3535 2069 3675 2122 aliud
3700 2084 3812 2122 suae

2273 2171 2513 2223 personae
2537 2157 2723 2209 beatus
2755 2141 2985 2210 Ioa'nnes
3014 2157 3265 2210 indicium
3296 2158 3618 2225 sulijungeus
3646 2175 3658 2210 :
3709 2156 3815 2220 Qui

2271 2252 2318 2294 et
2348 2244 2571 2295 recubuit
2596 2246 2649 2295 in
2674 2261 2815 2297 caena
2840 2261 2990 2312 super
3007 2254 3179 2312 pectus
3200 2245 3329 2312 ejus,
3353 2255 3398 2296 et
3428 2246 3556 2297 dixit
3586 2259 3603 2294 :
3632 2245 3813 2297 Domi-

2276 2349 2356 2396 ne,
2385 2335 2500 2401 quis
2536 2343 2608 2386 est
2633 2336 2720 2402 qui
2748 2336 2915 2387 tradet
2940 2335 3028 2386 te?
3053 2333 3163 2388 Hoc
3197 2335 3460 2402 quomodo
3493 2342 3697 2402 gestum
3725 2334 3815 2396 sit,

2276 2423 2548 2491 superiora
2572 2423 2729 2492 hujus
2754 2422 3026 2490 Evangelii
3057 2423 3170 2476 loca
3220 2422 3425 2491 plenius
3473 2423 3758 2477 ostendunt
3803 2440 3815 2474 :

2276 2512 2400 2578 quia
2429 2512 2673 2565 videlicet
2695 2512 2748 2564 in
2778 2526 2949 2575 cinna,
2981 2526 3137 2579 quam
3171 2513 3407 2566 ultimam
3446 2522 3572 2567 ante
3614 2514 3819 2580 passio-

2280 2612 2400 2650 nem
2448 2613 2569 2651 cum
2607 2598 2877 2667 discipulis
2907 2596 3151 2654 Salvator
3178 2600 3380 2663 habuit,
3416 2602 3467 2654 in
3501 2617 3606 2671 qua
3635 2617 3820 2656 eorum

2264 2689 2440 2756 pedes
2466 2687 2620 2753 lavit,
2650 2689 2833 2757 eisque
2865 2690 3102 2757 corporis
3126 2698 3180 2743 et
3203 2692 3474 2759 sanguinis
3506 2694 3584 2745 sui
3609 2694 3824 2746 tradidit

2281 2775 2533 2844 mysteria
2556 2775 2895 2839 celebranda;
2925 2776 3214 2844 discipulus
3235 2777 3340 2839 ille,
3364 2793 3529 2846 quem
3551 2779 3821 2848 diligebat,

2283 2880 2443 2932 super
2466 2872 2648 2932 pectus
2670 2864 2783 2932 ejus
2806 2866 3133 2932 recubuerit;
3185 2876 3239 2925 et
3284 2883 3403 2920 cum
3448 2869 3667 2921 dixisset
3696 2870 3773 2923 eis
3808 2888 3820 2921 :

2235 3010 2249 3031 ε
2282 2953 2461 3016 Amen,
2484 2969 2630 3005 amen
2652 2953 2766 3005 dico
2788 2952 2944 3017 vobis,
2971 2955 3091 3011 quia
3115 2972 3245 3008 unus
3273 2973 3336 3009 ea:
3364 2957 3501 3009 vobis
3528 2958 3695 3010 tradet
3718 2974 3821 3020 nte,

2286 3040 2614 3106 responderit
2636 3039 2722 3093 ille
2750 3041 3059 3109 discipulus,
3085 3043 3332 3096 innueute
3362 3043 3519 3096 Petro
3554 3053 3614 3096 ut
3662 3046 3827 3097 inter-

2283 3139 2510 3201 rogaret,
2542 3139 2597 3183 et
2620 3132 2878 3186 dixeritei
2921 3150 2932 3184 :
2971 3133 3207 3199 Domine,
3239 3137 3353 3204 quis
3380 3138 3495 3188 est?
3517 3135 3607 3189 Ait
3642 3137 3825 3191 Domi-

2283 3233 2383 3271 nus
2418 3237 2429 3271 :
2464 3218 2563 3272 Ille
2603 3228 2697 3284 est,
2727 3220 2929 3288 inquit,
2957 3223 3040 3275 cui
3066 3239 3156 3292 ego
3183 3225 3453 3278 intinctam
3479 3242 3663 3294 panem
3702 3242 3827 3295 por-

2284 3321 2480 3358 rexero.
2513 3305 2663 3371 Quod
2689 3316 2865 3361 autem
2893 3309 3180 3377 discipulus
3201 3311 3287 3365 ille
3311 3326 3469 3379 super
3497 3322 3683 3378 peetus
3716 3329 3828 3367 ma-

2287 3393 2438 3462 gistri
2459 3393 2723 3458 recubuit,
2748 3409 2850 3447 non
2871 3398 3147 3462 praesentis
3166 3396 3491 3451 solummodo
3512 3399 3827 3465 dilectionis,

2286 3483 2377 3535 sed
2402 3490 2458 3535 et
2486 3481 2649 3536 futuri
2674 3492 2790 3537 erat
2819 3485 3023 3553 signum
3072 3488 3338 3555 mysterii;
3387 3489 3713 3557 ﬁgurabatur
3750 3502 3828 3545 et-

2287 3571 2427 3626 enim
2443 3569 2554 3638 jam
2578 3580 2701 3626 tunc
2715 3572 3070 3643 Evangelium,
3086 3576 3224 3643 quod
3245 3576 3382 3629 idem
3404 3578 3691 3644 discipulus
3710 3589 3827 3633 erat

2287 3660 2598 3727 scripturus,
2630 3660 2842 3713 uberius
2869 3669 3025 3728 atque
3052 3662 3213 3714 altius
3237 3663 3445 3733 (ueteris
3489 3678 3653 3717 sacrae
3679 3665 3825 3719 Scri-

2289 3754 2457 3814 pturse
2478 3746 2683 3813 paginis
2704 3760 2897 3800 arcana
2923 3747 3114 3802 divina:
3134 3748 3425 3816 majestatis
3442 3764 3559 3804 esse
3584 3766 3827 3819 compre—

2288 3833 2598 3885 bensurum.
2616 3831 2746 3897 Quia
2762 3834 2901 3888 enim
2919 3836 2970 3888 in
2986 3844 3199 3904 pectore
3218 3835 3341 3890 Iesu
3368 3847 3492 3891 sunt
3514 3833 3696 3894 omnes
3715 3843 3829 3895 the-

2290 3918 2433 3974 sauri
2461 3919 2731 3988 sapientiae
2758 3930 2811 3975 et
2838 3923 3073 3976 scientiae
3100 3924 3390 3978 abseonditi
3423 3923 3640 3995 (Coloss.
3664 3945 3723 3991 ιι,
3752 3931 3824 3996 ὅ),

2291 4008 2481 4061 merito
2496 4024 2659 4077 super
2680 4020 2862 4078 pectus
2886 4011 3002 4079 ejus
3026 4014 3241 4066 recubat
3258 4054 3271 4075 ,
3294 4029 3448 4081 quem
3479 4017 3677 4085 majore
3697 4073 3704 4080 ,
3722 4034 3827 4072 οω-

2292 4096 2419 4147 teris
2440 4096 2708 4163 sapientia:
2738 4097 3079 4169 [etscientize]
3107 4102 3386 4168 singularis
3408 4118 3625 4156 munere
3646 4106 3826 4160 donat.

2290 4181 2730 4251 Caeteros'quippe
2753 4172 3097 4254 evangelistas
3122 4188 3363 4241 novimus
3387 4188 3534 4255 plura
3574 4190 3642 4244 de
3670 4192 3831 4247 mira-

2291 4271 2423 4323 culis
2447 4264 2609 4323 nostri
2632 4271 2937 4335 Salvatoris,
2954 4276 3198 4342 pauciora
3220 4276 3283 4329 de
3294 4274 3568 4331 divinitate
3590 4278 3823 4336 locutos:

2294 4358 2521 4414 Joannes
2536 4371 2709 4415 autem
2724 4376 2980 4430 perpauca
3000 4365 3066 4418 de
3090 4366 3327 4417 humanis
3348 4368 3587 4420 scribens
3603 4368 3826 4431 actibus,

2298 4451 2472 4518 potius
2501 4466 2557 4505 se
2581 4454 2903 4520 exponendis
2930 4454 3120 4507 divinae
3146 4462 3347 4509 natura:
3375 4455 3563 4508 indidit
3587 4458 3826 4522 arcanis;

2296 4548 2537 4605 patenter
2572 4539 2844 4592 insinuans
2865 4549 3060 4607 quanta
3104 4542 3169 4594 de
3209 4551 3422 4609 pectore
3466 4539 3591 4595 Iesu
3634 4543 3827 4599 ﬂuenta

2292 4626 2545 4680 doctrina:
2564 4626 2814 4689 cmlestis,
2840 4642 2955 4694 qua:
2979 4629 3130 4681 nobis
3159 4635 3404 4689 ructaret,
3435 4629 3691 4684 hauserit.
3726 4630 3822 4685 Se-

2294 4719 2474 4786 quitur
2503 4736 2515 4769 :
2550 4717 2738 4787 (Vens.
2764 4718 2859 4787 2i)
2889 4718 3041 4770 Hunc
3083 4734 3200 4785 ergo
3226 4734 3339 4769 cum
3375 4721 3578 4773 vidisset
3603 4720 3789 4773 Petrus
3810 4761 3825 4785 ,

2296 4809 2417 4859 dicit
2444 4807 2567 4860 Iesu
2592 4823 2610 4859 .'
2642 4809 2873 4869 Domine,
2902 4809 2986 4859 hic
3014 4817 3179 4859 autem
3200 4810 3321 4877 quid
3344 4810 3367 4861 ?
3404 4810 3537 4875 Quia
3560 4825 3619 4863 se
3642 4812 3829 4866 beatus

2297 4894 2484 4948 Petrus
2528 4897 2761 4949 audierat
2787 4909 2882 4961 per
2906 4896 3197 4961 passionem
3221 4898 3395 4949 crucis
3417 4896 3827 4953 clariﬁcatumm

2297 4998 2413 5038 esse
2442 4984 2625 5046 Deum,
2654 4982 2816 5035 voluit
2851 4982 3010 5035 etiam
3057 4982 3121 5035 de
3164 4981 3327 5034 fratre
3373 4990 3427 5034 et
3468 4968 3828 5054 condiscipulo

2296 5084 2635 5138 cognoscere,
2660 5084 2763 5137 qua
2790 5078 2929 5123 esset
2957 5071 3068 5137 ipse
3112 5078 3282 5122 morte
3306 5080 3611 5139 perpetuam
3656 5081 3827 5129 trans-

2299 5160 2469 5211 iturus
2496 5158 2561 5211 ad
2579 5158 2761 5213 vitam.
3789 5166 3803 5191 ξ

2369 5248 2526 5302 Vsus.
2558 5248 2644 5303 22.
2673 5281 2744 5290 -—
2766 5251 2896 5304 Dicit
2921 5252 2967 5303 ei
2987 5250 3138 5303 Iesus
3163 5264 3180 5300 :
3208 5250 3292 5305 Sic
3328 5264 3444 5305 eum
3474 5253 3585 5307 nolo
3622 5262 3827 5307 manere

2301 5344 2459 5396 donec
2497 5347 2656 5411 venio,
2679 5346 2801 5415 quid
2821 5345 2886 5398 ad
2912 5345 2996 5397 te?
3024 5343 3095 5396 Tu
3127 5360 3204 5397 me
3221 5358 3444 5413 sequere.
3478 5341 3611 5406 Non,
3632 5343 3824 5412 inquit,
3922 5377 3926 5380 ~

745 5500 768 5525 ι
802 5489 875 5541 Es
904 5491 1045 5543 hom.
1075 5492 1204 5545 Ven.
1235 5491 1385 5546 Beda:
1416 5494 1468 5546 in
1495 5493 1580 5547 die
1612 5495 1777 5548 sancti
1821 5493 2035 5549 Ioannis
2080 5495 2300 5562 apostoli
2331 5504 2383 5549 et
2405 5498 2753 5567 evangelista.

4160 6002 4217 6129 lt
