4262 6218
427 349 441 399 l
455 347 554 395 ικὶῆ

1201 351 1592 402 ΙὶΧΙτζιζῐζΤΙΚᾹ.
1631 377 1701 390 --
1736 350 2078 403 (ἴοιιλῑκΝτ.
2122 347 2183 401 lN
2221 348 2402 401 ΜΔΝ.
2445 380 2510 388 —-—
2546 351 2666 402 LIB.
2707 349 2807 402 ΥΠ.

3455 357 3586 432 tntis

413 468 532 504 eum
558 467 650 519 per
683 456 974 520 pas-inueni
1005 447 1240 522 martyrii
1292 457 1411 508 volo
1442 457 1824 526 consunnnari,
1856 455 1946 508 sed
1973 457 2018 510 Δ
2049 465 2345 516 exercetur,
2371 457 2595 507 activam
2621 457 2822 508 scilicet
2856 468 2904 507 et
2940 461 3422 526 t‘Jltlt'lllN-lll\';tlll,
3451 463 3589 515 desi-

413 543 609 610 absque
638 541 884 596 violentia
913 545 1262 610 persecutoris
1284 547 1420 598 diem
1449 555 1752 610 exspectare
1778 542 1951 596 novis-

411 629 624 690 simum,
661 633 870 696 quan.!o
901 633 1010 698 ipse
1033 632 1249 682 veniens
1273 646 1392 683 eum
1423 634 1472 684 in
1499 643 1695 684 aeterna
1727 631 1950 682 beatitu-

412 719 593 772 tidinis
617 723 889 774 mansione
921 723 1167 788 recipiam
1201 740 1210 772 :
1242 731 1295 775 et
1321 723 1446 789 quid
1480 723 1579 774 boe
1624 721 1687 773 ad
1739 723 1824 774 te?
1870 720 1948 772 Tu

410 797 614 861 tantum
653 811 828 879 crucis
863 811 1156 876 patibulum
1184 811 1455 864 subeundo
1495 826 1610 861 mea
1637 818 1688 862 te
1731 810 1948 873 vestigia

406 900 553 967 sequi
609 900 803 953 debere
859 911 1142 954 memento.
1189 901 1255 956 Et
1291 901 1512 966 quidem
1557 901 1692 953 lianc
1739 898 1946 952 Domini

407 992 803 1058 responsionem
839 989 1034 1044 fratres
1062 1001 1186 1044 tunc
1214 991 1466 1057 temporis
1510 990 1580 1042 ita
1629 988 1942 1043 tractabant.

405 1077 556 1142 quasi
576 1075 806 1130 Joannes
828 1092 1097 1144 nunquam
1125 1085 1265 1131 esset
1289 1077 1610 1135 morituros;
1652 1076 1800 1142 quod
1841 1091 1946 1127 uou

405 1164 478 1215 ita
503 1177 622 1217 esse
641 1164 1056 1231 intelligendum,
1081 1165 1189 1231 ipse
1213 1162 1444 1216 Joannes
1482 1152 1767 1216 admonere
1794 1176 1948 1232 cura-

406 1254 504 1315 vit,
533 1255 629 1322 qui-
668 1269 788 1308 cum
833 1255 1178 1323 prauuisisset
1213 1254 1407 1306 cxiissc
1445 1266 1740 1305 sermonem
1789 1251 1946 1309 istum

405 1344 547 1397 inter
567 1342 762 1397 fratres
777 1345 899 1412 quia
924 1342 1211 1411 discipulos
1231 1344 1317 1396 illc
1339 1358 1440 1396 non
1465 1329 1947 1401 niorituc,solerter

402 1430 594 1497 aib'ecit
623 1441 780 1498 atque
803 1432 916 1484 ait:
941 1431 1124 1498 (Vens.
1172 1429 1472 1497 25)Etn_on
1504 1429 1634 1480 dixit
1677 1429 1724 1480 ei
1769 1425 1945 1490 Iesus,

403 1536 505 1573 non
524 1523 771 1584 moritur,
796 1521 885 1572 sed
910 1522 984 1572 sic
1008 1536 1122 1572 cum
1170 1519 1280 1572 colo
1320 1534 1556 1580 manere,
1580 1517 1737 1570 donec
1779 1518 1942 1578 rcnio,

402 1607 528 1672 quid
558 1606 626 1658 ad
657 1607 743 1660 te?
778 1606 890 1671 Non
912 1621 1039 1673 (ξηζο
1063 1591 1366 1674 “nandum,
1395 1604 1518 1671 quia
1548 1603 1834 1670 discipulus
1859 1603 1872 1653 i
1897 1601 1944 1653 le

407 1711 510 1746 non
534 1695 607 1748 sit
629 1703 872 1750 mortuus
897 1695 948 1747 in
976 1709 1156 1756 carne,
1189 1697 1312 1762 quia
1361 1709 1459 1746 nec
1499 1693 1748 1744 Dominus
1783 1691 1940 1761 647

2051 552 2238 607 gnatas
2270 545 2530 611 accipere,
2572 560 2791 610 quarunt
2844 546 3014 598 activa
3059 551 3353 601 communis
3382 551 3587 617 .pupulo

2051 631 2139 683 Ib-i
2178 633 2261 686 via
2292 634 2498 684 vivendi
2527 642 2642 684 est:
2677 635 2741 684 ad
2785 634 3241 701 contctuthtivam
3285 651 3434 704 vero,
3461 632 3583 703 per?-

2048 721 2197 786 pauci
2220 759 2234 780 ,
2255 729 2308 771 ct
2338 721 2436 772 ltoc
2460 720 2468 786 Ι
2488 719 2648 780 Beda,
2682 729 2735 772 et
2765 721 2814 772 iit
2846 719 2966 791 hoc]
3019 724 3348 777 sublimiores
3390 727 3586 794 quique

2047 819 2163 876 post
2193 810 2568 876 pet-lectionem
2595 811 2692 876 pia-
2721 812 2946 863 actionis
2985 813 3293 872 ascendunt.
3329 814 3382 866 In
3407 831 3470 864 eo
3504 826 3583 868 ct-

2046 899 2185 949 enim
2208 898 2346 964 quod
2374 899 2449 948 ait
2474 898 2631 950 Petro
2657 897 2935 949 Dominus:
2959 898 3212 950 Extendi-5
3242 917 3421 953 manus
3442 914 3580 962 tuus,

2045 993 2090 1033 et
2113 983 2247 1033 alios
2277 993 2323 1034 te
2359 983 2541 1048 cinget,
2565 993 2611 1033 et
2656 986 2802 1036 tlncct
2829 1001 2929 1050 quo
2955 1001 3054 1036 non
3083 986 3174 1046 ris,
3205 987 3579 1052 perfer-tionem

2045 1073 2289 1138 mprimit
2317 1073 2499 1123 activae
2521 1073 2955 1134 conversationis,
2977 1089 3092 1138 qum
3125 1078 3470 1134 tentationum
3497 1093 3581 1126 so-

2048 1163 2117 1215 l't
2145 1165 2262 1230 igne
2283 1165 2518 1232 probari.
2550 1163 2697 1216 l.‘nde
2724 1163 2845 1215 alibi
2891 1165 2954 1216 de
3007 1179 3066 1215 ea
3112 1166 3236 1216 dicit
3281 1168 3516 1232 apertius
3565 1185 3576 1216 :

2045 1251 2192 1303 Beati
2217 1253 2304 1318 qui
2331 1240 2730 1320 persecutionem
2776 1255 3043 1321 patiuntur
3089 1265 3290 1322 propter
3324 1256 3580 1322 justitiam

2045 1340 2257 1402 (Matth.
2293 1356 2344 1402 v,
2370 1339 2477 1407 10).
2509 1340 2603 1393 Cui
2639 1350 2780 1394 recte
2807 1341 3074 1407 subiungit
3108 1342 3290 1395 dicens
3316 1361 3328 1394 :
3357 1345 3579 1410 Sequere

2045 1445 2139 1478 me.
2164 1427 2295 1492 Quia
2321 1429 2569 1481 nimirum
2590 1427 2739 1493 juxta
2762 1427 2994 1494 ejusdem
3018 1429 3153 1480 l'etri
3183 1445 3359 1482 vocem
3386 1445 3399 1481 :
3429 1431 3579 1482 Chri-

2043 1527 2162 1568 stns-
2186 1532 2367 1584 passns
2394 1526 2466 1568 est
2483 1526 2580 1582 pro
2613 1516 2777 1575 nobis,
2797 1515 3086 1582 relinquens
3112 1517 3254 1578 nobis
3275 1518 3582 1585 exemplum.

2045 1616 2096 1655 nt
2120 1602 2392 1672 sequantur
2416 1603 2624 1670 restigia
2644 1603 2755 1670 ejus
2786 1601 2834 1672 (Ι
2864 1602 3000 1655 I’ctr.
3027 1604 3209 1672 ".21).
3231 1603 3379 1668 Quod
3406 1615 3580 1659 autem

2043 1693 2169 1744 dicit
2197 1694 2262 1744 de
2306 1690 2530 1753 Joanne,
2557 1692 2641 1742 Sic
2668 1707 2784 1770 eum
2812 1690 2922 1742 colo
2953 1697 3191 1754 manere,
3215 1693 3374 1748 donec
3418 1694 3581 1750 vnio.

405 1781 506 1850 hoc
533 1783 599 1836 de
619 1781 710 1836 illo
733 1781 966 1836 futurum
997 1783 1255 1846 praedixit.
1285 1781 1350 1833 Et
1378 1780 1655 1836 Psalntista
1674 1780 1750 1832 ait
1775 1797 1786 1831 :
1816 1781 1942 1853 Quis
1975 1778 2017 1835 Β
2046 1790 2237 1847 statum
2258 1779 2677 1846 contemplatis-zu
2707 1779 2916 1829 virtutis
2947 1779 3196 1847 insinuat,
3217 1795 3336 1846 qum
3356 1797 3460 1836 non
3486 1798 3582 1850 per
3648 1850 3651 1853 τ

401 1883 474 1926 est
499 1875 674 1937 homo,
716 1875 804 1942 qui
844 1874 980 1935 civit,
1035 1882 1081 1926 ct
1117 1889 1216 1924 non
1264 1871 1446 1924 ridebit
1499 1879 1709 1922 mortem
1755 1850 1940 1937 (15ml.

404 1975 657 2024 Lxsxvui,
673 1959 788 2028 69)?
816 1951 920 2012 sed
942 1961 1013 2012 ita
1038 1960 1213 2028 potius
1232 1958 1619 2026 intelligendum
1631 1956 1770 2024 quod
1789 1966 1944 2010 czete-

403 2050 476 2101 ris
507 2049 703 2115 Christi
745 2049 1016 2118 discipulis
1060 2064 1154 2115 per
1197 2048 1490 2114 passionem
1542 2044 1938 2106 consummatis,

402 2137 514 2204 ipse
539 2139 590 2192 in
615 2151 743 2205 pace
774 2138 1020 2191 Ecclesie
1046 2139 1328 2190 adventum
1365 2151 1607 2202 superna:
1649 2133 1941 2186 vei-alimus

401 2228 808 2294 esspcctaverit,
835 2236 889 2279 et
914 2229 1015 2281 hoc
1034 2242 1156 2280 esse
1196 2227 1336 2293 quod
1372 2226 1445 2278 ait
1471 2225 1660 2277 Jesus:
1693 2226 1780 2277 Sic
1825 2240 1937 2275 eum

405 2314 516 2367 colo
544 2331 766 2377 manere,
793 2317 952 2368 donec
974 2318 1138 2377 renio,
1167 2331 1269 2368 non
1295 2315 1418 2382 quia
1457 2328 1558 2367 non
1581 2323 1633 2366 et
1663 2314 1773 2382 ipse
1806 2312 1940 2368 mul-

403 2410 484 2455 tos
506 2412 658 2457 antea
693 2403 900 2458 labores
918 2419 1012 2471 pro
1037 2404 1256 2456 Domino
1283 2416 1658 2470 pressurasque
1681 2401 1938 2454 malorum
1960 2411 1986 2420 ‘

404 2489 736 2552 toleraverit,
760 2492 850 2554 sed
875 2493 996 2559 quia
1025 2491 1266 2542 ultimum
1301 2491 1353 2542 in
1400 2505 1526 2557 pace
1545 2490 1757 2542 ‘senium
1793 2484 1965 2542 linie?

405 2578 503 2639 rit;
534 2587 591 2629 ut
615 2586 740 2645 pote
765 2578 1002 2632 ecclesiis
1027 2578 1222 2631 Christi
1250 2593 1343 2644 per
1382 2579 1562 2631 Asiam
1603 2594 1760 2645 quani
1790 2594 1937 2645 rege-

404 2663 642 2733 bat,jani
670 2667 824 2736 longe
845 2666 1049 2734 lateque
1075 2665 1323 2719 fundatis.
1351 2664 1480 2718 Nam
1525 2675 1576 2717 et
1621 2665 1672 2730 in
1724 2665 1940 2721 Actibus

403 2754 777 2822 apostolorum.
804 2771 922 2809 cum
952 2757 1158 2809 caneris
1197 2756 1447 2822 apostolis
1481 2755 1766 2822 llagcllatus
1796 2756 1938 2814 inve-

403 2845 566 2906 nitur,
597 2845 686 2911 qui
715 2843 865 2913 [Jls.,
889 2845 1121 2914 quando}
1150 2846 1288 2897 ibant
1309 2845 1586 2912 gaudentes
1610 2862 1642 2895 α
1671 2847 1936 2911 conspectu

401 2930 623 2994 concilii,
653 2932 894 3000 quoniam
921 2933 1063 2999 digiti
1105 2933 1264 2984 Imbiti
1308 2942 1422 2984 sunt
1465 2948 1557 2999 pro
1586 2920 1786 2984 nomine
1811 2930 1936 2983 lem

400 3020 754 3073 contumeliam
782 3021 890 3089 pati
947 3020 1079 3090 (Act.
1107 3036 1158 3081 v,
1186 3020 1302 3088 il);
1342 3029 1395 3073 et
1429 3036 1456 3072 a
1495 3019 1790 3073 Domitiano
1827 3021 1936 3074 Cze-

2042 1878 2263 1920 ltlttl‘lt'lll
2287 1868 2510 1919 tinienda
2537 1875 2592 1917 ut
2620 1867 2820 1928 activa;
2847 1867 2937 1918 sed
2959 1876 3074 1933 post
3100 1879 3319 1921 mortem
3357 1878 3436 1922 est
3461 1884 3582 1936 per-

2042 1957 2228 2009 lectius
2252 1956 2474 2008 Domino
2494 1956 2735 2008 veniente
2755 1955 3080 2022 complenda.
3105 1959 3319 2010 Acti-vus
3353 1973 3577 2026 namque

2041 2042 2187 2094 labor
2210 2031 2328 2114 cum
2360 2051 2530 2094 morte
2553 2037 2751 2102 deticit,
2779 2043 3075 2094 mercedem
3098 2051 3216 2108 post
3243 2052 3462 2094 umrtein
3484 2060 3574 2096 ac-

2039 2139 2290 2196 cepturus
2313 2139 2564 2181 aeternam
2601 2134 2615 2178 ε’
2640 2129 2959 2195 speculativa
2994 2138 3168 2182 autem
3192 2131 3435 2192 felicitas,
3460 2148 3577 2200 quas

2041 2219 2124 2270 hic
2150 2219 2456 2278 inchoatur,
2485 2217 2591 2270 illic
2628 2215 2744 2268 sine
2791 2216 2892 2268 line
2949 2219 3239 2285 perﬁcitur.
3270 2221 3483 2286 quando
3525 2229 3578 2272 et

2039 2323 2385 2375 supernorum
2415 2306 2700 2370 civium,ct
2728 2308 2892 2376 ipsius
2915 2308 3119 2361 Domini
3149 2311 3447 2376 prresentia.
3469 2327 3571 2363 non

2039 2415 2131 2466 per
2168 2399 2435 2467 speculum
2464 2407 2517 2449 et
2547 2398 2597 2450 in
2640 2400 2920 2466 :enigmate
2949 2401 3086 2452 sicut
3127 2416 3294 2464 nunc,
3326 2403 3414 2454 sed
3445 2403 3574 2456 facie

2037 2486 2102 2537 :.d
2131 2486 2317 2538 faciem
2339 2487 2600 2538 videbitur
2631 2485 2677 2554 (1
2721 2484 2840 2537 Cor.
2870 2487 3120 2554 xttt,1‘.?.).
3146 2489 3431 2557 Sequitur:

2109 2574 2265 2625 Vsus.
2289 2575 2374 2626 ‘24.
2397 2603 2466 2613 --
2489 2563 2674 2633 llic'est
2695 2574 2974 2641 discipulus
2990 2575 3096 2636 ille,
3118 2578 3205 2644 qui
3234 2580 3572 2630 testimonium

2036 2661 2255 2727 perhibet
2277 2662 2338 2712 de
2359 2657 2457 2722 liis,
2480 2672 2524 2712 ct
2546 2663 2746 2729 scripsit
2787 2662 2894 2713 Im'c
2915 2675 2933 2710 .'
2965 2673 3010 2713 ct
3043 2664 3231 2715 scimus
3256 2666 3376 2732 quia
3403 2681 3574 2718 verum

2036 2760 2106 2800 est
2140 2751 2482 2802 testiinonium
2503 2749 2634 2817 ejus.
2677 2749 2791 2802 Jant
2820 2750 3096 2804 manifeste
3127 2753 3312 2805 beatus
3347 2742 3575 2806 Joannes

2037 2852 2186 2890 soant
2233 2852 2508 2905 personam
2543 2840 2780 2907 designat
2805 2825 2869 2893 ex
2895 2838 3083 2902 oll‘n-io,
3115 2855 3272 2908 quam
3301 2841 3574 2909 designare

2037 2929 2166 2980 \itat
2191 2943 2252 2980 ex
2291 2929 2562 2979 vocabulo.
2597 2927 2706 2980 Non
2752 2936 2926 2981 autem
2965 2940 3342 2998 prrL-tcreunter
3372 2933 3574 2984 intuen-

2037 3017 2181 3080 dum,
2209 3017 2347 3082 quod
2375 3017 2567 3068 dicitur
2590 3033 2604 3066 :
2637 3015 2736 3079 Qui
2774 3020 3116 3070 testimonium
3143 3020 3364 3086 pcrhibet
3388 3021 3451 3070 de
3475 3022 3572 3079 liis.

402 3122 522 3160 sare
556 3108 606 3159 in
631 3107 882 3161 ferventis
908 3109 1010 3161 olei
1040 3109 1235 3160 dolium
1265 3108 1459 3160 missus
1482 3109 1535 3160 in
1578 3107 1931 3161 ecclesiastica
2034 3117 2080 3158 et
2109 3107 2308 3174 scripsit
2341 3106 2468 3157 Im'r.
2499 3107 2766 3158 l’erbiluiit
2793 3107 2984 3174 quippe
3026 3108 3382 3160 testimonium
3414 3111 3570 3162 verba

401 3203 645 3247 narratur
667 3195 920 3257 historia;
945 3212 1011 3248 ex
1032 3210 1135 3262 quo
1160 3205 1333 3247 tamen
1356 3195 1532 3249 divina
1559 3207 1614 3246 se
1633 3203 1936 3261 protegente

400 3286 588 3353 gratia,
613 3293 717 3338 tam
745 3286 972 3338 intactus
1019 3285 1234 3346 exierit,
1264 3299 1421 3352 quam
1467 3281 1637 3336 fuerat
1681 3300 1708 3336 a
1751 3299 1936 3336 corru-

403 3375 580 3440 ptione
605 3376 1044 3442 concupiscentia:
1066 3374 1295 3427 carnalis
1318 3383 1618 3450 extraneos.
1643 3372 1749 3425 Nec
1775 3373 1937 3425 multo

400 3469 516 3528 post
539 3463 604 3515 ab
627 3464 807 3516 eodem
828 3465 1082 3531 principe,
1105 3473 1320 3532 propter
1342 3463 1744 3530 insuperabilem
1779 3476 1938 3514 evan-

401 3549 1067 3616 gelizanchonstantiam,
1101 3538 1151 3602 in
1196 3549 1445 3601 Patbmos
1488 3548 1708 3600 insulam
1749 3548 1935 3601 exsilio

401 3638 684 3705 relegatur,
710 3639 1055 3704 ubibumano
1077 3640 1199 3692 licet
1223 3639 1502 3693 destitutus
1524 3637 1729 3698 solatio,
1743 3631 1934 3690 divinzn

402 3734 575 3779 tamen
601 3727 816 3780 visionis
842 3737 896 3779 et
922 3728 1252 3798 allocptionis
1287 3727 1482 3779 meruit
1525 3726 1710 3778 crebra
1742 3738 1931 3776 conso-

401 3811 594 3864 latione
620 3806 860 3867 releiiari‘.
891 3813 1124 3879 Denique
1151 3812 1348 3864 ibidem
1376 3812 1754 3879 Apocalypsin,
1779 3826 1935 3877 quam

401 3898 446 3952 ei
490 3897 740 3952 Dominus
783 3898 848 3952 de
889 3906 1029 3952 statu
1072 3897 1318 3951 Ecclesiae
1361 3898 1626 3968 przcsenti,
1654 3897 1736 3948 vel
1762 3895 1936 3949 futuro

403 3987 675 4050 revelavit,
701 4002 858 4040 manu
897 4002 992 4040 sua
1031 3987 1362 4054 conscripsit.
1395 3985 1542 4039 Unde
1571 3990 1776 4037 constat
1816 3999 1935 4051 pro-

403 4077 702 4131 missionem
732 4078 809 4131 sic
830 4079 1098 4152 manendi,
1123 4080 1288 4133 donec
1309 4077 1511 4130 veniret
1537 4075 1809 4151 Dominus,
1831 4088 1932 4126 non

401 4182 465 4220 eo
494 4168 756 4234 pertinere
781 4169 920 4234 quod
934 4170 1056 4238 sine
1086 4169 1263 4221 labore
1292 4166 1595 4220 certaminis
1623 4165 1931 4219 victurustin

402 4255 618 4317 mundo,
641 4255 733 4308 sed
769 4254 860 4308 illo
891 4257 1086 4322 potius,
1120 4256 1259 4322 quod
1301 4257 1416 4308 sine
1450 4253 1632 4307 dolore
1677 4254 1934 4320 passionis

404 4339 721 4391 transiturus
748 4347 886 4392 esset
916 4340 979 4392 de
1005 4341 1218 4392 mundo.
1267 4339 1417 4392 Sicut
1455 4340 1595 4391 enim
1637 4339 1689 4391 in
1717 4337 1930 4391 Patrum

2040 3195 2127 3246 Dei
2155 3192 2281 3263 [.lls.
2312 3203 2362 3245 et
2387 3193 2547 3253 Beda,
2576 3195 2737 3245 verbo
2764 3193 2878 3264 Dei]
2907 3195 3240 3262 pranlicando
3267 3212 3280 3258 ;
3312 3198 3577 3262 perhibuit

2035 3282 2348 3343 scribendo;
2383 3278 2652 3348 perhibuit
2695 3281 2886 3342 denuo,
2909 3282 3094 3333 eadem
3125 3297 3241 3348 qua:
3289 3285 3576 3350 scripsrrat

2034 3368 2310 3430 docendo;
2367 3367 2602 3433 perbibet
2651 3366 2808 3419 etiam
2863 3369 3383 3437 nunc,l‘lvangelium
3437 3372 3572 3437 quod

2034 3455 2310 3522 descripsit
2336 3454 2386 3505 in
2413 3453 2663 3506 Ecclesiis
2690 3453 2964 3521 legendum
2990 3456 3285 3520 pandendo.
3319 3468 3342 3492 α
3376 3456 3574 3524 [Siqui-

2033 3543 2152 3596 dem
2181 3560 2208 3595 a
2248 3553 2480 3610 tempore
2526 3543 2806 3596 DOI'IliIIJCic
2845 3543 3122 3609 passionis,
3172 3540 3574 3596 resurrectionis-

2033 3640 2088 3683 ct
2112 3631 2436 3684 ascensionis
2469 3631 2523 3682 in
2547 3630 2761 3693 cmluiu,
2785 3647 2955 3700 usque
2984 3631 3048 3682 ad
3077 3631 3257 3684 ultima
3289 3630 3569 3684 Domitiani

2034 3718 2284 3785 principis
2319 3726 2574 3784 tempora,
2622 3731 2718 3782 per
2758 3732 2922 3770 annos
2963 3718 3178 3770 circiter
3223 3720 3492 3787 sexaginta
3522 3732 3577 3774 ct

2033 3807 2267 3875 quinque
2293 3845 2307 3869 ,
2350 3807 2548 3872 absque
2578 3805 2683 3857 ullo
2710 3805 2970 3858 scribendi
3007 3805 3327 3859 adminiculo
3353 3807 3572 3859 verbum

2036 3895 2125 3947 Dei
2155 3896 2491 3962 praedicabat.
2529 3896 2596 3946 At
2637 3895 2722 3947 ubi
2767 3893 2927 3963 65.8
2952 3909 2982 3946 a
3021 3895 3336 3957 Domitiano,
3373 3894 3460 3961 qui
3492 3910 3576 3946 se-

2033 3984 2232 4035 cundus
2301 3991 2420 4050 post
2479 3983 2737 4035 Neronem
2795 3983 3212 4034 Christianorum
3269 3990 3575 4050 persecutor

2031 4075 2250 4136 exstitit,
2281 4074 2332 4126 in
2364 4073 2602 4126 exsiliunt
2651 4073 2839 4125 missus
2879 4082 2978 4133 est,
3007 4074 3352 4141 irrutnpentes
3378 4075 3429 4126 iu
3477 4074 3575 4126 Ec-

2031 4164 2245 4216 clesiain
2277 4163 2526 4219 lucretici,
2561 4161 2710 4229 quasi
2758 4162 2809 4212 in
2836 4161 3080 4230 destituta
3111 4175 3137 4209 a
3167 4168 3379 4225 pastore
3408 4161 3564 4213 ovilia

2033 4250 2158 4317 lupi,
2189 4250 2444 4310 Marcion,
2467 4250 2768 4307 Corinthus,
2794 4246 2980 4307 Ebion,
3009 4246 3288 4313 ceterique
3307 4246 3574 4299 Antichri-

2033 4338 2120 4400 sti,
2149 4339 2239 4405 qui
2264 4335 2531 4388 Christum
2557 4333 2716 4387 fuisse
2741 4342 2864 4387 ante
2899 4333 3112 4386 Mariam
3142 4334 3419 4403 negabant,
3448 4336 3575 4388 sim.

405 4424 594 4478 litteris
619 4426 932 4490 invenimus,
959 4441 1080 4480 cum
1106 4422 1260 4494 longo
1290 4425 1560 4479 confectus
1584 4425 1755 4487 senio,
1776 4426 1934 4478 sciret
1964 4397 2008 4454 ί)
2036 4427 2321 4496 plicitatem
2349 4425 2467 4478 ﬁdei
2493 4425 2806 4493 evangelica:
2833 4439 3077 4492 perversa
3122 4425 3451 4478 maculavere
3478 4426 3572 4479 do—

318 4515 322 4518 ’
406 4513 681 4569 imminere
728 4514 866 4568 diem
914 4529 1152 4569 recessus
1193 4514 1626 4578 sui,'convocatis
1667 4513 1938 4582 discipulis
2032 4519 2220 4569 ctrina.
2279 4515 2384 4569 Sed
2428 4516 2550 4568 dum
2597 4517 2708 4582 ipse
2753 4523 2873 4580 post
2907 4515 3221 4568 occisionem
3269 4512 3583 4577 Domitiani,

403 4603 513 4655 suis
539 4617 634 4670 per
661 4604 858 4655 monita
895 4601 1081 4674 [Beda,
1105 4612 1222 4672 post
1260 4603 1478 4675 monita]
1513 4605 1936 4660 exhortationum
2033 4607 2367 4673 permittente
2404 4604 2491 4670 pio
2532 4603 2768 4669 principe
2813 4601 2999 4662 Nerva,
3050 4603 3246 4654 rediret
3285 4602 3569 4672 Ephesum,

405 4705 466 4745 ac
489 4692 769 4745 missarum
792 4691 1224 4756 celebrationem,
1248 4694 1488 4748 ultimum
1519 4696 1596 4749 eis
1625 4695 1738 4749 vale
1767 4695 1892 4750 fecit
1923 4715 1935 4748 :

403 4777 589 4832 deinde
605 4776 926 4831 descendens
948 4777 999 4829 in
1018 4777 1284 4833 defossum
1309 4780 1590 4847 sepultura:
1612 4796 1720 4834 sua:
1740 4781 1937 4845 locum,

404 4863 542 4917 facta
568 4865 827 4928 oratione,
851 4865 1118 4933 appositus
1139 4874 1221 4918 est
1244 4867 1308 4918 ad
1329 4876 1506 4934 patres
1532 4882 1656 4920 suos
1679 4876 1785 4920 tam
1809 4869 1940 4921 liber

309 4970 317 4978 -
407 4964 434 5000 a
463 4950 644 5003 dolore
667 4953 877 5015 mortis,
903 4967 1060 5020 quam
1088 4967 1117 5004 a
1143 4956 1480 5020 corruptione
1516 4957 1692 5009 carnis
1735 4956 1937 5009 inveni-

407 5046 491 5091 tur
519 5037 739 5091 alienus.
765 5038 940 5108 Atque
967 5042 1039 5094 ita
1065 5041 1322 5110 completa
1345 5047 1426 5094 est
1448 5044 1675 5098 veridica
1705 5044 1793 5098 illa
1821 5043 1936 5096 Sal-

407 5125 605 5178 vatoris
645 5128 926 5188 sententia,
965 5128 1090 5193 quia
1140 5129 1216 5181 sic
1258 5127 1654 5199 eum_voluerit
1705 5144 1938 5192 manere,

409 5214 576 5267 donec
613 5214 726 5282 ipse
751 5213 972 5266 veniret.
1000 5213 1290 5270 Possumus
1316 5224 1489 5268 autem
1524 5216 1745 5283 mystice
1782 5217 1832 5269 in
1862 5219 1944 5272 his

409 5313 525 5366 qua:
550 5296 708 5369 Petro
733 5309 786 5356 et
806 5299 992 5359 Joanni
1021 5316 1048 5353 a
1079 5302 1300 5356 Domino
1321 5303 1570 5370 praedicta
1601 5311 1757 5369 atque
1782 5303 1833 5357 in
1867 5305 1945 5359 eis

411 5395 534 5441 sunt
555 5395 725 5457 gesta.
754 5391 884 5444 duas
911 5389 1159 5452 Ecclesia:
1202 5391 1360 5452 vitas,
1381 5392 1571 5458 quibus
1600 5392 1652 5443 in
1697 5394 1944 5457 praesenti

2033 4693 2331 4758 compulsus
2357 4699 2437 4742 est
2463 4691 2528 4740 ab
2551 4689 2794 4742 omnibus
2820 4705 2951 4757 pene
2989 4698 3111 4743 tunc
3136 4693 3273 4760 mite
3307 4692 3570 4769 episcopis

2040 4792 2088 4832 et
2119 4779 2400 4832 multarum
2430 4778 2782 4842 Ecclesiarum
2830 4780 3190 4847 legationibus,
3222 4781 3286 4832 de
3311 4789 3572 4834 coaeterna

2045 4867 2185 4919 Patri
2217 4867 2489 4920 divinitate
2529 4868 2724 4921 Christi
2765 4868 2924 4920 altius
2966 4867 3138 4920 facere
3165 4881 3482 4928 sermonem,
3508 4881 3576 4920 eo

2041 4954 2180 5021 quod
2208 4954 2259 5004 in
2291 4955 2449 5006 trium
2496 4955 2930 5021 cvangelistarum
2974 4954 3200 5020 scriptis,
3235 4952 3463 5005 Matthzci
3498 4953 3576 5003 vi-

2036 5041 2248 5103 delicet,
2279 5041 2456 5103 Marci,
2488 5051 2540 5094 et
2573 5040 2744 5102 Luem,
2772 5036 2836 5096 de
2874 5039 3196 5091 humanitate
3241 5037 3374 5105 ejus,
3419 5055 3482 5095 ac
3510 5041 3573 5095 de

2037 5128 2140 5188 bis,
2169 5142 2288 5193 qua:
2331 5144 2422 5194 per
2464 5127 2726 5179 hominem
2773 5127 2950 5192 gessit,
2995 5125 3254 5179 sufﬁciens
3287 5126 3384 5180 sibi
3435 5127 3572 5180 vidc-

2037 5227 2222 5268 rentur
2249 5219 2443 5271 habere
2468 5217 2846 5269 testimonium.
2894 5213 3041 5279 Quod
3082 5215 3166 5266 ille
3194 5228 3251 5268 se
3289 5227 3392 5266 non
3417 5214 3572 5266 aliter

2041 5305 2299 5358 facturum
2345 5304 2627 5372 respondit,
2671 5304 2772 5358 nisi
2821 5303 3015 5357 indicto
3050 5303 3248 5370 jejunio
3290 5314 3474 5354 omnes
3519 5300 3572 5352 in

2040 5405 2315 5443 commune
2343 5391 2619 5465 Dominum
2661 5397 3017 5458 precarentur,
3045 5397 3103 5438 ut
3147 5386 3234 5440 illo
3261 5387 3415 5454 digna
3445 5387 3573 5441 serio

479 5531 512 5599 ι.
546 5517 799 5600 ρυμξνὶιξο
832 5532 1134 5600 sequuntur
1183 5521 1389 5600 uncinis
1441 5519 1658 5582 inclusa,
1706 5520 1944 5586 superius
1981 5523 2077 5575 col.
2123 5524 2244 5586 750,
2267 5527 2424 5578 etiam
2471 5526 2664 5579 inserta
2707 5500 2962 5578 lialzentur
2989 5522 3038 5573 in
3084 5520 3314 5586 Epistula
3368 5519 3575 5600 dedica-

413 5587 547 5639 toria
569 5587 633 5640 ad
650 5586 847 5641 Gislam
872 5586 928 5638 ct
951 5589 1308 5641 Richtrudam.
