4154 6228
312 311 333 362 ί
342 311 444 364 009

966 311 1359 367 EXECETICA.
1401 342 1466 349 —-
1504 311 1740 366 EXPOS.
1787 311 1848 364 l.\'
1890 311 2097 365 EPIST.
2139 311 2194 366 S.
2236 311 2435 367 PAULI
2470 315 2559 367 AD
2596 313 2820 371 TITUM.

3345 321 3489 373 lDIO'

310 415 572 475 hliotheca
618 422 979 482 Einsicdlensi,
1013 422 1369 476 benevolentia
1417 423 1514 474 viri
1565 422 1841 474 clarissimi
1877 429 1913 479 Α
1945 422 2234 488 polationes
2286 422 2490 475 uncinis
2541 421 2886 476 discrevimus
2930 423 2978 474 in
3029 425 3358 478 commodum
3404 428 3475 479 lc-

311 487 373 541 D.
397 488 456 542 P.
489 489 738 543 Meinradi
769 489 996 543 Prenzer
1019 490 1250 554 ejusdem
1296 490 1598 557 principalis
1623 491 1847 543 emnobii
1944 487 2169 542 dorum.

313 557 507 610 alumni
536 559 852 625 accepimus,
884 566 937 611 et
960 573 1024 611 ex
1052 557 1164 626 ipso
1191 559 1306 611 cod.
1353 575 1451 610 ms.
1485 557 1635 611 nobis
1663 560 1850 625 perbe-

313 625 468 692 nigne
517 627 906 680 communicato
953 625 1363 694 descripsimus;
1407 637 1564 693 atque
1605 627 1702 679 hoc
1736 626 1849 679 loco

313 701 560 763 tanquam
588 696 868 762 genuinum
898 694 1102 747 Alcuini
1133 695 1297 748 nostri
1335 705 1543 763 partum
1584 694 1850 760 hucusque

313 761 563 815 ineditum
589 761 708 816 cum
734 763 952 815 eruditis
986 761 1451 824 communicamus,
1480 762 1631 814 fidem
1656 763 1852 815 codicis

313 843 445 895 pene
468 831 646 893 coaevi,
672 846 767 898 per
790 831 1023 898 ejusdem
1045 832 1215 884 anatis
1238 832 1547 898 scriptorem
1572 831 1849 883 conﬁrma-

315 907 439 961 tam,
467 900 651 952 secuti.

381 965 640 1021 Cteterum
667 968 803 1021 sicut
845 967 1097 1022 Alcuinus
1127 967 1178 1019 in
1218 966 1432 1034 reliquis
1464 968 1574 1020 suis
1597 967 1652 1019 in
1687 966 1850 1020 libros

313 1047 478 1106 sacrae
508 1034 791 1106 scriptura
815 1036 1211 1106 commentariis
1228 1051 1483 1103 paucae!
1504 1051 1598 1090 suo
1613 1034 1847 1106 ingenio,

313 1101 708 1173 sed_ma_ximam
728 1115 928 1173 partem
954 1119 1019 1156 ex
1043 1101 1265 1156 aliorum
1288 1113 1588 1173 sanctorum
1613 1101 1848 1173 Patrum,

311 1170 377 1221 ab
409 1170 644 1226 Ecclesia
678 1170 764 1226 diu
813 1173 1217 1238 approbatorum
1252 1171 1462 1238 scriptis
1507 1172 1850 1238 deprompsit,

311 1247 467 1304 prout
500 1238 611 1306 jam
640 1241 915 1307 aliquoties
955 1241 1272 1302 monuimus,
1312 1240 1383 1291 ita
1411 1249 1464 1293 et
1502 1240 1596 1292 hos
1637 1255 1769 1305 quos
1797 1240 1851 1290 in

312 1307 553 1361 inanibus
597 1308 849 1362 habemus
892 1308 1171 1362 Tractatus
1195 1323 1259 1361 es
1289 1307 1474 1361 iisdem
1512 1307 1846 1374 compilavit;

311 1375 559 1428 nimirum
582 1377 714 1431 duos
740 1379 944 1445 priores
969 1378 1032 1429 ex'
1069 1376 1477 1445 Commentariis
1521 1377 1689 1429 sancti
1720 1375 1846 1427 Hie-

310 1445 550 1512 ronymi;
578 1443 820 1512 ultimum
843 1460 968 1497 vero
1006 1459 1070 1497 ex
1096 1446 1264 1512 sancti
1299 1443 1514 1497 Joannis
1539 1445 1852 1512 Cbrysosto—

311 1510 381 1561 mi
409 1510 638 1565 homiliis
681 1513 730 1564 in
778 1513 1064 1579 Epistolam
1102 1512 1168 1564 ad
1214 1511 1496 1574 Hebraeos;
1543 1510 1752 1566 secutus
1780 1511 1851 1563 ibi

311 1580 604 1632 versionem
652 1580 866 1633 Mutiani
916 1580 1236 1643 scholastici,
1285 1580 1457 1646 qualis
1483 1588 1658 1633 exstat
1702 1579 1850 1632 initio

309 1654 436 1718 t_om.
489 1646 580 1701 XII
627 1647 856 1718 Operam
899 1652 1064 1703 sancti
1110 1647 1260 1701 Ioan.
1310 1647 1580 1716 Chrysost.
1627 1646 1843 1718 edit._D.

2014 558 2178 629 Porro
2202 558 2345 610 hisce
2365 557 2695 629 Tractatibns
2716 559 3002 629 lragmenta
3026 561 3260 628 quaedam
3285 561 3478 615 addere

1946 643 2050 704 non
2080 627 2432 704 importunum
2459 626 2579 704 erit,
2609 643 2672 704 ex
2699 626 2998 704 pervetusto
3017 626 3263 704 codams.
3286 629 3477 704 biblio-

1949 695 2113 766 theca
2155 694 2492 747 illustrissimi
2529 695 2738 766 capituli
2779 697 3173 766 metropolitani
3212 696 3476 766 Salisbur-

1946 764 2123 833 gensis
2171 771 2355 816 notato
2398 778 2541 833 num.
2574 763 2639 833 ΔἨ
2679 763 2962 833 descripta,
2987 766 3075 818 ubi
3116 764 3304 818 Albino
3331 767 3476 818 auri,

1946 832 2181 884 buuntur
2194 833 2378 884 breves
2397 831 2760 898 Expositioncs
2778 831 3118 898 quorumdam
3136 833 3477 898 singularium

1947 907 2206 968 textuum,
2254 899 2606 968 Epistolarum
2648 903 2812 953 sancti
2859 901 3002 953 Pauli
3042 899 3262 968 apostoli
3289 904 3354 955 ad
3378 901 3478 955 Co-

1949 967 2190 1029 rinthios,
2222 968 2288 1020 ad
2316 967 2591 1034 Ephesios,
2613 968 2678 1020 ad
2708 968 2882 1021 Titum
2909 978 2961 1022 et
2982 970 3047 1022 ad
3067 967 3332 1024 Hebraeos.
3356 970 3478 1023 Nul-

1948 1036 2028 1088 lus
2055 1035 2192 1088 enim
2220 1035 2418 1094 dubito,
2451 1035 2696 1087 Albinum
2738 1035 2883 1088 illum
2915 1052 3031 1090 esse
3060 1036 3336 1090 Alcuinum
3385 1053 3476 1090 no-

1947 1115 2130 1162 strum,
2165 1102 2312 1168 cujus
2355 1103 2493 1171 aetati
2532 1103 2728 1155 codicis
2769 1118 2976 1171 quoque
3018 1113 3144 1157 tetas
3172 1108 3476 1165 concordat.

1948 1181 2001 1225 et
2030 1171 2196 1240 stylus
2223 1171 2356 1239 stylo
2384 1170 2587 1223 Alcuini
2616 1171 2799 1224 similis
2826 1170 2924 1231 est,
2956 1182 3010 1224 ut
3034 1188 3190 1225 ovum
3219 1188 3335 1226 ovo.
3367 1172 3478 1225 Non

1949 1249 2144 1302 tamen,
2174 1241 2363 1306 inquis,
2397 1240 2678 1292 concordat
2721 1241 2978 1307 expositio
3016 1241 3197 1293 isthmc
3225 1257 3343 1294 cum
3371 1241 3476 1302 illa.

1946 1323 2062 1374 qua:
2089 1309 2156 1360 ad
2183 1309 2392 1376 eosdem
2427 1315 2598 1362 textus
2627 1307 2813 1376 legitur
2838 1309 2888 1360 in
2916 1309 3041 1375 ipsis
3066 1310 3330 1376 prioribus
3355 1309 3484 1361 Tra-

1946 1324 2062 1374 qua:
2089 1324 2156 1360 an
2183 1324 2392 1361 eosnem
2427 1324 2598 1362 textus
2629 1324 2813 1426 legitur
2838 1325 2888 1360 in
2916 1324 3041 1375 lpSlS
3066 1324 3330 1376 pl'lOl‘lDllS
3355 1324 3385 1360 ἰ
3400 1325 3484 1361 ra-

1946 1376 2172 1446 ctatibus
2201 1377 2251 1427 in
2280 1375 2537 1446 Epistolas
2573 1376 2636 1427 ad
2710 1376 2836 1446 itum
2859 1386 2918 1446 et
2958 1376 3222 1446 Hebrmos.
3251 1378 3485 1446 Respon-

1947 1445 2042 1498 (leo
2069 1443 2414 1498 differentiam
2444 1459 2547 1497 non
2586 1456 2722 1504 esse,
2767 1444 2868 1496 nisi
2914 1445 3050 1510 quod
3094 1446 3162 1498 ibi
3197 1446 3300 1498 alio
3330 1443 3484 1499 modo

1947 1526 2079 1580 pene
2105 1512 2242 1566 idem
2270 1511 2510 1580 dicatur,
2559 1520 2616 1563 ut
2658 1509 2959 1580 conferenti
2991 1512 3209 1579 patebit.
3243 1513 3377 1566 Hinc
3401 1514 3481 1565 vi-

1948 1579 2102 1634 detur
2126 1581 2238 1634 haec
2261 1579 2548 1647 fragmenta
2584 1594 2688 1631 non
2715 1594 2778 1632 ex
2803 1579 3066 1647 prioribus
3093 1582 3483 1634 commentariis

1947 1647 2402 1718 excerptagl‘uisse,
2419 1649 2520 1718 sed
2548 1647 2846 1718 singulares
2865 1647 3103 1702 fortassis
3129 1663 3254 1718 esse
3267 1664 3483 1718 respon-

307 1711 560 1793 Dernardi
592 1711 1040 1793 de'Montfaltcou.
1081 1718 1305 1793 Texturn
1345 1711 1505 1784 igitur
1534 1731 1653 1793 cum
1696 1715 1849 1793 editis
1881 1737 1921 1793 Β
1949 1711 2123 1793 siones
2151 1716 2215 1768 ad
2234 1717 2560 1793 _qu:rst_iones
2603 1711 2775 1793 super“
2796 1716 2910 1793 illos
2951 1725 3124 1793 _te_xtus
3165 1717 3262 1787 ipsi
3297 1711 3486 1787 propo-

308 1781 516 1861 illorum
545 1793 842 1861 sanctorum
872 1781 1387 1861 Patrumeeribus'
1414 1787 1750 1861 contulimus,
1780 1783 1852 1837 le—
1883 1781 1920 1793 “’
1949 1786 2096 1847 sitas,
2128 1781 2309 1851 quales
2334 1784 2502 1837 eidem
2529 1781 2717 1853 saepius
2747 1783 2859 1836 fieri
2888 1784 3142 1838 solebant.
3185 1781 3202 1787 ⁷
3231 1853 3237 1861 Α

308 1851 508 1905 ctioncs
538 1854 799 1908 variantes
822 1861 875 1906 et
906 1853 1113 1906 Alcuini
1157 1853 1451 1906 additiones
1498 1863 1653 1920 atque
1688 1855 1850 1906 inter-

871 2080 1030 2152 650
1068 2078 1579 2141 EXPLANATIO
1620 2078 1694 2136 ΙΝ
1744 2075 2188 2135 EPISTOLAM
2241 2076 2469 2135 PAULI
2522 2075 2627 2134 AD
2680 2076 2945 2134 TITUM.

881 2266 1241 2321 PREFATIO

377 2377 522 2430 Hanc
549 2376 825 2445 epistolam
847 2375 1032 2429 scribit
1069 2374 1350 2442 Apostolus
1378 2389 1406 2425 a
1433 2371 1698 2439 Nicopolis
1722 2369 1850 2423 civi-

311 2473 437 2530 tale,
479 2479 596 2533 qua:
634 2465 735 2518 sita
759 2471 840 2518 est
869 2464 921 2516 in
961 2461 1210 2516 Hactiaco
1258 2458 1516 2531 [Actiaco]
1551 2460 1746 2519 littore,
1784 2455 1848 2508 ad

312 2556 488 2608 Titum
517 2554 831 2623 discipulum
872 2567 1023 2607 suum
1068 2560 1123 2605 et
1150 2553 1202 2604 in
1236 2550 1448 2605 Christo
1478 2548 1664 2610 ﬁlium,
1691 2559 1847 2612 quem

308 2644 478 2697 Crete
497 2643 678 2696 insula:
697 2641 982 2709 reliquerat
1008 2642 1074 2693 ad
1094 2641 1343 2694 ecclesias
1363 2637 1712 2692 instruendas.
1745 2633 1848 2687 No-

309 2731 405 2784 luit
444 2731 584 2786 enim
619 2745 713 2784 sua
752 2730 987 2784 absentia
1033 2728 1312 2783 Cretenses
1341 2729 1393 2780 in
1426 2729 1641 2794 antiquo
1668 2739 1849 2778 errore

310 2834 640 2889 permanere,
663 2834 692 2872 a
714 2819 904 2888 quibus
931 2818 1157 2886 primum
1184 2816 1488 2869 idololatria)
1516 2814 1716 2866 semina
1738 2811 1847 2879 pul-

311 2908 560 2961 lularunt.
606 2906 672 2961 Et
714 2906 836 2959 dum
882 2906 1058 2959 Titum
1103 2904 1301 2973 rogavit
1349 2909 1562 2973 propter
1598 2900 1848 2968 praedica-

312 2997 469 3050 tionis
497 2996 860 3051 necessitatem
896 2996 961 3049 ad
987 3010 1042 3048 se
1071 2995 1268 3056 venire,
1299 2992 1537 3061 pmcipit
1563 2989 1632 3043 ibi
1670 2987 1849 3040 venire

309 3084 596 3137 Artheman
628 3091 719 3137 aut
743 3082 1036 3146 Tichicnm,
1067 3097 1290 3150 quorum
1320 3079 1555 3133 doctrina
1583 3085 1634 3130 et
1664 3073 1850 3128 solatio

311 3173 613 3227 foverentur
633 3171 926 3226 Cretenses.

812 3305 1031 3360 CAPUT
1056 3305 1334 3360 PRIMUM.

380 3418 534 3471 Vsus.
563 3415 614 3469 1.
640 3445 711 3455 -
751 3414 948 3470 Paulus
996 3433 1167 3470 servus
1219 3417 1330 3481 Dei,
1374 3416 1635 3487 apostolus
1682 3426 1850 3469 autem

310 3503 500 3557 Christi
533 3503 681 3557 Iesu.
710 3515 734 3543 ι
765 3503 820 3557 In
866 3505 1097 3574 Epistola
1127 3507 1193 3558 ad
1233 3505 1499 3559 Romanos
1537 3506 1607 3557 ita
1635 3518 1853 3558 exorsus

309 3603 426 3648 est:
472 3590 670 3647 Paulus
715 3609 887 3646 servus
915 3593 1040 3646 Iesu
1079 3593 1288 3656 Christi,
1316 3603 1520 3645 vocatus
1556 3591 1850 3659 apostolus:

311 3685 364 3736 in
399 3683 497 3737 hac
530 3690 705 3736 autem
733 3696 942 3737 servum
986 3697 1042 3736 se
1086 3681 1178 3735 Dei
1205 3680 1372 3744 dicit;
1405 3680 1696 3748 apostolum
1728 3693 1853 3734 vero

311 3771 504 3826 Christi
529 3769 673 3833 Iesu.
721 3771 775 3824 Si
801 3772 940 3825 enim
967 3771 1124 3825 Pater
1163 3779 1216 3824 et
1242 3770 1408 3824 Filius
1433 3785 1593 3823 unum
1636 3777 1773 3832 sunt,
1801 3777 1856 3823 et

311 3863 401 3932 (ιυί
433 3861 718 3915 crediderit
743 3862 794 3913 in
837 3861 1050 3924 Filium,
1077 3861 1246 3916 credit
1274 3863 1326 3915 in
1355 3863 1586 3924 Patrem,
1626 3862 1855 3915 servitus

312 3965 522 4020 quoque
563 3948 921 4003 indiﬂ'erenter
942 3951 1162 4017 apostoli
1191 3950 1335 4003 Pauli
1365 3950 1438 4020 [et
1463 3953 1697 4004 omnium
1729 3966 1853 4004 san-

313 4038 540 4110 ctorum]
584 4039 650 4093 ad
690 4038 899 4092 Patrem
944 4047 1026 4093 est
1054 4037 1348 4101 referenda,
1396 4037 1480 4091 vel
1523 4038 1590 4090 ad
1632 4036 1850 4100 Filium,

314 4133 458 4202 [quia
480 4146 616 4185 unus
638 4131 778 4185 Deus
801 4138 883 4185 est
917 4129 1076 4184 Pater
1098 4139 1151 4185 et
1186 4130 1366 4193 Filius,
1394 4138 1448 4184 et
1471 4146 1576 4183 una
1601 4130 1855 4184 servitute

311 4220 561 4276 colendus
588 4229 687 4278 est.
718 4218 843 4274 Haec
871 4227 1045 4273 autem
1075 4220 1300 4273 servitus
1325 4219 1597 4273 charitatis
1621 4227 1719 4282 est,
1749 4233 1852 4272 non

1950 2266 2090 2319 sunt,
2120 2258 2212 2310 sed
2237 2254 2408 2309 electi.
2447 2254 2743 2308 Electorum
2789 2268 2994 2321 quoque
3037 2256 3269 2323 ipsorum
3299 2271 3483 2323 magna

1950 2348 2226 2402 diversitas
2252 2353 2354 2409 est,
2396 2360 2490 2414 pro
2511 2346 2766 2399 varietate
2795 2360 3030 2413 operum,
3059 2337 3305 2401 sensuum
3331 2357 3485 2415 atque

1947 2423 2266 2488 sermonum.
2298 2432 2438 2502 [ideo
2467 2434 2700 2486 addidit:
2751 2433 3042 2487 Secundum
3070 2437 3377 2504 agnitionem
3410 2453 3488 2489 ve-

1949 2522 2132 2582 ritatis,
2158 2520 2206 2573 id
2243 2529 2343 2581 est,
2373 2520 2462 2586 qui
2487 2519 2772 2572 secundum
2799 2519 2955 2573 fidem
2982 2521 3177 2574 habent
3215 2523 3488 2577 scientiam

1951 2609 2208 2663 veritatis.
2257 2608 2324 2662 Ut
2363 2615 2644 2678 utrumque
2685 2607 2983 2671 concordet,
3019 2615 3073 2661 et
3116 2608 3244 2662 ﬁdes
3285 2625 3406 2663 vera
3436 2619 3490 2666 et

1951 2698 2182 2766 cognitio
2207 2697 2462 2760 veritatis,
2491 2695 2725 2750 addidit:
2773 2694 2898 2760 Qum
2944 2696 3217 2749 secundum
3255 2698 3488 2764 pietatem

1951 2795 2022 2837 est
2047 2803 2066 2848 ;
2096 2786 2217 2852 quia
2248 2785 2486 2852 quaedam
2518 2784 2712 2837 veritas
2740 2799 2841 2836 non
2885 2794 2966 2838 est
3004 2785 3285 2839 secundum
3325 2786 3488 2855 pieta-

1954 2880 2080 2935 tem,
2132 2879 2191 2923 ut
2243 2872 2604 2940 grammatica,
2655 2871 2945 2935 dialectica,
2996 2875 3282 2941 geometria
3333 2884 3489 2945 atque

1874 2954 1919 3016 C
1951 2959 2279 3012 arithmetica
2312 2957 2350 3028 :]
2385 2958 2577 3011 habent
2615 2957 2754 3011 enim
2796 2958 2876 3011 hae
2922 2970 3062 3012 artes
3089 2975 3267 3014 veram
3313 2964 3483 3017 scien-

1952 3048 2075 3100 tiam
2103 3055 2244 3101 recte
2273 3047 2537 3116 loquendi,
2570 3046 2661 3100 sed
2679 3062 2782 3100 non
2804 3053 2884 3099 est
2909 3047 3127 3101 scientia
3147 3048 3232 3101 illa
3257 3051 3483 3119 pietatis.

1952 3136 2180 3190 Scientia
2211 3137 2420 3205 pietatis
2439 3143 2518 3189 est
2539 3151 2691 3190 nosse
2719 3136 2887 3206 legem
2915 3136 3027 3201 Dei,
3060 3138 3344 3208 intelligere
3367 3156 3487 3209 pro-

1952 3224 2152 3290 phetas,
2185 3223 2520 3293 Evangelium
2563 3224 2796 3288 credere,
2837 3225 3188 3295 apostolon
3222 3228 3359 3283 dicta
3387 3243 3490 3283 non

1955 3317 2220 3383 ignorare,
2254 3312 2329 3383 [et
2352 3321 2606 3381 quantum
2624 3315 2817 3368 bonum
2847 3316 2935 3377 sit,
2966 3317 3126 3370 Deum
3150 3332 3214 3370 ex
3245 3325 3351 3371 toto
3375 3333 3494 3373 cor-

1953 3406 2035 3467 de,
2067 3419 2131 3457 ex
2160 3411 2265 3456 tota
2305 3405 2479 3456 anima
2511 3413 2564 3456 et
2588 3406 2830 3458 omnibus
2857 3407 3056 3460 viribus
3083 3407 3342 3479 diligere.]
3372 3410 3492 3464 Haec

1953 3501 2127 3545 autem
2172 3491 2386 3553 veritas,
2439 3490 2588 3558 cujus
2631 3492 2861 3558 cognitio
2911 3494 3194 3546 secundum
3241 3497 3491 3564 pietatem

1952 3591 2051 3646 est,
2085 3581 2264 3652 (Vsus.
2295 3581 2350 3649 2)
2396 3583 2452 3634 in
2496 3598 2582 3649 spe
2627 3582 2741 3635 vita
2786 3591 2988 3635 a'ternae
3023 3584 3192 3651 posita
3233 3594 3331 3650 est,
3370 3588 3493 3656 quia

1952 3671 2130 3726 statim
2157 3671 2206 3724 ei
2245 3671 2333 3740 qui
2360 3686 2475 3725 eam
2514 3673 2838 3740 cognoverit,
2870 3673 3143 3741 praemium
3184 3675 3367 3728 tribuit
3394 3678 3491 3732 im-

1953 3759 2329 3823 mortalitatis;
2377 3761 2575 3828 absque
2613 3760 2808 3827 pietate
2857 3776 2979 3814 vero
3021 3763 3205 3816 notitia
3254 3765 3493 3823 veritatis

1956 3849 2178 3904 delectat
2204 3848 2269 3902 ad
2288 3862 2542 3916 prmsens,
2569 3847 2660 3902 sed
2686 3849 3030 3903 eternitatem
3059 3864 3163 3903 non
3185 3851 3342 3906 habet
3359 3867 3490 3921 pm-

1955 3941 2203 4004 miorum,
2230 3953 2384 4009 quam
2400 3938 2630 4008 promisit
2652 3953 2751 3991 non
2770 3925 2988 3992 mendas:
3012 3938 3146 3992 Deus
3167 3950 3284 3994 ante
3302 3943 3498 4002 sarcula.

1955 4038 2189 4085 aeterna:
2233 4036 2287 4083 et
2323 4028 2502 4098 (Vsus.
2547 4027 2602 4098 5)
2648 4027 2989 4096 manifestavit
3035 4042 3150 4083 eam
3189 4013 3498 4099 temporibus

1953 4121 2061 4172 suis
2083 4120 2135 4173 in
2162 4107 2373 4174 Christo
2396 4118 2538 4173 Iesu.
2563 4117 2656 4172 Cui
2680 4126 2851 4172 autem
2873 4127 2991 4173 ante
3004 4121 3264 4188 promisit,
3281 4131 3334 4176 et
3353 4134 3494 4192 post-

1956 4228 2016 4267 ea
2051 4211 2177 4266 fecit
2214 4212 2566 4280 perspicuam,
2611 4210 2711 4262 nisi
2750 4210 3020 4276 sapientiai
3068 4226 3195 4277 sure,
3227 4227 3344 4280 quae
3379 4224 3494 4268 erat

313 4309 441 4378 legis
471 4308 661 4361 litterae
688 4322 805 4376 qua:
830 4308 1043 4370 occidit,
1083 4308 1176 4360 sed
1217 4307 1434 4375 spiritus
1459 4308 1551 4376 qui
1577 4306 1850 4379 viviﬁcat.]
1883 4323 1929 4381 ι)
1954 4313 2162 4366 semper
2186 4311 2304 4351 cum
2345 4295 2520 4359 Patre.
2550 4310 2668 4350 cum
2704 4295 2969 4348 [ﬂaretur
3008 4297 3135 4350 orbe
3158 4298 3415 4365 perfecto,
3441 4313 3494 4355 et

317 4400 511 4454 Servus
540 4398 631 4451 Dei
653 4397 738 4452 ille
763 4404 864 4461 est,
892 4396 982 4464 qui
1009 4410 1114 4449 non
1141 4403 1224 4449 est
1252 4410 1436 4450 servus
1460 4400 1660 4464 peccati
1684 4415 1697 4460 ;
1737 4398 1858 4465 quia

316 4489 479 4540 omnis
518 4489 603 4558 qui
640 4487 762 4555 facit
803 4495 1087 4555 peccatum,
1128 4500 1301 4538 servus
1329 4493 1402 4536 est
1446 4486 1637 4553 peccati
1676 4485 1856 4554 (Ioan.

316 4592 434 4642 νιιι,
465 4579 574 4645 at).

387 4663 659 4733 Apostolus
677 4675 848 4719 autem
873 4667 998 4721 Iesu
1025 4666 1233 4721 Christi.
1263 4666 1524 4721 Grandem
1548 4665 1646 4720 sibi
1667 4664 1860 4718 Paulus

321 4757 457 4807 inter
491 4752 819 4808 Christianos
861 4751 1090 4834 vindieat
1126 4757 1532 4812 auctoritatem:
1565 4754 1856 4826 apostolum

320 4844 515 4899 Christi
544 4843 696 4898 titulo
719 4837 1050 4912 praenotavit‘,
1079 4855 1135 4899 ut
1158 4863 1222 4901 ex
1248 4850 1355 4915 ipsa
1382 4847 1610 4901 lecturos
1635 4846 1860 4900 nominis

322 4935 633 4988 auctoritate
677 4941 919 4996 terreret,
965 4933 1038 5004 [et
1074 4935 1327 4987 excitaret
1371 4935 1435 4986 ad
1464 4935 1710 4988 timorem
1754 4949 1860 4987 sua:

321 5021 707 5088 praedicationis
731 5021 769 5093 :]
801 5021 1037 5085 indicans
1069 5037 1252 5076 omnes
1292 5021 1381 5089 qui
1411 5020 1464 5072 in
1499 5020 1709 5074 Christo
1747 5036 1860 5074 cre—

321 5114 524 5170 derent,
557 5111 746 5164 debere
787 5112 887 5166 sibi
912 5125 1028 5166 esse
1065 5111 1344 5178 subjectos.
1377 5108 1669 5161 Secundum
1706 5110 1856 5175 ﬁdem

321 5201 595 5254 electorum
639 5199 731 5252 Dei
776 5212 822 5254 et
867 5204 1174 5271 agnitionem
1217 5200 1479 5252 veritatis.
1509 5199 1857 5254 Referendum

322 5292 494 5346 estad
535 5289 822 5360 superiora.
869 5293 1007 5358 quod
1048 5292 1257 5345 intulit:
1299 5290 1493 5343 Paulus
1534 5307 1706 5343 servus
1747 5291 1857 5349 Dei,

322 5380 585 5448 apostolus
621 5388 788 5434 autem
833 5377 1022 5433 Christi
1062 5381 1206 5435 Iesu.
1253 5379 1540 5434 Secundum
1569 5380 1720 5444 ﬁdem
1766 5379 1861 5431 elc‘

322 5474 523 5520 ctorum
569 5468 683 5533 Dei,
729 5469 780 5522 id
825 5476 921 5529 est,
969 5482 1152 5522 eorum
1181 5472 1268 5538 qui
1312 5484 1413 5522 non
1458 5477 1657 5520 tantum
1697 5470 1862 5521 vocati

1960 4388 2210 4458 gauderet
2236 4399 2393 4454 super
2419 4383 2552 4438 ﬁlios
2573 4384 2862 4449 hominum,
2888 4393 2941 4438 et
2968 4386 3267 4453 repromisit
3287 4387 3364 4439 eis
3384 4390 3495 4456 qui-

1962 4491 2167 4545 cunque
2192 4476 2245 4529 in
2272 4475 2359 4528 illa
2387 4473 2636 4528 credituri
2663 4481 2857 4538 essent,
2897 4474 3170 4529 habituros
3194 4489 3308 4529 esse
3332 4459 3490 4530 vitam

1959 4565 2254 4620 aeternam?
2279 4565 2574 4634 Antequam
2603 4563 2747 4618 orbis
2783 4563 2982 4633 iaceret
3016 4563 3369 4627 fundamenta,
3399 4579 3492 4619 an-

1963 4667 2170 4724 tequam
2200 4656 2367 4710 maria
2407 4654 2744 4718 diﬂ'underet,
2768 4662 2974 4707 montes
3007 4662 3279 4718 statueret,
3307 4655 3496 4710 omium

1960 4743 2322 4813 suspenderet,
2376 4753 2569 4796 terram
2627 4741 2824 4807 dejecta
2878 4741 3016 4797 mole
3068 4744 3333 4807 solidaret,
3386 4745 3494 4797 haec

1960 4823 2267 4903 repromisit.
2301 4835 2459 4895 Deus,
2501 4834 2553 4885 in
2586 4847 2688 4898 quo
2717 4832 3044 4886 mendacium
3082 4849 3184 4887 non
3221 4843 3336 4887 est:
3381 4847 3484 4885 non

1959 4929 2081 4998 quia
2109 4928 2274 4999 possit
2297 4923 2525 4986 mentiri,
2554 4922 2596 4975 si
2636 4920 2795 4975 nollet
2825 4920 3016 4991 [Hier.,
3048 4933 3100 4977 et
3142 4921 3290 4990 nolit]
3318 4922 3369 4973 in
3399 4921 3493 4975 τει-

1959 5017 2128 5071 sitatis
2153 5015 2312 5068 verba
2336 5025 2676 5082 prorumpere
2699 5026 2711 5073 ;
2744 5010 2834 5064 sed
2859 5012 2981 5079 quia
3009 5012 3096 5080 qui
3134 5010 3289 5062 Pater
3312 5009 3379 5063 sit
3405 5025 3497 5063 ve-

1962 5104 2130 5158 ritatis
2173 5101 2247 5173 [et
2288 5103 2397 5170 ipse
2425 5096 2626 5166 verax],
2677 5097 2874 5150 nullum
2904 5098 2956 5150 in
2998 5112 3053 5151 se
3092 5103 3260 5164 potest
3302 5096 3498 5150 habere

1964 5193 2310 5249 mendacium.

2034 5285 2145 5339 Non
2185 5283 2381 5348 absque
2418 5294 2472 5331 re
2511 5278 2714 5331 videtur
2742 5278 2969 5330 breviter
3009 5277 3359 5344 perstringere
3398 5291 3497 5330 cur

1968 5376 2102 5427 Deus
2126 5373 2265 5426 solus
2290 5384 2472 5430 veras,
2513 5376 2565 5420 et
2608 5370 2778 5421 omnis
2811 5368 2966 5421 homo
3011 5365 3228 5418 mendax
3259 5364 3520 5432 Apostoli-

1971 5477 2095 5515 voce
2125 5458 2366 5512 dicatur?
2409 5456 2471 5509 Et
2499 5456 2596 5509 nisi
2629 5455 2792 5516 fallor,
2826 5454 3080 5521 quomodo
3118 5452 3260 5504 solus
3301 5453 3498 5506 habere

397 5584 419 5610 ι
470 5573 540 5624 Es
595 5574 648 5626 S.
703 5575 1006 5643 Hieronymi
1058 5575 1443 5628 Commentario
1491 5575 1539 5627 in
1585 5573 1746 5641 Epist.
1796 5574 1858 5625 ad
1900 5573 2087 5625 Titum.
