4154 6222
334 365 465 418 1013

1001 368 1394 424 ΕΧΕΟΕΤΙΩΑ.
1435 370 1502 410 -ὲ-
1541 372 1776 424 EXI‘OS.
1823 369 1881 421 ΙΝ
1930 367 2142 422 EPIS'E.
2200 373 2254 424 S.
2289 374 2486 427 PAL'LI
2524 375 2609 425 AD

1232 371 1394 424 TICA.
1435 370 1502 410 4——
1541 372 1776 424 EXI‘OS.
1823 369 1881 421 ΙΝ
1930 367 2142 422 EPIS'E.
2200 373 2254 424 S.
2289 374 2486 427 PAL'LI
2524 375 2609 425 AD
2650 376 2872 431 'l'l'lUM.

3375 385 3507 436 4014

329 485 395 527 tet
431 476 565 526 enim
606 475 893 542 episcopum
930 477 1037 528 sine
1081 477 1288 529 crimine
1326 494 1457 538 esse,
1494 488 1735 545 tanquam
1773 477 1864 528 Dei
1895 477 1939 531 Α
1965 477 2138 543 scopis
2164 494 2266 530 non
2295 480 2452 533 licere
2484 484 2708 536 transire
2734 483 2799 537 de
2831 485 3049 538 ecclesia
3082 496 3173 538 aut
3197 489 3261 540 de
3291 489 3502 542 civilate

328 564 747 630 dispensatorem.
775 563 915 616 Idem
953 573 1034 617 est
1064 579 1191 632 ergo
1216 566 1506 633 presbyter,
1546 567 1633 632 qui
1669 575 1721 618 et
1761 566 1869 631 epi-

329 665 520 716 scopus
549 662 572 692 ι
609 667 622 702 :
654 659 708 702 et
745 659 1027 720 antequam
1063 652 1251 710 diaboli
1291 653 1539 706 instinctu
1569 652 1739 706 studia
1767 651 1867 721 [di—

329 737 504 808 versa]
534 740 584 791 in
623 740 875 809 religione
903 742 1257 794 ecclesiastica
1289 741 1493 806 ﬁerent,
1524 752 1576 796 et
1607 743 1869 796 diceretur

331 831 384 884 in
414 831 616 899 populis
647 850 657 882 :
689 831 798 898 Ego
825 849 935 884 sum
967 832 1152 896 Pauli;
1190 849 1280 900 ego
1317 831 1528 899 Apollo;
1571 849 1660 900 ego
1697 842 1865 884 autem

331 917 514 986 (Iephte
539 916 590 986 (Ι
611 917 728 970 Cor.
761 934 798 980 ι,
828 919 930 987 12),
957 921 1218 972 communi
1242 922 1666 988 presbyterorum
1695 923 1866 974 consi-

330 1005 656 1059 lio'eeclesia:
680 1007 1124 1074 gubernabantur.
1143 1007 1424 1075 Postquam
1445 1021 1570 1062 vero
1590 1011 1868 1076 unusquis—

328 1109 432 1162 que
457 1108 549 1148 eos
567 1109 701 1160 quos
724 1093 1096 1162 baptizaverat,
1123 1097 1336 1162 putabat
1354 1110 1496 1160 suos,
1524 1112 1626 1150 non
1648 1098 1864 1161 Christi,

325 1182 380 1234 in
407 1189 517 1236 toto
547 1183 676 1236 orbe
713 1185 980 1238 decretum
1009 1195 1127 1248 est,
1171 1195 1227 1238 ut
1264 1203 1401 1240 unus
1437 1188 1501 1240 de
1543 1190 1868 1258 presbyteris

324 1273 527 1327 electus
554 1283 992 1340 superponeretur
1015 1276 1241 1338 ceteris,
1272 1277 1338 1330 ad
1361 1292 1518 1343 quem
1540 1279 1712 1331 omnis
1739 1295 1864 1332 cura

323 1358 572 1414 Ecclesite
595 1361 911 1428 pertineret.
942 1371 995 1415 et
1023 1363 1362 1418 schismaium
1397 1365 1595 1417 semina
1620 1365 1865 1419 tolleren-

324 1457 411 1500 tur
434 1467 446 1500 :
472 1446 633 1519 [quod
663 1463 726 1502 ex
751 1451 988 1517 epistolis
1011 1451 1131 1504 aliis
1152 1452 1385 1519 ejusdem
1413 1453 1630 1520 apostoli
1653 1455 1864 1520 probari

321 1539 544 1605 poterit;
574 1538 656 1590 vel
685 1539 843 1592 etiam
894 1553 961 1590 ex
1003 1539 1220 1593 Actibus
1259 1543 1643 1608 apostolorum,
1672 1545 1758 1596 ubi
1790 1544 1865 1596 di-

319 1629 478 1692 citur,
507 1643 724 1683 vocasse
750 1629 967 1683 Paulum
993 1631 1058 1683 de
1096 1630 1298 1699 Epheso
1335 1634 1716 1704 presbyteros,]
1743 1635 1862 1702 qni-

321 1719 418 1773 bus
448 1707 628 1789 postea
655 1722 792 1774 inter
814 1730 1003 1776 cetera
1032 1723 1102 1775 sit
1138 1721 1340 1774 locutus
1379 1739 1391 1772 :
1435 1722 1688 1775 Attendite
1724 1725 1859 1776 vobis

1969 563 2033 616 ad
2060 567 2336 620 ecclesiam
2365 579 2596 634 qumstus
2630 586 2805 624 causa.
2847 571 2978 636 Quia
3012 589 3162 626 rarus
3199 584 3280 626 est
3315 576 3402 641 qui
3442 578 3504 629 de

1967 655 2152 721 majori
2189 665 2243 708 et
2273 656 2429 725 653
2477 657 2651 710 ditiori
2688 661 2912 713 transire
2952 661 3125 726 cupiat
3159 661 3223 713 ad
3250 664 3503 716 minorem

1964 745 2016 790 et
2035 743 2452 813 pauperculam]
2475 741 2640 796 Filios
2665 746 2852 798 habens
2873 747 3069 812 ﬁdeles,
3092 765 3189 800 non
3219 750 3270 800 in
3297 764 3505 801 accusa—

1965 827 2101 878 tione
2129 827 2370 892 luxurice,
2393 841 2480 882 aut
2515 849 2615 884 non
2647 834 2873 885 subditos
2896 844 3136 900 peccato.
3177 835 3289 888 Non
3325 838 3501 904 itaque

1956 911 2130 978 justus
2157 917 2408 983 polluitur
2427 934 2493 972 ex
2521 921 2664 975 vitiis
2693 923 2937 985 ﬁliorum,
2967 924 3058 976 sed
3086 924 3300 979 libertas
3329 925 3509 997 [casti-

1965 1004 2118 1070 gandi
2147 1005 2296 1076 alios]
2325 1007 2572 1061 Ecclesia:
2592 1011 2812 1078 principi
2836 1013 2899 1064 ab
2915 1012 3162 1078 Apostolo
3182 1024 3505 1067 reservatur.

1968 1094 2260 1162 [Quomodo
2286 1097 2540 1151 festucam
2578 1101 2796 1153 alterius
2825 1103 2890 1154 de
2924 1104 3076 1155 domo
3103 1103 3266 1155 altera
3299 1100 3503 1173 (Suppl.

1967 1184 2169 1253 tollere)
2201 1195 2392 1252 potest,
2416 1188 2503 1254 qui
2527 1189 2728 1241 trabem
2758 1190 2914 1244 habet
2942 1193 2993 1242 in
3023 1191 3248 1245 ﬁliorum
3277 1194 3508 1261 peccatis

1966 1271 2016 1322 in
2047 1287 2138 1323 sua
2161 1274 2353 1327 domo?
2375 1275 2517 1327 Talis
2535 1276 2672 1327 enim
2697 1277 2853 1330 debet
2873 1282 3146 1346 episcopus
3166 1294 3301 1342 esse,
3325 1288 3384 1332 ut
3405 1295 3506 1332 non

1964 1362 2146 1414 timeat
2173 1372 2388 1430 propter
2429 1366 2554 1416 vitia
2593 1365 2876 1422 liberorum
2911 1377 3192 1422 extraneos
3232 1369 3509 1435 reprehen-

1963 1450 2120 1513 dere,
2164 1467 2229 1504 ne
2274 1450 2406 1505 forte
2450 1454 2695 1519 quislibet
2740 1456 2930 1508 tacitus
2959 1457 3132 1509 frater
3174 1457 3506 1526 respondeat,

1963 1555 2125 1607 quare
2159 1529 2408 1609 proprios.
2426 1542 2619 1596 liberos
2655 1558 2754 1595 non
2787 1545 3064 1596 emendare.
3091 1559 3271 1598 curam
3312 1546 3510 1599 habes?

1967 1631 2020 1682 Si
2050 1631 2188 1684 enim
2221 1641 2433 1699 peccata
2468 1633 2694 1686 ﬁliorum
2726 1634 2792 1685 ab
2829 1634 3128 1702 episc0patu
3155 1633 3355 1699 justum
3383 1651 3507 1703 pro—

1965 1719 2164 1781 hibent,
2194 1730 2388 1787 quanto
2415 1723 2581 1789 magis
2607 1724 2816 1790 propria
2842 1731 3052 1790 peccata
3091 1732 3360 1776 removere
3386 1739 3505 1777 eum

318 1817 365 1860 et
395 1781 532 1861 omni
559 1810 718 1878 gregi,
747 1810 800 1861 in
827 1826 926 1877 quo
957 1825 1038 1861 ros
1071 1809 1299 1877 Spiritus
1329 1821 1535 1862 sanctus
1561 1812 1726 1878 posuit
1754 1813 1862 1879 epi-
1894 1781 1940 1838 Β
1969 1806 2158 1859 debent
2186 1781 2251 1860 ab
2281 1810 2433 1861 altari
2463 1781 2719 1880 Cirristi?]
2743 1813 2818 1865 Ad
2842 1781 3147 1865 extremum
3190 1814 3290 1867 hoc
3327 1813 3507 1866 dicen-

320 1914 494 1966 scopos
519 1915 723 1965 pascere
751 1897 1033 1951 Ecclesium
1061 1897 1286 1956 Domini.
1314 1917 1467 1968 quam
1489 1901 1752 1968 acquisivit
1779 1917 1868 1968 per

317 1991 618 2057 sanguinem
649 2007 798 2043 suum
830 1989 961 2060 (Act.
994 2005 1059 2042 ιι
1078 2030 1093 2052 ,
1120 1990 1229 2057 28).
1259 1989 1423 2060 [Quos
1447 2000 1568 2043 ante
1595 1993 1866 2060 presbyte-

320 2093 424 2141 ros,
452 2093 591 2132 nunc
615 2087 789 2132 alitem
818 2080 1094 2147 episcopos
1122 2079 1392 2150 appellat]
1431 2080 1495 2132 Et
1524 2080 1712 2134 Petrus
1733 2109 1754 2143 ,ι
1775 2084 1862 2148 qui

315 2183 380 2220 ex
415 2167 534 2221 ﬁdei
561 2166 809 2220 ﬁrmitate
833 2183 1022 2222 nomen
1051 2169 1287 2235 accepit,
1322 2169 1372 2220 in
1404 2169 1634 2242 Epistola
1659 2185 1750 2222 sua
1781 2171 1860 2223 lo-

316 2259 516 2325 quitur,
563 2258 742 2311 dicens
787 2272 800 2310 :
850 2256 1167 2325 Presbyteros
1212 2273 1331 2325 ergo
1376 2259 1430 2311 in
1476 2258 1611 2310 vobis
1658 2261 1862 2314 obsecro

315 2345 688 2413 compresbgter
713 2355 758 2398 et
789 2346 927 2398 testis
965 2343 1154 2398 Christi
1187 2347 1517 2412 passionum;
1553 2350 1742 2414 pascite
1775 2351 1860 2415 qui

315 2433 369 2483 in
399 2433 536 2485 vobis
563 2442 636 2486 est
668 2449 864 2502 gregem
893 2431 1096 2486 Domini
1120 2431 1170 2500 (I
1194 2429 1335 2484 Petr.
1367 2447 1420 2493 γ,
1455 2433 1524 2501 l).
1553 2433 1712 2501 [Olim
1739 2450 1860 2488 vero

316 2521 486 2572 omnis
510 2521 786 2589 presbyter
810 2521 1085 2589 episcopus
1120 2529 1260 2572 recte
1297 2519 1570 2572 dicebatur
1603 2540 1613 2572 :
1645 2531 1700 2574 at
1722 2539 1861 2576 nunc

315 2607 488 2659 omnis
531 2608 810 2676 episcopus
851 2608 1125 2675 presbyter
1160 2616 1335 2675 potest
1374 2608 1512 2672 dici,
1550 2625 1653 2663 non
1690 2613 1862 2665 omnis

315 2693 590 2761 presbyter
616 2694 923 2761 episcopus;
961 2695 1083 2761 quia
1101 2733 1115 2753 .
1142 2702 1199 2748 ut
1239 2695 1580 2749 dissensionis
1603 2697 1862 2765 plantaria

264 2765 268 2768 ν
318 2783 738 2845 excluderentur,
773 2783 837 2836 ad
869 2799 1028 2836 unum
1067 2785 1241 2837 omnis
1273 2785 1567 2838 sollicitudo
1605 2787 1863 2840 Ecclesia-

318 2888 456 2932 rum,
486 2873 638 2940 quasi
665 2873 731 2926 ad
765 2872 996 2935 Patrem,
1026 2872 1264 2940 delegata
1301 2881 1401 2935 est,
1431 2874 1518 2940 qui
1547 2877 1694 2940 quasi
1732 2875 1865 2929 ﬁlios

317 2959 531 3027 diligat,
579 2967 633 3013 et
671 2959 927 3027 gubernet
964 2958 1228 3027 subjectos
1267 2960 1392 3019 sibi,
1446 2975 1548 3012 non
1596 2963 1865 3015 tribuuitia

317 3058 610 3118 potestate,
659 3049 752 3102 sed
791 3051 988 3118 pietate
1031 3059 1292 3118 paterna:
1336 3051 1598 3117 iidemque
1632 3060 1685 3105 et
1708 3053 1858 3119 quasi

317 3138 442 3201 ﬁlii,
477 3139 667 3207 singuli
695 3139 890 3208 gradus
917 3140 969 3191 in
996 3139 1251 3201 ecclesiis,
1285 3141 1630 3194 bonoriﬁcent
1657 3144 1860 3209 episco-

316 3238 410 3292 pos
437 3223 606 3295 suos.]
633 3225 914 3278 Videamus
944 3226 1103 3293 igitur
1126 3225 1296 3292 qualis
1317 3226 1592 3294 presbyter
1614 3229 1724 3286 sive
1749 3231 1860 3299 epi-

318 3325 506 3380 scopus
529 3311 854 3365 ordinandus
881 3311 970 3365 sit.

388 3402 546 3456 Vnus.
584 3401 661 3468 6,.
690 3401 741 3454 7.
778 3430 850 3442 —-
885 3400 943 3455 Si
988 3403 1100 3470 quis
1145 3412 1218 3455 est
1267 3404 1376 3455 sine
1418 3405 1658 3468 crimine,
1708 3411 1859 3461 unius

319 3490 494 3541 uxoris
525 3490 619 3552 vir,
637 3489 773 3555 ﬁlios
800 3489 988 3542 habens
1011 3489 1205 3556 ﬁdeles,
1230 3507 1329 3542 non
1355 3493 1406 3542 in
1429 3495 1751 3546 accusatione
1775 3495 1857 3546 lu-

316 3578 500 3638 xuriae,
531 3586 620 3627 aut
647 3593 750 3629 non
774 3578 1002 3629 subditos
1027 3588 1260 3645 peccato.
1285 3578 1492 3646 Oportet
1517 3583 1647 3631 enim
1670 3584 1858 3649 episco-

317 3682 438 3736 pum
457 3667 565 3718 sine
594 3666 804 3718 crimine
842 3681 981 3728 esse,
1021 3675 1264 3733 tanquam
1305 3666 1400 3717 Dei
1439 3667 1854 3734 dispensatorem.

318 3755 552 3808 Primum
581 3755 718 3808 enim
749 3755 862 3808 sine
887 3755 1106 3808 crimine
1131 3755 1200 3808 sit
1227 3753 1500 3824 [ejusmodi
1532 3756 1860 3824 dispensator

318 3846 568 3900 Ecclesia:
593 3844 841 3916 Christi];
864 3847 1004 3912 quod
1029 3847 1166 3912 apud
1191 3846 1524 3899 Timotheum
1546 3849 1859 3916 irreprehen-

316 3936 514 3989 sibilent
545 3935 690 3989 dicit.
722 3934 991 4000 Quomodo
1030 3936 1168 3987 enim
1197 3944 1370 4002 potest
1399 3935 1646 4004 [praeesse
1681 3939 1858 3994 Eccle-

317 4025 430 4087 siae,
465 4022 538 4094 et]
569 4022 776 4077 auferre
803 4023 996 4076 malum
1023 4023 1088 4076 de
1127 4023 1299 4075 medio
1341 4023 1486 4090 ejus,
1513 4026 1600 4090 qui
1643 4027 1693 4078 in
1731 4029 1860 4080 deli-
1891 4025 1909 4036 ⁸

318 4123 462 4168 ctum
514 4113 684 4168 simile
731 4113 1030 4167 corruerit?
1072 4112 1176 4167 Aut
1225 4127 1324 4180 qua
1376 4112 1616 4165 libertate
1667 4118 1860 4182 poterit

314 4203 583 4271 corrigere
610 4211 936 4270 peccantem,
951 4202 1072 4256 dum
1093 4203 1239 4255 novit
1263 4217 1321 4256 se
1347 4202 1552 4265 eadem,
1569 4218 1682 4270 qua:
1699 4205 1858 4257 casti-

318 4300 409 4360 gat
432 4292 483 4343 in
519 4291 654 4355 alio,
681 4292 956 4347 admisisse
992 4291 1185 4362 [Hier.,
1215 4308 1336 4346 cum
1375 4293 1564 4347 tacitus
1605 4293 1703 4347 sibi
1747 4295 1857 4362 ipse

319 4379 660 4446 respondeat,
689 4381 875 4433 eadem
918 4381 1224 4448 admisisse,
1249 4396 1367 4461 qua:
1398 4381 1671 4453 corripit]?
1706 4381 1857 4448 Quod
1881 4404 1932 4461 ι)

318 4475 492 4520 autem
523 4466 623 4529 ait,
660 4469 812 4519 unius
841 4468 1018 4520 uxoris
1041 4469 1138 4530 uir,
1164 4458 1558 4546 sicr'jn'telligere
1583 4471 1856 4537 debemus,

319 4556 402 4628 [ut
430 4556 736 4610 bonorabile
760 4557 1079 4615 connubium
1109 4556 1326 4621 habent,
1351 4557 1441 4623 qui
1472 4558 1522 4609 in
1557 4559 1858 4628 episcopatu

317 4642 590 4711 eligendus
620 4654 704 4699 est
739 4663 752 4698 :
789 4660 893 4699 non
933 4660 1065 4716 vaga
1104 4645 1320 4701 libidine
1357 4647 1658 4713 inquinatus
1704 4643 1857 4705 altari

321 4729 412 4784 Dei
436 4730 685 4784 assistere
713 4731 944 4802 audeat.]
967 4728 1080 4795 Neu
1107 4741 1281 4788 tamen
1307 4733 1623 4803 omnimodis
1647 4749 1857 4789 omnem

319 4832 688 4886 monogamum
727 4817 937 4886 digamo
977 4821 1223 4887 putamus
1257 4835 1373 4874 esse
1420 4820 1716 4885 meliorem;
1766 4823 1857 4875 sed

320 4923 424 4976 quo
461 4909 506 4960 is
546 4907 713 4975 possit
757 4906 822 4959 ad
864 4909 1245 4984 monogamiam
1283 4917 1330 4960 et
1363 4909 1740 4963 continentiam
1769 4925 1858 4963 co-

321 4998 522 5053 hortari
540 5037 555 5061 ,
587 4996 676 5065 qui
705 5010 857 5049 suum
883 4994 1179 5060 exemplum
1205 4997 1418 5060 praefert
1450 4997 1640 5068 [Hier.,
1673 4997 1859 5066 praefe-

321 5085 424 5154 rat]
455 5086 507 5138 in
543 5086 795 5140 docendo.
838 5082 1117 5154 [Sunt'qui
1147 5082 1215 5132 ita
1251 5083 1546 5151 intelligunt
1571 5086 1671 5139 hoc
1711 5102 1859 5139 man-

321 5173 501 5225 datum
516 5170 748 5238 Apostoli
775 5191 786 5224 :
810 5173 961 5226 unius
981 5171 1152 5223 uxoris
1175 5171 1356 5233 virum,
1385 5171 1435 5223 id
1459 5182 1559 5235 est,
1589 5175 1873 5242 catholicas,

321 5263 566 5320 Ecclesia:
591 5264 881 5328 doctorem,
911 5279 978 5318 ne
1001 5278 1096 5330 per
1124 5262 1396 5314 haereticas
1423 5264 1708 5328 pravitates
1732 5264 1859 5318 elle-

325 5367 470 5411 ratur
498 5354 640 5408 foras
663 5368 757 5422 per
785 5353 1054 5420 lupanaria
1083 5353 1406 5408 diversarum
1436 5360 1719 5406 sectarum.
1754 5353 1857 5408 Sed

321 5450 375 5496 et
399 5445 658 5497 asstimant
683 5441 918 5510 quidam,
945 5454 1010 5492 ex
1040 5442 1138 5494 hac
1159 5438 1441 5509 apostolica
1472 5443 1727 5495 sententia
1750 5443 1859 5511 epi-

393 5562 415 5586 ι
457 5550 529 5602 De
558 5551 654 5602 hac
677 5548 844 5604 sancti
875 5547 1176 5617 Hieronymi
1206 5529 1484 5606 sententia,
1506 5546 1567 5617 de
1590 5549 1856 5617 episcopo-

328 5633 439 5672 rum
468 5632 621 5685 supra
649 5619 980 5690 presbyteros
1010 5616 1285 5683 dignitate,
1311 5617 1412 5668 vid.
1443 5615 1590 5681 epist.
1623 5615 1853 5682 ejusdem

1968 1894 2088 1946 dum
2120 1904 2220 1957 est,
2253 1895 2302 1947 in
2342 1895 2629 1964 Scripturis
2667 1896 2801 1950 ﬁlios
2827 1899 3126 1969 λογισμοὺς,
3162 1899 3213 1952 id
3241 1908 3342 1961 est,
3372 1903 3511 1969 cogi-

1965 1984 2214 2057 tationes,
2264 1983 2397 2036 ﬁlias
2434 1999 2558 2038 vero
2595 1984 2925 2060 πράξεις,’ἱι1
2954 1997 3069 2050 est,
3100 2004 3251 2055 opera
3291 1989 3507 2058 intelligi

1962 2068 2154 2122 debere
2196 2089 2207 2122 :
2249 2081 2304 2126 et
2349 2088 2467 2126 eum
2513 2089 2651 2134 nunc
2687 2076 2988 2142 episcopum
3037 2077 3278 2144 praecipit
3318 2076 3508 2130 debere

1964 2158 2074 2211 ﬁeri
2097 2200 2110 2223 ,
2140 2161 2226 2228 qui
2269 2170 2324 2214 et
2361 2163 2704 2230 cogitationes
2730 2173 2784 2215 et
2815 2179 2972 2231 Opera
3013 2167 3064 2217 in
3109 2181 3204 2219 sua
3237 2165 3392 2219 habet
3416 2183 3509 2236 po—

1962 2254 2169 2310 testate,
2199 2256 2251 2300 et
2277 2253 2399 2300 vere
2422 2249 2604 2301 credat
2633 2249 2682 2302 in
2710 2247 2940 2314 Christo,
2967 2260 3023 2303 et
3049 2253 3188 2304 nulla
3213 2253 3506 2320 subripien~

1963 2338 2092 2390 tium
2121 2338 2370 2392 vitiorum
2396 2338 2513 2391 labe
2536 2341 2842 2393 maculetur.

1986 2463 1993 2471 .
2031 2424 2240 2491 Oportet
2266 2442 2384 2493 ergo
2408 2427 2696 2494 episcopum
2721 2431 2828 2481 sine
2862 2432 3072 2483 crimine
3106 2448 3231 2494 esse,
3263 2442 3503 2500 tanquam

1958 2511 2054 2563 Dei
2079 2513 2497 2580 dispensatorem.
2527 2517 2791 2578 Quaaritur
2816 2533 2945 2586 ergo
2967 2521 3103 2574 inter
3121 2521 3507 2588 dispensatores

1961 2608 2016 2651 ut
2048 2600 2216 2653 ﬁdelis
2239 2602 2358 2668 quis
2382 2602 2696 2665 inveniatur,
2723 2613 2774 2655 et
2802 2619 2903 2657 non
2936 2608 3219 2660 comedens
3244 2618 3295 2660 et
3323 2607 3506 2662 bibens

1962 2703 2082 2740 cum
2125 2688 2379 2752 ebriosis,
2424 2691 2686 2756 percutiat
2722 2705 2901 2745 servos
2934 2701 2987 2745 et
3021 2694 3235 2746 ancillas
3278 2693 3504 2764 [Domini

1964 2776 2100 2846 sui];
2127 2777 2216 2829 sed
2246 2778 2502 2832 incertum
2542 2779 2745 2834 Domini
2789 2779 2982 2850 [Ilier.,
3011 2782 3124 2853 Dei]
3157 2782 3385 2853 [cautus]
3417 2800 3507 2838 ex-

1963 2873 2164 2930 spectet
2190 2866 2502 2930 adventum,
2536 2878 2590 2920 et
2615 2871 2702 2921 det
2740 2871 3010 2924 conservis
3045 2873 3094 2923 in
3132 2881 3364 2940 tempore
3391 2871 3506 2943 [do-

1963 2950 2147 3002 ctrinm
2174 2952 2468 3021 catholicae]
2495 2955 2710 3006 cibaria.
2757 2954 2901 3008 Sciat
2930 2967 3106 3010 autem
3145 2959 3419 3028 episcopus
3455 2969 3508 3012 et

1963 3039 2237 3109 presbyter
2259 3041 2356 3093 sibi
2381 3042 2625 3116 populum
2653 3059 2963 3097 conservum
2985 3062 3125 3111 esse,
3148 3065 3250 3103 non
3274 3066 3502 3103 servum.

1963 3126 2317 3197 [Quapropter
2361 3147 2468 3184 non
2511 3134 2772 3199 opprimat
2818 3149 2936 3186 eum
2976 3138 3125 3202 quasi
3161 3139 3268 3192 vile
3308 3142 3506 3194 manci-

1958 3217 2133 3283 pium,
2167 3219 2259 3271 sed
2297 3221 2504 3274 erudiat
2540 3235 2661 3276 eum
2699 3237 2819 3276 cum
2863 3225 3004 3276 omni
3051 3227 3310 3280 charitate
3355 3231 3504 3296 quasi

1959 3306 2169 3378 ﬁlium.]
2222 3310 2343 3363 Non
2385 3311 2690 3375 superbum,
2733 3313 2785 3366 id
2816 3321 2926 3377 est,
2966 3330 3069 3367 non
3099 3323 3384 3370 tumentem
3414 3328 3503 3371 aut

1959 3398 2249 3464 placentem
2278 3401 2377 3452 sibi
2404 3400 2541 3467 quod
2577 3403 2854 3469 episcopus
2879 3404 2980 3465 sit,
3013 3404 3105 3456 sed
3132 3420 3262 3472 opus
3289 3404 3502 3474 [bonum

1959 3487 2359 3552 amplectentcm
2410 3487 2492 3556 et]
2553 3489 2604 3541 id
2658 3491 3012 3554 requirentem
3077 3494 3213 3559 quod
3267 3494 3506 3560 plurimis

1957 3575 2139 3641 prosit.
2174 3574 2294 3626 Non
2315 3576 2616 3627 iracundum
2638 3617 2650 3639 ,
2680 3575 2754 3647 [id
2784 3585 2896 3639 est,
2925 3578 3025 3630 levi
3056 3591 3212 3633 vento
3249 3584 3394 3648 quasi
3424 3583 3502 3636 fo-

1959 3662 2082 3715 lium
2111 3665 2344 3726 pendens
2369 3666 2420 3716 in
2451 3680 2598 3719 ramo
2627 3665 2942 3736 moveatur.]
2972 3667 3034 3718 Et
3063 3684 3245 3726 revera
3273 3672 3400 3723 nihil
3426 3681 3507 3725 est

1959 3751 2151 3806 foedius
2174 3762 2495 3822 praeceptore
2521 3753 2720 3807 furioso
2748 3770 2761 3807 :
2795 3754 2918 3824 [non
2946 3757 3087 3808 enim
3110 3759 3198 3822 qui
3226 3758 3504 3825 aliquando

1960 3842 2224 3905 irascitur,
2267 3838 2549 3895 iracundus
2575 3852 2685 3905 est;
2723 3844 2812 3895 sed
2848 3845 2931 3896 ille
2966 3843 3160 3897 dicitur
3196 3845 3500 3911 iracundus,

1960 3933 2046 3999 qui
2072 3932 2258 3984 crebro
2284 3933 2382 3984 hac
2403 3932 2644 3998 passione
2675 3932 3000 4002 superatur]
3023 3933 3142 3985 Non
3171 3933 3497 3986 vinolentum.

1961 4021 2064 4074 Sed
2097 4021 2193 4073 hoc
2226 4035 2365 4073 nunc
2389 4021 2584 4072 dixisse
2611 4019 2852 4083 sufﬁciat,
2879 4021 3016 4088 quod
3048 4021 3331 4074 secundum
3363 4021 3500 4090 Apo-

1959 4109 2151 4162 stolum
2185 4111 2236 4162 in
2277 4111 2399 4162 vino
2438 4110 2640 4162 luxuria
2684 4119 2761 4162 est
2792 4126 2805 4162 :
2834 4121 2885 4164 et
2922 4113 3217 4179 ubicunque
3253 4114 3504 4166 saturitas

1959 4187 2116 4263 atque
2141 4198 2369 4249 ebrietas
2390 4197 2600 4259 fuerint,
2629 4200 2696 4251 ibi
2736 4201 2894 4253 libido
2917 4202 3231 4255 dominetur.
3255 4204 3503 4257 Miramur

1961 4293 2135 4338 autem
2167 4284 2458 4351 apostolum
2501 4286 2552 4336 in
2584 4288 2842 4353 episcopis
2870 4290 2979 4340 sive
3006 4294 3329 4358 presbyteris
3357 4295 3501 4346 dam-

1960 4389 2113 4428 nasse
2134 4374 2490 4436 vinolentiam,
2523 4389 2642 4428 cum
2672 4374 2724 4426 in
2750 4376 2914 4428 veteri
2943 4392 3148 4445 quoque
3173 4378 3284 4446 lege
3305 4395 3500 4446 praece-

1957 4473 2104 4533 ptum
2135 4465 2204 4517 sit
2227 4465 2546 4528 sacerdotes,
2579 4480 2698 4518 cum
2737 4465 3098 4533 ingrediuntur
3128 4469 3374 4535 templum
3403 4473 3501 4522 mi-

1959 4553 2184 4606 nistrare
2209 4554 2350 4614 Deo,
2382 4553 2562 4607 vinum
2603 4555 2814 4607 omnino
2852 4570 2955 4607 non
2993 4556 3173 4610 bibere
3209 4555 3388 4626 (Leuit.
3420 4559 3493 4626 χ).

1958 4640 2244 4709 [Nazareos
2267 4656 2477 4708 quoque
2509 4643 2574 4696 ab
2603 4644 2744 4695 omni
2775 4645 2892 4695 vino
2933 4650 2982 4695 et
3031 4645 3225 4708 sicera,
3267 4648 3497 4713 quandiu

1955 4735 2189 4782 sanctam
2210 4742 2412 4781 comam
2433 4731 2685 4791 nutriant,
2708 4731 2972 4783 abstinere
3002 4731 3185 4799 (Nam.
3208 4732 3339 4804 vi).]
3378 4734 3497 4788 Non

1953 4805 2296 4882 percussorem
2326 4829 2341 4864 :
2372 4815 2509 4883 quod
2538 4815 2749 4882 quidem
2774 4823 2826 4869 et
2847 4803 3153 4885 simpliciter
3177 4803 3496 4876 intellectum

1954 4902 2177 4955 mdiﬁcat
2207 4904 2525 4967 audientem,
2553 4919 2618 4956 ne
2642 4903 2793 4958 facile
2815 4921 3026 4958 manum
3050 4911 3282 4978 porrigat
3306 4913 3369 4964 ad
3398 4928 3497 4965 (xe-

1954 4990 2182 5044 deadum
2214 4991 2320 5063 [vel
2350 4991 2412 5046 ad
2452 5005 2596 5045 arma
2633 5008 2972 5060 prorumpere
3011 5013 3022 5046 :
3055 4997 3146 5048 sed
3181 4998 3335 5049 altius
3370 5014 3499 5052 con-

1954 5081 2244 5134 sideratam
2281 5082 2467 5136 melius
2494 5081 2745 5146 aediﬁcat,
2770 5099 2835 5136 ne
2863 5085 3055 5151 aliquid
3093 5087 3363 5152 episcopus
3387 5087 3496 5140 elﬁ-

1955 5170 2081 5234 ciat,
2113 5172 2252 5240 quod
2282 5178 2486 5223 mentes
2513 5172 2910 5240 intelligentiam
2938 5182 2990 5225 et
3017 5173 3298 5224 videntium
3332 5173 3497 5226 clien-

1955 5259 2078 5322 dat,
2125 5261 2215 5312 sed
2267 5261 2336 5312 sit
2382 5270 2685 5314 mansuetus
2729 5264 2781 5314 in
2833 5278 3112 5325 sermone,
3161 5270 3214 5313 et
3261 5264 3495 5317 moribus

1955 5349 2238 5410 honestus,
2266 5363 2332 5400 ne
2361 5348 2546 5414 perdat
2574 5364 2692 5400 eum
2723 5367 2878 5418 quem
2917 5351 3257 5418 temperantia
3289 5353 3412 5405 vita:
3443 5365 3494 5407 et

1954 5438 2234 5490 verborum
2275 5435 2482 5488 emdire
2526 5439 2692 5502 potuit
2728 5437 2767 5507 ].
2818 5440 2934 5491 Non
2978 5440 3138 5505 turpis
3181 5439 3336 5501 lucri,
3387 5452 3488 5494 etc.

1959 5544 2055 5625 Ι·ιὸ
2082 5547 2146 5600 ad
2190 5545 2536 5612 Evangelum,
2579 5557 2630 5600 et
2673 5549 2886 5603 editoris
2926 5552 3238 5606 Veronensis
3275 5565 3491 5606 annm)-

1955 5625 2166 5669 tionem.
