4154 6218
643 306 777 359 tots

1468 307 1522 358 Β.
1566 306 1624 357 ι’.
1667 304 1884 358 Αιυιλι
1924 305 2051 359 5Ειί
2090 302 2356 359 ,λιρυικι
2398 305 2674 361 ΟΡΕΜζΜ
2714 307 2888 363 PARS
2920 307 2976 362 ll.

3708 306 3847 359 iOlb‘

640 413 853 485 [Turpis
889 414 1019 466 lucti
1051 410 1097 481 λι]
1138 415 1419 481 appetitio,
1464 422 1543 467 est
1585 414 1698 481 plus
1732 415 1797 467 de
1836 413 2182 481 prnsentibus
2209 417 2253 473 Α
2282 412 2571 467 destnu-re.
2602 414 2742 468 Sana
2769 425 2944 469 autem
2970 416 3210 469 doctrina
3239 417 3433 470 dicitur
3457 416 3522 470 ad
3545 417 3846 473 distinctio-

636 503 868 570 cogitarc
896 516 1053 570 quam
1079 501 1141 554 de
1162 501 1369 552 futuris.
1400 501 1683 569 Epist-opus
1704 503 1793 568 qui
1817 504 2046 554 imitator
2066 515 2182 554 esse

637 590 869 658 Apostoli
897 590 1062 658 cupit,
1088 590 1286 642 habens
1315 592 1509 643 victum
1540 600 1593 642 et
1630 591 1911 653 vestitum,
1953 591 2034 643 bis
2061 599 2179 642 tan-

638 688 749 728 tum
775 676 928 729 debet
954 691 1069 730 esse
1097 677 1445 743 contentus(l
1472 678 1601 729 Tim.
1626 679 1720 745 η).
1744 677 1841 742 Qui
1866 678 2053 732 altario
2071 694 2183 732 ser-

636 767 810 828 viunt,
853 766 917 819 de
946 767 1129 819 altario
1156 768 1331 820 vivant
1368 767 1417 835 (I
1441 766 1559 819 Cor.
1598 769 1693 833 ιχ).
1740 766 1961 828 Πρω,
1984 769 2175 836 inquit,

619 864 686 907 .vt
720 872 855 918 non,
880 856 1058 910 divites
1081 858 1226 924 fiant.
1264 858 1543 925 llucusque
1579 859 1705 926 quid
1740 875 1842 911 non
1871 859 2059 911 debeat
2089 859 2181 911 lta-

630 944 758 996 bere
773 945 1050 1014 cpiscopus
1071 946 1181 998 sive
1205 946 1497 1013 presbyter,
1521 945 1753 1012 Apostoli
1781 958 2021 997 sermone
2048 959 2179 1012 prte-

630 1044 838 1101 crptum
866 1045 948 1089 est
978 1055 991 1088 :
1023 1052 1160 1090 nunc
1195 1053 1225 1091 ε
1257 1047 1524 1091 contrario
1544 1037 1723 1105 ,vquid
1763 1038 1957 1092 habere
1990 1037 2181 1091 debeat

629 1125 941 1192 explicatur.
1700 1180 1709 1187 .

700 1212 857 1265 Vens.
890 1216 941 1268 8.
969 1243 1037 1255 --
1063 1214 1167 1269 Sed
1188 1216 1503 1284 hospitalem,
1530 1217 1814 1285 benignum.
1842 1217 1976 1270 Ante
2000 1216 2175 1269 omnia

627 1301 960 1368 hospitalitas
998 1302 1175 1358 futuro
1211 1305 1457 1372 episcopo
1502 1305 1804 1379 praccipitur
1852 1303 2046 1374 [llier.,
2088 1306 2179 1357 de-

628 1389 939 1461 nuntiatur].
972 1390 1026 1443 Si
1056 1393 1194 1444 enim
1213 1379 1413 1445 'omncs
1443 1392 1568 1446 illud
1595 1392 1659 1445 de
1686 1392 1969 1461 Evangelia
1995 1392 2177 1445 audire

624 1478 927 1533 desiderant
954 1497 964 1529 :
995 1479 1189 1548 Hospes
1218 1482 1315 1549 fui,
1342 1492 1388 1532 et
1415 1480 1797 1549 suseepistism'e
1818 1479 2027 1547 (Jlnltlt.
2055 1496 2174 1543 xxv,

624 1565 732 1634 5T3),
762 1576 960 1636 quanto
987 1570 1154 1637 magis
1190 1571 1484 1638 episcopus,
1522 1571 1673 1639 cujus
1710 1571 1896 1623 domus
1939 1571 2175 1623 onmiutu

623 1672 902 1711 commune
922 1658 1079 1712 debet
1096 1674 1211 1711 esse
1230 1659 1512 1727 hospitium
1534 1658 1610 1729 [et
1628 1661 1759 1713 satis
1779 1660 2175 1728 peregrinorum

624 1756 778 1811 atque
807 1747 1124 1801 venientium
1151 1748 1376 1816 benigna
1405 1750 1670 1818 susceptio
1697 1749 1859 1812 inea,
1888 1750 1958 1801 ita
1987 1759 2043 1802 ut
2078 1751 2174 1803 hu-

624 1835 729 1887 mili
759 1834 928 1890 ollicio
954 1839 1111 1891 etiam
1141 1838 1300 1907 pedes
1336 1838 1578 1891 laventur
1607 1838 1855 1908 eorum]?
1894 1835 2169 1901 Pudicam,

613 1927 811 1991 justum
830 1965 843 1988 ,
874 1937 1124 1979 sanctum.
1174 1927 1229 1978 Si
1260 1935 1432 1979 autem
1462 1927 1609 1981 laicis
1643 1928 1933 1996 imperatur
1966 1940 2022 1980 ut
2051 1943 2173 1996 pro-

619 2024 737 2081 pter
781 2017 1075 2069 orationem
1119 2016 1418 2069 abstineant
1466 2032 1523 2069 se
1569 2016 1637 2068 ab
1684 2031 1847 2069 uxore
1885 2016 2077 2087 [llier.,
2106 2018 2171 2068 ab

620 2106 864 2178 uxorum]
895 2108 1057 2168 coitu,
1084 2106 1208 2173 quid
1237 2106 1298 2159 de
1324 2107 1570 2175 episcopo
1599 2107 1929 2160 sentiendum
1958 2116 2058 2171 est,
2080 2107 2169 2176 qui

615 2195 850 2262 quotidie
894 2212 989 2263 pro
1040 2196 1150 2249 suis
1193 2196 1474 2264 populique
1523 2196 1754 2263 peccatis
1809 2195 2171 2249 immaculatas

620 2283 814 2353 [Ilium
842 2283 1092 2353 illibatas]
1122 2284 1411 2354 [orationes
1439 2292 1743 2337 sanctorum
1776 2282 1942 2353 (Leg.,
1973 2285 2170 2337 oratio-

618 2392 739 2428 num
770 2373 1095 2445 sanetarutu)
1120 2376 1133 2444 ]
1161 2375 1268 2429 Deo
1300 2375 1575 2428 oblaturus
1602 2382 1684 2429 est
1710 2375 1987 2428 victimas?
2014 2373 2169 2445 [Nam

614 2463 918 2519 Abimclech
942 2464 1187 2519 sacerdos
1209 2466 1583 2533 propositionis
1612 2479 1774 2533 panes
1801 2466 1977 2519 renuit
2006 2465 2170 2518 David

611 2565 664 2607 et
695 2554 873 2623 pueris
902 2555 1012 2609 suis
1040 2555 1186 2616 dare,
1217 2555 1316 2608 nisi
1345 2556 1551 2608 audiret
1580 2570 1774 2623 pueros
1802 2570 1920 2609 esse
1947 2556 2171 2609 mundos

611 2658 641 2695 a
670 2641 998 2706 mulieribus,
1027 2659 1129 2696 non
1166 2644 1346 2712 utique
1374 2644 1578 2708 alienis,
1604 2645 1695 2698 sed
1725 2643 2000 2715 pr0priis.]
2030 2644 2166 2698 Tan-

613 2742 724 2784 tum
772 2732 992 2786 interest
1044 2732 1181 2786 inter
1236 2732 1611 2799 propositionis
1662 2747 1827 2799 panes
1874 2741 1927 2785 et
1978 2748 2170 2801 corpus

610 2818 835 2879 Christi,
880 2828 1135 2888 quantum
1177 2819 1316 2872 inter
1357 2820 1600 2874 umbram
1647 2829 1701 2873 et
1746 2836 1998 2889 corpora,
2031 2821 2169 2874 inter

610 2909 892 2979 imaginem
923 2918 978 2962 et
1002 2910 1305 2971 veritatem,
1337 2911 1474 2963 inter
1502 2910 1827 2978 exemplaria
1867 2909 2167 2963 futurorum

608 3009 659 3051 et
689 3012 751 3052 ea
773 2999 884 3070 ipsa
909 3016 1026 3067 qua:
1046 3014 1142 3067 per
1160 3000 1479 3068 exemplaria
1506 3000 2000 3069 pneligurabantur.
2026 3000 2165 3067 Quo-

607 3088 764 3141 modo
790 3088 951 3158 igitur
978 3089 1327 3158 hospitalitas,
1350 3089 1652 3157 benignitas
1676 3091 1940 3158 praecipue
1968 3090 2160 3145 debent

606 3192 723 3232 esse
750 3179 801 3230 in
828 3179 1093 3247 episcopo,
1127 3180 1203 3232 sic
1228 3180 1384 3231 ctiam
1409 3187 1459 3231 et
1489 3180 1711 3232 castitas
1738 3180 1972 3247 proprie,
2004 3189 2074 3243 et,
2105 3188 2163 3232 ut

602 3267 767 3340 655
799 3270 873 3322 ita
898 3270 1145 3330 dixerim,
1175 3269 1428 3337 pudicitia
1458 3269 1803 3323 sacerdotalis
1829 3279 1943 3333 est,
1968 3279 2026 3323 ut
2058 3285 2162 3323 non

605 3358 773 3411 solum
795 3356 861 3411 ab
883 3372 1044 3427 apere
1066 3358 1334 3412 immundo
1362 3359 1645 3420 abstineat,
1674 3360 1766 3413 sed
1786 3359 1946 3414 etiam
1967 3376 1997 3413 a
2019 3368 2162 3414 tactu

606 3446 788 3501 illicito
813 3456 868 3501 et
894 3449 1214 3519 cogitatione
1253 3449 1454 3502 erroris
1484 3446 1683 3517 [llier.,
1713 3465 1741 3501 a
1765 3448 1911 3516 jaetu
1939 3449 2077 3502 oculi
2107 3457 2160 3501 et

603 3537 941 3606 cogitationis
965 3538 1169 3609 errore]
1215 3554 1366 3592 mens
1403 3538 1600 3593 Christi
1640 3554 1832 3608 corpus
1860 3540 2163 3594 confectura

529 3667 537 3673 .
604 3629 672 3680 sit
720 3627 904 3682 libera.
950 3629 1135 3683 Justus
1179 3645 1390 3698 quoque
1436 3630 1716 3698 cpiscopus
1758 3645 1875 3684 esse
1915 3631 2071 3684 debet
2110 3639 2166 3685 et

600 3730 831 3784 sanctus,
862 3728 915 3775 et
937 3720 1199 3789 justitiam
1228 3721 1278 3774 in
1307 3719 1513 3788 populis
1550 3721 1740 3789 quibus
1784 3731 1974 3789 praeest
2010 3736 2165 3776 exer-

600 3826 755 3874 cere,
803 3825 902 3866 nec
937 3827 1193 3882 personas
1230 3813 1491 3880 respicere
1530 3812 1580 3865 in
1610 3812 1844 3881 judicio,
1878 3812 1990 3882 [sed
2018 3814 2161 3866 omni

602 3914 841 3967 persome
859 3900 1002 3970 justa
1029 3900 1339 3955 discernens
1364 3899 1567 3970 (Forte,
1594 3902 1929 3970 decernens).
1959 3901 2022 3954 Et
2044 3918 2165 3953 san-

600 3998 768 4053 ctum,
798 3990 862 4044 ad
892 4004 1045 4043 suam
1076 3991 1274 4053 vitam;
1308 3998 1365 4041 ut
1400 4005 1503 4043 non
1535 3988 1703 4043 solum
1740 3989 1916 4043 verbis
1954 3990 2160 4057 doceat,

600 4076 693 4131 sed
723 4077 884 4131 etiam
923 4078 1181 4145 exemplis
1230 4078 1439 4131 erudiat
1484 4078 1731 4147 populum
1779 4079 1878 4131 sibi
1915 4079 2164 4133 commis-

600 4180 736 4218 sum.
768 4164 949 4234 (Vens.
988 4166 1063 4233 9.)
1092 4165 1465 4229 Continentem,
1506 4166 1889 4235 amplectentem
1917 4184 2053 4231 eum,
2076 4169 2163 4237 qui

598 4253 878 4307 secundum
916 4254 1206 4307 doctrinam
1250 4265 1343 4316 est,
1380 4255 1583 4321 ﬁdelem
1625 4271 1928 4307 sermonem.
1988 4256 2165 4309 Absti-

600 4349 812 4395 nentem
849 4343 989 4395 enim
1034 4342 1188 4397 decet
1229 4343 1533 4411 episcOpum
1573 4357 1721 4404 esse,
1766 4358 1866 4394 non
1907 4342 2075 4396 solum
2105 4344 2155 4396 in
2182 4371 2231 4427 ι)

598 4430 798 4484 carnali
826 4431 1105 4493 desiderio,
1131 4446 1313 4485 verum
1342 4431 1501 4485 etiam
1528 4431 1578 4484 in
1606 4431 1885 4484 verborum
1918 4432 2156 4485 modera-

598 4523 771 4583 tione;
802 4520 908 4573 imo
932 4529 987 4573 et
1011 4522 1272 4590 praecipue
1304 4522 1353 4574 in
1393 4520 1739 4587 cogitatione,
1775 4531 1833 4574 ut
1873 4522 2065 4575 habeat
2101 4522 2152 4574 in

598 4621 860 4681 potestate
888 4613 1012 4683 quid
1042 4614 1258 4682 cogitet,
1287 4616 1411 4683 quid
1432 4616 1697 4682 loquatur,
1721 4622 1773 4664 et
1800 4613 1925 4680 quid
1949 4613 2151 4684 l’aciat.]

596 4706 674 4757 Ad
698 4714 994 4761 extremum
1022 4708 1257 4761 obtineat
1277 4722 1399 4760 eum
1419 4747 1433 4769 ,
1462 4709 1547 4776 qui
1567 4706 1843 4759 secundum
1866 4706 2151 4759 doctrinam

594 4808 690 4860 est,
713 4798 916 4864 ﬁdelem
949 4814 1263 4861 sermonem;
1290 4808 1347 4853 ut
1370 4799 1631 4867 quomodo
1654 4812 1829 4852 sermo
1863 4800 1955 4852 Dei
1984 4800 2152 4852 ﬁdelis

595 4896 676 4940 est
708 4896 763 4941 et
803 4887 945 4940 omni
986 4888 1293 4956 acceptione
1329 4888 1551 4955 dignus,
1590 4888 1667 4941 sic
1696 4897 1749 4940 et
1784 4888 1871 4940 ille
1906 4888 2063 4941 talem
2094 4903 2149 4942 se

595 4978 846 5044 prazbeat,
876 4988 935 5030 ut
956 4993 1112 5032 omne
1140 4978 1280 5045 quod
1306 4977 1556 5045 loquitur,
1586 4978 1687 5031 ﬁde
1716 4978 1929 5045 dignum
1968 4978 2148 5031 existi-

596 5075 792 5129 metur,
816 5075 870 5119 et
896 5067 1055 5119 verba
1084 5068 1247 5134 ipsius
1273 5066 1381 5119 sint
1401 5066 1577 5134 regula
1602 5066 1857 5119 veritatis.
1886 5064 1949 5117 Ut
1972 5076 2145 5133 potens

593 5156 659 5207 sit
687 5156 948 5210 exhortari
974 5156 1026 5207 in
1052 5154 1284 5207 doctrina
1308 5172 1457 5215 sana,
1479 5164 1526 5205 ct
1547 5171 1630 5207 eos
1654 5155 1739 5224 qui
1766 5154 2142 5212 contradicunt,

596 5259 828 5311 arguere.
866 5244 975 5299 Hoc
1019 5250 1129 5305 est,
1165 5251 1352 5311 potens
1397 5244 1463 5298 sit
1506 5258 1598 5297 eos
1638 5245 1726 5315 qui
1767 5242 1943 5297 saeculi
1992 5241 2147 5295 istius

595 5332 894 5387 turbinibus
916 5333 1272 5401 exagitantur,
1300 5332 1589 5394 consolari,
1620 5340 1673 5385 et
1708 5346 1804 5399 per
1838 5343 2021 5383 sanam
2050 5328 2144 5381 do-

597 5426 821 5481 ctrinam
864 5422 939 5495 [id
978 5433 1089 5485 est,
1139 5424 1482 5488 catholicam,
1528 5424 1806 5477 haereticas
1839 5417 2145 5489 pravitates]

2284 515 2401 553 ttctn
2428 498 2684 570 languida:
2705 501 3032 569 inﬁrmaque
3051 502 3321 557 doctrinae.
3348 488 3493 558 Talis
3512 519 3726 574 quoque
3747 508 3839 568 sit,

2281 603 2336 644 ut
2364 594 2786 646 contradicentes
2818 592 3007 663 [libera
3035 593 3185 664 voce]
3213 609 3436 661 arguere
3472 595 3647 649 valeat
3670 597 3842 651 haere-

2282 683 2445 743 ticos,
2476 684 2586 737 sive
2621 681 2830 735 Judatos
2859 691 2912 735 et
2938 684 3113 737 δωρειιὶ
3151 684 3303 737 istius
3346 686 3631 753 sapientes.
3670 685 3843 755 Supeo

2280 774 2421 825 riora
2447 772 2655 841 quidem
2675 812 2690 835 ,
2722 788 2839 840 qua:
2870 774 2921 825 in
2950 774 3181 841 episc0pi
3221 775 3505 828 virtutibus
3542 777 3741 842 posuit,
3769 778 3841 829 ad

2278 863 2438 914 vitam
2476 862 2745 928 pertinent
2783 858 3137 933 [honestam];
3184 864 3284 915 hoc
3324 876 3448 916 vero
3484 864 3623 932 quod
3650 864 3752 927 ait,
3780 874 3839 916 ut

2275 960 2452 1017 potens
2478 952 2543 1003 sit
2570 950 2827 1003 consolati
2851 952 2903 1003 in
2924 951 3158 1003 doctrina
3185 968 3334 1015 sana,
3359 964 3406 1006 et
3435 954 3839 1007 contradicentes

2263 1055 2524 1106 arguere,
2556 1037 2887 1091 referendum
2918 1047 2998 1092 est
3035 1039 3101 1092 ad
3141 1041 3412 1096 scientiam
3453 1041 3784 1113 [perfectam]
3820 1060 3835 1094 :

2276 1128 2399 1195 quia
2432 1128 2475 1180 si
2503 1129 2737 1197 episcopi
2774 1136 2976 1200 tantum
3015 1138 3197 1183 sancta
3241 1132 3309 1183 sit
3348 1132 3483 1194 vita,
3519 1132 3624 1186 sibi
3661 1140 3841 1200 potest

2276 1218 2526 1284 pro.!esse
2555 1219 2632 1271 sic
2652 1186 2837 1269 viveni
2860 1232 2873 1279 ;
2900 1232 3059 1284 porro
3088 1218 3130 1270 si
3159 1228 3211 1271 et
3239 1220 3480 1272 doctrina
3507 1230 3559 1272 et
3590 1234 3837 1274 sermone

2278 1306 2436 1359 fuerit
2459 1308 2728 1371 eruditus,
2759 1314 2932 1375 potest
2955 1316 3177 1360 caderes
3213 1324 3420 1377 quoque
3459 1310 3751 1374 instruere;
3781 1319 3840 1364 et

2278 1411 2380 1446 non
2409 1395 2578 1448 solum
2610 1395 2874 1448 instruere
2902 1404 2954 1448 et
2988 1394 3177 1448 docere
3200 1410 3352 1461 suos,
3389 1398 3481 1451 sed
3506 1406 3562 1450 et
3586 1397 3837 1451 adversa-

2280 1486 2387 1539 rios
2413 1498 2769 1553 repercutere.

2348 1574 2504 1626 νεεδ.
2550 1574 2633 1637 10,
2676 1575 2759 1627 ll.
2798 1605 2867 1615 ——
2907 1575 3041 1629 Sunt
3077 1577 3229 1628 etiam
3273 1576 3421 1629 multi
3464 1578 3830 1639 inobedientes.

2277 1659 2563 1728 raniloqui,
2593 1661 2884 1715 seductores
2907 1703 2921 1725 ,
2963 1665 3183 1717 maxime
3218 1666 3304 1733 qui
3341 1664 3404 1718 de
3445 1667 3835 1720 circumcisione

2208 1734 2249 1793 Β
2274 1759 2413 1811 sunt,
2445 1767 2572 1817 quos
2603 1760 2798 1817 oportet
2820 1753 2988 1820 argui,
3012 1754 3099 1820 qui
3128 1754 3390 1805 universas
3419 1754 3602 1807 domus
3626 1755 3833 1806 subver-

2270 1849 2382 1890 tunt
2407 1879 2420 1901 ,
2449 1839 2682 1892 docentes
2716 1856 2829 1908 qua:
2865 1857 2966 1893 non
3002 1851 3214 1909 oportet,
3252 1845 3419 1911 turpis
3456 1843 3589 1897 lucri
3639 1845 3828 1912 gratia.

2270 1930 2368 1995 Qui
2415 1932 2662 1985 Ecclesia:
2702 1930 2911 1984 futurus
2946 1940 3023 1984 est
3053 1930 3318 1997 princeps,
3352 1931 3543 1986 habeat
3581 1932 3831 1999 eloquen-

2271 2021 2398 2072 tiam
2429 2036 2549 2073 cum
2577 2020 2699 2073 vita:
2727 2020 3027 2089 integritate
3058 2019 3332 2081 sociatam,
3357 2034 3422 2072 ne
3442 2035 3602 2087 opera
3630 2020 3831 2086 absque

2270 2124 2515 2162 sermone
2561 2110 2665 2161 sint
2711 2108 2899 2169 tacita,
2946 2116 3000 2161 et
3041 2108 3180 2160 dicta
3219 2106 3372 2158 laetis
3405 2105 3829 2173 delinquentibus

2272 2198 2467 2269 [llier.,
2492 2182 2644 2251 lactis
2662 2195 3050 2266 deﬁcientibus]
3076 2198 3409 2249 erubescant.
3436 2195 3593 2266 [Sunt
3616 2195 3826 2264 plurimi

2269 2300 2323 2343 et
2350 2304 2454 2342 non
2482 2288 2635 2356 pauci
2665 2288 2753 2357 qui
2784 2288 2977 2340 bonam
3015 2293 3301 2339 sementem
3333 2285 3488 2339 Verbi
3528 2285 3646 2355 Dei]
3684 2285 3826 2338 inani

2268 2377 2611 2447 persuasione
2633 2384 3007 2443 corrumpunt;
3039 2372 3116 2443 [hi
3144 2374 3305 2427 etiam
3332 2374 3598 2441 perversis
3627 2372 3825 2426 doctri-

2268 2482 2391 2519 nam
2427 2474 2731 2520 sanctarum
2774 2466 3166 2533 Scripturarum
3205 2463 3483 2518 sententiis
3512 2462 3827 2516 conﬁrmare

2268 2556 2508 2609 nituntur
2546 2572 2558 2607 :
2600 2556 2716 2609 ideo
2742 2554 3011 2608 doctorem
3051 2553 3300 2607 Ecclesite
3330 2542 3497 2629 decet
3525 2553 3826 2622 Scripturas

2269 2652 2481 2697 sanctas
2521 2643 2725 2697 discere
2772 2642 3065 2711 diligenter,
3111 2650 3168 2695 ut
3212 2641 3255 2696 si
3301 2656 3587 2710 percussus
3635 2640 3724 2693 ﬁat
3774 2641 3824 2693 in

2269 2733 2545 2787 dexteram
2583 2733 2876 2797 maxillam,
2910 2749 3031 2787 mox
3073 2733 3306 2801 praebeat
3341 2731 3661 2801 percutienti
3697 2732 3824 2784 alte-

2270 2822 2428 2893 ram.]
2460 2824 2521 2876 Hi
2547 2831 2669 2876 sunt
2699 2824 2762 2877 de
2791 2823 3194 2876 circumcisione
3219 2819 3405 2885 Judaei,
3429 2822 3519 2890 qui
3545 2831 3669 2875 tunc
3698 2830 3825 2875 tem-

2267 2915 2411 2981 poris
2435 2922 2739 2968 nascentem
2768 2912 2965 2966 Christi
2999 2912 3286 2967 Ecclesiam
3318 2912 3625 2967 subvertere
3652 2911 3824 2967 conati

2268 3012 2391 3056 sunt
2413 3002 2609 3072 “lien,
2643 3000 2987 3072 nitebantur],
3014 3010 3068 3054 et
3098 3002 3433 3056 introducere
3459 3011 3722 3069 praecepta
3752 3000 3824 3053 le-

2266 3093 2430 3161 galia,
2464 3090 2945 3162 [circumcisionem
2977 3091 3177 3143 scilicet
3209 3099 3262 3143 et
3295 3091 3514 3143 sabbata
3550 3098 3605 3142 et
3630 3096 3821 3142 czetera

2264 3181 2393 3247 legis
2416 3177 2722 3249 percepta]
2753 3178 2905 3233 Tales
2939 3180 3179 3232 homines
3206 3178 3389 3232 doctor
3426 3178 3701 3241 Ecclesize,
3738 3178 3823 3232 cui

2264 3272 2453 3323 anima:
2477 3269 2787 3338 populorum
2814 3268 3029 3322 creditte
3059 3274 3211 3332 sunt,
3244 3267 3638 3337 Scripturarum
3672 3267 3824 3321 debet

2265 3360 2468 3412 ratione
2489 3372 2760 3425 superare,
2781 3366 2836 3408 et
2856 3356 3124 3409 silentium
3146 3356 3569 3410 testimoniorum
3590 3354 3822 3424 pondere

2264 3451 2535 3517 imponere
2578 3464 2592 3499 :
2639 3449 2729 3515 qui
2773 3462 2875 3499 non
2920 3461 3078 3498 unam
3124 3452 3216 3497 aut
3253 3458 3451 3513 paucas
3490 3444 3696 3507 domos,
3728 3442 3823 3498 sed

2264 3540 2539 3592 universas
2575 3552 2694 3590 cum
2725 3536 2954 3590 dominis
2982 3534 3315 3602 familiasque
3354 3534 3695 3596 subvertunt,
3733 3534 3823 3588 do-

2264 3636 2443 3683 centes
2481 3627 2547 3681 de
2584 3628 2822 3681 ciborum
2855 3624 3196 3686 dill‘erentiis,
3227 3624 3368 3694 [cum
3411 3624 3588 3676 omnia
3628 3623 3824 3676 munda

2264 3718 2369 3772 sint
2399 3715 2654 3786 mundis]
2688 3716 2877 3768 Verum
2911 3715 3032 3781 quia
3072 3712 3209 3766 Deus
3244 3721 3326 3765 est
3352 3719 3539 3765 venter
3563 3710 3819 3780 ipsorum,

2264 3807 2427 3874 turpis
2458 3805 2587 3857 lucri
2608 3804 2777 3872 gratia
2804 3802 2984 3855 volunt
3021 3803 3261 3872 proprios
3302 3800 3476 3856 facere
3512 3800 3821 3869 discipulos,

2265 3905 2322 3949 ut
2351 3897 2499 3963 quasi
2529 3894 2766 3964 magistri
2788 3909 2815 3945 a
2838 3894 3191 3947 sectatoribus
3210 3893 3319 3945 suis
3348 3890 3599 3945 fallantur
3623 3890 3819 3961 [Hier.,

2266 3984 2497 4054 alantur]
2525 3982 2599 4053 [et
2622 3981 3075 4051 bonorilicentur].
3108 3978 3293 4034 Omnis
3312 3979 3493 4047 itaque
3518 3979 3818 4042 hazreticus,

2264 4077 2351 4143 qui
2382 4073 2694 4143 quibusdam
2724 4070 3004 4140 praestigiis
3032 4070 3271 4123 homines
3318 4068 3477 4133 fallit,
3508 4077 3559 4124 et
3597 4068 3819 4131 fallitur,

2265 4164 2499 4233 loquitur
2518 4176 2634 4230 quae
2656 4176 2756 4213 non
2772 4166 2978 4227 oportet
3001 4158 3167 4225 turpis
3188 4157 3318 4211 lucri
3339 4158 3507 4226 gratia
3526 4173 3541 4222 ;
3562 4156 3823 4227 [lucrator

2264 4265 2344 4308 est
2371 4268 2651 4321 perversos
2677 4251 2741 4303 ad
2770 4248 3337 4311 mortemanimarum,
3366 4262 3470 4302 non
3504 4248 3570 4301 ad
3586 4248 3756 4301 vitam
3776 4246 3819 4319 ;]

2263 4360 2292 4397 e
2320 4351 2499 4396 contra
2534 4341 2622 4409 qui
2656 4348 2921 4393 errantem
2961 4336 3179 4392 fratrem
3224 4351 3377 4391 suum
3408 4336 3559 4405 juxta
3586 4337 3817 4405 Evange-

2259 4435 2384 4487 lium
2413 4431 2728 4499 corripuerit
2773 4430 2849 4501 [et
2891 4425 3241 4497 correxerit],
3286 4426 3522 4481 lucratus
3550 4434 3633 4480 est
3659 4438 3817 4487 eum;

2254 4525 2393 4592 quod
2422 4523 2561 4575 enim
2593 4520 2761 4587 magis
2794 4519 2996 4571 lucrum
3035 4523 3209 4585 potest
3232 4531 3349 4571 esse
3369 4557 3384 4581 ,
3414 4524 3503 4569 aut
3541 4515 3667 4582 quid
3695 4529 3814 4583 pre~

2255 4611 2443 4664 tiosius
2462 4623 2620 4675 quam
2649 4608 2691 4661 si
2714 4608 2997 4661 humanam
3023 4607 3253 4659 animam
3280 4606 3400 4673 quis
3422 4604 3655 4658 lucretur
3672 4603 3818 4658 Deo!

2252 4701 2437 4769 (Vens.
2488 4697 2597 4765 12.)
2635 4696 2780 4749 Dixit
2827 4696 3039 4765 quidam
3074 4712 3139 4748 ex
3173 4696 3277 4747 illis
3308 4696 3547 4765 proprius
3587 4696 3817 4764 ipsorum

2254 4790 2497 4858 propheta
2525 4804 2541 4840 :
2573 4785 2833 4840 Cretenses
2868 4801 3065 4854 semper
3102 4786 3396 4849 mendaces,
3426 4785 3579 4839 mala
3622 4785 3815 4846 bestiae,

2255 4888 2447 4931 rcntres
2476 4876 2628 4945 pigri.
2656 4874 2837 4928 Videte
2866 4874 3064 4945 [llier.,
3090 4874 3316 4945 videtur]
3346 4876 3448 4929 hoc
3486 4886 3607 4947 esse
3645 4870 3815 4939 dupli-

2254 4969 2386 5021 citcr
2412 4964 2713 5032 legendum,
2742 4974 2799 5017 ut
2827 4966 2925 5017 hoc
2951 4964 3090 5032 quod
3112 4965 3203 5025 ait,
3230 4965 3359 5016 dixit
3380 4962 3593 5030 quidam
3619 4977 3683 5014 ea:
3710 4960 3815 5016 illis

2252 5046 2487 5125 proprius
2510 5072 2684 5107 eorum
2706 5056 2970 5122 propheta,
2994 5070 3113 5109 eum
3139 5052 3494 5121 superioribus
3515 5051 3814 5119 copuletur.

2257 5143 2305 5197 11
2312 5145 2428 5212 ujus
2465 5146 2534 5195 rei
2570 5145 2736 5212 gratia
2775 5145 2955 5214 reliqui
2982 5156 3029 5197 te
3058 5142 3253 5204 Cretas,
3290 5151 3343 5193 ut
3372 5158 3433 5194 ea
3455 5158 3571 5212 qua:
3600 5142 3814 5194 deerant

2244 5234 2558 5300 corrigeres,-
2585 5232 2660 5303 [et
2690 5234 2755 5287 ad
2785 5236 2923 5289 hunc
2962 5247 3173 5287 sensum
3200 5234 3467 5300 respiciat,
3497 5233 3639 5301 quod
3667 5230 3743 5282 ait
3768 5227 3813 5301 :]

2246 5322 2390 5375 Dixit
2423 5322 2634 5388 quidam
2664 5340 2726 5377 ex
2752 5324 2857 5378 illis
2880 5326 3115 5393 proprius
3138 5340 3309 5377 eorum
3333 5320 3677 5391 prophetapid
3704 5329 3809 5383 est,

2246 5412 2596 5468 Cretensium.
2627 5415 2734 5467 Aut
2760 5429 2882 5467 cum
2914 5414 3255 5471 vicinioribus
3284 5409 3608 5481 jungendum
3634 5418 3811 5477 est,ut

664 5610 683 5635 ιι
728 5597 846 5652 mm
876 5600 1027 5652 verba
1056 5614 1169 5666 φιτρ
1200 5601 1249 5650 in
1281 5610 1382 5651 ms.
1416 5598 1625 5656 desunt,
1659 5592 1895 5644 addimus
1919 5607 1979 5644 ex
2010 5590 2307 5657 conjectura
2340 5589 2403 5638 ob
2432 5589 2783 5655 integritatem
2813 5604 3015 5641 sensus.
