4154 6224
346 313 473 368 {0&7

1019 312 1418 368 EXEGETICA.
1460 342 1526 351 -—
1566 312 1800 367 EXPOS.
1844 311 1906 364 IN
1944 310 2156 366 EPI‘ST.
2209 310 2265 366 S.
2319 311 2520 368 ΡΑιτιι
2557 312 2647 366 AD
2685 311 2912 367 TITUM.

3407 316 3540 372 iﬁlS

341 427 575 495 legamus
601 440 615 478 :
642 425 778 478 Sunt
804 425 964 478 etiam
993 424 1138 476 multi
1163 434 1216 477 et
1245 440 1346 477 non
1372 425 1588 488 subditi,
1618 424 1882 491 vaniloqui
1914 428 1958 486 Α
1987 425 2251 493 inquinata
2264 434 2524 477 esteorum
2539 426 3367 495 mensctcanscientia.Propterca
3384 430 3541 483 etiam

340 524 392 568 et
416 515 671 568 mentium
709 513 1045 580 deceptores,
1081 514 1309 566 maxime
1342 522 1518 567 autem
1557 512 1645 580 qui
1692 515 1756 566 de
1788 514 1891 565 cir-

338 603 662 657 cumcisione
686 611 810 655 sunt
838 619 851 653 :
878 615 1012 668 quos
1041 599 1232 655 multos
1258 610 1430 654 etnon
1457 601 1716 663 subditos,
1745 601 1890 652 vani-

339 691 523 758 loquos
550 700 604 743 et
627 690 878 744 mentium
900 689 1205 754 deceptores
1223 703 1342 742 cum
1364 690 1446 742 his
1469 688 1555 756 qui
1578 688 1643 741 de
1665 690 1889 742 circum-

335 779 535 832 cisione
567 785 707 843 sunt,
733 785 939 846 Oportet
964 775 1122 846 655
1161 774 1444 839 refrenari;
1485 777 1574 842 qui
1617 776 1892 829 universas

334 866 520 922 domos
544 869 924 927 subvertentes,
944 867 1189 919 docentes
1211 881 1329 933 quae
1349 881 1452 918 non
1471 873 1694 931 oportet,
1721 865 1890 931 turpis

335 956 464 1010 lucri
501 957 703 1026 gratia;
746 955 948 1026 [talium
988 957 1127 1008 enim
1152 995 1166 1018 ,
1193 956 1244 1008 id
1289 964 1398 1016 est,
1430 954 1516 1021 qui
1558 954 1726 1020 turpis
1756 953 1889 1006 lucri

333 1047 500 1113 gratia
529 1045 763 1115 docent,]
793 1047 925 1098 dixit
943 1045 1154 1112 quidam
1178 1060 1242 1098 ex
1266 1044 1367 1097 illis
1383 1045 1627 1112 proprius
1655 1045 1886 1111 ipsorum

331 1135 586 1201 propheta
622 1152 634 1185 :
667 1142 724 1186 ut
750 1134 800 1186 id
829 1133 967 1201 quod
996 1133 1068 1184 ait
1102 1151 1112 1184 :
1142 1133 1395 1201 proprius
1414 1148 1588 1184 eorum
1620 1135 1886 1202 propheta,

331 1239 435 1277 non
482 1224 784 1292 specialiter
831 1223 896 1277 ad
941 1222 1178 1287 Judteos,
1219 1230 1273 1276 et
1303 1237 1396 1276 eos
1433 1223 1662 1275 maxime
1698 1223 1786 1289 qui
1822 1224 1887 1276 de

329 1317 730 1371 ei.cumcisione
755 1325 894 1378 sunt,
927 1317 1020 1370 sed
1045 1317 1110 1377 ad
1141 1317 1335 1370 multos
1361 1315 1638 1377 referatur,
1667 1331 1756 1384 qut
1783 1332 1885 1369 non

327 1405 522 1459 subditi
572 1413 720 1466 sunt,
771 1413 824 1457 et
867 1405 1132 1471 vaniloqui
1181 1413 1234 1456 et
1283 1406 1536 1457 mentium
1582 1405 1887 1473 deceptores

328 1502 472 1556 sunt,
495 1507 720 1561 quorum
740 1493 922 1560 utique
946 1491 1140 1561 [Hier.,
1160 1492 1248 1560 qui
1272 1491 1494 1561 utique],
1513 1495 1634 1559 quia
1657 1494 1708 1545 in
1730 1493 1885 1547 Crete

325 1593 496 1645 erant,
518 1583 797 1644 Cretenses
818 1597 933 1636 esse
961 1582 1207 1635 credendi
1235 1591 1374 1635 sunt.
1409 1582 1609 1634 Dicitur
1633 1582 1772 1633 enim
1797 1581 1883 1634 ille

324 1671 614 1724 versiculus
653 1672 702 1723 in
743 1671 1066 1738 Epimenidis
1121 1669 1388 1724 Cretensis
1426 1679 1593 1738 poeta:
1641 1669 1881 1722 Oraculis

1989 528 2106 580 qua:
2121 513 2312 566 munda
2335 522 2459 566 sunt
2477 528 2572 581 per
2590 522 2854 577 naturam,
2877 515 2952 567 eis
2977 515 3240 568 immunda
3265 515 3396 569 ﬁunt
3427 517 3544 588 [per

1989 599 2218 670 culpam]
2235 617 2250 663 ;
2267 617 2368 654 non
2389 603 2526 668 quod
2548 601 2628 654 vel
2654 602 2902 655 mundum
2920 603 2987 656 sit
3008 602 3202 670 aliquid
3217 603 3296 656 vel
3318 605 3541 660 immun—

1987 689 2134 753 dum,
2147 691 2238 744 sed
2261 706 2356 757 pro
2372 693 2628 759 qualitate
2644 694 2982 745 vescentium.
3001 691 3310 762 [Legitimus
3321 695 3468 750 cibus
3489 707 3544 750 et

1989 793 2016 829 a
2041 780 2297 831 catholica
2314 779 2546 832 Ecclesia
2571 783 2815 844 usitatus,
2838 782 3063 835 mundus
3085 791 3165 836 est
3185 784 3422 848 mundis;
3445 785 3542 838 im-

1988 867 2214 920 mundus
2233 869 2606 935 coinquinatis,
2622 885 2846 935 quorum
2870 885 3016 924 meus
3029 879 3081 924 et
3103 873 3424 926 conscientia
3444 875 3542 927 im—

1987 953 2180 1005 munda
2199 963 2281 1006 est
2295 953 2333 1023 z]
2350 955 2464 1007 ideo
2476 955 2711 1008 inﬁdeles
2726 972 2961 1025 quosque
2972 967 3129 1027 atque
3143 959 3368 1028 pollutos
3380 966 3538 1014 etiam

1986 1043 2138 1110 panis
2157 1043 2558 1107 benedictionis,
2574 1053 2627 1097 et
2643 1046 2778 1099 calix
2799 1046 3100 1100 Dominicus
3121 1063 3223 1101 non
3239 1049 3409 1116 juvat,
3426 1048 3540 1118 [sed

1988 1132 2156 1200 magis
2177 1132 2402 1199 pollutos
2426 1131 2596 1203 facit,]
2626 1135 2748 1201 quia
2776 1137 2864 1202 qui
2899 1137 3110 1204 indigne
3154 1137 3438 1190 comederit
3473 1137 3546 1192 de

1986 1235 2120 1286 pane
2148 1219 2258 1282 illo,
2290 1229 2344 1273 et
2376 1221 2438 1272 de.
2466 1221 2634 1274 calice
2659 1222 2872 1284 biberit,
2897 1221 3154 1290 judicium
3185 1225 3283 1278 sibi
3316 1225 3538 1278 mandu-

1987 1317 2070 1360 cat
2091 1317 2145 1361 et
2171 1309 2299 1362 bibit
2333 1309 2383 1376 (l
2409 1307 2527 1362 Cor.
2560 1310 2641 1378 u).
2675 1310 2729 1362 ln
2757 1312 2908 1365 nobis
2939 1312 3117 1380 itaque
3139 1321 3220 1366 est
3241 1312 3323 1366 vel
3349 1314 3540 1367 munda

1984 1397 2258 1450 comedere
2306 1399 2386 1451 vel
2440 1398 2727 1450 immunda.
2784 1399 2839 1451 Si
2893 1401 3034 1452 enim
3091 1402 3272 1455 mundi
3319 1417 3540 1468 sumus,

1985 1489 2177 1540 munda
2204 1490 2356 1541 nobis
2379 1496 2459 1541 est
2479 1497 2756 1551 creatura;
2787 1489 2831 1541 si
2861 1497 3036 1541 autem
3066 1489 3322 1543 immundi
3344 1499 3399 1544 et
3424 1491 3544 1544 inﬁ-

1982 1576 2145 1640 deles,
2175 1587 2298 1631 sunt
2333 1577 2526 1648 [Ilier.,
2561 1577 2712 1648 ﬁunt]
2745 1581 2905 1631 etiam
2943 1579 3092 1632 nobis
3125 1580 3367 1633 universa
3396 1594 3539 1632 com-

1982 1667 2193 1728 munia;
2243 1668 2354 1719 sive
2399 1682 2493 1734 per
2539 1667 2921 1720 inhabitantem
2963 1669 3015 1720 iu
3054 1669 3304 1722 cordibus
3343 1670 3539 1723 nostris

324 1760 565 1826 reperiri,
595 1774 751 1825 quem
779 1759 831 1810 in
870 1760 1272 1825 pnesentiarum
1311 1759 1408 1811 sibi
1448 1757 1649 1828 [Forte,
1681 1757 1772 1827 ibi]
1802 1758 1876 1810 ιιι.-
1911 1739 1952 1797 Β
1982 1753 2203 1805 haeresin
2226 1793 2240 1815 ,
2283 1755 2394 1808 sive
2435 1768 2529 1821 per
2562 1757 2940 1808 conscientiam
2982 1757 3310 1810 delictorum.
3353 1759 3533 1827 (Vens.

322 1849 452 1900 dens
471 1847 777 1914 prophetam
800 1848 1032 1910 vocavit;
1059 1846 1193 1914 quod
1223 1845 1422 1899 scilicet
1444 1846 1571 1898 tales
1591 1845 1877 1899 Christiani

321 1941 455 1994 tales
484 1948 786 1992 mereantur
816 1938 1008 1993 habere
1035 1940 1350 2007 prophetas,
1383 1937 1645 2006 quomodo
1674 1946 1726 1991 et
1755 1952 1878 2004 pro-

323 2028 492 2096 phetze
519 2037 672 2080 erant
699 2027 861 2080 Bahal
887 2026 1056 2098 [Baal]
1088 2026 1164 2098 [et
1202 2027 1458 2080 idolorum
1478 2067 1490 2090 ,
1522 2036 1578 2080 ut
1605 2027 1794 2095 legitur
1823 2027 1874 2080 in

324 2119 523 2184 [legum
560 2116 751 2187 libris].
792 2119 1023 2186 Denique
1062 2118 1173 2184 ipse
1211 2117 1360 2180 liber,
1407 2115 1568 2187 [unde
1595 2117 1875 2184 Apostolus

321 2208 431 2258 lucc
454 2203 616 2274 tulit,]
643 2204 982 2257 Oraculorum
1011 2206 1164 2258 titulo
1187 2210 1537 2274 przenotatur;
1571 2221 1725 2274 quem
1753 2206 1874 2274 quia

321 2295 598 2349 videbatur
639 2295 872 2348 divinum
920 2294 1114 2361 aliquid
1164 2295 1562 2362 repromittere,
1597 2303 1873 2362 propterea

317 2387 624 2454 Apostolum
646 2387 874 2440 arbitror
900 2387 1211 2454 inSpexisse,
1240 2393 1297 2438 ut
1327 2386 1528 2438 videret
1554 2385 1678 2453 quid
1705 2386 1875 2453 genti-

319 2478 444 2527 lium
487 2477 739 2529 divinatio
788 2475 1124 2544 polliceretur
1171 2494 1184 2528 :
1221 2485 1274 2529 et
1307 2476 1358 2528 in
1387 2482 1621 2544 tempore
1650 2476 1873 2527 abusum

318 2578 434 2617 esse
459 2564 722 2616 versiculo
749 2564 1067 2616 scribentem
1095 2563 1160 2616 ad
1188 2563 1364 2616 Titum
1385 2603 1399 2623 .
1432 2565 1519 2631 qui
1555 2572 1670 2617 erat
1696 2563 1871 2626 Crete,

319 2660 373 2702 ut
396 2650 554 2704 falsos
581 2649 911 2702 Cretensium
937 2651 1180 2703 doctores
1205 2653 1417 2717 proprio
1447 2651 1630 2704 insula:
1657 2659 1874 2703 auctore

315 2745 613 2792 contereret
636 2736 832 2808 [Hier.,
855 2737 1037 2790 insula:
1059 2738 1272 2790 doctore
1295 2738 1679 2808 convinceret],
1710 2737 1872 2808 [quod

315 2829 556 2882 eumdem
594 2827 900 2896 Apostolum
933 2827 986 2879 in
1027 2827 1144 2880 aliis
1180 2827 1311 2882 locis
1351 2828 1538 2882 fecisse
1573 2828 1868 2889 invenitur;

317 2919 455 2971 sicut
495 2919 546 2970 in
582 2917 802 2970 Actibus
840 2917 1194 2984 apostolorum
1241 2917 1447 2971 titulum
1498 2918 1770 2971 inveniens
1807 2917 1872 2970 de

314 3011 488 3076 ignoto
534 3006 675 3071 Deo,
720 3014 773 3060 et
814 3006 1006 3059 exinde
1052 3007 1276 3074 sumpsit
1323 3006 1710 3076 pratdicationis
1759 3005 1867 3062 olli-

314 3096 500 3167 cium.]

381 3188 540 3240 Vens.
580 3188 664 3241 l5.
690 3218 758 3226 —
785 3188 1170 3251 Testimonium,
1203 3189 1392 3257 inquit,
1419 3205 1590 3242 verum
1621 3198 1728 3250 est;
1766 3203 1867 3241 non

311 3285 477 3330 totum
523 3292 771 3340 carmen,
810 3279 875 3332 de
910 3294 1014 3348 quo
1057 3280 1414 3332 testimonium
1457 3288 1721 3347 sumptum
1766 3288 1865 3341 est,

311 3378 415 3415 non
455 3365 758 3418 universum
787 3381 948 3434 Opus,
979 3367 1071 3420 sed
1111 3374 1312 3418 tantum
1352 3368 1450 3420 hoc
1489 3367 1864 3420 testimonium.

310 3450 478 3513 Quam
507 3452 567 3502 ob
600 3469 810 3503 causam
853 3454 1061 3522 increpa
1100 3454 1216 3507 illos
1260 3455 1406 3518 dure,
1451 3465 1506 3507 ut
1534 3457 1647 3507 sani
1689 3457 1787 3508 sint
1814 3457 1866 3509 in

306 3538 428 3605 ﬁde.
466 3538 647 3606 (Vens.
684 3539 795 3608 N.)
828 3540 947 3592 Non
981 3542 1295 3593 intendentes
1320 3542 1556 3594 Judaicis
1591 3543 1781 3609 fabulis
1819 3552 1864 3594 et

306 3629 565 3681 mandatis
607 3629 867 3682 hominum
909 3646 963 3681 se
1010 3631 1353 3682 aversantium
1404 3648 1435 3682 a
1496 3632 1722 3683 veritate.
1776 3632 1864 3684 Ait

304 3718 445 3770 enim
472 3734 483 3768 :
509 3716 725 3784 lncrepa
752 3717 868 3770 illos
895 3719 1116 3781 acriter;
1145 3719 1424 3773 mendaces
1447 3719 1638 3788 quippe
1666 3729 1783 3773 sunt
1812 3731 1864 3774 et

305 3810 458 3863 mala:
485 3810 669 3862 bestire
697 3818 750 3862 et
780 3811 981 3862 ventris
1008 3811 1172 3877 pigri,
1205 3813 1293 3879 qui
1325 3813 1452 3866 falsa
1480 3815 1736 3877 suadent,
1773 3817 1860 3883 qui

304 3901 536 3952 ferarum
566 3901 668 3952 ritu
699 3900 1004 3968 sanguinem
1053 3901 1236 3953 sitiunt
1272 3902 1641 3968 deceptorum;
1675 3915 1728 3958 et
1756 3922 1860 3959 non

302 4004 423 4042 cum
450 3989 658 4043 silentio
679 3998 958 4057 aperantes
976 4004 1128 4041 suum
1154 4005 1340 4056 panem
1368 3993 1708 4054 manducant,
1735 4011 1860 4061 quo-

303 4095 417 4131 rum
444 4079 582 4132 Deus
611 4087 780 4132 venter
802 4087 910 4142 est,
949 4088 994 4130 et
1024 4078 1191 4147 gloria
1230 4080 1284 4132 in
1325 4081 1622 4148 confusione
1660 4097 1856 4133 eorum.

302 4170 408 4225 Hos
437 4171 570 4224 tales
598 4171 830 4238 increpa,
865 4180 918 4222 ut
946 4170 1060 4222 sani
1095 4170 1191 4221 sint
1230 4171 1279 4222 in
1313 4171 1415 4237 [ide
1447 4185 1462 4220 :
1494 4172 1558 4225 de
1596 4189 1695 4240 qua
1739 4172 1856 4225 ﬁdei

301 4260 528 4313 sanitate
568 4261 619 4311 in
661 4263 1104 4328 consequentibus
1146 4262 1407 4328 loquitur;
1457 4279 1609 4317 senes
1657 4266 1858 4318 sobrios

298 4363 436 4410 esse,
463 4348 740 4411 honestos,
768 4347 1014 4414 pudicos,
1041 4363 1196 4400 sanos
1223 4350 1273 4400 in
1301 4350 1402 4407 ﬁde
1431 4359 1482 4403 et
1515 4353 1774 4405 charitate
1803 4363 1855 4406 et

300 4435 582 4504 patientia;
632 4436 718 4506 [de
766 4451 866 4502 qua
903 4435 1130 4488 sanitate
1166 4434 1285 4488 ﬁdei
1320 4444 1372 4488 et
1417 4437 1481 4488 ad
1522 4438 1852 4491 Timotheum

299 4524 485 4578 scribit
510 4523 549 4594 :]
583 4523 641 4577 Si
665 4527 776 4592 quis
806 4525 954 4577 aliter
982 4526 1125 4577 docet
1172 4534 1218 4576 et
1255 4541 1355 4577 non
1393 4526 1662 4594 acquiescit
1704 4544 1854 4580 sanos

297 4627 554 4665 sermones
585 4612 731 4682 [l.eg.
763 4615 902 4667 sanis
931 4615 1268 4687 sermonibus]
1300 4616 1505 4669 Domini
1542 4619 1699 4670 nostri
1730 4618 1856 4672 Jesu

300 4701 489 4752 Christi
517 4699 566 4770 (1
592 4700 721 4753 Tim.
746 4718 818 4764 vi,
841 4703 915 4770 5).
943 4703 1135 4774 [Sanos
1157 4721 1430 4758 sermones
1450 4715 1624 4769 vocat,
1647 4709 1856 4775 etquod

371 4789 701 4841 m-svantihus
728 4804 818 4842 eos
845 4792 1042 4846 sanitas
1086 4804 1335 4858 operetur
1376 4795 1425 4844 in
1468 4793 1593 4863 eis.]
1637 4796 1753 4849 Non
1781 4798 1857 4848 in-

299 4892 330 4931 ti
389 4883 477 4929 τίμι-
535 4900 554 4931 s
583 4881 815 4932 Judaicis
846 4881 1032 4948 fabulis
1061 4892 1107 4933 et
1136 4883 1392 4934 mandatis
1431 4885 1693 4937 hominum
1724 4904 1862 4939 arer-

297 4988 369 5021 sa.
405 4971 482 5018 'iu.
555 4971 838 5033 veritatem,
869 4954 955 5042 [de
978 4971 1166 5039 quibus
1191 4972 1254 5023 ad
1282 4971 1497 5025 Galatas
1519 4982 1574 5026 et
1594 4975 1860 5028 Romanos

297 5061 508 5128 pleniss.
570 5075 597 5110 e
624 5060 944 5128 disputatur,
976 5062 1063 5130 qui
1104 5063 1359 5130 putabant
1395 5064 1531 5114 inter
1569 5065 1714 5117 cibos
1740 5080 1858 5119 esse

297 5151 618 5211 distantiam,
645 5163 766 5200 cum
795 5152 954 5217 aliqui
991 5153 1190 5214 mundi,
1228 5152 1385 5220 aliqui
1422 5155 1721 5207 viderentur
1750 5157 1845 5208 im-

299 5239 473 5294 mund'
537 5242 818 5306 Propterea
862 5256 999 5294 nunc
1033 5241 1189 5295 infert
1223 5241 1258 5312 :]
1293 5242 1473 5310 (Vens.
1535 5242 1617 5309 15)
1660 5244 1845 5300 Omnia

299 5330 487 5380 munda
512 5329 749 5392 mundis;
779 5330 859 5382 his
883 5329 1124 5382 videlicet
1153 5332 1241 5395 qui
1281 5332 1330 5383 in
1367 5329 1576 5384 Christo
1605 5333 1848 5396 credunt,

298 5429 350 5471 et
375 5421 545 5472 sciunt
570 5434 780 5473 omnem
807 5428 1107 5473 creaturam
1138 5422 1327 5474 bonam
1356 5437 1491 5484 esse,
1523 5432 1574 5474 et
1601 5423 1728 5474 nihil
1760 5425 1849 5476 ab-

295 5506 577 5572 jiciendum
622 5511 760 5575 quod
807 5526 924 5564 cum
968 5511 1254 5578 gratiarum
1296 5512 1500 5564 actione
1546 5511 1845 5579 percipitur.

303 5596 648 5666 Coinquinatis
674 5609 840 5650 autem
867 5612 909 5652 et
933 5600 1202 5653 immundis
1233 5600 1353 5650 nihil
1378 5611 1448 5652 cst
1473 5602 1738 5664 mundum,
1765 5602 1849 5652 sed

1979 1842 2086 1910 16.)
2115 1840 2456 1909 Conﬁtentur,
2488 1845 2676 1912 inquit,
2707 1861 2758 1896 se
2797 1861 2943 1898 nosse
2969 1846 3155 1910 Deum,
3183 1847 3331 1914 factis
3366 1858 3536 1900 autem

1976 1940 2184 1997 negant,
2213 1947 2329 1983 cum
2359 1932 2460 1983 sint
2487 1932 2766 1984 abominati
2787 1943 2833 1985 et
2856 1933 3195 1998 incredibiles,
3224 1945 3271 1987 et
3297 1936 3365 1988 ad
3391 1953 3538 1989 omne

1974 2033 2100 2084 opus
2127 2019 2312 2069 bonum
2352 2019 2581 2087 reprobi;
2620 2021 2908 2074 secundum
2948 2022 3106 2087 illud,
3138 2025 3277 2093 quod
3313 2025 3366 2078 in
3405 2025 3537 2079 Isaia

1974 2104 2101 2158 dicit
2125 2124 2135 2156 :
2159 2103 2390 2173 Populus
2413 2107 2494 2158 hic
2519 2106 2666 2159 labiis
2691 2125 2769 2160 me
2790 2111 3032 2172 honorat,
3055 2128 3143 2162 cor
3163 2123 3333 2165 autem
3360 2130 3535 2166 eorum

1973 2192 2120 2262 longe
2145 2203 2218 2246 est
2245 2212 2276 2246 a
2301 2211 2382 2246 me
2417 2193 2593 2261 (Isaia:
2635 2211 2758 2248 xxix
2779 2236 2794 2259 ,
2821 2195 2926 2264 13).
2971 2197 3242 2262 Quomodo
3271 2200 3431 2268 igitur
3455 2201 3530 2255 la-

1973 2281 2075 2335 biis
2101 2284 2221 2350 quis
2264 2284 2489 2337 honorat
2525 2292 2578 2338 et
2623 2287 2782 2340 corde
2829 2287 3009 2354 procul
3054 2289 3275 2353 recedit,
3316 2290 3386 2343 ita
3416 2293 3534 2358 quis

1973 2371 2135 2431 Deum
2159 2388 2402 2427 sermone
2423 2375 2702 2438 conﬁtens,
2726 2377 2976 2443 operibus
2998 2387 3154 2448 negat
3181 2393 3194 2431 :
3223 2395 3422 2449 negans
3447 2397 3535 2434 au-

1974 2469 2076 2514 tem
2109 2461 2271 2515 Deum
2300 2465 2572 2530 operibus,
2601 2465 2933 2519 confessione
2953 2469 3219 2531 simulata,
3249 2480 3390 2524 recte
3409 2487 3532 2528 exe-

1972 2551 2184 2605 crabilis
2220 2560 2273 2604 et
2315 2551 2565 2619 profanus
2602 2562 2711 2614 est;
2759 2562 2811 2606 et
2858 2555 2996 2607 nulla
3046 2557 3294 2625 veritatis
3330 2560 3534 2613 ratione

1972 2654 2255 2706 persuasus
2285 2641 2612 2705 inobediens,
2638 2651 2691 2696 et
2717 2643 3020 2697 incredulus
3050 2653 3195 2698 recte
3219 2645 3529 2713 appellatur.

1975 2726 2104 2797 [Nec
2132 2729 2182 2782 in
2208 2732 2461 2799 martyrio
2485 2740 2663 2784 mente
2700 2740 2981 2800 corruptus
3001 2772 3015 2796 ,
3059 2733 3178 2802 quis
3206 2734 3534 2788 solummodo

1971 2816 2237 2870 Christum
2271 2817 2538 2889 negabit;]
2570 2819 2664 2873 sed
2699 2821 3117 2889 quotiescunque
3153 2823 3415 2876 vincimur
3456 2826 3534 2878 vi-

1974 2903 2060 2956 tiis
2089 2912 2246 2970 atque
2289 2907 2551 2972 peccatis,
2581 2905 2657 2976 [et
2696 2905 2790 2959 Dei
2834 2909 3097 2963 mandatis
3122 2912 3391 2964 contraria
3422 2914 3533 2979 agi-

1974 2991 2114 3062 mus]
2142 2993 2308 3047 toties'
2343 2993 2505 3046 Deum
2549 3009 2828 3060 negamus;
2859 3003 2910 3047 et
2937 3009 2966 3046 e
2993 2999 3294 3062 contrario,
3324 3001 3532 3065 quoties

1973 3083 2107 3136 bene
2153 3083 2276 3150 quid
2322 3084 2560 3151 agimus,
2608 3084 2886 3136 Dominum
2930 3085 3242 3140 conﬁtemur
3288 3083 3370 3156 [et
3414 3086 3527 3140 lau-

1971 3169 2200 3240 damus].
2720 3236 2724 3239 μ
3185 3182 3190 3186 ‘

2483 3302 2644 3372 656
2677 3236 2899 3356 CAPUT
2937 3301 2997 3356 ιι.

2037 3455 2193 3506 Vens.
2236 3454 2287 3504 l.
2326 3482 2394 3490 -—-
2435 3452 2510 3503 Tu
2559 3469 2676 3504 vero
2725 3453 2928 3522 loquere
2979 3472 3159 3508 sanam
3210 3458 3522 3511 doctrinam.

1962 3539 2116 3592 Aliud
2139 3547 2220 3592 est
2247 3553 2428 3591 sanam
2460 3538 2754 3592 doctrinam
2785 3540 2946 3608 loqui,
2973 3541 3113 3595 aliud
3151 3557 3213 3595 ea
3239 3559 3357 3611 quae
3379 3561 3525 3600 sana:

1963 3629 2284 3681 conveniunt
2312 3627 2504 3681 docere
2533 3629 2817 3692 doctrinae;
2850 3631 2972 3698 quia
3015 3632 3064 3683 in
3101 3631 3266 3688 altero
3302 3635 3523 3702 simplex

1964 3726 2164 3773 tantum
2200 3716 2459 3768 institutio
2504 3725 2606 3779 est,
2646 3717 2696 3770 in
2726 3719 2891 3772 altero
2928 3735 3046 3772 cum
3081 3735 3140 3772 ea
3182 3736 3298 3788 qua:
3332 3723 3524 3776 doceas

1964 3805 2160 3875 [Hier.,
2184 3821 2301 3859 cum
2328 3819 2413 3867 eo,
2437 3807 2577 3873 quod
2599 3805 2804 3875 doces],
2840 3808 2958 3859 vitae
2987 3823 3195 3876 quoque
3227 3812 3520 3873 correctio;

1961 3896 2048 3964 qui
2073 3896 2203 3948 enim
2228 3883 2427 3947 soluerit
2453 3907 2610 3946 unum
2633 3894 2694 3946 de
2716 3896 2973 3948 mandatis
2988 3897 3237 3959 minimis,
3259 3907 3305 3950 et
3328 3899 3517 3952 docue-

1961 3988 2025 4037 rit
2053 3987 2125 4038 sic
2153 3987 2401 4048 homines,
2432 3986 2671 4039 minimus
2704 3987 2966 4039 vocabitur
2997 3989 3049 4040 in
3069 4005 3237 4058 regno
3278 3989 3517 4042 calorum

1961 4075 2170 4143 (Matth.
2199 4093 2252 4138 v,
2283 4076 2384 4143 l9).
2417 4075 2554 4146 [Erit
2580 4085 2756 4130 autem
2795 4077 2980 4131 doctor
3014 4080 3101 4145 qui
3142 4080 3300 4133 verbo
3341 4079 3517 4141 docet,

1958 4172 2010 4215 et
2037 4179 2195 4231 opere
2219 4165 2443 4216 destruit
2465 4180 2582 4230 quae
2607 4167 2780 4226 docet,
2808 4167 2898 4218 sed
2924 4169 3170 4219 minimus
3196 4187 3207 4219 :
3235 4170 3321 4237 qui
3349 4178 3517 4222 autem

1959 4254 2132 4322 fecerit
2160 4264 2205 4305 et
2233 4252 2459 4305 docuerit
2503 4253 2574 4304 sic
2613 4253 2874 4314 homines,
2915 4270 3129 4320 magnus
3168 4257 3430 4307 vocabitur
3465 4259 3518 4310 in

1960 4362 2111 4412 regno
2137 4345 2374 4397 caelorum
2397 4385 2409 4405 ,
2443 4343 2564 4411 quia
2613 4358 2770 4410 opere
2803 4343 2982 4411 implet
3014 4344 3154 4412 quod
3189 4360 3282 4397 ore
3313 4346 3514 4416 docet.]

1957 4434 2067 4488 Hoc
2094 4436 2232 4488 enim
2263 4452 2399 4487 nunc
2426 4434 2706 4502 Apostolus
2733 4433 2906 4486 Titum
2938 4434 3101 4487 ﬁlium
3130 4435 3180 4487 in
3219 4436 3431 4489 Christo
3459 4447 3514 4490 et

1957 4526 2267 4592 discipulum
2298 4527 2447 4578 docet
2467 4566 2481 4587 ,
2512 4533 2570 4576 ut
2610 4540 2672 4578 ea
2703 4525 2946 4594 loquatur
2978 4541 3094 4592 qua:
3133 4541 3272 4578 same
3310 4541 3507 4580 convc-

1957 4615 2106 4666 niunt
2130 4615 2410 4676 doctrinm;
2440 4617 2562 4681 quia
2594 4624 2719 4668 tunc
2743 4617 2978 4668 doctrina
3016 4623 3098 4668 est
3124 4617 3324 4670 sanitas
3345 4659 3359 4682 ,
3390 4635 3510 4673 cum

1956 4703 2187 4755 doctoris
2215 4701 2452 4755 doctrina
2480 4705 2678 4771 pariter
2704 4713 2757 4756 et
2790 4704 2896 4755 vita
2934 4707 3284 4759 consentiunt.
3327 4708 3508 4778 (Vens.

1956 4792 2031 4856 εὶ.)
2056 4789 2212 4843 Senes
2241 4790 2434 4843 sobrios
2455 4807 2583 4853 esse,
2604 4792 2860 4856 honestos,
2890 4792 3125 4860 pudicos,
3153 4813 3303 4849 sanos
3333 4798 3386 4850 in
3409 4799 3512 4864 ﬁde

1962 4891 2008 4932 et
2037 4881 2282 4933 charitate
2307 4891 2352 4933 et
2380 4881 2642 4949 patientia.
2669 4881 2817 4936 Nunc
2843 4897 2966 4938 vero
3001 4901 3095 4953 per
3122 4887 3353 4954 singulas
3377 4895 3505 4940 teta-

1961 4979 2039 5022 tes
2061 4978 2113 5022 et
2146 4985 2396 5037 personas
2431 4971 2505 5024 sic
2543 4972 2790 5025 decenter
2819 4983 3080 5040 prtecepta
3122 4975 3415 5037 constituit,
3451 4985 3508 5028 ut

1959 5073 2130 5112 sermo
2155 5059 2266 5128 ejus
2292 5061 2412 5113 vitae
2446 5075 2650 5113 morum
2685 5063 2753 5114 sit
2794 5063 2988 5127 regula.
3036 5060 3200 5112 Senes
3239 5061 3396 5129 igitur
3428 5081 3508 5115 so-

1957 5149 2112 5212 brios,
2145 5148 2217 5219 [in
2245 5152 2393 5204 bonis
2415 5150 2704 5217 moribus;]
2724 5144 2979 5210 honestos,
3009 5156 3063 5200 ut
3085 5151 3257 5204 aetatis
3281 5153 3503 5219 gratiam

1958 5237 2152 5308 [Ilier.,
2179 5237 2512 5306 gravitatem]
2555 5251 2758 5289 morum
2798 5238 3031 5304 gravitas
3069 5239 3301 5292 decoret.
3344 5239 3509 5292 Pudi-

1953 5347 2066 5392 cos,
2100 5346 2164 5383 ne
2198 5332 2249 5382 in
2293 5331 2461 5382 aliena
2498 5335 2649 5379 :etate
2687 5327 2907 5382 luxuriet
2934 5337 2980 5393 θ,
3014 5345 3078 5383 ne
3099 5329 3209 5396 jam
3246 5331 3435 5398 frigido
3474 5349 3501 5383 a

1953 5419 2165 5471 libidine
2206 5419 2459 5486 sanguine
2503 5419 2800 5486 exemplum
2847 5420 2949 5473 sint
2984 5421 3400 5473 adolescentibus
3438 5423 3501 5473 ad

1955 5510 2177 5561 ruinam.
2215 5506 2380 5560 Sanos
2411 5508 2463 5558 in
2490 5507 2622 5575 ﬁde;
2654 5524 2754 5561 non
2784 5517 2983 5561 tantum
3019 5511 3068 5564 in
3104 5509 3202 5561 ﬁde
3222 5549 3234 5570 ,
3261 5509 3420 5561 etiam
3449 5510 3499 5561 in

1954 5600 2207 5652 charitate
2240 5605 2286 5650 et
2315 5599 2563 5664 patientia
2603 5596 2674 5668 [et
2707 5599 2844 5651 omni
2889 5613 3074 5665 genere
3116 5597 3415 5668 virtutum],
3440 5611 3498 5654 ut
