4154 6262
644 320 773 372 ιυιιι
834 368 837 369 ν

1408 316 1468 368 Β.
1508 315 1565 367 Ι·’.
1607 314 1826 368 Αιιιιλι
1865 314 1993 368 SEU
2034 311 2300 365 ALCUNI
2336 312 2614 368 οιιειιωι
2655 314 2929 395 ΡΑΙιδηΙΙ.

3668 290 3671 293 λ
3712 317 3844 368 ιεω

636 442 760 480 num
796 426 1017 494 primam
1061 425 1182 477 lidei
1230 424 1509 476 habuerint
1544 424 1870 484 sanitatem,
1906 421 2119 473 audiant
2158 436 2186 474 ιι
2220 428 2260 474 Α
2292 420 2381 478 Dei
2405 421 2585 481 oculos
2613 430 2666 475 et
2698 434 3003 476 sanctorum
3030 424 3333 492 angelonmt
3370 398 3647 494 pet-agere.
3678 426 3844 481 Filios

638 517 955 570 Salvatore:
995 513 1148 568 Fides
1182 523 1273 585 tua
1302 522 1350 565 te
1379 514 1576 565 sali-mn
1615 513 1731 579 fecit
1767 510 1956 578 (Mure.
1993 526 2046 569 ι,
2072 508 2181 575 5:3).

638 605 734 675 [De
768 603 925 672 Isaias
954 601 1072 654 ﬁdei
1111 600 1411 669 integritate
1434 600 1645 675 plenius
1686 613 1805 650 cum
1844 597 2099 663 exemplis
2134 597 2184 647 iu

637 689 868 760 l-Zpistola
896 693 961 742 ad
984 688 1231 742 llebrmos
1250 688 1385 739 idem
1410 687 1595 738 beatus
1618 684 1883 752 apostolus
1907 681 2184 751 disputat.]

538 810 539 813 η
634 779 913 848 Quomodo
949 781 1112 844 igitur
1134 786 1215 830 est
1246 776 1367 829 ﬁdei
1398 777 1617 837 sanitas,
1650 776 1719 827 ita
1748 785 1797 827 et
1828 774 2010 827 cadent
2045 772 2188 825 saui-

636 882 718 923 tas
758 871 811 923 ia
852 869 1114 923 citat-italae
1146 875 1247 920 est.
1278 865 1408 930 Quis
1434 875 1608 917 autem
1647 865 1924 917 sanitatem
1956 861 2187 931 possidet

634 957 943 1019 cbarltatis,
987 955 1088 1012 nisi
1131 952 1219 1007 ille
1264 955 1353 1021 qui
1389 955 1613 1021 primum
1653 952 1816 1004 Deum
1855 950 2099 1004 dilexerit
2122 966 2187 1003 ex

636 1056 745 1099 tota
770 1047 948 1099 anima
975 1060 1092 1107 sua,
1113 1053 1167 1097 et
1189 1058 1254 1097 es
1283 1052 1393 1095 toto
1415 1044 1573 1096 corde
1598 1057 1715 1103 suo,
1741 1050 1795 1095 et
1818 1056 1883 1095 ex
1912 1042 2039 1095 totis
2063 1042 2187 1093 viri-

634 1138 734 1191 bus
758 1137 891 1199 suis,
911 1136 1100 1188 deinde
1122 1132 1319 1188 Christi
1344 1143 1660 1201 praeceptum
1686 1133 1905 1185 audiens
1930 1132 1980 1182 in
2009 1131 2188 1197 proxi-

634 1237 780 1275 unum
810 1220 1152 1288 compleverit
1173 1220 1485 1272 charitatetn
1516 1217 1711 1288 [Hier.,
1743 1218 1983 1276 diviserit
2007 1217 2185 1270 chari-

633 1310 856 1383 tatem]?
883 1310 1017 1377 Quia
1043 1312 1096 1363 in
1128 1311 1211 1364 bis
1236 1309 1440 1362 duobus
1466 1308 1726 1361 mandatis
1751 1317 1857 1361 tota
1888 1308 1966 1360 lex
1996 1307 2187 1375 pendet

629 1408 684 1452 et
712 1400 1002 1468 prophetae,
1032 1397 1325 1469 [plenitudo
1347 1412 1471 1451 vero
1494 1398 1624 1462 legis
1647 1397 1882 1449 charitas
1908 1394 2035 1464 0st,]
2064 1396 2187 1461 quia

630 1489 723 1556 qui
752 1502 914 1561 sanus
936 1497 1018 1540 est
1046 1489 1099 1540 in
1121 1487 1223 1540 lide
1247 1496 1302 1539 et
1323 1487 1600 1548 charitate,
1627 1501 1788 1539 sanus
1806 1499 2016 1553 tﬂlﬂqllc
2041 1485 2113 1538 sit
2135 1484 2188 1536 in

630 1577 881 1646 patientia
902 1616 917 1638 ,
944 1580 1065 1643 qua?
1098 1576 1326 1629 maxime
1357 1576 1417 1628 ‘in
1459 1566 1837 1628 tentationihus
1869 1573 2185 1641 cou'iproba-

632 1675 738 1716 tur.
769 1664 951 1726 (Vens.
991 1664 1068 1729 ὃ.)
1103 1665 1247 1717 Anus
1292 1656 1527 1715 similiter
1560 1664 1612 1719 in
1633 1662 1809 1714 habitu
1836 1672 2016 1714 sancto
2039 1700 2055 1721 ,
2084 1676 2185 1712 non

629 1750 1017 1810 rrintinatriees,
1034 1756 1135 1803 no'n
1156 1752 1270 1802 riuo
1292 1750 1451 1803 multo
1470 1752 1738 1802 serrientes
1753 1766 1767 1800 :
1784 1750 1905 1801 bene
1924 1750 2179 1808 «lucentes,
2214 1729 2258 1785 Β

624 1836 687 1889 ἰιι
729 1840 1051 1905 prudentiam
1096 1840 1332 1891 doceant.
1382 1838 1613 1890 Tametsi
1674 1838 1948 1904 apostolus
1998 1836 2184 1893 l’etrus

627 1928 943 1999 praeceperit
968 1937 1026 1980 ιιι
1049 1928 1149 1980 viri
1184 1929 1441 1981 uxoribus
1474 1930 1585 1981 suis
1622 1936 1869 1995 tanquam
1908 1926 2184 1979 inﬁrmiori

629 2016 846 2071 vasculo
884 2017 1135 2070 honorem
1178 2017 1439 2077 tribuant,
1471 2032 1574 2069 non
1609 2027 1784 2068 tamen
1822 2015 2185 2067 arbitr-aulum

629 2114 715 2156 est
739 2092 880 2171 quad
914 2120 1068 2165 uxor,
1095 2116 1214 2170 qua:
1251 2104 1491 2169 corporis
1532 2104 1799 2156 vasculum
1840 2088 1998 2156 habet
2036 2102 2185 2154 inlir-

633 2208 809 2254 mum,
840 2193 1015 2246 statim
1050 2188 1103 2245 ei
1140 2192 1316 2246 anima
1360 2192 1619 2245 inﬁrmior
1651 2193 1740 2245 sit.
1777 2192 1922 2245 [inde
1958 2199 2010 2243 et
2049 2206 2189 2243 nunc

630 2287 934 2354 prax-ipitur
959 2287 1057 2349 eis,
1082 2298 1139 2339 ut
1170 2286 1221 2339 in
1241 2288 1367 2354 ipsis
1397 2301 1603 2354 quoque
1630 2286 1754 2338 illud
1776 2284 2010 2353 Apostoli
2037 2299 2184 2337 com-

631 2378 866 2444 pleatttr:
892 2375 1065 2430 Virtus
1085 2392 1138 2430 tn
1158 2378 1456 2445 inﬁmitate
1473 2376 1737 2445 per/icitur
1756 2375 1839 2445 (II
1862 2375 2183 2441 Cor.xn,9).

634 2469 805 2539 [Quod
832 2483 956 2522 vero
979 2471 1054 2523 ait
1076 2471 1256 2523 :Anits
1275 2470 1531 2531 similiter,
1558 2479 1686 2532 ete.,
1712 2470 1896 2521 eadem
1924 2477 2187 2535 pra-cepta

631 2558 741 2613 vult
783 2559 900 2613 illas
936 2560 1219 2614 observare
1253 2573 1370 2626 qntc
1406 2558 1652 2627 superius
1681 2558 1897 2611 senibus
1925 2556 2054 2609 viris
2080 2563 2188 2620 sta—

630 2647 776 2715 tnit,]
806 2650 858 2703 id
884 2657 986 2710 est,
1011 2655 1067 2700 ut
1093 2648 1281 2701 sobria:
1308 2650 1434 2710 sint,
1457 2648 1711 2710 honestae,
1735 2661 1875 2700 same
1905 2646 1958 2698 in
1991 2644 2112 2706 ﬁde,
2136 2654 2190 2699 et

628 2739 892 2793 charitate
920 2746 974 2792 et
1001 2738 1285 2807 patientia;
1319 2747 1373 2790 et
1398 2752 1493 2805 pro
1527 2751 1655 2789 seut
1691 2752 1788 2789 suo
1823 2737 1921 2789 hcc.
1957 2735 2187 2790 habeant

628 2828 921 2899 proprium,
943 2837 1001 2880 ut
1030 2829 1134 2880 sint
1154 2829 1207 2880 in
1228 2828 1402 2879 habitu
1428 2838 1623 2881 eatacta.
1652 2826 1690 2877 .\
1703 2842 1769 2877 on
1795 2824 2187 2884 criminatrices,

626 2931 732 2970 non
764 2916 923 2979 tales,
953 2924 1009 2968 ut
1048 2915 1167 2969 aliis
1209 2914 1479 2983 placeant,
1512 2915 1577 2967 de
1614 2913 1731 2965 aliis
1764 2912 2069 2965 detrahant.
2108 2908 2187 2979 [Si

627 3004 789 3072 quam
810 3005 1212 3074 juvencularum
1237 3004 1449 3056 videant
1473 3001 1683 3067 indigne
1706 3000 1922 3068 facere,|
1948 3015 2051 3051 non
2079 3005 2183 3051 tam
2212 3038 2256 3097 ρ

626 3092 765 3159 apud
793 3100 1015 3146 creteros
1039 3093 1193 3145 debet
1214 3105 1483 3151 accusare,
1508 3104 1665 3157 quam
1694 3089 1859 3155 ipsam
1884 3090 1935 3144 in
1958 3098 2183 3150 secreto,

627 3184 825 3237 Christi
852 3184 1112 3237 charitate
1131 3222 1145 3244 ,
1177 3182 1477 3247 corripere;
1514 3188 1565 3231 et
1606 3179 1773 3242 magis
1804 3178 1994 3229 docere
2021 3192 2086 3229 ne
2112 3176 2185 3229 fa-

628 3272 770 3334 ciat,
815 3286 973 3338 quam
1018 3271 1069 3323 in
1116 3268 1325 3339 publico
1365 3281 1615 3321 accusare
1654 3265 1792 3333 quod
1833 3263 2035 3316 fecerit.
2068 3264 2185 3317 Non

626 3360 744 3413 tino
784 3357 945 3412 multo
990 3358 1280 3410 servientes.
1322 3356 1363 3408 Δ
1404 3356 1508 3407 vini
1554 3368 1678 3407 vero
1716 3338 1879 3406 nimio
1904 3364 2028 3423 potu
2054 3369 2187 3406 anus

628 3450 1007 3518 prohibentur;
1045 3448 1168 3516 quia
1212 3448 1351 3514 quod
1397 3445 1570 3514 [Cod.,
1611 3444 1894 3514 quotquot}
1931 3446 1981 3497 in
2011 3446 2188 3497 adole-

628 3537 901 3592 scentibus
932 3535 1122 3593 libido,
1156 3536 1256 3587 hoc
1298 3536 1351 3586 in
1379 3534 1530 3586 senili
1568 3542 1723 3587 actate
1750 3534 1981 3587 ebrietas
2004 3548 2189 3602 perpe-

630 3636 737 3681 trat
754 3626 948 3697 [Ilier.,
966 3626 1064 3679 hoc
1087 3627 1137 3678 in
1161 3626 1375 3677 senibus
1397 3626 1625 3678 ebrietas
1644 3623 1768 3692 est].
1794 3623 1915 3678 ldeo
1937 3639 2187 3690 etpresse

628 3717 778 3777 dicit,
812 3732 912 3767 non
947 3715 1062 3767 tino
1098 3712 1256 3764 multo
1284 3714 1585 3770 serrientcs;
1616 3712 1845 3763 servitus
1871 3712 2013 3764 enim
2040 3728 2184 3780 qua:-

630 3807 752 3858 dam
774 3813 856 3858 est
880 3814 931 3857 et
954 3813 1190 3856 extrema
1216 3803 1468 3863 conditio,
1495 3803 1616 3853 vino
1644 3818 1831 3854 sensus
1854 3802 2080 3855 hominis
2096 3819 2186 3855 oc-

626 3910 827 3964 cupare
854 3894 1053 3967 “lien,
1094 3891 1397 3964 occupari];
1429 3907 1533 3944 non
1564 3906 1716 3943 suum
1743 3906 1887 3951 esse,
1927 3890 2017 3943 sed
2057 3891 2183 3942 vini.

631 3985 847 4037 Talibus
891 3990 1277 4051 consequenter
1323 3981 1579 4035 doctrinis
1626 3981 1706 4034 eis
1756 3979 1905 4033 frena
1952 3982 2187 4035 immittit

634 4071 831 4141 ll!ier.,
866 4072 1119 4125 doctrina!
1146 4069 1224 4123 eis
1263 4068 1409 4123 frena
1451 4068 1768 4137 permittit],
1813 4079 1869 4122 ut
1898 4086 2016 4123 cum
2057 4070 2187 4134 tales

633 4162 858 4217 fuerint.
890 4159 1107 4212 docendi
1148 4159 1374 4211 habeant
1409 4158 1734 4221 libertatem,
1765 4168 1822 4210 ut
1859 4159 2060 4213 scilicet
2098 4160 2187 4213 do-

633 4259 786 4304 ceant
824 4265 886 4302 ea
924 4263 1041 4315 qua:
1079 4249 1213 4301 bona
1241 4257 1381 4300 sunt.
1423 4248 1569 4302 Licet
1594 4250 1737 4301 enim
1774 4248 1877 4303 alio
1903 4250 2015 4303 loco
2042 4252 2186 4304 dise-

636 4342 746 4392 rit:
789 4338 981 4391 Docere
1017 4348 1187 4389 autent
1228 4338 1527 4391 inulierilms
1559 4354 1657 4391 non
1696 4338 1931 4406 permitto
1970 4338 2016 4407 (I
2054 4338 2182 4391 Tim.
2220 4352 2265 4408 ο

637 4446 698 4490 ιι,
735 4427 851 4493 1'2);
901 4426 980 4478 sic
1018 4426 1413 4492 intelligendum
1446 4434 1552 4485 est,
1603 4434 1662 4479 ut
1703 4427 1754 4478 in
1799 4426 1941 4477 viros
1986 4426 2087 4477 illis
2120 4426 2188 4477 sit

635 4517 875 4569 doctrina
914 4514 1119 4568 sublata
1154 4533 1166 4566 :
1200 4525 1450 4568 ueterum
1489 4512 1906 4567 adulescentulas
1945 4513 2185 4577 doceant,

636 4604 786 4672 quasi
816 4602 950 4655 tilias
980 4617 1134 4664 snas,
1160 4604 1389 4668 primum
1419 4603 1746 4665 castitatem;
1786 4603 1909 4668 quia
1938 4603 2190 4656 adversus

638 4696 775 4746 hanc
800 4691 969 4760 magis
995 4691 1046 4742 in
1074 4698 1231 4743 aetate
1261 4689 1465 4743 ﬂorenti
1496 4698 1691 4757 pugnat
1718 4691 1982 4751 inimicus,
2008 4698 2061 4743 et
2082 4692 2188 4744 vir-

638 4792 723 4834 tus
751 4780 864 4846 ejus
883 4788 1069 4833 contra
1099 4778 1323 4831 feminas
1353 4780 1401 4830 in
1430 4779 1675 4831 umbilico
1707 4778 1904 4832 ventris
1931 4787 2029 4831 est.

709 4869 869 4920 Vnus.
909 4866 963 4929 ι,
1000 4867 1053 4919 5.
1074 4896 1145 4905 -
1169 4866 1586 4917 Adulescentulus
1613 4865 1787 4934 [Cod.,
1818 4865 2187 4921 Adulescentu-

640 4963 716 5010 las
750 4967 797 5010 et
832 4955 1337 5023 odhulescentulas],
1365 4966 1418 5007 ut
1454 4956 1588 5007 viros
1628 4971 1746 5005 suos
1784 4954 2020 5022 di’i'gant,
2056 4954 2190 5021 ﬁlios

640 5056 832 5098 timent.
866 5045 1180 5106 Prndentes,
1207 5044 1403 5096 sobrias
1421 5084 1434 5104 ,
1464 5055 1662 5106 castas,
1694 5044 1874 5095 domus
1902 5061 2077 5096 curam
2106 5047 2194 5098 Im-

645 5137 845 5195 bentes,
876 5135 1113 5201 benignas
1132 5173 1145 5196 ,
1176 5134 1406 5185 subditas
1434 5134 1552 5184 viris
1576 5135 1709 5196 suis,
1740 5143 1793 5185 ut
1824 5151 1923 5186 non
1958 5133 2189 5202 blasphe-

648 5233 815 5276 metar
843 5224 1043 5275 verbum
1068 5223 1179 5274 Dei.
1210 5222 1375 5292 [Anus
1406 5238 1529 5275 vero
1555 5223 1663 5275 vult
1700 5225 1979 5277 admonere
2014 5226 2190 5277 adole-

643 5313 913 5365 scentulas
953 5318 1013 5364 ut
1052 5311 1272 5379 diligant
1319 5312 1459 5365 viros
1503 5328 1655 5375 suos,
1708 5327 1809 5364 non
1858 5314 1909 5365 in
1953 5314 2193 5379 passione

642 5399 894 5454 desiderii
924 5401 1172 5464 carnalis,
1201 5402 1291 5454 scd
1320 5402 1368 5453 in
1392 5402 1586 5454 Christi
1614 5398 1914 5469 charitate].
1958 5401 2077 5453 Vult
2103 5418 2193 5454 eas

645 5506 828 5545 amare
864 5492 1010 5544 viros
1042 5507 1165 5545 suos
1194 5502 1363 5555 caste,
1395 5502 1452 5546 ut
1474 5492 1615 5547 inter
1640 5494 1807 5546 virum
1836 5500 1888 5545 ct
1918 5494 2192 5545 mulierem

646 5588 794 5633 casta
823 5582 891 5635 sit
917 5582 1148 5649 dilectio,
1180 5593 1230 5638 et
1253 5600 1409 5654 opera
1438 5583 1724 5637 liberorum
1748 5598 1802 5635 se
1830 5582 2045 5635 credant
2075 5589 2192 5632 ante

2284 519 2459 565 autem
2473 512 2544 563 ita
2566 511 2802 579 diligant,
2819 513 2862 566 si
2876 528 2969 566 eos
2978 512 3291 583 erudiantin
3308 512 3713 583 Deidisciplina.
3729 518 3845 570 Cae-

2286 607 2455 651 terum
2480 600 2615 653 nolle
2636 617 2727 665 eps
2749 603 3086 675 contristare,
3106 599 3271 671 357
3299 593 3538 658 docendo
3550 619 3677 672 quas
3697 607 3839 661 bona

2285 696 2437 751 sunt;
2470 698 2523 739 et
2552 690 2847 743 libertatem
2876 690 3113 744 tribuere
3140 690 3391 759 peccandi
3422 706 3528 745 non
3552 700 3840 746 estamare

2285 777 2440 839 tilios,
2469 779 2562 830 sed
2587 779 2782 832 odiSse.
2815 779 3157 847 |Erodiantur
3179 792 3409 847 quoque,
3433 783 3499 831 ἰιι
3535 782 3754 844 domus;
3786 780 3837 834 id

2284 873 2385 926 est,
2425 879 2698 945 servorum
2726 877 2779 921 et
2809 866 3119 923 ancillarum
3158 867 3387 922 habeant
3423 867 3475 920 in
3514 867 3841 937 benignitate

2286 956 2512 1024 curam]
2542 957 2777 1018 Addidit,
2816 958 3080 1025 benignas,
3106 956 3195 1027 [ne
3232 958 3542 1011 austeritate
3568 967 3840 1026 regeretur

2288 1042 2530 1107 familia.]
2552 1044 2785 1107 Addidit,
2815 1053 2870 1098 et
2897 1032 3268 1097 subditas-ciris
3287 1044 3417 1106 suis,
3439 1059 3507 1097 ne
3538 1043 3673 1097 forte
3700 1044 3830 1098 divi-

2289 1130 2374 1181 tiis
2403 1140 2457 1182 et
2486 1132 2754 1184 nobilitate
2801 1130 3033 1231 perlata:
3077 1132 3169 1186 Dei
3208 1132 3485 1185 sententia:
3520 1147 3625 1184 non
3654 1134 3837 1186 utemi-

2289 1222 2491 1282 nerint,
2540 1235 2633 1289 per
2676 1238 2834 1289 quam
2874 1222 3130 1291 subjectae
3166 1232 3289 1276 sunt
3335 1224 3483 1276 viris.
3526 1224 3614 1276 Ait
3648 1224 3838 1291 quippe

2288 1309 2428 1364 Deus
2456 1311 2523 1363 ad
2550 1311 2826 1362 mulierem
2855 1328 2868 1362 :
2898 1311 2975 1362 Ad
3016 1312 3179 1364 virum
3209 1321 3355 1363 tamn
3399 1314 3497 1365 erit
3523 1315 3837 1364 concertatio

2288 1398 2462 1467 [Li-3.,
2487 1397 2765 1467 conrersio]
2797 1409 2920 1461 tua;
2955 1408 3003 1451 et
3040 1400 3143 1467 ipse
3187 1397 3261 1452 tui
3296 1400 3647 1452 dominabitur
3683 1397 3835 1467 (Cen.

2289 1502 2371 1548 ιιι,
2410 1486 2513 1549 l6).
2545 1488 2743 1540 Dicitur
2766 1487 2907 1540 enim
2940 1502 2956 1539 :
2992 1488 3104 1540 Non
3144 1498 3225 1541 cst
3258 1498 3468 1542 creatus
3500 1490 3583 1541 vir
3624 1500 3839 1557 propter

2289 1577 2592 1637 mulierem,
2633 1578 2725 1630 sed
2756 1576 2945 1630 mulier
2968 1585 3182 1644 propter
3211 1578 3401 1629 virum.
3432 1577 3498 1629 Et
3535 1593 3653 1630 cum
3680 1587 3839 1644 caput

2289 1668 2523 1721 mulieris
2546 1668 2626 1719 vir
2652 1668 2750 1727 sit,
2786 1675 2943 1733 caput
2968 1674 3146 1717 autem
3173 1666 3268 1718 viri
3293 1666 3557 1729 Christus,
3591 1681 3838 1733 quacun-

2286 1771 2390 1822 que
2416 1770 2551 1808 uxor
2586 1771 2687 1808 non
2716 1754 2993 1821 subjicitur
3029 1756 3143 1808 viro
3181 1753 3372 1824 [llier.,
3402 1755 3518 1807 viro
3539 1752 3658 1824 suo]
3689 1754 3837 1825 [reli-

2284 1845 2431 1912 gioso
2459 1853 2513 1898 et
2539 1845 2702 1897 Deum
2726 1842 2974 1913 timenti],
3005 1846 3108 1898 hoc
3135 1854 3213 1897 est
3230 1884 3244 1907 ,
3272 1845 3430 1911 capiti
3460 1859 3578 1908 suo,
3604 1845 3837 1912 ejusdem

2284 1933 2523 1986 criminis
2553 1947 2639 1985 rea
2671 1943 2772 1995 est,
2796 1932 2947 1999 cujus
2968 1942 3023 2009 et
3043 1933 3125 1985 vir
3149 1935 3193 1985 si
3215 1947 3320 1986 non
3347 1931 3658 1999 subjiciatur
3684 1931 3841 1986 Chri-

2286 2032 2369 2075 sto
2390 2022 2547 2088 capiti
2571 2036 2686 2073 suo.
2717 2020 2797 2073 Ne
2819 2021 3021 2073 verbum
3042 2021 3141 2072 mei
3168 2020 3577 2087 blaspheinetar;
3604 2023 3686 2073 vel
3713 2020 3838 2074 dum

2287 2111 2640 2163 contemnitur
2670 2110 2759 2162 Dei
2788 2111 2956 2177 prima
2992 2110 3252 2162 sententia
3288 2118 3341 2162 et
3379 2125 3476 2179 pro
3504 2111 3669 2164 nihilo
3695 2110 3832 2163 duci-

2290 2212 2375 2255 tur
2403 2220 2413 2252 :
2442 2203 2523 2255 vel
2547 2200 2742 2254 Christi
2772 2200 3056 2253 infamatur
3091 2199 3428 2267 Evangelimn
3452 2240 3467 2264 ,
3495 2201 3619 2253 dum
3655 2209 3840 2253 contra

2286 2290 2453 2358 legem
2485 2288 2746 2357 ﬁdemque
2777 2296 2979 2341 natura:
3016 2302 3078 2339 ea
3110 2303 3229 2356 qua:
3256 2286 3557 2341 Christiana
3585 2300 3668 2342 est
3694 2297 3749 2340 et
3770 2305 3840 2340 ex

2288 2379 2381 2432 Dei
2412 2380 2524 2447 lege
2548 2379 2780 2446 subjecta
2800 2418 2814 2440 ,
2843 2378 2957 2431 viro
2986 2380 3248 2447 imperare
3267 2378 3532 2431 desiderat
3557 2392 3680 2441 suo;
3719 2392 3839 2430 cum

2286 2471 2446 2524 etiam
2486 2470 2709 2538 gentiles
2744 2470 2953 2522 feminae
2990 2470 3122 2522 viris
3160 2468 3271 2521 suis
3313 2466 3547 2520 serviant
3569 2469 3843 2521 communi

2284 2561 2401 2631 lege
2428 2569 2650 2614 natura.
2701 2560 2885 2629 (Vens.
2920 2559 2997 2626 (ἰ.)
3032 2559 3254 2612 Iuvenes
3298 2557 3535 2610 similiter
3567 2559 3845 2611 canor-tare

2287 2669 2340 2711 ut
2389 2659 2560 2727 pudici
2600 2660 2722 2711 sint.
2770 2657 3049 2727 Proprium
3106 2666 3283 2710 autem
3328 2657 3841 2712 adolescentularutn

2287 2752 2388 2805 hoc
2408 2752 2602 2819 posuit,
2621 2760 2679 2802 ut
2696 2750 2900 2818 pudica:
2921 2749 3027 2801 sint
3046 2748 3241 2818 [Hier.,
3260 2748 3839 2804 adulescentulorum...

2289 2848 2343 2893 ut
2372 2840 2545 2910 pudici
2574 2838 2699 2909 sint]
2731 2839 2783 2891 in
2811 2840 3076 2903 omnibus,
3103 2848 3209 2892 tam
3236 2838 3438 2893 scilicet
3475 2846 3654 2892 mente
3679 2852 3841 2906 quam

2290 2953 2534 3007 corpore,
2561 2947 2668 2991 tam
2693 2953 2853 3007 opere
2879 2953 3040 3005 quam
3074 2938 3411 3005 cogitatione,
3437 2946 3497 2990 ut
3524 2936 3668 2990 nulla
3693 2937 3762 2990 sit
3784 2938 3840 2988 in

2292 3031 2625 3083 adolescente
2650 3029 2878 3095 suspicio
2907 3027 3268 3097 turpitudinis.
3310 3025 3594 3080 Sciendum
3630 3041 3845 3094 quoque

2287 3120 2386 3173 hoc
2416 3120 2558 3187 quod
2583 3119 2907 3171 continentia
2934 3100 3039 3171 non
3067 3116 3233 3170 solum
3257 3117 3309 3169 in
3334 3116 3508 3170 carnis
3531 3129 3692 3186 opere
3716 3117 3841 3170 etin

2252 3228 2253 3231 η
2287 3210 2448 3261 animi
2480 3207 2931 3275 concupiscentia,
2956 3206 3048 3259 sed
3074 3206 3126 3258 in
3152 3203 3397 3258 omnibus
3416 3206 3577 3259 rebus
3602 3219 3847 3260 necessa-

2288 3298 2364 3348 ria
2392 3297 2461 3348 sit
2489 3311 2503 3346 :
2534 3310 2599 3348 ne
2630 3296 2857 3348 honores
2886 3295 3149 3348 indebitos
3174 3300 3518 3363 appeta’mus,
3559 3310 3627 3349 ne
3652 3309 3843 3349 acoen-

2286 3385 2476 3436 damur
2503 3382 2755 3442 avaritia,
2786 3398 2852 3435 ne
2878 3383 2979 3437 ulla
3008 3383 3252 3449 passione
3280 3395 3611 3449 superemur.
3644 3381 3707 3435 In
3734 3398 3844 3435 ont-

2288 3478 2434 3528 nibus
2454 3513 2469 3538 ,
2498 3474 2563 3527 ad
2592 3475 2865 3543 superiora
2891 3482 2971 3528 est
3008 3473 3339 3526 referendum
3357 3513 3371 3537 ,
3398 3472 3450 3525 id
3488 3482 3601 3537 est,
3631 3474 3847 3528 hortare

2288 3574 2341 3617 ut
2370 3565 2544 3635 pudici
2573 3566 2679 3618 sint
2701 3565 2753 3618 in
2776 3565 3037 3619 omnibus.
3072 3562 3349 3635 (Vsus.7.)
3381 3563 3452 3618 Te
3484 3566 3652 3634 ipsum
3680 3566 3846 3633 prelis

2285 3656 2569 3722 exemplum
2612 3655 2861 3707 bonorum
2907 3670 3135 3721 operum.
3184 3652 3325 3706 Nihil
3362 3653 3578 3721 prodest
3617 3652 3846 3722 aliquem

2287 3752 2631 3806 exercitatum
2655 3765 2772 3805 esse
2806 3750 2857 3802 in
2897 3749 3177 3815 discendo,
3209 3759 3264 3803 et
3302 3750 3368 3804 ad
3399 3749 3718 3819 loquendum
3749 3750 3847 3802 tri-

2286 3842 2425 3893 visse
2473 3841 2751 3909 linguam,
2782 3839 2885 3893 nisi
2934 3840 3053 3909 plus
3101 3839 3346 3909 exemplo
3399 3841 3641 3893 docuerit
3685 3855 3844 3909 quam

2288 3930 2466 3983 verbo.
2498 3928 2547 3999 [1
2554 3946 2585 3982 n
2612 3929 2867 3993 doctrina,
2886 3930 2942 3981 in
2968 3930 3277 3997 integritate.
3303 3928 3366 3981 In
3386 3929 3645 3993 doctrina,
3667 3932 3763 3994 ait,
3790 3941 3849 3982 ut

2286 4034 2443 4087 opere
2466 4020 2684 4087 impleas
2705 4019 2845 4086 quod
2867 4033 2961 4072 ore
2984 4017 3162 4071 do'ces.
3195 4016 3473 4088 Integritas
3503 4035 3628 4075 vero
3646 4020 3712 4073 ad
3740 4022 3848 4074 vir-

2286 4108 2559 4176 ginitatem
2586 4107 2795 4174 proprie
2830 4106 3090 4174 pertinet;
3142 4106 3280 4160 unde
3326 4115 3379 4159 et
3420 4107 3525 4160 alia
3572 4107 3849 4161 translatio

2288 4198 2361 4250 ait
2391 4216 2402 4248 :
2432 4196 2494 4249 In
2518 4197 2930 4265 incorruptione;
2957 4212 3078 4257 nam
3110 4195 3343 4262 virgines
3379 4193 3631 4248 dicuntur
3664 4194 3845 4247 ineor-

2290 4285 2500 4354 ωριτε]
2525 4286 2707 4353 (Vens.
2730 4284 2806 4352 8.)
2839 4283 2905 4335 In
2932 4284 3177 4350 gravitate
3194 4322 3210 4345 ,
3237 4283 3290 4335 in
3325 4282 3472 4336 verbo
3494 4299 3621 4335 sano
3642 4291 3692 4336 et
3717 4283 3850 4335 irre-

2288 4380 2630 4450 prehensibili.
2659 4379 2959 4450 [Doctoretn
2992 4379 3409 4433 ecclesiasticum
3434 4379 3768 4447 gravitatem,
3794 4379 3850 4432 id

2287 4480 2389 4535 est,
2417 4472 2663 4525 honestos
2689 4486 2864 4523 mores
2886 4471 3036 4523 decet
3062 4469 3278 4523 habere.
3302 4469 3377 4522 De
3398 4482 3643 4522 sermone
3665 4468 3849 4537 itaque

2288 4584 2417 4622 sano
2443 4568 2684 4635 superius
2714 4568 2911 4619 dictum
2934 4564 3062 4635 εει]
3092 4566 3159 4618 Et
3190 4566 3640 4635 irreprehensibili.
3674 4567 3750 4621 De
3774 4568 3851 4620 ir—

2289 4663 2691 4732 reprehensibili
2719 4664 2965 4725 dicimus,
2989 4678 3092 4716 non
3121 4679 3226 4732 quo
3246 4664 3386 4718 nllus
3406 4673 3568 4718 tanta:
3588 4664 3849 4719 facundia:

2289 4761 2340 4803 et
2364 4751 2656 4819 prudentiae
2679 4750 2749 4802 sit
2773 4758 2829 4803 ut
2853 4766 2882 4802 a
2904 4751 3113 4804 nemine
3140 4752 3575 4818 reprehendatur,
3596 4751 3688 4805 sed
3704 4754 3848 4819 quod

2291 4847 2419 4900 nihil
2442 4846 2653 4915 dignum
2684 4847 3091 4912 reprehensione
3115 4846 3256 4899 dicat
3282 4856 3373 4900 aut
3399 4846 3579 4908 faciat,
3604 4845 3730 4899 licet
3753 4849 3849 4901 ad-

2290 4938 2507 4991 versarii
2536 4938 2641 4991 sint
2666 4937 2731 4988 ad
2756 4935 3245 5001 reprehendendum
3267 4938 3458 5006 parati.
3493 4935 3561 4990 Ut
3594 4938 3638 4990 is
3670 4940 3757 5006 qui
3780 4956 3849 4991 ea:

2292 5029 2502 5079 adverso
2527 5035 2629 5084 est,
2671 5033 2922 5087 vereatur,
2967 5024 3094 5076 nihil
3124 5025 3314 5076 habens
3349 5002 3544 5077 malum
3580 5026 3748 5080 dicere
3782 5027 3849 5078 de

2294 5116 2453 5167 nobis.
2493 5112 2600 5181 [Ex
2627 5110 2867 5175 adverso,
2908 5114 2960 5165 id
3003 5120 3102 5174 est,
3129 5112 3468 5167 adversarius
3496 5113 3625 5167 nihil
3652 5114 3849 5168 haheat

2293 5213 2400 5264 veri
2441 5211 2521 5263 vel
2565 5212 2847 5264 verisimile
2870 5252 2882 5273 ,
2924 5212 3167 5278 quamvis
3201 5221 3419 5279 paratus
3451 5210 3524 5267 sit
3560 5210 3850 5278 reprehen-

2294 5309 2439 5369 dere,
2462 5306 2893 5360 contradictionis
2926 5305 3146 5377 locum]
3172 5307 3353 5363 Potest
3392 5314 3569 5385 autem
3607 5306 3716 5370 hic,
3754 5310 3845 5375 qui

2294 5415 2355 5450 ex
2386 5399 2605 5451 adverso
2632 5406 2714 5449 est
2733 5436 2745 5459 ,
2775 5396 3259 5465 diabolusintelligi
3280 5438 3295 5463 ,
3324 5398 3415 5465 qui
3454 5404 3733 5451 accusator
3764 5407 3850 5452 est

2297 5489 2513 5538 fratrum
2543 5493 2861 5547 nostrorum,
2890 5495 2947 5539 ut
2974 5484 3203 5539 Joannes
3224 5484 3541 5553 evangelista
3557 5484 3841 5553 predirat;

2294 5579 2380 5647 qni
2404 5592 2522 5630 cum
2546 5575 2674 5629 nihil
2699 5576 2941 5630 habuerit
2968 5575 3089 5630 mali
3116 5577 3254 5643 quod
3278 5576 3430 5631 nobis
3454 5575 3693 5645 obiiciat,
3713 5587 3843 5627 ctu-
