4154 6216
679 268 808 320 1023

1469 272 1527 322 ll.
1563 270 1623 323 1".
1665 270 1877 323 ALBIM
1920 272 2046 324 bliU
2090 270 2352 323 ALCUNI
2392 271 2668 325 οιιειιιιι
2705 274 2874 327 PARS
2912 274 2970 327 ll.

3734 269 3864 322 10ἳᾶ

587 364 591 369 ’
673 388 882 445 paratos
896 395 1020 429 esse.
1041 378 1163 429 'l‘ale
1179 380 1303 445 quid
1323 387 1374 431 et
1395 380 1459 431 ad
1478 378 1741 431 Romanos
1758 378 2023 431 scribitur:
2036 378 2213 430 Ouinis
2242 380 2289 436 Α
2316 376 2581 431 Christum
2611 381 2909 443 crederent,
2933 382 3277 434 damnaturus
3307 377 3482 447 (ϐοαί,
3511 377 3863 432 damnandus.

608 464 611 469 ⁴
675 467 848 516 intima
882 467 1213 533 potestatibus
1240 466 1622 518 sublimioribus
1648 466 1851 517 subdita
1891 467 1975 528 sit,
2016 482 2115 517 non
2143 475 2215 517 est

674 556 806 605 enim
834 564 1077 622 potestas,
1102 556 1199 606 nisi
1224 572 1254 606 a
1280 554 1385 607 Deo
1410 554 1584 622 (Ilum.
1612 570 1726 617 xm,
1759 556 1823 621 Ι).
1852 554 2006 623 [Nam
2034 563 2087 607 et
2109 555 2218 621 ipse

676 643 926 696 Dominus
982 645 1307 697 tentantibus
1354 642 1547 696 Iudaeis
1597 644 1864 711 respondit
1892 645 1949 714 :]
2005 644 2219 697 Reddite

674 728 867 781 Cesari
920 747 1034 797 qua:
1080 741 1196 783 sunt
1243 731 1493 794 Cesaris,
1545 743 1591 784 et
1640 733 1742 784 Deo
1791 750 1906 797 qua:
1956 744 2073 785 sunt
2126 734 2219 786 Dei

676 814 885 879 (Matth.
912 818 1172 885 undi).
1202 816 1297 871 Cui
1344 819 1670 887 responsioni
1716 819 1908 872 Paulus
1951 821 2219 888 apostolus

672 917 969 972 congruens
1016 905 1189 967 docet,
1237 906 1564 974 principibus
1616 916 1671 958 et
1716 908 2064 974 potestatibus
2104 923 2219 961 cre-

671 992 856 1045 dentes
886 994 937 1045 in
966 994 1179 1047 Christo
1208 994 1401 1048 debere
1428 1010 1545 1047 esse
1578 996 1864 1061 subjectos.
1899 997 2110 1049 Poterat
2138 998 2218 1050 his

676 1080 763 1145 qui
794 1089 1055 1134 tormenta
1083 1082 1388 1147 formidant,
1426 1085 1636 1136 Occasio
1664 1085 1727 1137 ad
1758 1086 2054 1152 negandum
2103 1087 2215 1138 dari

678 1167 763 1237 [es
803 1168 901 1222 hoc
941 1169 1258 1241 precepto];
1303 1170 1395 1224 sed
1439 1182 1591 1225 caute
1630 1171 1874 1237 subjecit,
1919 1175 2123 1226 obedire
2150 1176 2217 1227 ad

670 1271 819 1307 omne
846 1272 970 1325 opus
997 1258 1207 1310 bonum.
1252 1258 1307 1311 Si
1342 1259 1534 1311 bonum
1563 1270 1646 1313 est
1675 1262 1815 1327 quod
1844 1263 2091 1330 przecepit
2122 1263 2217 1315 im-

669 1353 883 1411 perator
915 1355 968 1399 et
994 1362 1209 1414 prrses,
1241 1349 1473 1417 jttbcntis
1498 1349 1789 1417 obsequere
1818 1351 2074 1403 voluntati
2098 1370 2108 1402 :
2137 1353 2216 1403 sin

669 1449 796 1487 vero
824 1438 1021 1488 malum
1049 1447 1101 1489 et
1125 1448 1313 1490 contra
1350 1437 1511 1489 Deum
1540 1438 1698 1504 sapit,
1728 1439 1987 1505 responde
2011 1440 2057 1492 ei
2092 1439 2218 1492 illud

668 1524 732 1575 de.
767 1524 986 1580 Actibus
1029 1527 1382 1594 apostolorum
1422 1546 1431 1577 :
1466 1526 1682 1579 ()bedire
1715 1538 1908 1596 oportet
1953 1528 2058 1580 Deo
2102 1545 2215 1580 ma-

667 1614 742 1679 gis
768 1631 921 1681 quam
944 1616 1233 1667 hominibus
1266 1615 1400 1683 (Art.
1439 1632 1491 1677 γ,
1538 1616 1648 1683 29).
1701 1616 1808 1669 Hoc
1852 1617 2022 1683 ipsum
2064 1626 2117 1669 et
2153 1619 2215 1669 de

2320 464 2494 529 llicr.,
2525 468 2589 520 ad
2614 483 2724 521 eos.
2746 508 2758 519 .
2779 507 2792 519 .
2822 467 3195 539 \'inciendos).]

2392 553 2547 607 Vsus.
2580 554 2691 608 4-7.
2726 585 2793 594 —
2828 555 2955 608 Cum
2984 566 3151 608 autem
3189 556 3469 626 benignitas
3498 564 3546 608 et
3572 555 3863 607 humanitas

2319 640 2557 706 apparuit
2584 640 2871 694 Salratoris
2898 644 3057 695 nostri
3077 642 3187 704 Dei,
3222 659 3323 694 non
3350 659 3412 695 ex
3445 643 3680 710 operibus
3699 642 3861 710 justi-

2318 729 2402 780 tie
2436 746 2549 798 que
2590 730 2805 797 fecimus
2849 747 2963 793 nos,
3008 731 3096 784 sed
3139 731 3416 785 secundum
3458 730 3863 783 misericordiam

2316 834 2462 871 suam
2491 819 2659 873 salros
2701 838 2791 873 nos
2837 822 2952 889 fecit
2990 839 3079 891 per
3106 822 3365 875 laracrum
3395 821 3787 891 regenerationis
3814 830 3860 872 et

2319 909 2657 960 renovatiouis
2682 906 2906 975 Spiritus
2927 911 3112 973 sancti,
3141 926 3289 979 quem
3311 910 3491 977 effudit
3518 911 3573 962 in
3596 924 3683 962 nos
3706 908 3862 961 abun-

2316 993 2498 1053 danter
2538 1010 2629 1062 per
2667 995 2842 1049 Jesum
2881 994 3141 1049 Christum
3185 996 3460 1049 Dominum
3509 1006 3758 1060 nostrum,
3807 1006 3859 1047 ut

2307 1080 2586 1148 justiﬁcati
2608 1084 2777 1151 gratia
2804 1083 2965 1152 ipsius
2985 1084 3210 1137 heredes
3230 1085 3391 1138 simus
3419 1083 3698 1138 secundum
3722 1099 3861 1152 spem

2315 1168 2429 1221 rite
2465 1179 2688 1223 eterne.
2736 1156 3049 1241 Diligentius
3092 1172 3427 1227 attendamus
3451 1181 3507 1226 et
3533 1171 3861 1226 inveniemus

2317 1259 2368 1311 in
2416 1261 2667 1325 presenti
2721 1261 2950 1330 capitulo
2992 1260 3477 1314 manifestissimam
3526 1261 3855 1313 Trinitatem.

2316 1346 2616 1415 Bcnignitas
2636 1350 2827 1417 quippe
2849 1358 2903 1401 et
2924 1349 3199 1403 clementia
3229 1348 3518 1402 Salvatoris
3541 1348 3707 1401 nostri
3740 1347 3856 1407 Dei,

2315 1449 2417 1486 non
2457 1434 2675 1489 alterius
2700 1452 2858 1503 quam
2887 1437 2976 1491 Dei
3007 1437 3199 1501 Patris,
3228 1452 3324 1505 per
3350 1437 3617 1490 lavacrum
3645 1451 3857 1505 regene-

2318 1524 2536 1576 rationis
2560 1533 2611 1576 et
2641 1525 2997 1578 renovationis
3024 1524 3251 1593 Spiritus
3277 1525 3467 1587 sancti,
3496 1537 3653 1592 quem
3676 1521 3860 1577 elfudit

2318 1626 2474 1677 super
2503 1628 2599 1665 nos
2624 1610 2953 1665 abundanter
2976 1628 3069 1681 per
3095 1611 3273 1665 Jesum
3307 1612 3575 1666 Christum
3621 1611 3859 1665 Salvato-

668 1704 836 1755 servls
885 1703 1237 1771 intelligamus
1276 1704 1411 1770 apud
1459 1703 1723 1765 dominos,
1766 1713 1821 1756 et
1857 1703 1923 1757 de
1950 1694 2216 1756 uxoribus
2249 1695 2287 1753 Β
2319 1717 2427 1753 rem
2478 1710 2740 1765 nostrum,
2783 1700 3092 1769 justilicavit
3130 1716 3224 1754 nos
3275 1701 3327 1753 in
3373 1703 3536 1753 vitam
3583 1711 3853 1755 uernam.

666 1792 805 1857 apud
850 1793 1012 1855 viros,
1043 1802 1095 1845 et
1123 1793 1185 1845 de
1214 1792 1334 1845 filiis
1383 1793 1519 1859 apud
1549 1802 1795 1860 parentes
1860 1790 1935 1861 [et
1964 1791 2030 1845 de
2060 1792 2217 1845 disci-

666 1882 804 1947 pulis
840 1882 977 1948 apud
1016 1880 1342 1949 magistros,]
1390 1880 1527 1948 quod
1572 1882 1623 1932 in
1670 1880 1769 1933 illis
1813 1879 1919 1949 [lue
1955 1879 2213 1950 personae]

666 1959 887 2028 tantunr
899 1968 1121 2021 debeant
1152 1967 1371 2034 subjecti
1394 1984 1511 2022 esse
1536 1967 1867 2038 [majoribus]
1894 1984 2011 2035 quae
2031 1980 2215 2023 contra

669 2060 760 2111 Dei
785 2060 1035 2112 mandata
1066 2074 1169 2112 non
1204 2061 1445 2121 veniant;
1492 2059 1564 2127 [et
1592 2059 1656 2111 ad
1683 2074 1742 2111 ea
1774 2068 1974 2111 tantum
2002 2070 2216 2126 paratos

666 2161 785 2200 esse
834 2162 950 2215 qua:
996 2156 1178 2200 contra
1222 2147 1428 2200 Domini
1481 2149 1726 2200 mandata
1770 2162 1876 2199 non
1914 2146 2212 2217 jubentur.]

666 2236 849 2302 tVns.
872 2234 949 2304 2.)
985 2234 1253 2286 Neminem
1279 2250 1489 2302 quoque
1533 2234 1899 2302 blasphemare.
1933 2233 2096 2302 Igitur
2122 2234 2214 2287 Mi-

661 2322 811 2376 chael
855 2323 1225 2391 archangelus,
1262 2322 1468 2390 quando
1513 2338 1628 2373 cum
1673 2321 1878 2374 diabolo
1921 2321 2214 2390 disputabat

661 2415 725 2465 de
754 2412 923 2483 Moysi
961 2429 1190 2481 corpore,
1241 2429 1342 2465 non
1389 2412 1485 2480 fuit
1530 2430 1686 2465 ausus
1735 2413 1925 2479 inferre
1957 2413 2212 2481 judicium

664 2504 1022 2572 blasphemia,
1057 2504 1144 2556 sed
1187 2503 1313 2555 dixit
1342 2517 1359 2552 :
1387 2504 1596 2570 imperet
1644 2502 1732 2554 tibi
1776 2501 1911 2553 Deus
1952 2501 2099 2570 (Iud.
2134 2501 2208 2568 9).
2247 2562 2250 2566 ,

666 2595 805 2663 Ergo
830 2596 874 2647 si
903 2593 1120 2646 Michael
1143 2608 1247 2645 non
1276 2593 1373 2644 fuit
1400 2608 1562 2645 ausus
1591 2593 1822 2654 diabolo,
1851 2601 1905 2644 et
1933 2602 2077 2645 certe
2100 2607 2213 2644 ma-

666 2682 947 2736 ledictione
984 2682 1313 2748 dignissimo,
1337 2679 1592 2747 judicium
1623 2680 1819 2733 inferre
1848 2680 2209 2747 blasphemia},

660 2780 861 2838 quanto
907 2771 1074 2839 magis
1118 2786 1211 2824 nos
1251 2771 1317 2823 ab
1351 2772 1493 2824 omni
1523 2770 1802 2823 maledicto
1830 2770 1948 2836 puri
1978 2783 2095 2822 esse
2122 2768 2212 2823 de-

663 2858 883 2912 bemus?
920 2858 1220 2911 Merebatur
1244 2859 1484 2911 dialzolus
1519 2858 1878 2919 maledictum,
1909 2858 2001 2911 sed
2031 2872 2125 2925 per
2152 2872 2211 2910 os

664 2947 966 3015 archangeli
997 2947 1142 2999 exire
1186 2944 1286 2999 non
1322 2945 1521 3000 debuit.
1559 2945 1665 2998 lloc
1712 2960 1851 2999 nunc
1897 2953 2099 2999 tantum
2132 2946 2213 2998 di-

2317 1790 2471 1843 Salus
2509 1792 2834 1844 credentium
2878 1791 3183 1859 mysterium
3215 1790 3489 1843 Trinitatis
3521 1801 3603 1843 est
3638 1788 3719 1860 [.ut
3745 1790 3858 1858 ipse

2318 1878 2568 1931 Dominus
2598 1879 2648 1932 in
2673 1878 2956 1946 Evangelio
2999 1879 3072 1932 ait
3099 1898 3109 1931 :
3142 1879 3241 1942 Ite,
3263 1879 3435 1931 docete
3474 1894 3647 1931 omnes
3688 1888 3856 1947 gentes

2314 1966 2625 2034 baptizantes
2657 1985 2740 2021 eos
2783 1970 2836 2021 in
2880 1970 3081 2021 nomine
3106 1968 3282 2021 Patris
3309 1979 3355 2021 et
3390 1967 3515 2022 Filii
3552 1978 3597 2022 et
3631 1968 3856 2037 Spiritu

2313 2055 2498 2108 sancti.
2552 2054 2664 2108 Non
2715 2057 2819 2109 erit
2860 2056 3095 2125 legitime
3142 2057 3469 2124 baptizatus,
3514 2057 3615 2109 nisi
3647 2057 3853 2111 invoce-

2316 2153 2400 2196 tur
2445 2159 2634 2197 nomen
2671 2154 2868 2199 sanctze
2910 2144 3185 2198 Trinitatis
3223 2160 3382 2215 super
3406 2160 3527 2199 eum
3556 2146 3647 2214 qui
3684 2144 3855 2215 bapti-

2315 2233 2514 2287 zandus
2555 2241 2657 2287 est.
2698 2233 2820 2287 ideo
2843 2234 2940 2287 sub
2970 2233 3300 2289 festinatione
3336 2236 3654 2290 currendum
3678 2245 3761 2291 est
3785 2238 3852 2291 ad

2315 2320 2655 2389 baptismum,
2691 2337 2755 2375 ne
2792 2322 2925 2375 forte
2954 2324 3067 2377 sine
3102 2334 3433 2381 sacramento
3458 2324 3646 2377 salutis
3673 2324 3853 2391 hujus-

2314 2414 2455 2466 modi
2482 2416 2717 2483 rapiatur
2752 2414 2923 2469 infans
2948 2418 3011 2470 de
3034 2418 3132 2471 hac
3161 2417 3320 2488 luce].
3366 2418 3527 2488 (Vsus
3546 2419 3623 2488 8.)
3656 2417 3850 2472 Fidelis

2312 2520 2478 2557 sermo
2502 2514 2575 2557 est
2600 2521 2618 2557 :
2645 2515 2692 2557 et
2718 2506 2781 2559 de
2805 2507 2885 2559 his
2914 2506 3023 2560 volo
3042 2516 3089 2560 te
3110 2507 3437 2575 conﬁrmare,
3466 2516 3521 2560 ut
3550 2524 3727 2561 curam
3757 2509 3849 2561 Isa-

2313 2592 2459 2644 beant
2477 2594 2618 2646 bonis
2633 2596 3269 2664 operibusmpreesse,
3283 2598 3371 2665 qui
3392 2596 3603 2650 credam
3620 2597 3675 2649 in
3687 2595 3846 2649 Deum

2314 2677 2462 2747 [Leg.
2489 2682 2577 2748 qui
2601 2681 2812 2734 credunt
2853 2680 3003 2752 Deo].
3057 2683 3183 2736 Hec
3204 2694 3322 2737 sunt
3349 2685 3480 2737 bona
3505 2694 3551 2737 et
3580 2684 3728 2737 utilia
3750 2685 3844 2737 Ito-

2313 2768 2551 2820 minibus.
2598 2768 2707 2823 Hoc
2743 2769 2884 2837 quod
2923 2772 3020 2835 ait,
3059 2771 3227 2838 ﬁdelis
3259 2788 3446 2836 sermo,
3482 2773 3547 2824 ad
3575 2772 3845 2840 superiora

2304 2853 2629 2923 jungendum
2672 2866 2771 2919 est,
2818 2859 2869 2911 in
2904 2860 3095 2927 quibus
3133 2859 3469 2928 promiserat,
3500 2869 3553 2913 ut
3572 2860 3844 2928 justificati

2312 2944 2477 3011 gratia
2511 2944 2668 3014 ipsius
2709 2946 2931 2999 heredes
2958 2948 3236 3016 eﬂiciamur
3262 2948 3540 3001 secundum
3573 2964 3712 3016 spent
3736 2948 3846 3001 cite

664 3038 803 3090 xisse
827 3034 1071 3097 sufficiat,
1104 3036 1242 3103 quod
1279 3036 1647 3102 blasphemare
1681 3034 1878 3088 Christi
1923 3036 2209 3103 discipulos
2234 3026 2281 3089 C
2312 3042 2536 3085 (sterne.
2591 3034 2793 3103 Dignus
2848 3035 2989 3095 enim
3049 3034 3150 3090 ﬁde
3197 3050 3354 3105 super
3397 3036 3701 3089 hereditate
3750 3035 3846 3089 Dei

659 3142 763 3179 non
808 3134 1190 3195 oportet,nec,
1239 3125 1377 3192 quod
1428 3124 1658 3185 additur,
1707 3140 1813 3175 esse
1842 3124 2125 3192 litigiosos;
2164 3125 2208 3177 si

659 3216 801 3267 enim
825 3230 1008 3267 sumus
1046 3214 1136 3266 lilii
1164 3215 1330 3281 pacis,
1360 3223 1415 3266 et
1442 3213 1684 3265 volumus
1716 3228 1873 3281 super
1898 3228 1994 3267 nos
2022 3229 2207 3282 pacem

661 3307 1016 3375 requiescere,
1044 3314 1097 3359 et
1129 3305 1448 3359 accessimus
1483 3302 1546 3355 ad
1583 3301 2208 3368 Jerusalem-celestem,

659 3412 776 3464 qua:
802 3412 868 3449 ex
898 3410 1028 3463 pace
1078 3409 1270 3447 nomen
1317 3394 1531 3461 accipit,
1577 3408 1695 3445 cum
1745 3393 1827 3447 his
1866 3394 1955 3461 qui
1984 3395 2209 3448 oderunt

660 3500 841 3552 pacem
877 3484 1165 3536 habeamus
1198 3496 1381 3549 pacem
1412 3498 1423 3532 :
1465 3488 1520 3533 et
1553 3490 1807 3547 quantum
1836 3482 1887 3534 in
1926 3481 2075 3537 nobis
2104 3493 2207 3548 est,

658 3588 780 3625 cum
829 3573 1074 3626 omnibus
1121 3572 1422 3625 hominibus
1459 3571 1631 3636 pacati
1672 3570 1857 3634 simus,
1895 3586 1999 3624 non
2037 3574 2206 3626 solum

660 3677 779 3714 cum
809 3660 1082 3723 modestis,
1133 3661 1224 3713 scd
1266 3661 1427 3711 etiam
1473 3674 1594 3711 cum
1644 3660 1857 3723 rixosis,
1901 3663 2023 3727 quia
2067 3664 2204 3716 nulla

660 3753 831 3803 virtus
893 3760 976 3802 est
1038 3750 1176 3802 ferre
1235 3757 1581 3811 mansuetos;
1649 3758 1968 3817 quapropter
2031 3752 2203 3805 locum

660 3840 846 3892 demus
888 3841 999 3899 ira},
1044 3837 1254 3891 Omnem
1296 3838 1613 3891 ostendentes
1656 3843 2095 3893 mansuetudinem
2135 3844 2204 3895 ad

658 3942 830 3978 omnes
855 3926 1099 3978 homines.

731 4016 891 4069 Vens.
920 4016 969 4068 5.
995 4045 1061 4053 -
1088 4012 1305 4066 Fuimus
1358 4017 1493 4067 enim
1539 4027 1583 4068 et
1628 4034 1718 4069 nos
1761 4017 2037 4085 aliquando
2078 4020 2203 4071 insi-

656 4107 847 4171 pientes
868 4112 914 4154 et
934 4102 1205 4164 increduli,
1245 4114 1495 4165 errantes,
1538 4107 1805 4157 servientes
1848 4105 2115 4159 desideriis
2154 4118 2202 4159 et

658 4194 996 4262 roluptatibus
1025 4193 1199 4256 variis,
1236 4194 1288 4245 in
1323 4192 1519 4245 malitia
1549 4203 1592 4244 et
1616 4194 1804 4245 invidia
1832 4204 2057 4263 agentes,
2088 4197 2200 4248 odi-

657 4284 801 4347 biles,
833 4283 1055 4335 odientes
1076 4283 1305 4334 invicem.
1332 4283 1541 4345 Quaerat
1566 4283 1753 4349 aliquis
1778 4286 2040 4349 quomodo
2068 4285 2200 4337 Pau-

2312 3136 2505 3183 sermo,
2536 3129 2593 3173 et
2618 3136 2778 3190 super
2812 3138 2904 3191 spe
2939 3123 3061 3177 vita:
3088 3120 3317 3177 reternaa.
3359 3122 3506 3178 Unde
3540 3132 3748 3191 oportet
3783 3124 3845 3177 de

2310 3209 2393 3261 his
2418 3224 2521 3263 non
2550 3210 2785 3274 dubium,
2811 3224 2915 3263 non
2946 3211 3237 3275 timentem,
3267 3218 3321 3265 et
3343 3212 3513 3279 ipsum
3537 3212 3773 3275 credere,
3796 3221 3848 3265 et

2307 3305 2365 3349 nt
2386 3298 2606 3352 credant
2630 3300 2829 3361 ceteri,
2855 3299 3315 3355 conlirmare.Non
3334 3301 3504 3354 solum
3525 3311 3700 3356 autem
3724 3302 3844 3365 hoc.

2307 3384 2398 3437 sed
2434 3392 2487 3438 et
2515 3386 2617 3439 hoc
2656 3401 2774 3442 cum
2814 3388 3020 3440 caeteris
3057 3389 3140 3442 his
3174 3389 3262 3455 qui
3303 3390 3567 3442 voluerint
3609 3392 3844 3451 credere.

2307 3474 2729 3529 conﬁrmandum
2759 3485 2841 3529 est
2866 3495 2877 3529 :
2905 3485 3225 3546 quam-apter
3258 3478 3351 3541 ait,
3381 3486 3428 3530 et
3462 3478 3525 3532 de
3552 3478 3631 3533 his
3657 3477 3767 3532 solo
3798 3489 3848 3532 te

2306 3564 2629 3630 con/innare.
2672 3564 2772 3631 Qui
2802 3575 2977 3620 autem
3033 3568 3129 3620 ista
3175 3582 3299 3621 vera
3345 3581 3463 3622 esse
3505 3568 3845 3630 crediderint,

2308 3667 2521 3707 necesse
2566 3663 2648 3707 est
2695 3664 2754 3707 ut
2801 3670 2982 3708 curam
3043 3656 3272 3709 habeant
3321 3657 3581 3711 bonorum
3628 3670 3847 3725 operum

2308 3738 2659 3811 [adimplere],
2703 3757 2798 3809 per
2835 3758 2952 3809 quas
2995 3742 3275 3798 hereditas
3318 3742 3411 3798 Dei
3460 3752 3514 3798 et
3553 3756 3674 3812 spes
3721 3742 3847 3797 vita:

2302 3838 2635 3895 praeparatur
2672 3838 2902 3885 aeternte.
2932 3831 2998 3884 Et
3029 3820 3269 3900 pulchre,
3311 3842 3371 3886 ut
3401 3835 3659 3903 majorem
3688 3832 3847 3887 fidem

2304 3914 2524 3980 faceret,
2570 3933 2672 3971 non
2715 3920 2867 3983 dixit,
2914 3920 3002 3987 qui
3035 3920 3257 3973 credunt
3284 3921 3611 3985 hominibus,
3638 3920 3731 3974 sed
3754 3923 3847 3988 qui

2302 4007 2523 4059 credunt
2563 4006 2691 4061 Deo.
2735 4006 2961 4061 Necesse
2997 4015 3075 4061 est
3114 4008 3255 4062 enim
3285 4017 3343 4062 ut
3367 4024 3548 4063 curam
3585 4008 3845 4063 bonorum

2301 4109 2519 4161 operum
2569 4096 2828 4157 habeant,
2884 4112 3002 4164 quae
3054 4098 3336 4166 adimpleta
3383 4107 3437 4152 et
3479 4099 3625 4152 omni
3669 4097 3846 4151 studio

2301 4194 2600 4253 perpetrata
2628 4188 2764 4239 bona
2795 4196 2919 4240 sunt
2953 4188 3208 4258 utiliaque
3252 4186 3609 4244 credentibus.
3657 4186 3843 4257 (Vsus.

2302 4275 2379 4342 9.)
2411 4274 2609 4327 Stultos
2634 4284 2801 4327 autem
2829 4276 3152 4345 questiones,
3190 4287 3237 4331 et
3270 4278 3614 4349 genealogias,
3649 4277 3702 4337 et
3724 4302 3846 4339 ron-

658 4375 738 4425 Ius
758 4384 896 4424 esset
922 4370 1193 4437 insipiens,
1219 4371 1539 4433 incredulus,
1562 4386 1765 4432 errans,
1790 4381 1843 4422 et
1861 4374 2199 4428 serviensde-
2227 4351 2275 4408 ί)

2227 4351 2275 4408 ί)
2300 4368 2567 4429 tentiones,
2608 4378 2655 4419 et
2679 4384 2873 4436 pugnas
2906 4358 3029 4436 legis
3066 4368 3265 4430 devita;
3305 4378 3423 4421 sunt
3470 4371 3604 4423 enim
3638 4374 3844 4429 inutiles

656 4462 865 4514 sideriis
886 4471 940 4513 et
962 4461 1122 4513 variis
1146 4460 1505 4527 voluptatibus
1527 4460 1576 4509 in
1602 4458 1800 4511 malitia
1828 4455 1949 4511 etin
1980 4461 2196 4527 invidia,

655 4564 775 4603 cum
806 4548 1069 4601 eruditum
1099 4562 1217 4600 eum
1252 4549 1315 4600 ad
1349 4550 1507 4616 pedes
1537 4548 1827 4603 Gamalihel
1857 4560 1909 4603 et
1936 4552 2002 4603 ab
2029 4551 2201 4605 infan-

660 4642 726 4691 tia
759 4640 926 4691 sacris
958 4638 1149 4690 litteris
1191 4638 1490 4705 institutum
1538 4636 2017 4710 [Addulegantus]
2064 4642 2194 4710 (Act.

658 4728 819 4794 sui)!
872 4726 974 4778 Sed
1006 4726 1072 4777 ab
1100 4742 1163 4778 eo
1196 4736 1429 4793 tempore
1453 4742 1557 4793 quo
1586 4726 1636 4778 in
1665 4724 1931 4779 Christum
1958 4745 2056 4781 non
2084 4747 2201 4784 cre-

656 4814 807 4874 didit,
861 4810 996 4882 [luec
1033 4814 1095 4865 de
1139 4813 1226 4865 illo
1259 4812 1401 4879 juste
1428 4816 1527 4866 diri
1558 4825 1861 4882 potuerunt,
1894 4818 2031 4885 quod
2063 4830 2201 4872 esset

659 4902 911 4970 insipiens
947 4911 1000 4954 et
1037 4902 1241 4956 invidus
1284 4904 1435 4956 saluti
1474 4903 1943 4983 Christianorum]
1992 4910 2069 4961 An
2119 4912 2198 4963 di-

658 4991 879 5040 cendum
902 4998 981 5041 est
1012 4990 1225 5042 Paulum
1269 5007 1370 5043 non
1416 4991 1575 5045 fuisse
1618 4994 1950 5061 insipientem
2001 4997 2197 5066 [llier.,

659 5098 724 5132 un
752 5095 852 5133 non
887 5080 1036 5132 nobis
1077 5081 1283 5134 videtur
1306 5082 1500 5135 Paulus
1531 5082 1689 5136 fuisse
1716 5083 1950 5153 stultus],
1991 5088 2199 5152 quando

661 5170 885 5222 habebat
913 5169 1079 5222 zelum
1104 5168 1217 5232 Dei,
1244 5170 1333 5223 sed
1363 5185 1466 5223 non
1496 5172 1783 5225 secundum
1814 5173 2117 5236 scientiam;
2147 5183 2201 5227 et

656 5260 1068 5327 persequebatur
1101 5258 1387 5314 Ecclesiam
1418 5268 1471 5313 et
1498 5260 1839 5328 lapidantium
1872 5262 2195 5331 Stephanum

658 5350 965 5401 vestimenta
1004 5350 1279 5413 servabat;
1328 5366 1445 5403 cum
1484 5351 1535 5403 in
1577 5359 1777 5406 tantum
1806 5352 1983 5405 odium
2014 5360 2195 5405 contra

659 5440 979 5491 Salvatorcm
1026 5440 1303 5508 instigatus
1346 5441 1645 5501 exarserit,
1695 5452 1751 5495 ut
1793 5443 1992 5496 litteras
2037 5457 2064 5493 a
2112 5457 2193 5495 sa-

658 5528 953 5580 rerdotibus
1009 5529 1266 5595 arriperet
1315 5543 1536 5597 pergens
1592 5531 1934 5588 Damascum,
1981 5533 2090 5600 [qui
2141 5537 2188 5586 in

2299 4465 2347 4507 et
2389 4472 2551 4508 vane.
2594 4455 2657 4524 [A
2686 4456 2833 4508 vanis
2856 4470 2983 4523 ergo
3007 4464 3060 4507 et
3087 4456 3348 4509 rationem
3373 4471 3476 4510 non
3507 4458 3843 4527 habentibus.

2300 4556 2353 4597 et
2382 4544 2501 4597 ﬁdei
2528 4544 2799 4597 catholicae
2824 4559 2926 4598 non
2951 4543 3247 4601 faventibus
3275 4554 3487 4602 revocat
3510 4551 3845 4620 nosAposto-

2300 4633 2381 4686 lus
2415 4631 2837 4704 quaestionibus]
2881 4634 3143 4688 Caeterum
3190 4636 3256 4689 ad
3303 4637 3586 4705 sapientes,
3631 4648 3685 4694 et
3714 4642 3844 4709 'qua:

2302 4722 2693 4787 Scripturarum
2726 4722 3048 4775 auctoritate
3081 4730 3203 4775 sunt
3246 4720 3410 4789 fultae,
3449 4728 3616 4796 magis
3652 4729 3844 4782 cohor-

2304 4820 2444 4864 tatur
2482 4820 2536 4862 et
2568 4818 2855 4876 provocat:
2889 4812 3043 4863 modo
3090 4824 3197 4864 non
3245 4812 3315 4865 sit
3357 4827 3551 4883 corpus
3583 4822 3837 4874 nostrum

2302 4901 2567 4953 subditum
2596 4901 2844 4967 peccatis,
2887 4907 2941 4951 et
2977 4899 3304 4969 ingredietur
3331 4902 3383 4955 in
3415 4918 3513 4956 nos
3557 4903 3834 4972 sapientia.

2303 4991 2621 5043 Exercentur
2648 5004 2797 5042 mens
2821 4990 3074 5055 quotidie,
3107 4991 3283 5044 divina
3308 4991 3535 5046 lectione
3558 5004 3833 5063 pascatur:

2301 5089 2351 5131 et
2390 5081 2704 5146 quaestiones
2752 5088 2945 5133 nostra:
2992 5080 3164 5134 stultae
3192 5094 3294 5133 non
3322 5091 3475 5134 erunt
3499 5082 3827 5151 quaestiones

2302 5168 2450 5235 Quod
2484 5178 2657 5221 autem
2686 5168 2759 5220 ait
2782 5187 2793 5221 :
2823 5166 3153 5235 Genealogias
3181 5177 3229 5221 ct
3254 5172 3597 5225 contentiones
3622 5181 3671 5224 et
3696 5173 3839 5225 rixas

2300 5274 2413 5325 qum
2458 5256 2662 5307 veniunt
2700 5272 2762 5309 ea:
2795 5260 2899 5323 lege
2929 5256 3126 5320 detita;
3168 5259 3377 5327 proprie
3414 5258 3589 5327 pulsat
3628 5256 3841 5315 Judznos

2300 5348 2388 5413 qui
2414 5347 2463 5399 in
2486 5343 2631 5401 eo'se
2652 5346 2879 5414 jactant,
2912 5354 2962 5400 et
2984 5356 3171 5413 putant
3196 5348 3327 5415 legis
3347 5348 3542 5401 habere
3567 5348 3835 5415 notitiam.

2299 5438 2339 5490 si
2392 5442 2604 5494 nomina
2666 5448 2875 5493 teneant
2926 5440 3289 5509 singulorum,
3338 5439 3476 5511 [quae
3519 5443 3840 5510 questiones

2298 5534 2597 5587 Christiano
2649 5549 2749 5585 non
2804 5532 3160 5601 ronveninnt,]
3209 5533 3289 5584 cui
3329 5532 3454 5587 rixrc
3495 5532 3692 5603 legales
3716 5531 3837 5604 [per
