4154 6242
349 365 480 420 10-25

1006 362 1402 414 l-IXEGETICA.
1437 391 1504 401 -—-
1537 354 1776 414 I'IXPOS.
1821 360 1882 414 IN
1923 357 2131 411 EPIST.
2176 360 2229 412 ς.
2274 359 2469 414 I‘AU]
2508 361 2596 411 AI)
2634 361 2890 413 l’llll.ll.\l.

3404 367 3529 416 tuas

341 479 644 548 patientiam
684 474 878 544 (Hien,
919 475 1171 545 penitus”
1205 478 1506 543 respuenda:
1536 486 1673 535 sunt,
1714 486 1766 529 et
1793 475 1882 528 Ju-
1913 482 1957 537 Λ
1985 481 2327 547 temperatis,
2377 495 2586 532 rursum
2637 480 2945 531 Corinthum
3001 474 3297 526 ret‘ertisse.
3354 475 3528 526 Zeuau

343 569 573 621 rimorum
617 565 848 618 stultitia:
903 565 1285 632 relinquendas;
1338 575 1460 619 sunt
1495 566 1635 617 enim
1679 567 1889 618 inutiles

341 665 390 706 et
441 669 620 713 van-.e,
671 668 788 720 quae
844 662 1046 705 tantum
1098 655 1326 720 speciem
1376 654 1609 705 scientiae
1659 654 1890 706 habeant

343 743 539 815 [llier.,
563 742 813 811 habent];
846 753 1095 795 eceterunt
1119 757 1212 796 nec
1234 743 1530 795 dicentibus
1553 757 1648 795 nec
1675 744 1889 794 audien-

343 834 483 886 tibus
511 841 751 901 prosunt.

414 922 571 974 Vens.
590 921 674 982 I0,
695 920 712 972 I
730 922 774 971 Ι.
789 950 857 958 —
871 918 917 970 11
923 920 1178 971 (creticum
1196 919 1447 970 hominem
1460 930 1570 986 post
1589 937 1684 970 una
1693 937 1740 970 nt
1754 930 1799 972 et
1814 937 1890 971 se-

345 1008 562 1060 cundam
578 1009 944 1075 correptionem
962 1006 1148 1058 devita.
1176 1005 1352 1059 Sciens
1369 1007 1488 1074 quia
1511 1007 1776 1058 subrersus
1792 1017 1888 1068 est,

341 1113 427 1164 qui
451 1094 746 1162 hujusmodi
768 1103 862 1155 est,
893 1103 938 1144 et
959 1093 1224 1162 delinquit,
1248 1109 1361 1144 cum
1385 1092 1448 1144 sit
1472 1095 1674 1160 proprio
1689 1093 1889 1161 judicio

344 1186 728 1238 condemnatus.
758 1183 992 1237 llmresin
1035 1184 1099 1236 ad
1126 1182 1341 1237 Galatas
1370 1186 1506 1237 inter
1530 1187 1703 1238 carnis
1729 1202 1888 1255 opera

346 1271 483 1324 idem
515 1273 812 1324 numeravit
839 1268 1314 1339 apostolus(Calat.
1336 1287 1386 1331 γ,
1410 1272 1469 1324 19
1490 1275 1638 1339 seq.).
1665 1273 1890 1326 liceresis

344 1360 524 1414 Grzece
544 1361 611 1413 ab
632 1361 887 1416 electione
910 1363 1121 1424 dicitur,
1143 1362 1279 1428 quod
1302 1363 1503 1415 scilicet
1529 1365 1890 1432 unusquisque

348 1449 398 1500 id
419 1449 517 1502 sibi
549 1449 708 1517 eligat
727 1451 865 1517 quod
885 1451 930 1501 ei
953 1451 1137 1503 melius
1154 1463 1268 1502 esse
1287 1451 1543 1503 videatur.
1578 1451 1887 1504 Ha'reticum

347 1534 506 1602 igitur
537 1534 793 1586 hominem
833 1545 944 1602 post
988 1552 1140 1586 unam
1183 1545 1229 1588 et
1272 1536 1488 1588 alteram
1525 1539 1885 1606 correptionem

346 1624 530 1676 devita.
568 1623 677 1677 Hoc
706 1624 823 1676 ideo
847 1625 922 1676 ait
947 1627 1083 1692 quod
1112 1625 1314 1679 scilicet
1358 1643 1461 1680 non
1506 1628 1734 1680 sufficiat
1775 1638 1889 1680 tan-

349 1721 458 1764 tum
482 1712 641 1763 semel
670 1727 788 1764 eum
819 1713 1012 1779 corripi
1040 1713 1117 1765 vel
1149 1715 1470 1767 commoneri
1498 1716 1586 1782 qui
1617 1715 1789 1782 aliquo
1824 1717 1889 1768 sit

1993 581 2118 618 rem
2158 566 2558 633 leglsdoctorem
2587 567 2650 618 de
2679 567 2781 618 alio
2817 564 3102 631 Scriptura:
3142 563 3275 624 loco,
3306 564 3394 629 qui
3425 562 3562 616 fue-.

1997 655 2063 704 rit
2095 668 2196 705 non
2225 669 2503 722 possumus
2539 658 2734 716 dicere,
2767 654 2864 705 nisi
2897 655 2993 704 hoc
3022 660 3224 703 tantum
3248 653 3384 718 quod
3423 653 3533 719 ipse

1993 740 2307 807 apostolicus
2335 743 2414 793 vir
2441 742 2489 794 id
2512 744 2709 809 operis,
2737 742 2892 810 661
2939 739 3074 807 quod
3113 739 3294 806 Apollo
3321 754 3532 793 exerce-

1991 831 2101 889 hat,
2131 830 2394 891 habuerit,
2425 830 2620 883 Christi
2657 830 2921 882 Ecclesias
2955 829 3275 881 esstrucndi.
3328 828 3532 880 Prtere-

1991 916 2066 982 pit
2097 916 2270 982 itaque
2301 917 2442 978 Tito,
2487 927 2543 968 ut
2583 918 2828 984 quoniam
2875 915 2938 966 de
2979 915 3134 966 Creta
3178 915 3226 965 in
3276 914 3530 967 Graeciam

1993 1006 2283 1073 navigaturi
2347 1015 2541 1069 erant,
2606 1021 2707 1058 non
2757 1021 2847 1058 eos
2909 1005 3064 1057 faciat
3120 1006 3348 1058 sitarciis
3399 1005 3532 1056 indic

1991 1108 2133 1159 gere,
2178 1095 2267 1146 sed
2317 1095 2512 1146 habere
2557 1109 2616 1146 ea
2667 1109 2783 1160 qtae
2822 1095 2885 1145 ad
2934 1093 3178 1145 viaticum
3229 1094 3527 1146 necessaria

1993 1191 2131 1233 sunt.

2063 1272 2218 1324 Vens.
2259 1272 2335 1322 Η.
2369 1302 2434 1309 ——
2484 1272 2689 1324 Discant
2726 1283 2892 1324 autem
2933 1279 2988 1324 ct'
3010 1274 3168 1324 nostri
3198 1271 3337 1323 bonis
3369 1271 3529 1338 operi-

1992 1364 2082 1413 bus
2128 1378 2340 1429 pra'essc
2366 1364 2431 1412 ad
2474 1380 2594 1415 usus
2628 1365 2957 1424 necessarios,
3007 1373 3060 1412 ut
3097 1379 3196 1413 non
3225 1363 3323 1412 sint
3365 1361 3530 1427 infru-

1990 1453 2170 1501 rtuosi.
2206 1452 2345 1503 Dixit
2389 1453 2525 1503 enim
2561 1471 2570 1502 :
2606 1451 2812 1502 Discant
2840 1462 2885 1503 et
2929 1453 3107 1502 nostri.
3155 1449 3371 1502 Nostros
3408 1465 3530 1499 suos

1994 1549 2158 1600 vocat,
2189 1542 2276 1606 qtti
2311 1542 2359 1592 in
2388 1541 2598 1592 Christo
2627 1540 2981 1600 crediderunt,
3013 1541 3121 1604 qui,
3165 1539 3286 1604 quia
3331 1537 3524 1590 Christi

1991 1635 2161 1688 erant,
2191 1636 2332 1680 recte
2362 1628 2506 1679 Pauli
2531 1637 2580 1678 et
2617 1628 2718 1679 Titi
2747 1626 2996 1693 appellari
3038 1626 3394 1678 merebantur.
3424 1624 3527 1675 lla-

1990 1715 2102 1777 bes,
2146 1717 2333 1781 inquit,
2376 1717 2426 1767 in
2458 1716 2739 1780 discipulos
2769 1724 3104 1781 potestatem,
3137 1714 3266 1766 doce
3307 1727 3397 1765 eos
3425 1727 3524 1764 nou

349 1803 662 1870 depravatus
687 1816 888 1862 errore,
937 1803 1025 1853 sed
1062 1811 1114 1853 et
1153 1804 1380 1855 secunda
1420 1805 1466 1855 ei
1496 1804 1562 1854 sit
1591 1804 1885 1855 adhibenda
1924 1799 1963 1854 Β
1991 1819 2107 1855 esse
2139 1803 2521 1863 infructuosos;
2555 1805 2648 1854 sed
2681 1805 2995 1870 erangelicis
3025 1802 3217 1872 [Ilier.,
3259 1801 3521 1870 evangeli-

348 1890 606 1952 doz'trina,
653 1891 779 1941 utin
827 1907 912 1942 ore
959 1891 1180 1941 duorum
1229 1891 1302 1943 uel
1347 1893 1501 1943 trium
1552 1895 1755 1944 testium
1794 1904 1886 1945 stet

349 1994 496 2031 omne
537 1978 760 2030 uerbum.
804 1979 976 2043 Quare
1014 1988 1187 2030 autem
1223 1989 1338 2048 post
1374 1982 1597 2047 primam
1623 1989 1673 2031 et
1704 1995 1890 2033 secun-

352 2067 472 2118 dam
525 2066 910 2132 correptionem
949 2067 1258 2119 devitandus
1286 2068 1374 2128 sit,
1406 2069 1576 2120 reddit
1604 2083 1788 2120 causas
1814 2069 1889 2120 di-

348 2168 474 2206 cens
504 2171 514 2202 :
546 2152 693 2216 Quod
719 2154 983 2205 subversas
1013 2164 1084 2205 est
1119 2154 1203 2222 qui
1226 2155 1476 2222 ejusmodi
1505 2166 1599 2217 est,
1623 2166 1668 2207 et
1692 2166 1885 2224 peccat,

349 2258 464 2293 cum
511 2242 574 2292 sit
618 2257 647 2291 a
691 2242 955 2308 semetipso
997 2243 1379 2294 condemnatus.
1418 2242 1514 2307 Qui
1546 2244 1685 2296 enim
1727 2245 1887 2295 semel

351 2329 536 2396 bisque
579 2337 871 2396 correptus,
915 2329 1093 2382 audito
1137 2345 1320 2382 errore
1363 2346 1458 2383 suo
1499 2346 1601 2383 non
1637 2333 1746 2383 vult
1774 2348 1888 2385 cor-

355 2419 448 2486 rigi
481 2417 717 2489 [proprio
739 2416 936 2484 judicio
963 2419 1342 2471 condcnmatus
1370 2427 1473 2479 est,
1502 2428 1556 2470 et
1583 2428 1888 2486 segregatus

356 2506 667 2559 ab'unitate
714 2504 1001 2576 Ecclesiae].
1049 2506 1180 2558 Nam
1226 2507 1512 2559 fornicator
1557 2517 1610 2559 et
1659 2509 1886 2571 adulter,

352 2595 634 2657 homicida,
665 2603 719 2647 et
741 2605 927 2647 caetera
957 2595 1082 2646 vitia
1119 2611 1212 2661 per
1239 2597 1540 2649 sacerdotes
1565 2598 1628 2648 de
1655 2597 1886 2650 Ecclesia

351 2684 742 2753 prepelluntur;
775 2685 1006 2737 haeretici
1038 2693 1210 2736 autem
1249 2686 1300 2737 in
1343 2687 1544 2753 seipsos
1572 2687 1887 2739 sententiam

353 2774 551 2835 ferunt,
591 2788 685 2826 suo
731 2773 950 2827 arbitrio
996 2774 1060 2827 de
1102 2774 1330 2827 Ecclesia
1385 2775 1722 2837 recedentes;
1773 2791 1889 2844 qua:

353 2861 578 2914 recessio
608 2861 832 2928 propriae
854 2862 1189 2915 conscientia:
1222 2863 1428 2916 videtur
1454 2878 1569 2917 esse
1598 2864 1882 2918 damnatio.

353 2948 493 3001 Inter
516 2949 740 3001 hazresin
775 2959 828 3001 et
856 2950 1084 3004 schisma
1111 2953 1210 3006 hoc
1241 2965 1356 3006 esse
1381 2952 1723 3015 arbitrantur,
1749 2955 1886 3021 quod

353 3037 567 3088 lueresis
602 3050 909 3104 perversum
954 3037 1140 3106 dogma
1164 3023 1369 3101 habet;
1414 3039 1642 3092 schisma
1669 3050 1885 3108 propter

348 3121 697 3190 episcopalem
723 3122 1101 3177 dissensionem
1125 3126 1191 3178 ab
1217 3125 1451 3180 Ecclesia
1481 3135 1774 3196 separetur.

417 3230 576 3282 Vens.
612 3231 696 3282 η.
723 3261 792 3270 —
817 3231 944 3285 Cum
982 3235 1166 3286 misero
1194 3236 1262 3286 ad
1290 3245 1337 3287 te
1366 3237 1644 3290 Artheman
1671 3247 1760 3288 aut
1802 3237 1885 3289 Ti-

348 3315 782 3389 chicumpfestina
834 3326 1002 3376 venire
1046 3324 1115 3376 ad
1157 3340 1235 3396 me
1288 3325 1575 3394 Nicopolim
1601 3343 1618 3380 :
1644 3329 1712 3380 ibi
1751 3330 1884 3381 enim

349 3411 505 3462 statui
535 3410 779 3463 hiemare.
821 3410 939 3481 [Hic
963 3401 1212 3480 paternus
1241 3414 1291 3466 in
1322 3414 1600 3473 Cretenses
1630 3416 1774 3471 Pauli
1798 3419 1885 3471 de-

349 3507 674 3552 monstratur
696 3501 973 3573 aﬂ'ectus;]
1004 3485 1355 3557 necessarium
1394 3507 1534 3558 enim
1577 3508 1760 3561 habuit
1800 3509 1886 3560 Ti-

348 3596 458 3639 tum
483 3587 534 3640 in
564 3587 830 3656 Evangelii
859 3587 1236 3653 ministerium;
1274 3599 1446 3644 tamen
1487 3609 1589 3645 non
1616 3609 1735 3646 eum
1765 3608 1886 3647 ante

348 3676 414 3727 ad
438 3689 494 3728 se
527 3676 858 3738 vultvenire,
904 3677 1002 3730 nisi
1045 3677 1095 3729 in
1134 3677 1304 3730 locum
1346 3677 1459 3742 ejus
1498 3680 1778 3733 Arthemas
1805 3683 1884 3734 vel

348 3764 595 3818 Tichicus
636 3779 911 3818 successor
953 3766 1241 3818 advenerit.
1289 3767 1552 3834 Nicopolis
1606 3770 1715 3836 ipsa
1774 3780 1884 3830 est,

345 3867 464 3918 qua:
506 3850 573 3902 ob
617 3852 891 3904 victoriam
936 3852 1154 3921 Augusti
1202 3853 1353 3923 μη,
1398 3855 1605 3926 Agusti]
1647 3858 1784 3924 quod
1815 3858 1884 3909 ibi

346 3939 634 3992 Antonium
661 3938 1100 4007 Cleopatramque
1133 3943 1414 4008 superarit,
1447 3959 1635 3995 nomen
1663 3947 1882 4012 accepit.

347 4027 528 4094 (Vens.
580 4026 691 4096 15.)
733 4025 910 4081 Zenan
961 4027 1301 4098 legisperitum
1350 4041 1396 4082 et
1444 4031 1623 4098 Apollo
1671 4033 1885 4086 sollicite

341 4119 616 4184 prtemitte,
648 4126 705 4170 ut
751 4119 876 4171 nihil
907 4119 1008 4171 illis
1039 4121 1186 4172 desit.
1223 4121 1324 4174 Iste
1351 4130 1429 4174 est
1456 4121 1659 4188 Apollo,
1692 4123 1754 4174 de
1782 4139 1884 4190 quo

342 4213 398 4256 et
444 4205 511 4258 ad
560 4204 861 4260 Corinthios
913 4207 1162 4260 scribitur
1203 4225 1215 4260 :
1269 4207 1624 4277 Unusquisque
1668 4223 1883 4262 vestrum

344 4292 507 4343 dicit:
536 4292 646 4360 Ego
671 4310 784 4345 sum
806 4293 981 4357 Pauli,
1033 4306 1080 4348 et
1118 4314 1208 4365 ego
1254 4288 1453 4366 Apollo,
1495 4309 1544 4351 et
1582 4317 1673 4368 ego
1703 4301 1884 4369 Cephis-

345 4378 398 4444 (1
419 4378 538 4433 Cor.
565 4398 603 4444 t,
628 4382 734 4450 12).
757 4381 878 4435 Fuit
895 4392 1070 4436 autem
1093 4386 1170 4436 vir
1192 4385 1577 4439 Alexandrinus
1598 4403 1660 4438 ex
1688 4385 1882 4440 Iudaeis
1909 4410 1958 4468 Ι)

346 4468 496 4522 valde
536 4470 786 4538 eloquens
830 4479 884 4523 et
918 4469 1185 4537 perfectus
1214 4473 1264 4524 in
1296 4472 1428 4541 lege,
1459 4475 1736 4541 episcopus
1776 4473 1880 4526 Co-

349 4559 660 4613 rinthiorum
687 4578 699 4612 :
723 4576 877 4628 quem
904 4558 1119 4630 prepter
1152 4562 1503 4616 dissensiones
1539 4579 1655 4632 qua:
1692 4563 1744 4616 in
1780 4564 1882 4618 Co—

347 4645 523 4699 rintho
551 4656 723 4712 erant,
753 4649 820 4702 ad
845 4665 1001 4704 unam
1032 4651 1254 4704 insulam
1300 4651 1510 4705 Cretam
1548 4668 1666 4705 cum
1705 4654 1881 4706 Zenan

347 4731 690 4801 legisdoetore
738 4738 1024 4803 putandum
1065 4747 1148 4791 est
1189 4740 1588 4803 transfretasse,
1636 4751 1690 4794 et
1734 4742 1882 4795 Pauli

345 4822 566 4890 epistola
612 4824 1022 4882 dissensionibus
1065 4845 1181 4897 qua:
1226 4828 1463 4882 Corinthi
1500 4841 1631 4885 orta:
1674 4834 1880 4886 fuerant

1989 1890 2104 1959 stis]
2132 1899 2183 1943 et
2210 1891 2510 1958 apostolicis
2539 1892 2679 1947 viris,
2712 1892 2798 1957 qui
2828 1892 2976 1942 bouis
2998 1893 3242 1956 operibus
3265 1891 3520 1947 serviant,

1989 1979 2319 2038 ministrare;
2375 1986 2428 2031 ει
2482 1979 2812 2040 ministrare,
2872 1995 2973 2030 non
3022 1981 3071 2029 in
3122 1980 3524 2044 quibuscunquc

1987 2066 2183 2126 causis,
2233 2067 2322 2117 sed
2371 2067 2420 2116 in
2459 2065 2768 2117 necessariis
2810 2067 3008 2116 usibus.
3053 2063 3305 2115 Habentes
3339 2064 3525 2130 quippe

1988 2157 2168 2206 rictum
2210 2164 2254 2205 et
2295 2157 2542 2214 restituta,
2570 2157 2647 2205 his
2673 2156 2889 2206 contenti
2920 2156 3077 2205 simus
3106 2153 3150 2220 (1
3192 2153 3319 2204 Tim.
3349 2169 3417 2212 γι,
3450 2157 3521 2214 ὅ).

1988 2239 2342 2293 lulructuosos
2368 2250 2517 2293 vocat
2546 2242 2842 2307 quicunque
2870 2241 3203 2308 evangelistis
3239 2256 3341 2292 non
3374 2240 3527 2290 mini-

1987 2330 2288 2394 straverint,
2324 2329 2399 2399 [et
2443 2331 2875 2397 przedicatorihus
2922 2330 3068 2381 verbi
3105 2329 3196 2381 Dei
3227 2330 3523 2382 necessaria

1988 2418 2273 2468 secundum
2305 2417 2605 2470 facultatem
2634 2433 2780 2468 suam
2803 2433 2904 2469 non
2933 2415 3385 2486 subministrant.]

2063 2508 2214 2560 Vens.
2258 2509 2334 2559 l5.
2369 2537 2437 2546 —
2472 2508 2712 2561 Salutant
2739 2518 2785 2559 te
2827 2510 2913 2576 qui
2953 2526 3147 2561 mecum
3173 2520 3291 2562 sunt
3331 2527 3520 2563 omnes.

1991 2597 2080 2650 Vel
2112 2600 2262 2650 solita
2298 2599 2673 2651 consuetudine
2703 2614 2845 2660 usus,
2875 2607 2932 2650 ut
2971 2599 3143 2651 Tituut
3172 2600 3238 2652 ab
3281 2600 3527 2652 omnibus

1989 2690 2078 2755 qui
2104 2703 2282 2742 secum
2321 2697 2494 2750 erant,
2525 2690 2723 2741 diceret
2757 2689 2994 2750 salutari,
3027 2690 3103 2740 vel
3144 2696 3286 2741 certe
3317 2690 3526 2757 proprie

1989 2777 2055 2827 ad
2085 2776 2281 2837 Titum,
2312 2778 2450 2844 quod
2482 2777 2599 2829 talis
2626 2785 2764 2829 esset
2784 2815 2798 2839 ,
2844 2784 2899 2827 ut
2930 2790 3159 2828 amorem
3201 2790 3384 2828 eorum
3431 2777 3524 2843 qui

1988 2878 2107 2916 cum
2136 2864 2297 2916 Paulo
2341 2874 2511 2927 erant,
2543 2866 2777 2917 omnium
2818 2873 3128 2916 mereretur.
3179 2863 3361 2933 Magna
3403 2879 3528 2917 vero

1991 2950 2102 3004 laus
2130 2951 2232 3003 Titi
2262 2967 2358 3019 per
2407 2953 2625 3006 Paulum
2668 2954 2732 3004 ab
2772 2954 3016 3005 omnibus
3058 2953 3295 3005 salutari.
3346 2951 3528 3006 Saluta

1989 3059 2072 3095 eos
2119 3046 2204 3114 qui
2249 3061 2340 3096 nos
2392 3055 2565 3096 amant
2615 3046 2666 3095 in
2717 3045 2838 3111 ﬁde.
2885 3043 3128 3113 [Quidam
3166 3058 3292 3096 vero
3343 3054 3523 3094 amant

1983 3145 2126 3196 suos,
2159 3134 2249 3186 sed
2296 3148 2401 3186 non
2430 3135 2480 3186 in
2510 3133 2629 3196 title,
2677 3135 2815 3187 sicut
2844 3142 3012 3186 mater
3041 3133 3220 3193 tilium,
3275 3133 3358 3186 vir
3391 3149 3524 3185 uso-

1985 3236 2118 3275 rem.
2151 3222 2272 3276 Ideo
2315 3223 2594 3288 adjunsit:
2638 3224 2738 3287 Qui
2783 3240 2873 3276 nos
2921 3233 3094 3274 amant
3127 3225 3180 3275 in
3228 3221 3372 3292 ﬁde].
3403 3222 3524 3275 Sola

1983 3321 2285 3364 sanctorum
2322 3312 2534 3364 dilectio
2586 3313 2635 3364 in
2682 3312 2785 3366 fide
2821 3312 3023 3381 diligit;
3091 3313 3144 3364 in
3195 3320 3419 3373 tantum,
3469 3321 3531 3363 ut

1983 3400 2190 3452 etiamsi
2221 3399 2308 3452 ille
2328 3399 2417 3465 qui
2455 3398 2691 3466 diligitur
2717 3399 2945 3451 inﬁdelis
2973 3407 3071 3459 est,
3104 3407 3277 3451 tamen
3309 3401 3528 3466 spiritus

1985 3487 2180 3558 [llier.,
2224 3496 2396 3539 tamen
2447 3486 2682 3556 sanctus]
2715 3488 2766 3538 in
2803 3487 2906 3540 lide
2946 3502 3067 3540 eum
3097 3488 3296 3556 diliget,
3345 3503 3529 3542 secun-

1984 3576 2106 3628 dum
2139 3577 2263 3628 illud
2293 3591 2306 3627 :
2357 3575 2543 3627 Omnia
2573 3587 2736 3628 vestra
2783 3577 2836 3627 in
2863 3577 2965 3643 ﬁde
3006 3577 3137 3643 fiant
3166 3577 3213 3644 (Ι
3249 3575 3368 3628 Cor.
3400 3593 3485 3628 xs't
3513 3617 3528 3635 .

1986 3666 2093 3735 M).
2118 3667 2236 3719 Ideo
2259 3668 2308 3717 in
2340 3665 2468 3728 fide;
2499 3664 2644 3734 [quia
2672 3666 2840 3718 credit
2867 3681 2923 3718 se
2948 3681 2976 3716 a
2994 3666 3099 3717 Deo
3113 3679 3208 3732 pro
3230 3665 3528 3732 espletioue

1985 3754 2238 3814 mandati,
2266 3767 2369 3819 quo
2393 3754 2588 3805 dicitur
2615 3769 2626 3802 :
2659 3751 2868 3818 Diligite
2901 3752 3132 3801 inimicos
3167 3758 3353 3801 vestros
3376 3749 3524 3817 (Luc.

1984 3858 2054 3903 γι,
2104 3842 2214 3908 35),
2256 3841 2552 3894 mercedem
2603 3849 2938 3908 recepturum
2991 3837 3153 3909 esse]
3203 3837 3385 3891 Gratia
3434 3839 3526 3891 Dei

1984 3949 2098 3984 cum
2126 3931 2357 3983 omnibus
2385 3932 2538 3983 t-obis.
2582 3931 2760 3982 Amen.
2793 3930 2847 3982 In
2875 3944 3154 3983 commune
3182 3931 3360 3996 itaque
3400 3945 3524 3983 san-

1983 4021 2083 4073 ctis
2122 4029 2278 4088 atque
2320 4021 2675 4080 credentibus,
2719 4018 2838 4071 Tito
2881 4026 2934 4070 et
2961 4018 3165 4070 caeteris
3192 4017 3425 4086 quicum
3465 4032 3530 4070 eo

1981 4114 2146 4165 erant,
2171 4107 2489 4172 imprecatur
2510 4108 2752 4175 gratiam.
2781 4107 2842 4158 Et
2865 4106 3128 4173 quomodo
3153 4105 3297 4158 Isaac
3311 4107 3529 4172 patriar-

1965 4193 2078 4254 ,cha
2131 4194 2396 4246 benedixit
2451 4195 2614 4246 lilium
2654 4209 2808 4246 suum
2852 4193 3051 4256 Jacoh;
3100 4202 3155 4245 et
3202 4196 3313 4262 ipse
3361 4192 3526 4246 Jacob

1981 4283 2258 4336 duodecim
2309 4285 2643 4351 patriarchas
2705 4280 2856 4350 (Gen.
2913 4297 3079 4344 snit,
3139 4282 3318 4350 nis);
3367 4283 3438 4334 ita
3475 4291 3527 4336 et

1985 4384 2122 4421 nunc
2151 4368 2201 4420 in
2234 4368 2336 4420 line
2361 4369 2595 4436 epistola:
2623 4385 2731 4422 sua:
2751 4369 3031 4437 Apostolus
3060 4371 3283 4438 gratiam
3311 4370 3527 4423 creden-

1987 4457 2126 4510 tibus
2157 4458 2476 4526 imprecatur
2500 4473 2514 4511 :
2563 4475 2680 4526 qua:
2706 4475 2826 4512 cum
2855 4468 2976 4512 voto
3006 4460 3233 4513 habebat
3260 4460 3522 4520 allectum,

1985 4558 2040 4602 et
2065 4557 2182 4602 erat
2208 4550 2275 4601 .in
2306 4557 2567 4618 petestate
2596 4548 2941 4610 credentium,
2989 4549 3035 4601 si
3081 4548 3236 4600 talem
3266 4562 3323 4600 se
3367 4548 3526 4601 bene-

1987 4638 2088 4691 dici
2124 4635 2317 4707 [llier.,
2348 4636 2691 4706 benedictus],
2724 4637 2930 4704 qualem
2957 4635 3271 4690 benedicens
3291 4637 3528 4706 pnebere

1986 4727 2252 4779 voluisset.

2035 4833 2261 4903 Explicit
2294 4833 2585 4902 explanatio
2614 4836 2667 4888 in
2695 4835 2981 4905 Epistolam
3012 4835 3168 4888 Pauli
3196 4838 3265 4889 ad
3299 4837 3490 4891 Titum.

353 4965 3524 5000 ..__..____..__________________________________

751 5062 1034 5122 INCIPIT
1077 5064 1497 5124 EXPOSITIO
1537 5067 1612 5124 IN
1656 5069 2100 5128 EPISTOLAM
2148 5073 2378 5132 PAULI
2424 5074 2528 5130 AD
2571 5070 3110 5129 PHILEMONEM.

418 5253 440 5278 ι
471 5238 760 5292 Philemoni
797 5238 1079 5295 familiares
1111 5241 1308 5295 litteras
1335 5258 1431 5310 pro
1458 5246 1706 5302 Onesimo
1725 5264 1877 5301 servo

345 5326 459 5392 ejus
500 5327 700 5380 scribit.
750 5325 946 5379 Scribit
981 5337 1156 5382 autem
1181 5331 1228 5382 ei
1278 5346 1306 5382 a
1332 5330 1498 5384 Roma
1540 5336 1605 5386 de
1643 5351 1873 5389 carcere.

349 5415 526 5479 (Vens.
545 5417 679 5484 1-5.)
709 5413 903 5468 Paulus
927 5417 1122 5469 vinctus
1148 5418 1272 5471 Jesst
1298 5421 1488 5473 Christi
1522 5436 1567 5473 et
1592 5422 1879 5478 Timotheus

417 5597 441 5622 ι
479 5583 552 5636 Es
582 5584 897 5654 Hieronymo
925 5590 974 5641 iit
1001 5588 1133 5642 hanc
1161 5589 1463 5656 Epistulam.

1982 5253 2164 5319 frater,
2198 5251 2482 5304 Philemoni
2504 5249 2685 5302 dilecto
2712 5260 2758 5302 et
2784 5249 3012 5316 adjutori
3039 5255 3229 5308 nostra,
3258 5253 3306 5295 et
3348 5244 3526 5311 Appia

1981 5343 2145 5391 sorori
2171 5341 2484 5392 charissima:
2509 5349 2556 5391 et
2588 5340 2837 5406 Archippo
2862 5335 3192 5388 commilitoni
3230 5343 3402 5386 nostra
3423 5373 3438 5396 ,
3477 5346 3525 5385 et

1986 5425 2229 5478 Ecclesiw
2261 5445 2375 5495 qua'
2402 5438 2474 5480 est
2515 5429 2566 5479 in
2593 5429 2743 5479 domo
2769 5436 2876 5477 tua.
2907 5421 3085 5475 Gratia
3112 5423 3249 5475 nbis
3277 5431 3325 5474 et
3359 5438 3461 5488 pa:
3494 5439 3526 5473 a
