4262 6214
675 343 803 397 1037

1500 346 1557 397 Β.
1596 344 1655 399 F.
1693 342 1907 400 ALnlNl
1948 345 2072 399 SEU
2111 342 2686 435 ΛΙΕΥΙΝΙΟΡΕΒΨΙ
2726 343 2897 398 PARS
2932 344 2992 398 ll.

3702 338 3838 394 {0'18

674 456 779 508 Deo
807 454 965 511 Patre
986 465 1158 509 nostra
1182 465 1228 508 et
1254 455 1475 509 Domino
1495 455 1623 510 Iesu
1650 456 1871 511 Christo.
1903 457 2206 527 [liucusque
2233 460 2278 513 Α
2308 455 2511 506 evidens
2534 456 2625 521 Ιὶαε
2654 456 2706 507 in
2732 457 3037 523 agnitionem
3059 454 3222 506 omnis
3246 452 3365 508 boni
3386 453 3440 505 in
3468 449 3670 504 δι’νὶαο
3688 450 3837 504 Jew-

672 545 1004 599 salutationis
1025 546 1359 613 prooemium.
1394 545 1452 598 In
1479 545 1616 599 nulla
1643 547 1745 600 alia
1772 548 1994 615 epistola
2017 563 2074 601 se
2094 549 2208 600 vin-

672 642 814 685 ctum
842 632 990 687 dicit.
1017 633 1107 686 Ait
1136 633 1277 687 enim
1322 651 1336 685 :
1371 633 1568 687 Paulus
1594 636 1786 688 vinctus
1813 634 1939 688 Iesu
1973 634 2207 705 Christi]

675 720 886 789 .‘llajoris
908 730 1084 777 autem
1104 723 1308 775 videtur
1325 724 1589 790 supercilii
1615 724 1845 777 vinctum
1866 720 1990 777 Jesu
2011 722 2209 777 Christi

671 824 731 863 se
758 812 933 864 dicere
954 825 1114 879 quam
1138 811 1450 879 apostolum.
1482 811 1852 877 Gloriabantur
1875 812 2068 881 quippe
2087 827 2210 880 apo-

670 898 810 962 stoli,
864 900 1000 969 quod
1043 899 1183 968 digni
1233 900 1436 967 fuerant
1482 918 1574 969 pro
1621 904 1820 954 nomine
1860 901 1986 954 Iesu
2019 902 2210 956 Christi

672 987 1006 1039 contumelias
1028 988 1136 1054 pati
1162 986 1296 1055 (Act.
1326 1002 1377 1050 ν,
1406 987 1514 1054 tl).
1547 988 1649 1040 Sed
1687 990 1981 1041 necessaria
2025 998 2206 1043 aucto-

673 1075 805 1127 ritas
833 1068 1183 1129 vinculorum.
1224 1068 1523 1142 Rogaturus
1546 1091 1640 1144 pro
1668 1075 1916 1130 Onesimo
1965 1079 2082 1132 talis
2122 1095 2208 1132 ro-

672 1176 798 1227 gare
820 1161 1020 1223 debuit,
1049 1160 1139 1227 qui
1165 1163 1331 1227 possit
1354 1163 1635 1231 impetrare
1664 1164 1803 1231 quod
1828 1171 2088 1231 posceret.
2111 1167 2208 1221 Fe-

671 1250 744 1302 lix
788 1250 1037 1318 nimirum
1075 1251 1165 1317 qui
1198 1266 1304 1303 non
1334 1251 1386 1303 in
1431 1251 1706 1318 sapientia,
1756 1266 1856 1304 non
1889 1253 1939 1305 in
1989 1254 2202 1315 divitiis,

671 1352 775 1391 non
805 1338 859 1391 in
890 1308 1188 1404 eloqitentia
1217 1347 1269 1391 et
1294 1340 1528 1406 potentia
1574 1340 1832 1403 saeculari,
1867 1342 1960 1395 sed
2000 1342 2052 1394 in
2087 1356 2207 1409 pas-

672 1428 909 1481 sinnibus
952 1426 1147 1480 Christi
1176 1426 1448 1495 gloriatur.
1495 1427 1552 1480 Si
1603 1437 1781 1482 autem
1829 1429 2099 1483 Philemon
2140 1429 2206 1484 ad

672 1530 826 1581 quem
862 1515 973 1569 haec
997 1516 1220 1583 epistola
1251 1517 1519 1577 scribitur,
1560 1515 1791 1569 Onesimi
1828 1517 2068 1569 dominus
2100 1526 2203 1579 est,

672 1604 777 1657 imo
803 1603 967 1656 frater
992 1617 1110 1656 es-e
1136 1603 1294 1670 erepit
1312 1617 1377 1655 ex
1401 1602 1614 1657 domino
1636 1602 1829 1672 [Hier.,
1864 1606 1913 1657 in
1936 1605 2199 1674 domino];

669 1698 723 1743 ct
748 1692 816 1744 ad
838 1689 1176 1745 Colossenses
1199 1690 1442 1755 refertur,
1466 1694 1606 1760 quod
1630 1692 1910 1747 Onesimus
1934 1709 1998 1746 ex
2039 1696 2116 1748 eis
2136 1695 2204 1749 sit

2308 540 2410 593 Pro
2438 542 2741 596 Philemone
2768 542 2983 596 Paulum
3010 557 3217 610 semper
3248 556 3432 595 orasse
3455 540 3705 596 credibile
3733 550 3837 604 est,

2307 644 2413 698 quo
2440 630 2640 683 scilicet
2666 630 2797 684 ﬁdes
2823 639 2877 683 et
2903 631 3156 691 charitas.
3183 643 3343 696 quam
3362 626 3661 682 habebatin
3682 626 3837 680 Chri-

2258 734 2267 741 ·
2307 724 2388 770 sto
2416 726 2468 770 et
2495 718 2546 770 in
2572 733 2759 772 omnes
2794 728 3004 772 sanctos
3035 719 3149 787 ejus
3178 733 3273 786 per
3312 716 3841 772 communicationem

2308 806 2426 858 ﬁdei
2464 814 2518 858 et
2536 808 2892 874 operationem
2920 806 3198 875 agnitionis
3222 806 3271 857 iu
3298 805 3439 857 omni
3474 803 3611 857 bono
3641 801 3839 857 Christi

2307 893 2673 946 misericordia
2718 904 3068 959 servaretur;
3118 904 3174 947 et
3215 894 3281 947 de
3326 894 3584 953 charitate
3626 892 3839 959 quidem

2306 995 2463 1047 quam
2507 981 2735 1034 habebat
2764 982 2817 1034 in
2845 980 3055 1035 Christo
3088 980 3211 1034 Jesu
3239 991 3293 1034 et
3334 982 3386 1034 in
3414 996 3596 1035 omnes
3628 988 3840 1034 sanctos

2304 1067 2438 1134 ejus,
2470 1085 2573 1122 non
2601 1070 2825 1124 diﬁicilis
2863 1072 3222 1139 interpretatio
3257 1080 3358 1136 est,
3383 1072 3504 1139 quia
3530 1079 3649 1140 post
3676 1071 3841 1124 Deum

2306 1159 2522 1233 diligere
2562 1157 2812 1224 iubentur
2857 1169 2910 1214 et
2954 1163 3241 1229 proximos.
3292 1161 3417 1232 [Sed
3460 1162 3624 1229 quaeri
3671 1170 3841 1229 potest

2305 1249 2567 1315 quomodo
2596 1249 2790 1302 dictum
2837 1251 2907 1302 sit
2953 1268 2966 1301 :
3001 1250 3066 1301 In
3093 1250 3309 1302 Domino
3339 1250 3463 1302 Iesu
3486 1261 3534 1301 et
3559 1251 3628 1316 .in
3666 1266 3841 1302 omnes

2303 1338 2547 1391 sanctos!
2570 1340 2883 1392 Sanctorum
2905 1354 3032 1392 vero
3054 1340 3210 1393 dictis
3236 1347 3289 1392 et
3314 1340 3524 1407 scriptis
3546 1340 3840 1406 prmstanda

2304 1438 2386 1483 est
2424 1430 2572 1493 ﬁdes,
2602 1438 2661 1482 ut
2693 1446 2816 1484 vera
2844 1431 3077 1483 dicerent
3104 1446 3219 1496 quae
3252 1429 3318 1483 de
3357 1430 3463 1483 Deo
3493 1431 3839 1496 scripserunt.
3893 1420 3899 1433 ἶ

2304 1519 2424 1571 ideo
2448 1519 2630 1571 eadem
2677 1520 2779 1572 lide
2804 1520 2867 1571 de
2912 1519 3131 1571 Domino
3170 1527 3225 1571 et
3252 1519 3451 1571 sanctis
3473 1516 3589 1583 ejus
3626 1518 3843 1570 credere

2305 1607 2715 1666 debemus,si<:nt
2727 1606 2798 1658 illi
2812 1621 2907 1658 nos
2920 1607 3082 1657 docue
3090 1612 3210 1655 runt
3222 1605 3284 1656 de
3298 1604 3511 1657 domino
3520 1603 3839 1657 credendum

2305 1692 2465 1761 esse.)
2496 1691 2601 1746 Nec
2620 1693 2778 1745 etiam
2816 1693 2981 1744 solam
3007 1692 3159 1743 ﬁdem
3180 1692 3329 1743 nobis
3352 1699 3406 1743 et
3449 1690 3760 1747 eharitatem
3788 1691 3838 1741 in

671 1778 891 1848 (Colon.
917 1794 990 1844 tv,
1024 1779 1077 1850 9)
1103 1797 1117 1830 :
1153 1781 1289 1833 ratio
1314 1796 1410 1833 nos
1439 1781 1553 1849 ipsa
1573 1790 1628 1834 et
1654 1783 1784 1835 ordo
1811 1783 2040 1847 deducit,
2068 1764 2277 1861 quod.B
2309 1780 2471 1832 Deum
2510 1788 2563 1833 et
2584 1790 2795 1832 sanctos
2824 1779 2936 1845 ejus
2958 1766 3195 1832 sull‘utcre
3228 1794 3381 1846 posse
3409 1779 3703 1837 credamus,
3743 1779 3843 1831 nisi

668 1878 721 1921 et
745 1868 1018 1922 Philemon
1047 1864 1373 1921 Colossensis
1402 1870 1492 1932 sit,
1522 1878 1572 1922 et
1601 1885 1666 1923 eo
1694 1878 1926 1939 tempore
1973 1887 2209 1925 commu-

671 1971 791 2009 nem
804 1956 1079 2011 ecclesiam
1101 1954 1271 2025 [Ηίεν.
1282 1996 1295 2019 ,
1313 1957 1378 2009 ad
1398 1973 1604 2010 omnem
1619 1960 1918 2030 ecclesiam]
1933 1961 2208 2015 Onesimus

670 2045 947 2112 epistolam
969 2045 1090 2098 tulei
1106 2046 1165 2108 it,
1184 2061 1287 2113 quo
1303 2047 1535 2114 privatas
1552 2058 1606 2100 et
1630 2050 1707 2102 sui
1741 2052 2209 2105 commendatrices

672 2131 1015 2185 addominum
1038 2131 1567 2200 litterassumpserat.
1594 2136 1687 2188 Est
1706 2144 1759 2193 et
1780 2137 1918 2189 aliud
1935 2137 2205 2200 iudicium,

672 2220 885 2286 quodin
911 2220 1011 2275 hac
1034 2234 1094 2274 ea
1125 2236 1215 2275 .Jn
1241 2222 1458 2289 epistola
1484 2232 1538 2276 et
1565 2224 1860 2291 Archippus
1888 2227 2205 2287 nominatur,

671 2310 755 2361 cui
768 2309 980 2363 hiccum
993 2308 1297 2364 Philemone
1310 2312 1585 2367 scribitur:
1604 2311 1766 2363 Dicite
1779 2312 1986 2379 ,inquit,
2004 2313 2212 2380 Archip-

672 2412 735 2462 po
761 2409 778 2445 :
808 2393 937 2448 Vide
979 2396 1342 2460 ministerium,
1368 2398 1503 2466 quod
1543 2400 1779 2465 accepisti
1811 2399 1864 2450 in
1888 2399 2124 2461 Domino,
2157 2408 2209 2450 ut

620 2470 625 2474 ’
672 2483 801 2536 illud
814 2484 1024 2552 impleas
1039 2484 1171 2553 (Col.
1197 2502 1268 2547 tv,
1299 2486 1405 2552 li).
1431 2486 1578 2550 Quod
1593 2494 1674 2539 est
1697 2486 2044 2539 ministerium
2069 2489 2209 2554 quod

673 2574 972 2643 Archippus
1000 2577 1206 2643 accepit
1242 2592 1272 2629 a
1300 2577 1557 2629 Domino?
1580 2575 1657 2645 [In
1688 2575 1928 2645 epistola]
1952 2577 2016 2628 ad
2040 2577 2211 2630 Phile-

673 2674 881 2714 monem
908 2660 1132 2729 legimus
1166 2678 1178 2710 :
1214 2660 1278 2711 Et
1299 2661 1550 2729 Archippo
1572 2661 1905 2714 commilitoni
1934 2671 2133 2727 nostro,
2163 2674 2211 2715 et

677 2748 918 2802 Ecclesia:
935 2750 1115 2817 quain
1140 2748 1289 2801 domo
1317 2759 1405 2802 tua
1425 2760 1517 2803 est.
1539 2750 1615 2803 Ex
1638 2765 1741 2817 quo
1765 2752 2015 2804 aestimari
2040 2740 2213 2819 potest

674 2836 695 2907 Ῐ
706 2837 871 2902 Ηίεν..
892 2854 959 2893 ex
982 2854 1089 2907 quo
1107 2840 1274 2909 puto],
1302 2849 1391 2893 aut
1411 2843 1712 2909 episcopum
1729 2859 1848 2896 eum
1866 2844 2024 2897 fuisse
2045 2845 2214 2897 eccle-

672 2926 766 2980 siae
802 2925 1127 2982 Colossensis
1147 2967 1161 2991 ,
1192 2928 1276 2981 cui
1303 2928 1614 2982 admonetur
1656 2932 1886 2983 studiose
1914 2932 2212 3000 diligenter—

676 3029 782 3082 que
836 3029 1103 3081 praeesse;
1167 3023 1258 3068 aut
1307 3026 1449 3070 certe
1498 3017 1763 3086 Evangelii
1794 3019 2210 3086 prmdicatorem.

741 3102 899 3172 662
933 3101 1001 3153 Et
1044 3100 1335 3161 Tintotheus
1381 3103 1560 3171 frater.
1599 3104 1708 3157 Hoc
1753 3106 1870 3160 ideo
1898 3106 2109 3170 addidit,
2155 3116 2211 3160 ut

674 3190 894 3256 cpistola
930 3190 1181 3257 majorem
1226 3193 1447 3246 haberet
1493 3195 1885 3258 auctoritatem,
1929 3196 1975 3247 si
2002 3196 2067 3248 ab
2108 3212 2213 3252 uno

677 3293 780 3331 non
827 3280 1165 3333 scriberetur.
1209 3279 1460 3333 Scribunt
1507 3282 1664 3349 igitur
1707 3283 1900 3337 Paulus
1943 3294 1996 3337 et
2037 3286 2214 3339 Timo-

679 3370 832 3421 theus
860 3368 1151 3421 Philemoni
1179 3370 1495 3423 charissima
1521 3379 1574 3423 et
1592 3375 1918 3438 cooperatori
1946 3392 1957 3425 :
1986 3376 2073 3441 qui
2096 3376 2213 3429 ideo

676 3455 1019 3508 eharissimus
1036 3456 1209 3509 dictus
1236 3465 1337 3521 est,
1373 3458 1511 3524 quod
1541 3459 1592 3510 in
1618 3461 1801 3513 eodem
1832 3461 2025 3516 Christi
2053 3477 2211 3530 opere

678 3548 937 3594 versetur.
976 3543 1150 3610 Appiae
1176 3558 1384 3609 quoque
1411 3546 1574 3595 sorori
1616 3561 1718 3597 non
1750 3547 2029 3600 habentem
2075 3550 2125 3601 in
2155 3565 2214 3603 se

681 3627 879 3697 [Περι-η
904 3644 1007 3681 non
1039 3630 1253 3683 habenti
1284 3632 1341 3683 in
1366 3646 1422 3685 se
1445 3632 1611 3703 falsae]
1641 3634 1837 3702 aliquid
1860 3645 1913 3689 et
1938 3636 2071 3689 ﬁcta:
2091 3653 2211 3705 ger-

684 3718 971 3770 manitatis.
1010 3716 1077 3769 Et
1106 3718 1357 3787 Archippo
1382 3722 1731 3785 commilitoni,
1759 3738 1914 3791 quem
1953 3727 2211 3780 arbitran-

678 3802 802 3855 dum
827 3811 908 3857 est
949 3819 1069 3858 eum
1095 3803 1257 3858 Paulo
1291 3815 1346 3859 et
1370 3806 1645 3861 Timotheo
1672 3819 1854 3863 contra
1881 3814 2211 3867 adversarios

680 3906 774 3956 pro
802 3890 996 3945 Christi
1028 3894 1239 3956 nomine
1260 3896 1595 3949 dimicantem
1626 3900 1889 3951 exstitisse
1920 3900 2205 3963 victorem;

679 3990 734 4030 et
760 3990 1038 4047 propterea
1086 3996 1226 4035 nunc
1250 3985 1659 4035 commilitonem
1687 3985 1818 4046 dici,
1847 3986 1984 4052 quod
2026 3988 2207 4041 eodem

680 4066 966 4117 certamine
990 4066 1231 4133 belloque
1257 4071 1599 4135 superaverit.
1635 4070 1723 4140 [Et
1754 4072 1995 4126 Ecclesia:
2012 4092 2127 4142 quia
2155 4078 2209 4129 in

679 4152 830 4202 domo
867 4160 956 4203 tua
977 4161 1070 4203 est.
1102 4152 1155 4206 ld
1183 4162 1282 4216 est,
1310 4158 1702 4223 congregationi
1737 4159 1965 4211 ﬁdelium
1996 4175 2113 4226 qum
2154 4162 2207 4213 in

680 4239 837 4291 deum
877 4238 1195 4295 Philemonis
1240 4242 1384 4314 fuit.)
1421 4242 1599 4296 Gratia
1643 4248 1778 4299 vobis
1818 4256 1863 4298 et
1904 4265 2007 4315 pax
2034 4267 2066 4300 a
2103 4249 2208 4302 Deo

683 4324 839 4380 Patre
852 4337 1023 4380 nostro
1041 4338 1087 4384 et
1112 4329 1329 4383 Domino
1350 4331 1475 4384 Iesu
1499 4332 1720 4386 Christo.
1742 4335 1797 4387 In
1819 4337 2062 4391 omnibus
2076 4353 2209 4405 pene

680 4416 915 4481 epistolis
933 4416 1134 4484 aequale
1159 4418 1472 4485 principium
1498 4432 1599 4483 est,
1625 4430 1683 4472 ut
1705 4424 1926 4489 gratiam
1948 4426 2028 4477 eis
2050 4436 2103 4479 et
2120 4444 2210 4494 pa-

684 4516 797 4556 cem
826 4518 855 4554 a
903 4503 1012 4561 Deo
1050 4503 1207 4557 Patre
1231 4511 1284 4557 et
1310 4520 1337 4556 a
1367 4504 1580 4558 Christo
1620 4507 1841 4561 Domino
1878 4511 2209 4578 imprecetur.

686 4590 759 4641 Et
776 4604 887 4655 quo
911 4592 1204 4645 ostenditur
1226 4608 1330 4645 una
1360 4592 1475 4645 Filii
1498 4592 1769 4663 Patrisque
1794 4606 1999 4661 natura,
2021 4616 2139 4653 cum
2162 4603 2213 4655 id

687 4685 860 4741 patest
887 4674 1050 4728 Filius
1077 4688 1329 4743 praestare
1357 4680 1497 4746 quod
1530 4680 1716 4745 Pater;
1747 4691 1799 4735 et
1827 4684 1879 4737 id
1908 4686 2098 4740 dicitur
2116 4688 2213 4741 Pa-

692 4774 774 4813 ter
793 4771 1043 4830 praestare
1066 4765 1203 4831 quod
1232 4766 1412 4818 Filius.
1434 4769 1615 4823 Gratia
1637 4780 1807 4825 autem
1831 4784 1929 4837 est,
1951 4764 2051 4842 qua
2072 4778 2213 4831 nullo

690 4850 879 4903 merito
926 4865 1021 4903 nec
1048 4865 1205 4917 Opere
1246 4854 1538 4917 salvamur;
1575 4873 1695 4923 pax,
1741 4875 1842 4925 qua
1894 4864 2212 4918 reconciliati

679 4936 795 5003 Deo
817 4953 913 5004 per
941 4938 1209 4992 Christum
1234 4955 1432 4993 sumus.
1465 4942 1643 5011 (Vens.
1666 4944 1751 5014 4.)“
1776 4947 1870 5001 liis
1893 4952 2083 5015 gratias
2118 4962 2212 5021 ago

688 5026 794 5077 Deo
816 5042 945 5089 meo,
967 5045 1161 5097 semper
1198 5033 1494 5085 memoriam
1528 5036 1601 5086 tsi
1623 5035 1833 5103 faciens.
1867 5038 2016 5092 Hunc
2040 5052 2211 5099 autem

690 5128 885 5167 morem
916 5117 1175 5172 scribendi
1206 5120 1258 5172 in
1286 5124 1549 5178 nonnullis
1577 5128 1811 5193 epistolis
1842 5128 1955 5193 ejus
1984 5132 2215 5188 invenire

689 5203 958 5268 poteritis;
992 5205 1130 5271 quod
1172 5220 1301 5268 rem
1342 5210 1520 5281 plures
1543 5222 1595 5267 et
1642 5216 1708 5269 sd
1732 5216 1910 5282 plures
1952 5219 2005 5272 in
2031 5220 2215 5286 prtefa-

689 5289 832 5344 tione
873 5299 1159 5358 ponantur,
1202 5302 1379 5361 postea
1403 5311 1503 5365 per
1541 5308 1707 5356 totum
1756 5319 1947 5371 corpus
1982 5308 2213 5373 epistola:

689 5394 826 5433 unus
867 5382 1140 5448 disputans
1182 5386 1477 5441 inducatur.
1527 5391 1709 5457 (Vens.
1753 5393 1808 5458 5,
1855 5395 1931 5465 6.)
1990 5395 2212 5451 Audiens

686 5466 980 5521 charitatem
1008 5480 1149 5525 tuam
1174 5486 1218 5527 et
1239 5474 1393 5541 fidem
1418 5493 1568 5544 quam
1591 5480 1742 5531 habes
1767 5482 1819 5533 in
1840 5478 2055 5535 Domino
2066 5482 2209 5547 Iesu,

683 5562 730 5604 et
775 5553 827 5605 in
854 5569 1024 5609 omnes
1064 5572 1264 5615 sanctos
1292 5565 1421 5631 ejus,
1459 5576 1513 5617 ut
1551 5569 1944 5621 communicatio
1969 5570 2089 5635 ﬁdei
2112 5580 2213 5622 tum

2309 1868 2360 1919 id
2376 1867 2510 1933 quod
2524 1869 2787 1921 credimus
2806 1883 2964 1933 opere
2978 1867 3287 1934 impleamus
3303 1866 3496 1935 [Ilier.,
3519 1882 3677 1933 opere
3700 1882 3845 1920 com-

2308 1955 2553 2024 pleatur].
2584 1955 2846 2022 Quidquid
2861 1956 3047 2008 boniin
3076 1955 3377 2009 Philemone
3394 1956 3661 2019 laudatur.
3699 1967 3754 2013 et
3776 1958 3843 2012 de

2307 2044 2662 2111 apostolorum
2686 2044 2925 2110 exemplo
2952 2045 3206 2106 sumitur;
3232 2044 3352 2096 inde
3373 2044 3569 2097 bonum
3607 2044 3696 2107 sit,
3718 2046 3841 2112 quia

2307 2132 2373 2185 de
2407 2132 2602 2186 Christi
2628 2132 2770 2186 fonte
2813 2135 3038 2186 ducitur.
3078 2135 3258 2203 (Vens.
3308 2134 3383 2202 7.)
3422 2134 3677 2188 Caudium
3704 2136 3837 2188 enim

2306 2239 2548 2291 magnum
2598 2224 2751 2275 habui
2799 2234 2845 2274 et
2890 2224 3284 2275 consolationem
3329 2226 3382 2275 in
3431 2226 3677 2277 charitate
3718 2236 3840 2289 tua,

2307 2310 2426 2377 quia
2480 2311 2669 2361 uiscera
2713 2321 3003 2362 sanctorum
3052 2313 3393 2379 "quieverunt
3431 2328 3521 2381 per
3562 2323 3627 2374 te,
3659 2314 3838 2380 frater.

2308 2398 2518 2452 Plenius
2561 2400 2788 2452 inculcat
2834 2410 2889 2452 et
2916 2401 3085 2464 docet,
3136 2416 3300 2468 quare
3340 2401 3533 2454 dixerit
3576 2418 3590 2453 :
3635 2400 3842 2499 (Ennius

2308 2503 2403 2555 ago
2432 2487 2537 2540 Deo
2562 2503 2692 2549 meo,
2739 2504 2935 2555 semper
2962 2491 3257 2554 memoriam
3286 2490 3363 2541 tui
3401 2490 3592 2556 faciens
3636 2493 3690 2543 in
3726 2487 3843 2544 (Tra-

2308 2573 2527 2624 tionibus
2574 2573 2719 2624 meis.
2761 2572 2983 2641 Dignum
3014 2574 3271 2640 siquidem
3301 2585 3413 2630 erat
3450 2591 3604 2645 agere
3645 2578 3844 2644 gratias

2310 2659 2417 2712 Deo
2444 2674 2600 2727 super
2620 2661 2877 2713 charitate
2904 2660 3241 2726 Philemonis,
3266 2665 3355 2730 qui
3378 2665 3640 2718 internum
3667 2667 3843 2720 cordis

2310 2746 2552 2801 allectum
2581 2745 2910 2816 [ostendebat
2944 2750 2995 2801 in
3037 2758 3276 2813 sanctos,
3313 2751 3596 2806 reﬁciendo
3633 2751 3841 2807 labores

2310 2851 2493 2890 eorum
2530 2836 2727 2907 (Hien,
2756 2840 2845 2905 qui
2875 2840 3136 2893 internum
3160 2842 3335 2894 cordis
3360 2841 3619 2907 allectum,
3648 2854 3701 2909 et
3721 2860 3844 2913 pro-

2312 2924 2500 2979 fundos
2533 2928 2693 2979 animi
2722 2925 3032 2980 Sanctorum
3060 2913 3298 2993 recessus
3328 2932 3662 2999 suscipiendo
3704 2934 3844 2988 refe-

2311 3011 2521 3082 cerat)].
2568 3013 2634 3065 Et
2675 3014 2775 3067 hoc
2803 3014 2994 3067 idioma
3038 3018 3381 3083 apostolicum
3410 3028 3509 3081 est,
3537 3028 3595 3072 ut
3631 3034 3843 3089 semper

2312 3102 2514 3154 viscera
2540 3109 2706 3163 vocet,
2740 3101 2919 3155 volens
2941 3104 3148 3169 plenam
3185 3106 3377 3158 mentis
3408 3108 3688 3161 ostendere
3712 3108 3841 3160 cha-

2313 3192 2540 3244 ritatem.
2570 3191 2747 3260 (Vsus.
2772 3192 2824 3254 8,
2849 3192 2925 3261 9.)
2964 3190 3180 3260 Propter
3206 3194 3339 3263 quod
3364 3194 3575 3248 multam
3595 3197 3841 3263 ﬁduciam

2311 3279 2498 3330 habens
2525 3280 2578 3331 in
2604 3276 2806 3331 Christo
2842 3279 2965 3332 Iesu
2994 3280 3276 3349 imperandi
3319 3283 3431 3347 tibi,
3474 3299 3588 3353 qua
3623 3284 3691 3336 ad
3738 3270 3864 3344 rem,

2310 3364 2559 3431 pertinent
2584 3381 2601 3416 :
2632 3374 2833 3433 prapter
2861 3368 3158 3420 charitatem
3183 3370 3345 3437 magis
3386 3371 3608 3432 obsecro,
3636 3387 3749 3423 cum
3775 3372 3844 3423 sis

2312 3449 2451 3514 talis,
2481 3460 2535 3501 ut
2568 3448 2767 3501 Paulus
2815 3467 2998 3515 senex,
3035 3469 3167 3505 nunc
3209 3463 3378 3505 autem
3414 3463 3461 3507 et
3488 3455 3682 3508 vinctus
3718 3456 3843 3509 Iesu

2312 3534 2523 3588 Christi.
2574 3536 2747 3590 Multis
2771 3538 2821 3589 in
2868 3539 3219 3593 Philemonem
3267 3542 3506 3597 laudibus
3548 3554 3669 3600 ante
3713 3561 3843 3613 prm-

2311 3624 2505 3687 missis,
2557 3639 2676 3677 cum
2726 3640 2811 3679 res
2855 3627 2973 3680 talis
3022 3628 3109 3691 sit,
3152 3642 3249 3695 pro
3295 3645 3395 3708 qua
3439 3639 3719 3698 rogaturus
3762 3641 3846 3686 est

2314 3708 2504 3779 [ll.'er.,
2539 3720 2749 3781 rogatus
2773 3713 2876 3783 est]
2906 3729 3022 3781 quze
3046 3723 3097 3769 et
3118 3718 3385 3783 prmsunti
3415 3722 3483 3771 sit
3512 3720 3653 3774 utilis
3678 3729 3733 3774 et
3756 3736 3844 3775 ro-

2310 3798 2479 3865 ganti,
2506 3808 2711 3867 poterat
2739 3802 2905 3869 magis
2929 3803 3120 3856 Paulus
3151 3806 3409 3873 imperare
3434 3824 3591 3875 quam
3617 3818 3835 3877 petere:

2311 3886 2489 3955 ethoc
2531 3901 2595 3939 ex
2622 3888 2809 3941 fiducia
2842 3887 2929 3942 illa
2973 3890 3233 3956 veniebat,
3270 3894 3410 3960 quod
3450 3896 3539 3962 qui
3587 3903 3732 3950 tanta
3772 3898 3841 3952 ob

2310 3966 2574 4024 Christum
2604 3989 2764 4041 opera
2793 3984 3139 4043 perpetraret,
3166 3978 3345 4045 utique
3374 3981 3546 4049 impar
3567 3984 3647 4036 sui
3671 3985 3724 4038 in
3745 4000 3843 4059 em-

2311 4062 2439 4112 teris
2471 4076 2586 4115 esse
2615 4078 2716 4116 non
2740 4072 2961 4132 poterat.
2992 4064 3096 4120 Sed
3131 4068 3242 4120 vult
3262 4072 3439 4140 magis
3463 4081 3643 4139 petere
3681 4089 3841 4145 quam

2304 4150 2529 4217 jubere:
2556 4154 2739 4220 grandi
2766 4154 2993 4221 petentis
3013 4158 3323 4215 auctoritate
3346 4162 3634 4227 proposita,
3661 4176 3841 4215 senem

2310 4253 2365 4291 se
2388 4254 2505 4293 esse
2532 4242 2721 4293 asserit
2746 4250 2801 4294 et
2828 4244 3058 4296 vinctum
3083 4243 3289 4300 Domini
3311 4246 3505 4317 [Hier.,
3536 4251 3835 4318 proposita:

2240 4366 2287 4424 Β
2309 4344 2403 4396 per
2430 4345 2584 4396 quam
2612 4340 2664 4382 et
2689 4330 2966 4399 Apostolus
2992 4336 3255 4400 obsecrat,
3290 4344 3343 4389 et
3368 4350 3528 4391 senex
3555 4347 3608 4390 et
3633 4339 3839 4395 vinctus

2309 4417 2429 4471 Iesu
2452 4418 2689 4490 Christi].
2721 4421 2907 4476 Totum
2929 4432 3104 4477 autem
3129 4438 3352 4492 proque
3374 4433 3543 4493 rogat,
3570 4425 3695 4479 illud
3718 4436 3803 4498 at
3822 4443 3842 4481 :

2308 4506 2587 4559 Onesimus
2608 4524 2791 4562 servus
2819 4509 3138 4564 Philemonis
3164 4510 3337 4578 fugam
3376 4510 3517 4564 furto
3543 4512 3840 4579 cumulatis,

2310 4599 2547 4665 quaedam
2576 4601 2649 4653 rei
2680 4601 2952 4653 dominicae
2979 4599 3172 4670 [Hier.,
3219 4601 3538 4674 domesticae]
3580 4604 3838 4674 compila-

2311 4694 2410 4737 rat.
2443 4684 2540 4739 Hic
2578 4701 2800 4755 pergens
2828 4688 2894 4741 ad
2924 4688 3144 4753 Italiam,
3190 4705 3257 4744 ne
3293 4705 3327 4745 e
3368 4693 3607 4761 proximo
3634 4691 3840 4755 facilius

2308 4776 2475 4843 possit
2519 4779 2878 4845 apprehendi,
2936 4782 3213 4848 pecuniam
3252 4782 3462 4855 domini
3494 4798 3590 4851 pro
3630 4783 3839 4839 luxuria

2312 4866 2506 4935 [Hier.,
2536 4882 2629 4935 per
2657 4868 2940 4936 luxuriam]
2966 4870 3283 4936 perdiderat.
3316 4872 3423 4925 Hoc
3446 4887 3511 4925 ne
3538 4872 3657 4937 quis
3688 4880 3851 4940 putet.

2311 4962 2527 5017 temere,
2561 4962 2699 5008 etut
2738 4956 2863 5008 libet
2895 4972 2922 5007 a
2954 4956 3104 5011 nobis
3152 4958 3352 5022 ﬁctum,
3394 4961 3445 5012 in
3495 4961 3838 5028 sequentibus

2310 5043 2495 5095 discat.
2539 5044 2814 5110 Nunquam
2855 5046 2995 5099 enim
3040 5047 3233 5101 Paulus
3269 5047 3469 5101 diceret
3501 5048 3674 5117 (νινε.
3705 5051 3833 5123 18);

2310 5130 2367 5183 Si
2390 5130 2513 5197 quid
2542 5134 2713 5183 nocuit
2744 5133 2851 5195 tibi,
2883 5144 2973 5187 aut
2998 5136 3158 5197 debet,
3189 5135 3282 5186 hoc
3311 5137 3430 5188 mihi
3458 5138 3652 5205 imputo
3678 5158 3691 5191 :
3728 5138 3851 5208 Ego

2312 5216 2510 5271 Paulus
2552 5219 2730 5287 scripsi
2756 5236 2867 5274 mea
2895 5224 3073 5285 manu,
3098 5236 3189 5289 ego
3221 5221 3452 5275 reddam.
3477 5222 3586 5277 Nec
3606 5220 3843 5291 sponsor

2313 5308 2458 5361 ﬁeret
2484 5309 2559 5361 rei
2587 5309 2793 5374 ablatm,
2830 5312 2931 5364 nisi
2961 5298 3102 5365 esset
3141 5312 3193 5364 id
3234 5314 3374 5380 quod
3402 5312 3634 5366 ablatum
3663 5312 3839 5370 fuerat

2312 5397 2634 5463 dissipatum.
2669 5397 2764 5453 Hic
2790 5399 2968 5466 igitur,
2997 5414 3115 5453 cum
3140 5402 3207 5454 ob
3234 5398 3617 5454 confessionem
3642 5399 3839 5457 Christi
3900 5394 3907 5399 ’

2311 5483 2502 5537 Paulus
2527 5485 2705 5539 Roma:
2734 5495 2873 5539 esset
2899 5488 2949 5540 in
2981 5503 3209 5550 carcere,
3235 5488 3455 5553 credidit
3480 5488 3531 5541 in
3560 5489 3836 5545 Dominum

2312 5570 2509 5635 Jcsum,
2540 5580 2593 5625 et
2619 5573 2685 5625 ab
2705 5587 2769 5626 eo
2792 5572 3084 5643 baptixatus
3102 5577 3255 5643 digna
3275 5576 3578 5643 pmnitentia
3604 5579 3835 5633 maculas
