4262 6218
377 319 508 372 Ηυξ)

994 321 1390 373 ΕΧΙΞΙΞΕΤΙΩᾹ.
1435 352 1494 359 -—
1537 322 1771 373 ll.\'l‘OS.
1815 323 1876 372 IN
1918 321 2124 372 ι-ῑιτιςτ.
2299 320 2494 373 P.\l_'l.l
2534 321 2621 371 Μ)
2662 321 2677 371 l

1240 321 1390 372 [ιω.
1435 352 1494 359 -—
1537 322 1771 373 II.\'I‘OS.
1815 323 1876 372 IN
1918 321 2124 372 ι-ῑιτιςτ.
2299 320 2494 373 P.\l_'l.l
2534 321 2621 371 ,ΧΗ
2662 321 2923 373 l‘lll|.li.\l.

3423 328 3552 376 tum

373 432 496 482 vita:
525 429 720 496 prioris
750 429 1014 488 abstersit,
1052 430 1101 480 in
1132 438 1358 487 tantum,
1387 439 1444 479 ut
1474 429 1751 496 Apostolus
1785 445 1908 480 eon-
1947 439 1980 486 Α
2014 428 2323 478 sententiam
2359 428 2685 494 temperavit.
2735 428 2946 478 Ut-t'ulta
2979 429 3168 495 quippe
3196 442 3316 482 Stttlt
3349 429 3546 494 judicia

375 517 634 570 versionis
675 513 789 583 ejus
831 517 981 570 testis
1031 517 1199 568 fleret.
1254 517 1559 585 [Apostoliei
1623 519 1905 570 te~timouii

376 607 606 674 pondere
632 607 892 673 premitur
919 607 1160 658 dominus
1199 607 1358 675 663
1390 606 1691 675 fugientis,]
1719 617 1791 668 ut,
1822 609 1907 673 qui

376 710 437 744 ex
470 707 622 746 servo
646 701 699 744 et
727 693 946 761 fugitivo
989 703 1147 761 atque
1170 703 1380 760 raptore.
1410 695 1648 747 minister
1677 696 1908 760 Apostoli

372 785 547 836 tactus
571 789 708 843 erat,
740 783 982 835 diceret:
1027 773 1220 845 (νεικεῖ
1246 782 1419 845 10-15)
1468 780 1688 834 Obsecro
1735 793 1781 832 te
1819 800 1908 848 pro

369 869 477 934 [ilio
501 885 610 922 meo
659 868 918 930 Onesimo,
971 887 1117 938 quem
1142 872 1291 938 genui
1323 871 1373 923 in
1403 871 1649 933 vinculis;
1695 873 1780 939 qui
1823 873 1909 922 tibi

369 958 648 1028 aliquando
669 956 863 1009 inutilis
891 958 1006 1024 fuit,
1037 972 1170 1009 nunc
1197 969 1364 1009 autem
1393 969 1438 1008 ct
1465 959 1556 1009 tibi
1590 969 1634 1009 et
1660 959 1780 1009 milii
1813 958 1910 1007 uti-

369 1046 452 1105 lis,
478 1060 624 1111 quem
670 1045 838 1095 remisi
879 1043 986 1095 tibi.
1022 1043 1095 1094 Tu
1127 1054 1297 1094 atttcm
1345 1044 1512 1104 illam,
1566 1045 1617 1095 id
1659 1054 1759 1105 est,
1799 1062 1907 1095 mea

373 1137 564 1186 viscera
593 1135 821 1200 suscipe;
847 1149 995 1200 quem
1020 1149 1109 1201 ego
1134 1134 1388 1185 rolueram
1429 1149 1624 1199 mecum
1665 1134 1876 1184 retinere
1893 1174 1905 1191 ,

369 1232 426 1272 ut
453 1238 543 1289 pro
583 1231 632 1273 te
655 1222 781 1273 mihi
808 1221 1117 1272 ministraret
1158 1223 1207 1272 in
1237 1222 1447 1273 rincnlis
1481 1221 1760 1289 Evangelii.
1809 1223 1909 1272 Vo-

373 1313 483 1364 lrns
527 1313 809 1378 impetrare
857 1313 995 1379 quod
1046 1312 1292 1378 postulat,
1333 1313 1440 1379 jam
1475 1329 1574 1365 non
1622 1329 1716 1380 pro
1756 1329 1907 1364 servo

373 1401 712 1462 Philemonis,
739 1401 830 1454 sed
854 1416 950 1469 pro
975 1401 1082 1455 lilio
1105 1417 1199 1454 suo
1232 1416 1288 1454 se
1317 1403 1503 1454 asserit
1525 1404 1793 1470 deprecari
1816 1422 1828 1464 ;
1857 1415 1910 1455 et

373 1488 462 1538 illo
485 1487 592 1540 lilio
618 1502 773 1554 quem
802 1488 980 1554 genuit
1011 1488 1060 1539 in
1090 1487 1310 1539 vinculis
1341 1487 1635 1554 Evangelii,
1677 1491 1773 1542 hoc
1803 1499 1905 1549 est,

371 1591 488 1641 quze
508 1589 603 1642 pro
626 1576 822 1627 Christi
854 1574 1132 1642 Evangelio
1153 1575 1442 1626 sustinebat
1465 1591 1476 1632 ;
1503 1577 1587 1641 qui
1611 1591 1728 1627 enm
1755 1585 1906 1627 antea

375 1663 575 1714 inutilis
613 1663 824 1714 domino
852 1670 1050 1714 tantum
1096 1662 1265 1714 fuerat
1307 1665 1496 1728 (neque
1538 1663 1677 1714 enim
1725 1677 1907 1716 servus

2011 514 2130 576 [lt-i;
2175 523 2218 566 et
2255 515 2589 567 temerarium
2621 523 2702 565 est
2731 517 2878 580 quasi
2926 516 2990 567 de
3019 529 3163 568 certo
3208 521 3550 583 pronuntiare

1972 640 1985 653 ..
2008 605 2144 670 quod
2180 605 2393 654 duhium
2424 613 2520 654 est.
2551 603 2670 654 Heo
2700 613 2851 655 caute
2886 605 3018 656 dixit
3049 624 3058 654 :
3101 604 3343 657 Forsitan
3369 610 3435 658 ad
3457 609 3551 660 Ito-

2012 709 2118 743 rant
2142 692 2390 743 discessit.
2408 692 2598 742 llorani
2617 707 2711 757 pro
2735 701 2964 758 tempore
2993 693 3245 745 dehemns
3268 697 3510 760 accipere
3532 714 3546 752 ;

2009 783 2072 832 ad
2125 783 2569 848 comparationem
2617 785 2759 833 enim
2801 785 3024 833 :rlernit:
3050 793 3115 834 t.s
3161 800 3316 836 omne
3349 795 3554 853 tt‘nipus

2010 870 2165 920 breve
2191 878 2290 920 cst.
2332 868 2394 918 ιί
2426 879 2668 920 atomum
2693 888 2806 921 cum
2836 873 3096 938 ri'ripci'i's.
3129 874 3406 926 Onesimus
3426 891 3552 929 vero

2009 958 2094 1024 qui
2130 973 2192 1008 ex
2242 959 2339 1007 fide
2383 957 2575 1009 Christi
2609 962 2777 1010 laetus
2807 969 2905 1018 est,
2931 971 2976 1009 et
3009 972 3238 1014 mter-nus
3271 973 3367 1020 est.
3394 975 3549 1016 :rter—

2009 1061 2107 1096 nus
2157 1045 2442 1096 Philemoni
2494 1045 2686 1113 [Ilii-n,
2736 1047 2904 1099 fat-tus
2945 1058 3174 1100 a-tt-ruus
3209 1061 3310 1112 est,
3350 1063 3549 1104 attento

2009 1133 2340 1200 Philemoni],
2393 1135 2512 1198 quia
2557 1143 2608 1184 et
2657 1135 2766 1200 ipse
2805 1137 2852 1186 in
2902 1137 3167 1190 Christum
3214 1141 3546 1202 crediderat;

2009 1223 2191 1287 spiritu
2220 1223 2476 1274 libertatis
2503 1233 2734 1290 accepto,
2765 1225 2871 1291 jam
2900 1242 3000 1277 non
3028 1243 3229 1286 Servus.
3259 1231 3350 1280 sed
3384 1229 3546 1281 frater

2007 1331 2122 1364 esse
2146 1315 2301 1380 cmpit
2339 1331 2399 1363 ex
2432 1330 2602 1375 servo,
2635 1315 2798 1367 frater
2827 1319 3186 1380 charissimus,
3215 1331 3464 1372 :cteraus.

2081 1401 2234 1452 Vens.
2276 1390 2352 1451 l7.
2380 1430 2444 1438 —
2479 1402 2533 1450 Si
2577 1419 2693 1468 ergo
2739 1420 2815 1454 me
2871 1403 3024 1455 habes
3069 1409 3291 1468 socium,
3346 1410 3545 1475 suscipe

2008 1491 2149 1540 illunt
2175 1494 2300 1542 sicut
2329 1508 2425 1542 me.
2455 1491 2601 1554 Quod
2624 1495 2767 1554 dicit,
2786 1496 2885 1547 tale
2909 1505 2989 1548 est
3015 1514 3024 1546 :
3060 1497 3114 1548 Si
3141 1513 3223 1550 me
3248 1501 3325 1552 vis
3351 1500 3550 1552 habere.

2008 1589 2328 1639 consortem,
2361 1581 2550 1631 haheto
2578 1590 2631 1632 et
2657 1582 2981 1643 Onesimum,
3013 1600 3168 1651 quem
3201 1601 3296 1652 ego
3325 1602 3541 1638 consor-

2010 1675 2113 1717 tem
2158 1677 2208 1719 et
2235 1667 2394 1719 lilium
2430 1677 2482 1720 et
2508 1671 2706 1721 viscera
2756 1687 2870 1723 mea
2916 1673 3082 1725 haheo
3117 1689 3129 1724 :
3171 1691 3324 1740 quem
3357 1677 3396 1727 si
3443 1691 3544 1728 non

374 1753 454 1805 fur
484 1763 638 1819 atque
684 1751 930 1820 fugitivus
957 1752 1105 1804 alteri
1153 1753 1349 1812 nocuit,
1382 1753 1481 1803 nisi
1505 1753 1716 1804 domino
1757 1756 1900 1818 suo),
1941 1763 1978 1818 ιι
2008 1756 2322 1820 susceperis,
2374 1771 2468 1808 nec
2515 1758 2709 1809 habere
2756 1759 3013 1822 volueris,
3065 1771 3118 1812 et
3165 1762 3274 1828 ipse
3319 1763 3548 1829 intelligo

376 1856 512 1895 nunc
557 1856 589 1894 e
634 1840 899 1893 contrario
938 1839 1180 1891 utilitatis
1217 1840 1660 1905 compensatione,
1706 1855 1807 1906 qua
1858 1850 1909 1891 et

374 1931 484 1996 ipse
512 1929 724 1982 domino
754 1927 950 1997 [llier.,
982 1928 1077 1994 ipsi
1105 1927 1337 1996 domino]
1365 1936 1417 1979 et
1441 1927 1600 1979 Paulo
1637 1929 1779 1980 utilis
1806 1939 1904 1989 est,

373 2019 682 2086 ueterisque
727 2032 820 2084 per
875 2017 1128 2076 Paulum,
1179 2016 1295 2083 plus
1348 2018 1625 2068 charitatis
1678 2027 1910 2068 meretur

377 2125 535 2176 quam
581 2109 688 2160 odii
725 2117 844 2159 ante
889 2117 1173 2160 meruerat.
1228 2108 1374 2160 L'ndc
1413 2109 1506 2168 ait,
1551 2111 1636 2177 qui
1682 2109 1770 2158 tibi
1817 2109 1910 2159 ali-

374 2199 578 2264 quando
611 2197 806 2247 inutilis
839 2197 956 2261 fuit.
989 2196 1127 2256 Tihi,
1162 2196 1352 2263 inquit,
1381 2197 1495 2256 soli,
1541 2212 1642 2248 non
1674 2198 1907 2256 caeteris;

377 2299 514 2336 nunc
541 2274 716 2335 autem
749 2284 840 2334 tibi
887 2292 940 2334 et
968 2283 1094 2334 mihi
1123 2284 1284 2335 utilis.
1325 2284 1478 2336 Utilis
1506 2285 1718 2336 domino
1763 2285 1813 2335 in
1850 2299 1911 2334 eo

374 2371 512 2438 quod
557 2372 718 2438 possit
750 2371 909 2423 Paulo
939 2373 1138 2424 servire
1184 2387 1279 2437 pro
1323 2370 1534 2425 domino
1579 2389 1702 2433 suo;
1751 2372 1912 2424 Paulo

377 2475 500 2512 vero
529 2459 578 2512 in
605 2475 668 2512 eo
693 2460 837 2512 utilis
865 2461 986 2526 quia
1028 2461 1113 2512 illo
1138 2462 1188 2512 in
1215 2475 1428 2514 carcere
1470 2462 1794 2527 vinculisque
1825 2463 1911 2512 de-

377 2557 522 2601 tento
550 2551 715 2616 possit
734 2551 782 2601 ei
810 2550 858 2600 in
889 2535 1170 2616 Evangelia
1191 2547 1508 2602 ministrare.
1545 2551 1729 2619 [Quem
1753 2553 1910 2604 etiam

378 2637 539 2688 lilium
584 2624 735 2688 suum
767 2636 1037 2688 nominare
1067 2651 1171 2688 non
1216 2635 1515 2702 dubitavit.]
1545 2637 1691 2701 Quod
1738 2650 1910 2691 autem

377 2726 450 2776 ait
475 2737 490 2777 :
524 2724 598 2775 Tu
628 2735 799 2776 autem
825 2725 989 2786 illum,
1019 2726 1071 2776 id
1100 2735 1171 2777 est
1200 2726 1386 2777 uiscera
1416 2743 1524 2778 mea
1553 2727 1768 2793 suscipe,
1816 2727 1943 2779 hoc'

375 2822 476 2874 cst,
501 2814 640 2880 quod
667 2814 822 2881 paulo
861 2824 983 2867 ante
1011 2815 1138 2875 dixi,
1178 2815 1378 2868 viscera
1407 2815 1704 2884 signiﬁcare
1749 2817 1912 2867 inter-

378 2917 502 2955 num
529 2903 705 2956 cordis
732 2903 997 2966 allectum,
1024 2913 1076 2955 et
1103 2905 1310 2971 plenam
1339 2920 1401 2957 es
1449 2906 1625 2958 animo
1668 2905 1912 2957 volunta-

377 3000 504 3043 tem.
536 2991 718 3059 (Vens.
763 2991 872 3054 14.)
901 2991 1025 3043 Sine
1054 2992 1265 3043 consilio
1294 3002 1464 3046 autem
1501 3003 1586 3044 tuo
1626 2993 1750 3045 nihil
1779 2993 1914 3045 volui

2012 1843 2022 1911 [
2061 1843 2230 1905 Ilier.,
2283 1845 2609 1914 intelligis],
2663 1849 2800 1912 quod
2848 1863 2930 1900 tne
2969 1850 3161 1902 habere
3215 1868 3314 1902 non
3377 1863 3542 1918 potes.

2010 1935 2190 2001 (Vnus.
2225 1937 2330 2001 18.)
2381 1935 2435 1988 Si
2462 1947 2630 1987 autem
2658 1938 2853 2004 aliquid
2896 1940 3066 1990 nocuit
3112 1950 3200 1990 aut
3247 1942 3410 2003 debet,
3453 1943 3545 1992 huc

2010 2022 2130 2071 mihi
2162 2024 2373 2089 imputo.
2405 2022 2483 2091 [Si
2511 2024 2650 2074 enim
2697 2023 2940 2075 Christus
2967 2040 3060 2091 pro
3093 2027 3241 2078 nobis
3269 2027 3460 2088 doluit,
3493 2038 3546 2079 et

2010 2106 2341 2162 infirmitates
2384 2117 2592 2162 nostras
2632 2111 2874 2176 portavit,
2914 2111 3054 2177 jnste
3098 2111 3289 2164 Paulus
3317 2114 3547 2165 imitator

2011 2196 2089 2245 sui
2119 2197 2353 2263 magistri
2382 2211 2438 2247 se
2461 2197 2706 2262 opposuit
2735 2211 2828 2262 pro
2855 2196 3101 2248 Onesimo
3143 2199 3248 2250 lilio
3277 2214 3391 2250 suo.
3439 2200 3546 2252 lloc

2013 2292 2174 2334 totum
2207 2282 2321 2335 ideo
2353 2283 2486 2334 dixit
2535 2292 2588 2334 ut
2618 2292 2860 2352 pacatum
2903 2284 3111 2336 fecisset
3151 2287 3385 2337 animum
3419 2287 3543 2339 Phi-

2010 2372 2228 2423 lemonis
2259 2372 2308 2422 in
2336 2369 2627 2439 Onesimo.]
2659 2371 2838 2438 (Vens.
2870 2374 2976 2440 l9.)
3011 2373 3118 2440 Ego
3151 2373 3346 2425 Paulus
3368 2376 3547 2440 scripsi

2010 2476 2119 2508 mea
2149 2475 2324 2519 manu,
2351 2474 2439 2524 ego
2468 2459 2697 2517 reddant,
2727 2469 2781 2509 ut
2810 2477 2908 2511 non
2939 2461 3108 2512 dicant
3153 2463 3265 2523 tibi,
3304 2465 3438 2530 quod
3481 2475 3550 2515 te-

2011 2551 2174 2614 ipsunt
2212 2549 2330 2598 mihi
2378 2547 2544 2597 debes.
2591 2547 2738 2610 Quod
2781 2549 2926 2608 dicit,
2957 2549 3060 2600 tale
3102 2557 3182 2601 est
3225 2567 3237 2601 :
3274 2549 3550 2604 Onesimus

2011 2637 2150 2687 furto
2203 2635 2390 2701 rapuit,
2436 2649 2535 2702 ego
2585 2649 2666 2686 me
2711 2637 2946 2702 spondeo
2990 2638 3352 2702 redditurum;
3399 2639 3553 2708 hujus

2009 2723 2305 2788 sponsionis
2329 2723 2547 2786 episzola
2581 2721 2690 2772 haec
2718 2729 2772 2772 et
2801 2738 2988 2775 manus
3015 2712 3166 2775 testis
3193 2733 3277 2776 cst
3301 2729 3510 2793 propria
3533 2743 3547 2787 ;

2009 2826 2164 2878 quam
2195 2825 2296 2862 non
2327 2811 2482 2862 solito
2525 2825 2670 2862 more
2717 2811 2928 2871 dictavi,
2961 2813 3051 2864 sed
3084 2827 3196 2863 mea
3241 2829 3397 2864 manu
3439 2815 3550 2881 ipse

2010 2901 2315 2968 conscripsi.
2351 2899 2458 2950 lloc
2492 2899 2627 2959 dico,
2657 2900 2806 2964 quasi
2831 2899 2940 2968 (ad)
2970 2909 3279 2953 extraneum
3310 2901 3548 2968 loquens.

2011 2989 2268 3041 Cancrum
2298 2989 2339 3039 si
2360 2987 2424 3037 ad
2445 2987 2534 3050 jus
2557 3002 2729 3039 meum
2757 2987 2983 3045 redeam,
3015 2995 3228 3052 propter
3256 3001 3552 3043 sermonem

379 3079 567 3142 facere,
597 3079 669 3130 uti
693 3095 754 3131 ne
788 3078 915 3131 velut
945 3094 1007 3129 ex
1035 3080 1328 3132 necessitate
1359 3081 1542 3130 bonum
1584 3089 1724 3130 tuum
1752 3087 1911 3140 esset,
1940 3073 1984 3131 C
2014 3077 2207 3130 Christi
2235 3091 2389 3142 quem
2435 3076 2526 3126 tibi
2554 3075 2922 3142 evangelizavi,
2965 3083 3017 3127 et
3055 3073 3387 3128 Christianus
3429 3077 3554 3129 effe-

377 3170 464 3220 sed
494 3169 858 3222 uoluntarium.
884 3168 1016 3238 [Hac
1043 3172 1301 3223 sententia
1328 3171 1458 3223 solvi
1481 3181 1652 3238 potest
1672 3172 1911 3238 quaastio,

376 3271 479 3324 qua
505 3257 718 3323 quidam
763 3266 1007 3310 asserunt
1049 3259 1210 3310 Deum
1259 3259 1412 3311 talem
1461 3259 1701 3311 debuisse
1743 3259 1915 3312 facere

380 3344 668 3404 hominem,
690 3343 778 3408 qui
808 3357 1030 3410 peccare
1055 3358 1158 3395 non
1171 3345 1363 3420 possit.
1390 3345 1525 3396 Deus
1549 3361 1674 3397 vero
1699 3347 1806 3412 ipse
1829 3362 1916 3399 vo-

379 3430 637 3482 luntarius
683 3439 785 3493 est,
818 3446 921 3483 non
955 3421 1251 3485 necessarie
1289 3431 1452 3500 (Leg.,
1480 3433 1772 3486 voluntarie
1818 3436 1913 3488 bo-

378 3534 476 3572 nus
505 3527 606 3581 est,
637 3534 740 3573 non
771 3520 1122 3600 necessitate)
1149 3539 1160 3571 ;
1194 3522 1352 3574 homo
1376 3537 1521 3581 vero,
1547 3523 1590 3573 si
1625 3537 1687 3574 ex
1731 3538 1913 3575 neces-

377 3607 533 3659 sitate
579 3607 749 3661 bonus
788 3616 950 3669 esset,
982 3623 1084 3660 non
1131 3609 1418 3670 voluntate,
1453 3609 1542 3661 Dei
1587 3610 1757 3677 imago
1796 3626 1914 3664 esse

378 3709 482 3748 non
501 3694 714 3764 possit.]
737 3693 911 3748 Potuit
942 3697 1117 3763 itaque
1143 3706 1198 3748 et
1219 3698 1486 3763 apostolus
1505 3697 1697 3749 Paulus
1717 3699 1914 3765 absque

379 3781 988 3837 volunute'Philemonis
1009 3784 1315 3842 Onesimum
1350 3787 1449 3839 sibi
1483 3787 1532 3837 in
1565 3787 1912 3840 ministerium

379 3870 634 3931 retinere;
666 3870 756 3923 sed
785 3871 829 3924 si
859 3871 958 3924 hoc
978 3872 1093 3924 sine
1112 3871 1434 3925 Philemonis
1465 3875 1730 3928 voluntate
1763 3876 1914 3928 fecis-

377 3966 496 4024 set,
531 3960 726 4013 bonum
783 3960 992 4026 quidem
1038 3969 1180 4021 erat,
1229 3961 1320 4013 sed
1366 3975 1468 4013 non
1513 3961 1910 4015 voluntarium:

377 4054 514 4120 quod
544 4060 721 4105 autem
755 4067 858 4103 non
882 4059 995 4104 erat
1020 4051 1391 4112 voluntarium,
1424 4051 1526 4104 alio
1554 4066 1744 4120 genere
1766 4053 1911 4121 argui

380 4143 584 4205 poterat
607 4151 713 4189 non
738 4151 853 4190 esse
884 4137 1097 4189 bonum.
1131 4136 1269 4189 Nihil
1298 4138 1491 4206 quippe
1521 4137 1799 4209 [absolute]
1824 4142 1914 4193 bo-

383 4239 502 4276 num
530 4237 646 4275 esse
669 4223 878 4288 poterit,
911 4224 1009 4280 nisi
1037 4223 1173 4290 quod
1215 4225 1513 4279 ultroneum
1549 4237 1646 4280 est.
1698 4229 1768 4281 Ex
1812 4244 1914 4294 quo

382 4311 611 4380 Apostoli
633 4309 1010 4362 consideranda
1031 4311 1306 4391 prudentia
1332 4321 1434 4373 est,
1456 4315 1544 4380 qui
1572 4315 1767 4369 idcirco
1788 4315 1915 4382 fugi-

2015 3174 2129 3219 ctus
2157 3180 2234 3226 es,
2263 3175 2310 3215 te
2342 3165 2468 3215 mihi
2498 3164 2664 3230 ipsum
2689 3165 2863 3215 debes.
2893 3163 3040 3228 Quod
3063 3166 3107 3217 si
3139 3173 3193 3216 tu
3223 3179 3371 3218 meus
3393 3180 3472 3228 es,
3497 3177 3552 3217 et

2017 3264 2099 3306 tua
2130 3252 2290 3323 664
2326 3253 2498 3304 omnia
2542 3268 2656 3304 mea
2687 3262 2840 3315 sunt;
2894 3252 2959 3322 [si
3005 3262 3179 3304 autem
3233 3263 3322 3305 tua
3369 3254 3548 3306 omnia

2015 3359 2129 3395 mea
2177 3343 2344 3411 sunt,]
2391 3342 2670 3394 Onesimus
2712 3357 2941 3409 quoque,
2984 3344 3074 3410 qui
3119 3352 3240 3396 tuus
3272 3355 3370 3403 est,
3404 3359 3553 3397 meus

2014 3443 2111 3484 est.
2153 3432 2392 3485 Pozeram
2439 3434 2598 3500 igitur
2625 3447 2688 3485 eo
2721 3434 2816 3495 uti,
2867 3442 2924 3485 ut
2972 3449 3119 3496 meo;
3167 3436 3257 3487 sed
3301 3437 3556 3490 voluntati

2015 3533 2116 3573 tua:
2164 3522 2437 3587 relinquo,
2501 3530 2556 3571 ut
2613 3521 2910 3573 mercedem
2965 3523 3164 3576 habeas
3215 3525 3555 3590 ignoscendo.

2015 3610 2194 3675 (Vsus.
2225 3609 2337 3679 20.)
2378 3608 2460 3659 Ila
2489 3609 2667 3676 frater.
2704 3609 2812 3676 Ego
2835 3620 2885 3661 te
2909 3611 3057 3675 fruar
3089 3613 3142 3662 in
3170 3611 3408 3664 Domino.
3453 3613 3554 3665 Rc-

2012 3701 2106 3763 ﬁce
2144 3700 2333 3750 viscera
2364 3715 2474 3749 mea
2509 3699 2564 3749 in
2615 3698 2838 3750 Christo.
2886 3699 3033 3761 Quod
3061 3707 3234 3753 autem
3263 3702 3336 3752 ait
3387 3718 3400 3751 :
3445 3701 3556 3770 Ego

2012 3799 2056 3837 te
2101 3787 2249 3853 fruar
2281 3787 2333 3837 in
2369 3786 2604 3847 Domino,
2656 3787 2797 3839 aliud
2842 3787 3007 3838 multo
3051 3789 3361 3857 intelligitur
3397 3780 3554 3857 quam

2013 3884 2245 3943 putatur.
2283 3875 2563 3942 Apostolus
2611 3889 2715 3925 non
2745 3874 2936 3926 fruitur
2957 3876 3056 3928 nisi
3112 3878 3189 3928 eis
3236 3876 3404 3946 [Ilion
3453 3879 3553 3930 nisi

2011 3961 2117 4030 eo],
2157 3962 2248 4028 qui
2281 3962 2474 4016 multas
2503 3963 2554 4013 in
2584 3976 2641 4015 se
2668 3963 2825 4014 habet
2852 3963 3184 4016 continentes
3213 3964 3405 4032 [ΗΜ-η
3431 3979 3555 4017 con-

2011 4049 2372 4117 cinentesque]
2417 4051 2656 4109 virtutes,
2699 4056 2752 4101 et
2791 4059 2957 4101 totum
2989 4052 3126 4118 quod
3152 4052 3396 4105 Christus
3429 4054 3556 4107 dici-

2014 4147 2098 4187 tur
2157 4151 2252 4202 pro
2309 4138 2565 4189 varietate
2604 4152 2903 4199 causarum,
2944 4139 3253 4205 sapientiam
3291 4141 3554 4205 videlicet,

2007 4214 2302 4290 iustitiam,
2341 4225 2716 4276 continentiam
2740 4263 2754 4285 ,
2805 4227 3260 4278 mansuetudinem
3288 4266 3303 4288 ,
3355 4237 3555 4296 tempe-

2019 4311 2264 4371 rantiam,
2304 4309 2621 4362 castitatem.
2656 4308 2760 4361 Has
2789 4310 3111 4376 imprecatur
3144 4310 3464 4373 Philemoni,
3500 4325 3558 4367 ut

383 4379 544 4451 tivum
582 4397 801 4452 remittit
840 4397 904 4447 ad
947 4384 1236 4457 dominium,
1281 4406 1337 4448 ut
1367 4379 1535 4466 prosit
1561 4401 1772 4454 domino
1799 4379 1914 4466 suo,
1944 4379 1992 4436 θ
2018 4398 2138 4447 dum
2173 4397 2254 4448 hi5
2291 4397 2655 4460 ³¹³υηά³νθτίίν
2693 4399 2799 4464 ipse
2837 4413 2899 4452 ρο
2934 4398 3209 4466 Perfluen8
3249 4401 3552 4468 ίιυριεεηυτο

385 4485 492 4552 lqui
523 4485 783 4552 placuisse
810 4499 910 4536 non
946 4492 1172 4550 poterat,
1200 4485 1241 4536 si
1286 4485 1397 4536 sine
1422 4485 1618 4537 domini
1649 4497 1918 4558 teneretur

288 4567 290 4569 ’
384 4571 650 4623 voluntate
678 4571 873 4638 (Hier.,
904 4571 993 4638 qui
1035 4572 1284 4638 prodesse
1320 4588 1422 4625 non
1457 4584 1693 4641 poterat,
1738 4578 1781 4628 si
1826 4579 1917 4632 do-

385 4659 524 4710 mino
554 4665 818 4708 teneretur
842 4658 1121 4727 absente)].

453 4745 610 4796 Vens.
649 4741 736 4804 l5,
766 4741 854 4793 l6.
872 4771 935 4780 —-
960 4742 1208 4798 Forsitan
1229 4747 1344 4800 ideo
1370 4749 1438 4799 ad
1466 4749 1646 4801 norant
1671 4750 1914 4812 discessit,

385 4839 439 4880 ut
468 4839 713 4882 internum
751 4826 897 4880 illum
941 4829 1185 4896 reciperes
1213 4849 1230 4885 :
1252 4835 1365 4900 jam
1398 4851 1497 4887 non
1540 4838 1669 4890 sicut
1698 4854 1913 4899 seruum,

386 4917 472 4967 sed
514 4932 606 4983 pro
630 4931 795 4972 servo
834 4915 1187 4967 charissimam
1231 4920 1466 4985 fratrem,
1505 4927 1724 4977 maxime
1764 4927 1916 4989 milii,-

386 5011 576 5069 quanto
604 5007 766 5072 nugis
792 5006 882 5059 tibi
905 5015 953 5058 et
981 5006 1032 5058 in
1055 5023 1208 5060 carne
1235 5019 1281 5060 et
1308 5011 1360 5061 in
1396 5011 1636 5066 Domino.
1676 5014 1844 5083 [Sicut
1868 5017 1915 5067 in

389 5088 686 5143 venditione
712 5089 905 5160 Ioseph
946 5094 1138 5146 bonam
1164 5109 1294 5155 rem,
1326 5097 1376 5148 id
1400 5107 1501 5159 est,
1529 5101 1748 5154 salutem
1789 5103 1919 5154 mul-

391 5187 558 5232 torum
589 5177 713 5232 fecit
737 5178 874 5233 Deus
902 5182 969 5237 de
993 5182 1126 5236 mala
1152 5183 1416 5236 voluntate
1445 5184 1712 5258 fratrum,]
1737 5191 1916 5243 simili-

390 5277 470 5318 ter
503 5270 635 5324 etin
677 5269 926 5323 Onesimo
953 5284 1231 5335 possumus
1280 5274 1568 5342 intelligere
1606 5281 1746 5343 quod
1783 5280 1917 5332 mala

391 5353 647 5422 principia
679 5357 984 5410 occasiones
1011 5355 1206 5410 fuerint
1248 5360 1321 5411 rei
1365 5360 1531 5412 boum.
1565 5361 1740 5430 [Fugit
1777 5367 1917 5418 enim

394 5443 658 5496 dominum
690 5459 848 5500 suum
867 5453 922 5499 et
950 5445 1122 5499 factus
1143 5455 1224 5498 est
1255 5462 1438 5503 servus
1463 5448 1654 5502 Christi
1690 5462 1740 5503 et
1769 5455 1919 5506 mini-

394 5539 502 5583 ster
527 5530 577 5582 in
623 5529 947 5601 Evangelia]
975 5531 1194 5586 Pulchre
1229 5544 1401 5585 autem
1434 5539 1626 5589 addens
1670 5539 1918 5604 forsitan,

2021 4486 2081 4536 lit
2116 4501 2180 4537 ne
2227 4495 2397 4553 putes,
2453 4486 2594 4536 illam
2636 4485 2938 4540 fruitionem
2980 4490 3103 4549 dici,
3147 4507 3249 4557 qua
3289 4508 3384 4544 nos
3420 4508 3557 4559 sa‘pe

2020 4575 2290 4642 nostrique
2328 4576 2466 4626 inter
2507 4590 2604 4628 nos
2645 4581 2924 4642 praesentia
2963 4580 3286 4632 delectamur
3323 4580 3397 4649 [et
3430 4581 3557 4633 frui-

2021 4664 2182 4732 mur],
2223 4666 2419 4717 addidit
2468 4667 2563 4714 :in
2609 4665 2843 4715 Domino.
2890 4665 3057 4732 Reﬁce
3105 4669 3292 4718 viscera
3335 4684 3445 4718 mea
3503 4671 3556 4720 in

2021 4748 2242 4800 Christo.
2276 4752 2425 4802 Sicut
2451 4753 2558 4816 ipse
2603 4750 2704 4801 frui
2731 4752 2838 4802 vult
2869 4751 3171 4806 Philemone
3213 4756 3265 4805 in
3304 4755 3557 4817 Domino,

2023 4840 2093 4891 ita
2139 4840 2342 4890 viscera
2371 4855 2466 4892 sua
2513 4841 2761 4893 Onesimo
2793 4841 2984 4908 [llier.,
3020 4841 3370 4914 Onesimum],
3401 4861 3558 4912 quem

2022 4933 2075 4977 et
2107 4926 2348 4990 superius
2370 4928 2556 4979 eodem
2596 4928 2806 4977 nomine
2844 4930 3216 4996 appellaverat,
3261 4931 3404 4984 rellci
3450 4932 3561 4983 vult

2019 5029 2114 5080 per
2151 5013 2529 5068 Philemonem.
2565 5015 2726 5067 Recte
2765 5018 2959 5069 dicitur
2981 5021 3182 5072 viscera
3220 5021 3390 5072 sancti
3412 5019 3559 5073 Pauli

2019 5103 2297 5156 Onesimus
2331 5104 2523 5172 [Ilier.,
2563 5114 2706 5158 recte
2743 5106 2892 5159 Pauli
2930 5109 2981 5160 in
3020 5108 3232 5160 Christo
3258 5111 3462 5161 viscera
3485 5111 3562 5163 di-

2021 5199 2214 5246 cuntur
2243 5191 2563 5261 Onesimus].
2590 5211 2746 5261 quem
2775 5200 2953 5266 genuit
2989 5199 3039 5248 in
3065 5200 3306 5252 vinculis.

2090 5280 2246 5333 Vsus.
2292 5282 2378 5334 31.
2415 5309 2484 5321 —
2519 5279 2792 5348 Conﬁdens
2839 5286 2891 5335 in
2925 5285 3210 5338 obedientia
3245 5296 3333 5338 tua
3376 5287 3561 5352 scripsi

2017 5369 2127 5427 tibi,
2176 5371 2340 5422 sciens
2382 5370 2622 5434 quosdam
2664 5382 2710 5422 et
2756 5388 2905 5438 super
2951 5373 3000 5422 id
3044 5375 3178 5439 quod
3220 5374 3333 5425 dico
3377 5372 3558 5437 factu.

2022 5456 2128 5524 [Ait
2155 5457 2316 5516 enim,
2351 5455 2608 5521 conﬁdens
2658 5461 2710 5510 in
2757 5461 3037 5512 obedientia
3067 5471 3174 5520 tua,
3207 5471 3265 5512 ut
3309 5475 3411 5513 non
3440 5475 3560 5513 cru-

2024 5545 2261 5594 hesceret
2307 5543 2600 5596 Philemoni
2639 5547 2813 5600 facere
2849 5551 2987 5618 quod
3015 5543 3240 5617 rogatus
3281 5546 3395 5601 fuit.
3437 5549 3562 5607 Ideo
