4262 6214
675 357 799 411 ιθδι

667 549 947 607 tlammodo
986 545 1291 617 praeiudicat
1334 559 1400 599 ne
1427 543 1617 595 audeat
1657 554 1854 609 negare
1879 537 2209 609 quod[roga-

666 637 799 711 tur.]
829 638 1013 711 (Vens.
1052 634 1165 693 22.)
1203 630 1373 688 Simul
1404 641 1573 684 autem
1600 640 1650 683 et
1696 646 1824 699 para
1868 628 1993 680 mihi
2038 628 2213 696 hospi-

665 728 817 778 tinus.
855 723 969 778 Hoc
1001 722 1119 777 ideo
1156 720 1299 782 dicit,
1333 726 1390 771 ut
1425 718 1550 771 dum
1585 732 1704 771 eum
1730 724 2000 783 exspectat
2038 715 2212 769 Phile-

666 830 790 869 mon
820 813 886 867 ad
909 826 967 865 se
987 825 1104 865 esse
1131 818 1435 872 venturum,
1479 807 1730 861 libentius
1761 804 1921 859 faciat
1954 805 2093 873 quod
2128 819 2213 857 ro-

666 911 819 974 gatus
845 908 944 955 est.
992 898 1133 952 Nam
1170 913 1317 968 spero
1351 913 1442 966 per
1486 897 1742 949 orationes
1790 902 1982 945 uestras
2028 891 2213 944 donari

670 1007 748 1045 me
807 990 969 1045 vobis.
1022 987 1231 1058 [Totius
1286 986 1537 1040 Ecclesiae
1586 984 1853 1037 orationes
1901 980 2213 1051 profuerunt

667 1078 855 1142 Paulo,
892 1079 1016 1131 dum
1052 1075 1140 1129 ille
1183 1073 1384 1144 profuit
1422 1072 1565 1126 omni
1606 1071 1855 1125 Ecclesiae
1890 1068 2011 1133 Dei;
2055 1082 2212 1136 quem

671 1166 811 1221 Deus
838 1166 1153 1237 perdonavit
1175 1163 1504 1217 orationibus
1527 1174 1666 1229 saepe
1691 1169 2016 1221 sanctorum,
2038 1158 2105 1211 ad
2130 1171 2215 1210 eo-

672 1272 789 1311 rum
808 1257 1092 1311 utilitatcm
1117 1255 1208 1323 qui
1232 1268 1353 1307 eum
1377 1252 1607 1305 audituri
1635 1247 1803 1319 sunt.]
1839 1248 1989 1313 Quod
2036 1255 2213 1299 autem

672 1347 862 1401 crebro
886 1340 1082 1399 Paulus
1114 1344 1167 1397 in
1205 1355 1420 1397 carcere
1468 1340 1646 1401 fuerit,
1669 1347 1723 1392 et
1744 1339 1808 1392 de
1835 1335 2057 1390 vinculis
2084 1335 2216 1389 libe-

673 1442 823 1487 ratus
848 1432 1082 1501 sit,’ipse
1109 1432 1159 1484 in
1182 1432 1286 1483 alio
1316 1430 1432 1483 loco
1476 1429 1606 1483 dicit
1636 1445 1647 1479 :
1681 1427 1748 1480 In
1779 1426 2066 1478 carceribus
2112 1425 2214 1492 fre-

672 1534 883 1594 quenter
915 1522 998 1575 lII
1043 1520 1163 1575 Cor.
1214 1537 1290 1583 ιι,
1314 1520 1422 1587 '23).
1454 1520 1529 1572 De
1558 1534 1664 1587 quo
1687 1517 1784 1588 [De
1833 1513 2041 1586 quibus]
2086 1529 2218 1568 non-

673 1628 943 1683 nunquam
987 1612 1194 1665 Domini
1238 1610 1433 1663 auxilio
1482 1609 1736 1662 liberatus
1758 1617 1856 1662 est.
1890 1608 2071 1675 (Vens.
2102 1606 2171 1659 25
2201 1645 2214 1668 .

672 1702 785 1771 25.)
815 1701 1021 1755 Salutat
1047 1711 1094 1753 te
1122 1699 1389 1769 Epaphras
1417 1697 1741 1765 concaptivus
1768 1712 1911 1748 meus
1932 1697 1986 1747 in
2013 1692 2215 1746 Christo

673 1758 824 1855 Iesu,
858 1790 1089 1853 Marcus,
1116 1758 1445 1841 Aristarchus
1464 1827 1477 1851 ,
1515 1758 1703 1839 Demas
1734 1784 1877 1856 [MS.,
1906 1782 2211 1853 Damascus]
2248 1758 2289 1815 Β

672 1888 719 1931 et
748 1879 914 1931 Lucas
928 1878 1189 1946 adjutores
1210 1877 1326 1928 mei.
1352 1875 1479 1941 Quis
1491 1876 1559 1928 sit
1582 1874 1855 1942 Epaphras
1875 1871 2215 1939 concaptivus

673 1968 851 2031 Pauli,
915 1967 1071 2019 talem
1112 1965 1347 2019 fabulam
1394 1964 1714 2031 accepimus.
1759 1961 1922 2013 Aiunt
1970 1968 2217 2028 parentes

676 2054 895 2124 apostoli
924 2053 1070 2106 Pauli
1093 2053 1158 2105 de
1181 2050 1407 2105 Giscalis
1446 2050 1662 2120 regione
1706 2047 1870 2102 fuisse
1898 2045 2118 2111 Judzete;
2162 2055 2217 2099 et

674 2156 788 2204 eos,
815 2155 934 2194 cum
965 2147 1071 2192 tota
1097 2138 1367 2207 provincia
1392 2144 1692 2190 vastaretur
1709 2150 1867 2188 manu
1892 2143 1945 2188 et
1971 2134 2218 2204 devulga-

676 2218 861 2284 rentur
885 2227 1083 2299 [Hier.,
1134 2228 1371 2280 Romana
1398 2240 1578 2288 manu,
1602 2231 1656 2279 et
1692 2221 2139 2292 dispergerentur]
2163 2222 2216 2274 in

676 2320 803 2372 orbe
838 2317 1027 2381 Jutltei,
1065 2318 1115 2369 in
1164 2316 1387 2369 Tarsum
1412 2315 1596 2366 urbem
1638 2311 1832 2365 Cilicia:
1861 2309 2021 2363 fuisse
2047 2319 2219 2363 trans-

675 2408 833 2469 latos;
874 2413 1152 2473 parentum
1201 2402 1558 2455 conditionem
1596 2398 2040 2453 adolescentulum
2082 2398 2218 2449 Pau—

678 2496 786 2549 lum
813 2502 1048 2548 secutum
1079 2501 1133 2546 et
1158 2493 1234 2546 sic
1260 2506 1413 2559 posse
1459 2490 1753 2544 stareillud
1779 2489 1918 2557 quod
1947 2489 2013 2541 de
2047 2489 2219 2556 seipse

678 2593 903 2640 testatur
929 2582 1167 2636 :Hebrtzi
1192 2591 1331 2644 sunt,
1357 2591 1404 2633 et
1435 2597 1558 2649 ego;
1580 2579 1834 2632 Israelita!
1858 2586 1997 2642 sunt,
2019 2587 2066 2629 et
2091 2590 2181 2644 ego
2201 2594 2219 2640 ;

678 2688 847 2726 semen
873 2670 1091 2723 Αὸηιιιιε
1118 2678 1258 2732 sunt,
1282 2678 1329 2720 et
1359 2683 1450 2736 ego
1480 2666 1565 2736 (II
1594 2664 1715 2719 Cor.
1746 2681 1819 2727 ιι,
1848 2664 1961 2733 22).
2010 2664 2079 2716 Et
2105 2679 2222 2716 rur-

681 2773 797 2811 sum
837 2756 959 2809 alibi
990 2774 1003 2808 a
1029 2754 1276 2809 Hebrwus
1322 2771 1385 2807 ea:
1426 2753 1656 2807 Hebreis
1681 2751 1895 2822 (Philip.
1920 2768 2005 2815 ut,
2043 2751 2121 2821 5),
2169 2759 2223 2804 et

681 2852 889 2905 extera,
940 2858 1056 2911 qua:
1097 2842 1242 2896 illum
1289 2841 1526 2895 Judaeum
1582 2842 1749 2909 magis
1793 2841 2030 2896 indicant
2064 2855 2221 2910 quam

681 2934 1019 2987 Tarsensem.
1036 2932 1185 2998 Quod
1215 2931 1259 2985 si
1279 2932 1351 2985 ita
1377 2940 1478 2993 est,
1498 2945 1777 2999 possumus
1804 2930 2105 2999 Epaphram
2136 2929 2223 2983 illo

680 3032 916 3090 tempore
943 3030 1154 3089 captum
1184 3018 1462 3089 suspicari,
1502 3034 1607 3088 quo
1643 3027 1831 3087 captus
1856 3027 1937 3073 est
1979 3018 2174 3073 Paulus
2202 3036 2217 3084 ;

680 3118 734 3162 et
758 3123 878 3163 eum
906 3122 936 3161 a
963 3108 1269 3177 parentibus
1292 3108 1402 3161 suis
1422 3108 1474 3161 in
1499 3106 1729 3162 Colossis
1749 3107 1881 3161 urbe
1901 3106 2039 3161 ASiie
2057 3108 2219 3162 collo-

680 3204 876 3259 catum,
903 3196 1097 3251 Christi
1120 3206 1307 3267 postea
1345 3198 1612 3265 recepisse
1639 3213 1956 3251 sermonem.
1983 3198 2131 3253 Unde
2170 3206 2226 3251 et

683 3284 737 3336 in
763 3284 986 3351 cpistola
1017 3284 1083 3336 ad
1130 3284 1469 3337 Colossenses
1500 3301 1513 3336 :
1548 3282 1756 3337 Salutat
1798 3300 1885 3338 vos
1928 3284 2223 3354 Epaphras,

682 3369 772 3437 qui
799 3378 873 3421 est
900 3384 963 3422 ex
987 3369 1128 3423 vobis
1155 3368 1373 3438 (Coloss.
1404 3386 1475 3434 tv,
1508 3370 1616 3440 12).
1658 3370 1729 3424 Si-
1758 3386 1814 3425 se
1834 3372 1906 3424 ita
1939 3372 2130 3436 habet,
2172 3381 2226 3426 et

684 3457 1045 3519 Aristarchus,
1067 3458 1155 3525 qui
1179 3460 1520 3527 concaptivus
1537 3459 1585 3513 ei
1615 3459 1668 3512 in
1687 3460 1870 3513 eadem
1900 3459 2116 3526 epistola
2147 3460 2226 3513 di-

685 3546 845 3610 citur,
866 3546 933 3599 ad
947 3545 1186 3599 eamdem
1210 3545 1606 3615 intelligentiam
1621 3546 1921 3610 deducitur;
1946 3548 2026 3599 sin
2047 3557 2225 3600 autem

682 3638 785 3691 hoc
804 3651 907 3689 non
924 3636 1194 3702 recipitur,
1215 3650 1275 3687 ex
1299 3650 1363 3688 eo
1381 3637 1519 3703 quod
1547 3636 1634 3689 hic
1646 3636 1879 3688 additum
1896 3644 1978 3689 est
2000 3638 2054 3689 in
2078 3636 2227 3689 Chri-

684 3735 765 3778 sto
786 3724 912 3777 Iesu
931 3763 947 3788 ,
982 3738 1260 3791 possumus
1280 3724 1536 3791 suspicari
1565 3725 1748 3779 eadem
1780 3740 1898 3778 eum
1924 3725 2105 3779 Romae
2131 3741 2226 3794 pro

686 3813 896 3866 Christo
912 3813 1114 3866 vincula
1129 3813 1458 3876 sustinuisse,
1476 3812 1883 3882 quzeetPaulum
1902 3829 1915 3876 ;
1939 3822 1995 3867 et
2018 3822 2078 3866 ut
2114 3814 2227 3866 vin-

688 3909 827 3953 ctum
851 3900 1069 3965 Christi,
1092 3902 1163 3952 ita
1192 3901 1460 3967 captivum
1483 3913 1691 3969 quoque
1706 3901 1939 3969 potuisse
1965 3900 2087 3953 dici.
2106 3900 2230 3953 Haec

686 3992 752 4043 de
774 3990 1039 4058 Epaphra.
1071 3987 1395 4040 Caeterorum
1423 3996 1825 4055 cooperatorum
1848 3986 2044 4057 [Hier.,
2072 3997 2229 4042 caete-

690 4088 806 4126 rum
835 4059 1229 4143 cooperatores]
1259 4072 1526 4143 Evangelii
1551 4083 1605 4127 et
1628 4075 1955 4129 vinculorum
1977 4090 2190 4130 suorum
2207 4116 2221 4140 ,

691 4176 811 4214 cum
854 4160 920 4213 ad
964 4160 1325 4214 Philemonem
1372 4160 1651 4229 epistolam
1689 4163 1964 4227 scriberet,
1991 4164 2226 4218 Marcum

690 4248 855 4317 ponit,
885 4248 977 4316 qui
1003 4248 1175 4317 putari
1221 4257 1395 4317 potest
1444 4250 1708 4320 Evangelii
1750 4251 1992 4306 conditor
2030 4252 2225 4325 [Hier.,

688 4359 845 4411 quem
893 4352 1018 4411 puto
1056 4344 1325 4413 Evangelii
1352 4346 1731 4418 conditorem];
1760 4356 1815 4402 et
1839 4350 2225 4415 Aristarchum,

1488 343 1545 396 Β.
1585 342 1646 396 F.
1683 339 1902 395 ALBINI
1938 337 2065 391 SEU
2106 330 2372 388 ALCCINI
2411 328 2686 384 OI’Elll'.“
2728 328 2900 382 PARS
2938 329 2995 381 ll.

668 462 903 518 addidit:
934 459 1115 519 sciens,
1145 465 1246 511 etc.
1266 440 1381 520 'Qui
1420 454 1519 507 scit
1544 452 1830 506 bonitatem
1857 450 2034 511 amici,
2071 462 2203 515 quo~
2232 446 2279 501 Λ
2303 440 2453 507 cujus
2487 440 2894 521 supra‘fecimus
2922 439 3271 499 mentionem;
3303 446 3358 491 et
3384 435 3626 498 Dentato,
3656 436 3723 491 de
3750 451 3858 505 quo

2253 4388 2304 4445 D

3720 322 3857 377 1032

2313 530 2418 582 alio
2447 530 2498 582 in
2527 530 2644 584 loco
2668 530 2924 598 quaeritur
2954 546 2965 579 :
3001 528 3185 579 Demos
3208 543 3285 578 me
3314 526 3605 593 dereliquit,
3635 524 3859 595 diligens

2314 619 2408 671 hoc
2435 617 2677 672 saeculum
2701 625 2747 671 et
2768 618 2891 670 abiit
2923 616 3370 679 Thessalonicam;
3391 624 3446 670 et
3464 616 3660 670 Lucam
3690 614 3858 671 medi-

2314 722 2457 770 cum,
2482 707 2573 775 qui
2618 708 2956 775 Evangelium
3003 714 3056 759 et
3091 705 3257 760 Actus
3304 705 3663 774 apostolorum
3690 707 3863 762 eccle-

2314 798 2408 852 siis
2433 798 2525 850 Dei
2548 797 2939 864 derelinquens,
2968 797 3032 849 de
3053 811 3157 864 quo
3180 796 3234 849 in
3289 795 3393 849 alio
3414 794 3529 849 loco
3562 814 3575 847 :
3608 794 3752 858 Misi,
3779 796 3861 851 in-

2312 890 2448 958 quit.
2477 904 2594 941 cum
2636 886 2729 940 illo
2777 887 3012 955 fratrem,
3044 886 3192 954 cujus
3238 884 3353 939 laus
3377 894 3451 938 est
3480 886 3533 937 in
3581 884 3859 954 Evangelio

2312 992 2403 1046 per
2428 991 2599 1029 omnes
2644 973 2881 1027 ecclesias
2928 973 3137 1027 Domini
3166 973 3326 1026 nostri
3351 972 3478 1026 Iesu
3530 971 3722 1027 Christi
3769 972 3852 1041 (11

2314 1060 2433 1115 Cor.
2466 1052 2591 1125 vni,
2628 1061 2736 1131 l8).
2785 1060 2970 1131 (Vens.
3006 1060 3121 1129 25.)
3147 1057 3327 1113 Gratia
3377 1060 3471 1114 Dei
3516 1077 3635 1114 cum
3676 1061 3859 1132 spiritu

2313 1162 2496 1204 vestro.
2526 1151 2717 1204 Amen.
2738 1149 3154 1221 [Synecdochice
3179 1149 3396 1213 dicitur,
3428 1165 3544 1202 cum
3571 1150 3758 1218 spiritu
3779 1165 3863 1202 se-

2314 1230 2441 1305 stro,
2487 1259 2515 1295 a
2545 1242 2762 1296 meliore
2789 1249 2941 1309 parte
2982 1248 3149 1293 totum
3203 1239 3471 1293 hominem
3497 1236 3861 1308 signiﬁcans;]

2314 1349 2433 1386 cum
2465 1340 2642 1387 autem
2677 1333 2730 1385 in
2756 1332 2944 1403 spiritu
2976 1330 3147 1399 gratia
3191 1326 3371 1394 fuerit,
3403 1337 3569 1383 totum
3598 1328 3729 1384 facit
3767 1328 3862 1382 ho-

2316 1422 2510 1475 minem
2540 1419 2828 1489 spiritalem
2855 1438 2867 1471 :
2892 1426 2952 1473 ut
2968 1433 3093 1473 caro
3113 1417 3319 1487 spiritui
3346 1418 3564 1479 serviat,
3594 1425 3649 1471 et
3677 1418 3856 1471 anima

2316 1523 2418 1561 non
2447 1510 2689 1561 vincatur
2717 1522 2747 1560 a
2774 1522 2954 1570 carne,
2985 1514 3040 1560 et
3088 1507 3302 1561 redacta
3328 1506 3483 1560 simul
3514 1506 3565 1559 in
3614 1507 3858 1560 substan-

2316 1600 2442 1651 tiam
2481 1597 2769 1665 spiritalem
2816 1597 3083 1650 adhaereat
3125 1594 3333 1665 [Hier.,
3361 1594 3687 1666 adhaereant]
3717 1595 3856 1656 Deo;

2317 1687 2439 1755 quia
2458 1687 2545 1755 qui
2580 1686 2807 1739 adhaeret
2844 1685 3093 1747 Domino,
3125 1701 3257 1736 unus
3284 1684 3495 1751 spiritus
3538 1692 3610 1736 est
3646 1700 3762 1737 cunt
3799 1700 3859 1736 eo

2320 1775 2369 1846 (I
2400 1772 2519 1829 Cor.
2551 1786 2626 1837 Vl,
2656 1774 2767 1843 17).
3250 1770 3256 1776 ’

2384 1865 2723 1917 Arbitrantur
2742 1863 2883 1917 enim
2914 1862 3109 1933 [Hier.,
3139 1862 3522 1932 interpretatur
3549 1860 3748 1935 autem]
3778 1876 3863 1917 se-

2316 1954 2543 2007 cundum
2591 1950 2840 2004 Hebraeos
2902 1950 3097 2004 Paulus
3139 1950 3487 2005 admirabilis.
3549 1950 3862 2006 Timotheus

2314 2040 2601 2096 beneﬁcus.
2634 2039 2905 2092 Philemon
2934 2039 3067 2091 mire
3089 2038 3332 2103 donatus,
3359 2039 3472 2093 sive
3495 2053 3556 2093 os
3583 2040 3766 2108 panis;
3790 2040 3858 2092 ab

2315 2145 2423 2191 ore,
2448 2143 2549 2181 non
2597 2127 2663 2181 ab
2690 2143 2820 2193 osse.
2868 2127 3013 2195 Apite
3062 2125 3257 2197 [Hier.,
3297 2126 3547 2199 Apphia],
3578 2128 3860 2182 continens

2317 2225 2407 2270 aut
2432 2216 2667 2269 libertas.
2699 2215 3016 2282 Archippus,
3044 2214 3313 2283 longitudo
3339 2216 3534 2283 operis.
3559 2214 3860 2279 Onesimus,

2318 2305 2662 2372 respondens.
2691 2302 2849 2372 665
2872 2302 3166 2371 Epaphras,
3190 2302 3408 2373 frugifer
3435 2312 3489 2359 et
3516 2306 3723 2369 videns,
3748 2308 3861 2361 sive

2316 2380 2676 2452 succrescens:
2692 2395 2922 2459 Marcus,
2942 2396 3181 2449 sublimis
3210 2396 3478 2450 mandato.
3497 2396 3862 2459 Aristarchus.

2318 2501 2471 2539 mons
2517 2488 2693 2555 operis
2722 2485 3011 2554 amplioris.
3062 2486 3273 2549 Demas,
3314 2485 3496 2538 silens.
3526 2484 3721 2550 Lucas,
3752 2486 3863 2554 ipse

2318 2594 2664 2647 consurgens.
2692 2577 2822 2643 Quae
2852 2579 3087 2642 nomina,
3120 2578 3163 2631 si
3182 2578 3332 2649 juxta
3354 2592 3503 2631 suam
3550 2578 3866 2647 interpreta-

2312 2670 2515 2723 tionem
2542 2667 2805 2722 voluerint
2833 2666 3028 2739 [Hier.,
3059 2666 3353 2737 volueritis]
3395 2666 3710 2737 intelligere,
3757 2683 3860 2721 non

2319 2765 2402 2811 est
2433 2755 2663 2819 difﬁcile,
2714 2756 3100 2820 admirabilem,
3150 2754 3448 2823 beneﬁcum
3492 2756 3755 2825 praecipue
3796 2757 3861 2810 ad

2320 2860 2438 2899 eum
2456 2844 2704 2903 scribere,
2722 2843 2804 2895 cui
2828 2842 3071 2896 universa
3093 2856 3341 2896 concessa
3354 2850 3477 2896 sunt
3495 2843 3621 2895 vitia
3659 2841 3730 2913 [Γ
3732 2852 3862 2906 orte,

2322 2929 2621 3001 beneﬁcia],
2668 2936 2726 2982 ut
2766 2944 2826 2983 os
2872 2928 2985 2997 ejus
3014 2939 3192 2999 pateat
3219 2932 3286 2984 ad
3332 2931 3604 2985 caelestem
3650 2946 3861 3000 panem.

2328 3018 2523 3073 Deinde
2549 3018 2615 3073 ad
2638 3018 2976 3071 continentem
3014 3027 3067 3072 et
3090 3018 3300 3072 liberant
3329 3027 3383 3073 et
3411 3020 3478 3074 ad
3497 3019 3865 3089 longitudinem

2325 3109 2490 3176 operis
2512 3146 2527 3168 ,
2570 3106 2708 3175 quod
2744 3121 3011 3175 nunquam
3039 3122 3069 3159 a
3099 3107 3291 3160 suaequ
3332 3108 3514 3162 labore
3560 3108 3869 3166 desistimus

2326 3194 2521 3266 [Hier.,
2548 3210 2578 3248 a
2605 3202 2789 3248 sancto
2809 3193 2988 3249 labore
3014 3194 3282 3267 desistat].
3305 3195 3441 3250 Vere
3462 3203 3638 3250 autem
3670 3195 3865 3271 [Hier.,

2325 3286 2557 3339 scribere
2596 3282 2795 3355 autem]
2823 3298 2919 3352 pro
2950 3300 3036 3349 eo,
3085 3286 3175 3355 qui
3225 3286 3525 3355 respondeat
3564 3286 3869 3340 testimonio

2325 3390 2449 3437 suo;
2476 3388 2573 3427 nec
2602 3388 2704 3426 non
2734 3388 2874 3436 eum,
2897 3374 2981 3427 cui
3002 3374 3299 3442 specialiter
3324 3374 3545 3442 epistola
3571 3374 3866 3437 dedicatur,

2325 3463 2542 3518 salutari
2579 3462 2645 3515 ab
2683 3461 2924 3515 ubertate
2951 3472 3223 3515 crescente.
3252 3462 3308 3516 In
3358 3476 3445 3525 eo,
3473 3462 3562 3529 qui
3590 3459 3759 3515 factus
3785 3470 3871 3516 est

2325 3569 2420 3622 per
2447 3552 2689 3605 mndata
2716 3550 3002 3613 sublimior,
3026 3550 3216 3619 illoque
3235 3551 3325 3618 qui
3353 3565 3448 3619 per
3468 3550 3669 3618 majora
3697 3564 3861 3619 opera

2326 3643 2377 3695 in
2411 3650 2631 3694 utentem
2675 3654 2885 3709 gressus
2913 3638 3109 3709 [Hier.,
3163 3639 3215 3693 in
3245 3647 3476 3709 montem
3521 3637 3713 3709 usque]
3742 3654 3861 3692 suc-

2324 3730 2573 3791 crevcrit,
2602 3729 2669 3781 ab
2712 3742 2777 3783 eo
2825 3741 3034 3795 quoque
3087 3727 3177 3795 qui
3224 3716 3402 3794 posuit
3443 3725 3740 3779 custodiam
3783 3727 3866 3780 ori

2324 3834 2453 3879 suo,
2483 3825 2536 3869 et
2553 3817 2747 3869 ostium
2776 3815 3035 3868 munitum
3065 3814 3217 3869 labiis
3237 3814 3379 3878 suis;
3408 3813 3497 3883 qui
3536 3814 3736 3868 idcirco
3762 3812 3868 3869 for-

2325 3908 2462 3961 sitan
2493 3907 2673 3969 tacuit,
2705 3905 2827 3974 quia
2852 3906 2918 3959 ad
2944 3889 3204 3959 modicum
3235 3904 3527 3973 apostolum
3567 3904 3866 3972 derelique-

2327 4004 2427 4047 rat.
2459 3994 2524 4047 Et
2543 3994 2608 4047 ad
2631 4002 2927 4047 extremum
2948 3994 3014 4046 ab
3028 4007 3113 4055 eo,
3134 3992 3222 4061 qui
3238 4008 3335 4061 per
3352 3993 3539 4062 seipse
3561 4008 3868 4063 consurgens

2325 4086 2561 4155 quotidie
2598 4094 2855 4155 augetur,
2887 4085 3009 4137 dum
3052 4083 3394 4152 Evangelium
3438 4084 3552 4151 ejus
3583 4092 3695 4137 toto
3738 4082 3869 4137 Orbe

2327 4174 2592 4241 impletur,
2638 4180 2693 4225 et
2734 4172 2891 4225 toties
2911 4171 3123 4233 crescit,
3155 4170 3363 4239 quoties
3406 4170 3620 4224 auditur
3647 4160 3819 4241 [Hicin
3850 4208 3867 4234 ,

2327 4262 2534 4331 quoties
2555 4246 2767 4313 auditus
2791 4266 2847 4312 et
2873 4258 3039 4312 lectus
3063 4256 3333 4328 aediﬁcat].

2333 4349 2549 4419 Explicit
2565 4347 2874 4418 Explanatio
2885 4348 2939 4400 in
2955 4344 3405 4417 Epistolam'Pauli
3416 4348 3485 4401 ad
3497 4346 3870 4403 Philemonem.

916 4594 1200 4653 INCIPIT
1243 4592 1669 4653 EXPOSITIO
1715 4594 1793 4653 IN
1838 4595 2279 4657 EPISTOLAM
2321 4596 2551 4657 PAULI
2599 4594 2978 4654 APOSTOLI
3021 4594 3128 4652 AD
3168 4591 3577 4655 HEBREOS.
3612 4620 3615 4621 '

1192 4775 1413 4830 CAPUT
1448 4774 1729 4831 PRIMUM.

762 4886 920 4940 Vsus.
946 4887 995 4937 1.
1019 4914 1089 4923 -
1112 4896 1136 4923 ι
1165 4883 1451 4951 Πιιὶιὶῖαήε
1482 4896 1531 4937 et
1563 4884 1737 4938 multis
1756 4884 1919 4939 modts
1943 4887 2064 4939 olim
2089 4887 2227 4940 Deus

692 4975 902 5044 loquens
924 4972 1152 5040 patribus
1166 4971 1221 5024 in
1236 4972 1507 5039 prophetis.
1534 4972 1663 5027 Tota
1691 4972 1911 5026 intentio
1934 4973 2069 5027 beati
2090 4973 2231 5042 Apo—

693 5061 814 5116 stoli
852 5058 951 5113 fuit
990 5059 1043 5111 in
1071 5058 1172 5111 hac
1205 5056 1445 5124 epistola,
1488 5058 1754 5120 Behrzeos,
1799 5058 1849 5111 id
1885 5066 1985 5124 est,
2020 5070 2227 5129 gentem

692 5162 845 5203 suam
882 5147 949 5200 ad
986 5144 1185 5199 Christi
1229 5158 1516 5199 convocare
1560 5146 1745 5209 ﬁdem;
1788 5147 2229 5217 eminentiamqne

692 5244 897 5309 gratiae.
923 5255 1041 5309 qua
1062 5255 1157 5309 per
1182 5238 1371 5293 Filium
1404 5240 1525 5294 data
1564 5250 1663 5306 est,
1695 5256 1727 5295 a
1755 5240 2009 5311 legalibus
2033 5241 2232 5295 discer—

694 5348 821 5387 nere
843 5329 1064 5391 umbris,
1090 5343 1207 5396 qua:
1235 5327 1486 5398 angelicis
1504 5328 1976 5383 ministrationibns
2000 5326 2229 5383 fuerunt.

696 5420 899 5475 Idcirco
926 5420 1100 5489 primo
1124 5418 1299 5488 posuit
1322 5418 1605 5487 prophetas
1630 5418 1853 5472 diversis
1878 5417 2047 5471 modis
2072 5416 2237 5485 patri-

2211 5554 2235 5564 -
2341 5523 2396 5575 S.
2428 5523 2579 5575 Joan.
2610 5521 2879 5590 Chrysost.
2904 5523 2953 5575 in
2975 5521 3260 5591 Epistolam
3281 5520 3344 5573 ad
3364 5517 3878 5590 Bebrteos,0perum

2047 5591 2237 5647 ominis
2344 5602 2469 5643 tom.
2505 5591 2611 5641 XII.

970 5528 1241 5607 passimin
1267 5528 1371 5607 hoc
1396 5527 1659 5607 opusculo
1683 5530 1767 5581 his
1796 5527 1959 5607 signis
1988 5534 2009 5580 t

705 5592 874 5659 phicls
908 5613 959 5645 η
1013 5595 1347 5650 includuntur
1375 5635 1389 5661 ,
1428 5592 1700 5663 desumpta
1752 5592 1875 5649 sunt
1910 5610 1973 5648 ex

2332 4786 2431 4850 bus
2454 4796 2655 4849 locutos
2698 4811 2815 4850 esse
2861 4797 3079 4851 dicens:
3112 4794 3399 4863 Hultifarie
3423 4796 3469 4850 et
3494 4798 3675 4851 multis
3708 4796 3877 4850 modis

2337 4883 2458 4935 olim
2485 4882 2623 4935 Deus
2667 4882 2861 4935 locutus
2897 4891 2970 4934 est
3008 4881 3237 4950 pptribus
3276 4884 3461 4936 nostris
3477 4884 3533 4935 in
3572 4884 3826 4951 prophetis
3851 4898 3872 4935 :

2337 4972 2638 5041 signiﬁcans
2682 4972 2821 5025 enim
2860 4972 2997 5039 quod
3037 4971 3161 5026 alibi
3201 4973 3397 5026 dictum
3439 4980 3520 5026 est
3547 4969 3702 5041 :-Ego
3730 4972 3871 5027 enim

2334 5062 2548 5115 visiones
2578 5058 2926 5128 multiplicavi,
2960 5070 3007 5113 et
3042 5062 3095 5114 in
3130 5059 3363 5113 manibus
3399 5060 3761 5129 prophetarum
3787 5077 3874 5113 as—

2331 5147 2583 5201 sintilatus
2620 5163 2732 5199 smn
2776 5146 2940 5217 (Osee.
2983 5162 3080 5210 xu,
3117 5145 3224 5216 £0).
3260 5163 3280 5196 α
3311 5145 3538 5202 Proinde
3565 5161 3876 5203 nonsecnn-

2334 5237 2569 5291 dumhoc
2589 5235 2753 5289 solum
2775 5237 3058 5291 eminentia
3071 5235 3200 5289 Novi
3213 5233 3534 5291 Testamenti
3554 5234 3873 5313 declaratur,

2335 5325 2457 5394 quia
2490 5326 2729 5392 patribus
2770 5325 2981 5393 quidam
3026 5326 3296 5394 propheta:
3341 5325 3489 5379 missi
3538 5332 3680 5388 sunt,
3723 5322 3877 5379 nobis

2339 5423 2511 5467 autem
2536 5412 2723 5476 Filius;
2754 5414 2843 5466 sed
2869 5414 3027 5466 etiam
3066 5411 3205 5481 quod
3234 5411 3607 5481 prophetamm
3651 5410 3735 5464 vel
3782 5423 3879 5479 pa-
