4154 6224
642 246 845 361 ί

1436 270 1526 337 "n.
1561 284 1622 336 ιι.
1663 266 1888 336 Αωικῐ
1921 278 2048 335 seu
2087 254 2355 335 unum
2392 276 2671 365 ornauit
2709 266 2884 334 rans
2921 265 2982 333 n1
3018 265 3025 279 '
3108 274 3113 279 '
3202 250 3205 251 ί

3690 277 3823 331 1036

1144 375 1361 471 dictum,
1398 387 1520 457 quia
1556 401 1682 444 caro
1722 376 2075 455 communicat
2108 381 2253 444 ai-'A
2282 398 2371 471 eos
2397 360 2617 455 angelos.
2636 378 2890 439 mittendo
2914 384 3015 439 ens
3045 380 3286 438 enodare
3314 390 3453 454 quod
3473 383 3711 453 iusserit.
3752 386 3822 439 Et

646 460 1063 554 tioribusgsicut
1094 466 1155 529 et
1186 460 1445 531 divinitas.
1475 473 1757 529 humilibus
1794 472 2184 529 communicare

646 550 864 636 dignata
880 571 1014 618 est.»
1040 563 1152 617 Hoc
1175 564 1351 632 itaque
1512 562 1786 634 perspicue
1813 553 1943 615 duas
1969 570 2183 613 naturas

646 652 698 703 in
728 643 938 725 Christo
955 651 1204 705 ostendit.
1234 648 1358 706 Haec
1375 650 1507 725 vero.
1526 650 1712 705 salutis
1734 656 1925 702 nostrae
1944 647 2182 715 exempla

629 723 961 802 referamus;
991 754 1011 788 ο
1056 739 1100 793 si
1135 737 1275 793 enim
1303 723 1583 807 ipse,'cum
1608 736 1749 791 Deus
1769 740 1908 790 esset
1930 741 1985 788 et
2007 735 2184 788 Domi-

630 839 763 886 .nus,
794 823 989 897 Deique
1009 823 1193 889 Filius,
1226 839 1333 896 non
1360 808 1560 899 respuit
1586 821 1817 899 turmam
1842 820 1981 899 servi
2017 820 2183 873 susci-

627 903 797 981 -;pere,
817 886 983 972 multo
1003 886 1228 983 amplius
1246 892 1343 967 nos
1360 886 1566 981 oportet
1584 886 1772 965 cun‘cta
1790 898 2041 978 perlicere
2065 921 2182 986 quae

631 997 786 1064 ‘jussa
810 1004 933 1052 sunt
969 997 1142 1062 nobis,
1166 1006 1220 1052 ct
1246 998 1460 1053 humilia
1488 1010 1709 1064 quaeque
1740 995 1992 1049 tolerare.
2020 994 2178 1063 037

630 1084 999 1157 :ileeordemur
1017 1076 1285 1139 Christum
1314 1084 1581 1139 dicentem
1611 1099 1625 1138 :
1653 1080 1779 1137 Cum
1804 1080 2027 1149 feceritis
2064 1095 2178 1132 om-

643 1169 749 1233 nia,
787 1169 939 1223 dicite
959 1170 1082 1241 quia
1119 1168 1326 1226 inutiles
1349 1160 1478 1223 serui
1506 1168 1680 1223 “usus
1723 1168 1872 1240 (Luc.
1913 1164 2041 1230 xm,
2070 1167 2176 1237 i0).

713 1259 871 1314 Vens.
900 1260 1035 1337 6.:-
1051 1256 1119 1312 Et
1144 1274 1257 1312 cum
1279 1260 1461 1335 iterum
1484 1257 1757 1327 introducit
1792 1256 2178 1328 primogenitum

631 1348 698 1400 ria
718 1346 885 1401 orbem
904 1339 1179 1410 terrarum,
1200 1346 1322 1399 dicit
1352 1359 1371 1397 .'
1404 1343 1473 1398 Et
1512 1344 1737 1405 adorent.
1751 1359 1866 1397 eum
1893 1358 2061 1395 omnes
2085 1358 2182 1395 an-

642 1433 741 1503 geli
762 1433 880 1489 Dei.
910 1432 1104 1489 Paulus
1136 1442 1309 1489 autem
1348 1433 1622 1487 introitum
1669 1430 1865 1486 Christi
1901 1438 2054 1484 vocat
2093 1444 2180 1482 as-

636 1519 990 1591 sumptionem
1012 1520 1211 1582 carnis,
1256 1518 1321 1573 de
1351 1532 1457 1587 qua
1504 1517 1616 1586 ipse
1649 1515 1900 1570 Dominus
1925 1514 1978 1568 in
2008 1514 2179 1567 Evan-

638 1607 776 1679 gelio
802 1609 876 1666 ait
905 1624 921 1661 :
947 1606 1097 1662 Exivi
1121 1624 1154 1661 a
1180 1605 1359 1672 Patre,
1397 1614 1445 1659 et
1476 1606 1585 1660 ueni
1620 1606 1676 1659 in
1714 1603 1958 1659 mundum
1998 1601 2173 1674 (Joan.

2280 466 2538 539 ministros
2572 480 2693 526 suos
2730 474 2991 542 flammam
3032 471 3183 540 ignis.
3203 469 3471 540 Legimus
3514 475 3825 542 apparuisse

2279 564 2451 632 ignem
2491 563 2542 617 in
2577 564 2739 627 rubo;
2764 557 2994 631 legimus
3036 564 3196 618 etiam
3256 564 3472 619 missum
3508 565 3684 635 ignem
3728 565 3823 619 de-

2280 665 2439 720 super
2475 642 2528 705 et
2566 651 2811 722 implesse
2850 651 2989 719 quod
3022 660 3343 719 praceptum
3384 660 3483 706 est.
3509 652 3689 706 Potest
3714 651 3819 707 diei

2278 736 2488 805 quando
2536 737 2672 813 lenia
2731 740 2977 793 nuntiare
3025 738 3332 802 mittuntur,
3393 740 3607 809 angelos
3660 754 3816 800 esse:

2277 828 2487 895 quando
2522 829 2588 883 ad
2615 829 2897 883 vindictam
2935 830 3232 894 mittuntur,
3275 830 3545 885 ministros
3582 845 3721 895 esse,
3746 815 3820 883 -id

2278 917 2377 976 est,
2406 916 2578 985 ignem
2613 915 2905 970 ardentem.
2934 914 3069 969 Sunt
3092 918 3252 970 etiam
3290 916 3402 970 haec
3439 914 3609 970 cilicia
3636 917 3690 969 in
3718 916 3821 969 Ec-

2272 1001 2434 1055 clesia
2464 1001 2741 1070 prmsenti;
2790 1015 2912 1054 nam
2950 1000 3563 1070 prmdicatoressanct‘i,
3606 1001 3819 1069 quando

2276 1086 2567 1155 spiritualia
2591 1086 2896 1156 praedicant,
2912 1095 2967 1141 et
2985 1087 3171 1155 gaudia
3198 1088 3345 1157 regni
3363 1086 3458 1140 Dei
3477 1087 3813 1149 annuntiant,

2276 1176 2447 1246 angeli
2467 1176 2741 1241 dicuntur;
2757 1176 2967 1245 quando
2983 1190 3110 1230 vero
3129 1183 3385 1231 terrorem
3410 1176 3661 1246 gehennte
3682 1174 3814 1244 ignis

2274 1262 2585 1329 pradicant,
2624 1263 2851 1321 ministri
2888 1270 3029 1327 sunt,
3058 1269 3118 1317 ut
3144 1269 3379 1316 terreant
3404 1269 3721 1329 peccatores
3759 1262 3812 1313 in

2239 1422 2242 1425 Α
2277 1351 2679 1407 comminatione.
2707 1350 2842 1421 ignis
2864 1350 3019 1413 illius,
3035 1348 3128 1419 qui
3146 1364 3410 1419 nunquam
3429 1352 3810 1415 exstinguctur.

2277 1436 2456 1505 (Vens.
2484 1437 2561 1503 8.)
2588 1438 2665 1490 Ad
2687 1436 2734 1489 Ρ
2736 1436 2879 1489 ilium
2903 1446 3109 1490 autem:
3140 1436 3371 1489 Thronus‘
3408 1445 3544 1497 tuus,
3572 1433 3728 1494 Deus.
3756 1436 3812 1485 in

2275 1526 2516 1579 oraculum
2542 1526 2718 1580 stre-sli
2737 1539 2755 1576 :
2778 1527 2915 1595 virga
2962 1526 3215 1595 arquitatis
3248 1526 3389 1594 'rirga
3413 1523 3555 1593 regni
3591 1523 3685 1576 tui.
3716 1521 3811 1576 ilic

2277 1616 2343 1670 de
2366 1630 2431 1670 eo
2467 1615 2595 1669 dicit
2620 1616 2707 1683 qui
2732 1614 3015 1669 secundum
3046 1628 3258 1668 carnem
3285 1621 3383 1676 est,
3414 1613 3480 1667 de
3514 1626 3621 1680 quo
3651 1611 3807 1663 etiam

642 1714 752 1763 xvt,
771 1696 883 1767 28).
912 1682 1171 1753 Boc‘loco
1194 1695 1433 1751 Christus
1474 1694 1887 1750 incarnationem
1913 1706 2062 1746 suam
2089 1707 2176 1743 ex-

2248 1698 2387 1770 Lipse
2430 1682 2681 1756 Dominus
2723 1700 2776 1754 in
2816 1698 3101 1767 Evangelio
3130 1699 3204 1752 ait
3244 1717 3257 1751 :
3303 1697 3462 1751 Pater
3486 1714 3590 1751 non
3607 1698 3808 1765 judirat

639 1786 771 1839 itum
790 1792 963 1851 vocat,
978 1783 1126 1855 quod
1147 1782 1339 1837 Paulus
1355 1782 1443 1837 hic
1465 1782 1727 1837 introitum
1743 1780 1996 1835 nominat.
2022 1778 2173 1845 Qua:-

640 1875 862 1931 rendum
897 1882 983 1930 est
1023 1869 1188 1944 quare
1236 1886 1393 1926 unam
1448 1885 1561 1927 rem
1603 1862 1833 1926 diversis
1877 1869 2175 1924 nominibus

634 1962 882 2018 Christus
903 1970 959 2018 et
984 1960 1176 2015 Paulus
1200 1960 1473 2015 nominare
1498 1958 1804 2014 voluissent.
1836 1975 1855 2010 ι
1898 1957 2175 2029 Significa-

638 2053 811 2109 tiones
828 2050 1041 2123 quidem
1065 2051 1319 2107 dictorum
1335 2050 1626 2106 manifesta:
1647 2059 1790 2116 sunt,
1811 2059 1867 2106 et
1886 2049 2171 2105 secundum

637 2140 764 2211 quid
797 2140 1106 2194 alterutrum
1149 2137 1651 2211 dicatur,apparet;
1682 2135 1929 2192 Christus
1963 2136 2175 2205 quidem

640 2226 829 2283 merito
853 2227 1052 2282 exitum
1078 2232 1265 2280 vocat:
1294 2222 1426 2278 foris
1446 2224 1589 2279 enim
1622 2236 1836 2277 eramus
1861 2236 1892 2275 a
1919 2221 2045 2284 Deo.
2074 2224 2179 2297 sic-~

636 2329 696 2374 ut
720 2320 810 2389 qui
832 2326 954 2374 sunt
979 2325 1130 2372 extra
1156 2313 1358 2387 regales
1381 2313 1531 2369 aulas
1568 2312 1620 2366 in
1665 2310 1885 2366 vinculis
1923 2310 2172 2379 colligati,

636 2417 691 2462 et
728 2407 819 2477 qui
853 2405 1048 2461 habent
1071 2405 1206 2475 apud
1237 2419 1409 2473 regem
1447 2417 1544 2473 pro
1578 2398 2041 2470 culpis'otl‘ensam.
2068 2398 2203 2468 ilu-g

2269 1800 2609 1861 quemquam,
2632 1788 2720 1842 sed
2745 1802 2892 1841 omne
2908 1785 3162 1855 judicium
3188 1784 3325 1837 dedit
3368 1782 3525 1847 Filio,
3555 1793 3612 1836 ut
3639 1797 3808 1835 omnes

2269 1877 2603 1945 honoriﬁcent
2634 1873 2824 1928 Filium
2869 1873 3045 1944 (Joan.
3096 1888 3151 1935 ν,
3197 1870 3305 1941 22).
3344 1871 3410 1924 Et
3452 1870 3610 1938 paulo
3649 1879 3803 1938 post;

2271 1963 2579 2017 Potestatem
2606 1961 2746 2015 dedit
2770 1961 2818 2013 ei
2851 1960 3106 2029 judicium
3146 1959 3333 2024 facere,
3363 1956 3483 2026 quia
3512 1955 3679 2009 Filius
3716 1957 3807 2007 lto-

2269 2052 2420 2105 minis
2444 2060 2517 2104 est
2546 2049 2722 2121 (Joan.
2750 2064 2803 2114 v,
2834 2048 2943 2119 ετ).
2976 2047 3071 2101 ilic
3096 2048 3237 2100 enim
3274 2046 3495 2099 thronus
3525 2045 3615 2098 Dei
3650 2046 3713 2097 ad
3728 2044 3806 2110 ju-

2268 2139 2461 2194 dicium
2488 2139 2714 2207 pertinet
2735 2136 2989 2203 futurum,
3020 2137 3071 2190 in
3112 2150 3217 2203 quo
3241 2134 3407 2188 forma
3447 2134 3583 2188 servi
3615 2134 3806 2185 videhi-

2270 2234 2387 2291 tur,
2426 2226 2585 2295 judes
2637 2227 2875 2281 vivorum
2917 2232 3373 2287 et'mortuorum;
3404 2232 3459 2276 et
3491 2236 3592 2290 quo
3614 2220 3806 2288 judicio

2268 2315 2445 2370 omnia
2463 2314 2722 2368 veraciter
2742 2311 2981 2367 Christus
3008 2311 3330 2374 moderatur,
3355 2311 3623 2364 examinat
3648 2317 3806 2377 atque

2270 2403 2536 2471 diiudicat.
2569 2402 2636 2456 In
2660 2402 2903 2456 statutum
2927 2401 3123 2464 siccati,
3169 2401 3264 2465 ait,
3305 2401 3429 2468 quia
3465 2399 3805 2453 novissimum

637 2492 1127 2563 justnodiquippea
1150 2492 1315 2564 regali
1351 2489 1471 2547 aula
1499 2489 1636 2568 foris,
1652 2488 1852 2544 exclusi
1885 2496 2042 2552 sunt;
2084 2487 2198 2568 qui,
2260 2490 2517 2559 judicium
2562 2492 2699 2544 inter
2738 2491 2902 2544 bonos
2944 2498 2997 2544 et
3044 2490 3208 2544 malos
3250 2498 3445 2544 acterna
3491 2489 3806 2543 discretione

639 2580 781 2636 enim
804 2578 1032 2635 voluerit
1073 2578 1191 2634 istis
1220 2578 1426 2632 veniam
1454 2566 1752 2646 impetrare,
1797 2590 1903 2629 non
1945 2576 2173 2645 primum

637 2671 780 2740 ipsos
801 2667 857 2722 in
873 2666 1046 2722 aulam
1069 2667 1211 2736 regis
1233 2655 1453 2730 inducit,
1472 2665 1566 2721 sed
1587 2666 1699 2733 ipse
1724 2662 1868 2717 foras
1886 2664 2171 2734 egreditur,

643 2756 819 2827 ibique
843 2767 961 2808 cum
979 2752 1058 2808 eis
1082 2752 1389 2821 commiscet
1408 2749 1862 2807 sermocinationis
1887 2750 2171 2818 negotium,

644 2858 810 2913 usque
855 2842 978 2897 dum
1019 2855 1113 2896 eos
1153 2848 1421 2897 correctos
1454 2838 1654 2902 reddat,
1684 2845 1739 2893 et
1779 2838 1963 2907 dignos
1985 2835 2176 2890 etiiciat

2232 2642 2233 2645 η
2272 2581 2451 2644 stabit,
2481 2594 2543 2633 eo
2568 2580 2678 2648 ipso
2706 2586 2932 2632 testante
2960 2578 3012 2629 in
3040 2576 3341 2660 Evangelia,
3364 2577 3452 2644 qui
3476 2574 3806 2644 indicaturus
3865 2619 3869 2623 .

2270 2676 2391 2724 est:
2423 2666 2563 2720 Tunc
2588 2668 2732 2721 ibunt
2752 2668 2802 2720 Ιιὲ
2830 2667 2881 2719 in
2908 2666 3067 2734 ignem
3093 2654 3359 2728 (etei-num,
3384 2664 3519 2733 justi
3557 2672 3721 2717 autem
3752 2663 3803 2714 in

2273 2756 2423 2809 vitam
2477 2765 2719 2808 cateruam
2771 2752 2977 2820 (Matth.
3028 2754 3169 2817 xxv,
3201 2746 3311 2821 ιϐ).
3356 2751 3507 2820 Virga
3555 2751 3805 2819 tequitatis
3880 2772 3883 2775 ν

2274 2845 2411 2914 virga
2441 2844 2580 2913 regni
2607 2843 2699 2896 tui.
2732 2843 2941 2912 Virgam
2974 2855 3097 2895 vero
3121 2840 3352 2910 regulam
3395 2841 3586 2893 divina:
3611 2838 3805 2908 signiti-

637 2944 745 2998 quo
774 2930 914 2999 regis
939 2929 1101 2983 vultui
1132 2927 1496 2997 κρῖ-περιτιθτί
1538 2932 1859 2980 mercantur.
1899 2922 1990 2979 Sic
2014 2925 2175 2978 etiam
2202 2989 2245 3004 _
2274 2940 2361 2985 cat
2385 2932 2675 2999 :cqnitatis;
2702 2945 2818 3004 qum
2841 2931 3098 2982 veraciter
3124 2935 3265 2982 recta
3292 2929 3504 2993 dicitur,
3525 2928 3647 2997 quia
3668 2927 3801 3004 nulla

632 2989 885 3078 Christds
914 3021 1089 3076 ellicit.
1134 2989 1387 3091 Egressus
1427 3018 1619 3087 quippe
1662 3018 1726 3070 ad
1765 3031 1881 3081 nos,
1927 3017 2028 3072 hoc
2073 3025 2174 3079 est,
2199 2989 2246 3051 ο
2276 2989 2532 3087 pravitate
2574 2989 2842 3073 curvatur.
2877 3016 3033 3086 Virga
3073 3017 3172 3070 ista
3210 3015 3379 3084 iustos
3428 2989 3584 3085 regii,
3622 3002 3805 3083 impios

627 3122 851 3163 carnem
889 3122 1121 3171 sumens,
1169 3114 1221 3160 et
1260 3105 1549 3161 collocutus
1594 3104 1867 3158 nobiscum
1911 3112 2175 3172 prtecepta

632 3196 780 3269 regis
821 3197 1067 3261 innotuit,
1104 3204 1158 3249 et
1191 3195 1269 3249 sic
1308 3207 1406 3249 nos
1446 3206 1477 3247 a
1501 3192 1749 3270 peccatis
1783 3193 2092 3270 emundans,
2126 3200 2178 3245 et

643 3266 722 3340 adv
733 3285 896 3339 Deum
936 3290 1247 3338 convertens
1272 3283 1327 3335 in
1351 3267 1524 3335 aulam
1558 3279 1786 3349 regalem
1812 3266 1955 3333 velut
1982 3278 2181 3332 media-

647 3386 731 3429 tor
767 3374 1003 3443 Optimus
1037 3371 1372 3426 introdueens
1405 3366 1633 3441 [Chrys,,
1676 3365 2006 3438 introduxit].
2052 3365 2180 3419 Pro-

638 3472 831 3532 pterea
858 3464 1018 3533 igitur
1035 3460 1234 3517 exitum
1260 3466 1413 3516 vocat
1438 3472 1547 3513 sua:
1585 3443 1962 3512 incarnationis
1986 3456 2179 3509 adven-

647 3562 776 3604 tum.
806 3549 999 3605 Paulus
1012 3556 1187 3602 autem
1206 3547 1476 3601 introitum
1502 3545 1759 3608 nominat,
1787 3560 1851 3598 ex
1874 3545 2176 3612 metaphora

645 3638 1081 3700 btereditantium,
1108 3643 1162 3691 et
1200 3633 1290 3703 jus
1332 3632 1631 3689 dominandi
1668 3633 1722 3686 in
1766 3632 1939 3701 aliqua
1972 3646 2180 3700 posses-

634 3729 789 3783 sione
823 3724 1172 3788 sumentium;
1208 3722 1430 3778 dicendo
1455 3721 1597 3774 enim
1628 3736 1642 3771 :
1679 3719 1874 3773 Iterum
1901 3718 2178 3780 introducit

640 3814 1028 3887 primogenitum
1050 3814 1103 3867 in
1126 3812 1294 3866 orbem
1318 3821 1589 3875 terrarum,
1626 3810 1724 3865 hoc
1747 3810 2028 3879 significat,
2057 3826 2176 3864 cum

630 3904 689 3958 ei
711 3903 991 3959 committit
1012 3900 1194 3955 orbem
1216 3907 1498 3964 terrarum.
1540 3897 1686 3952 Tunc
1724 3900 1865 3950 enim
1904 3904 2068 3951 totum
2092 3912 2179 3951 or-

638 3991 765 4047 bem
785 3989 1034 4060 possedit,
1053 4000 1176 4042 cum
1203 3986 1272 4039 ab
1294 3982 1554 4038 universis
1576 3990 1659 4038 est
1678 3983 1938 4054 agnitus.»
1970 3982 2032 4035 Et
2054 3984 2177 4038 ado-

646 4087 757 4131 rent
787 4091 901 4129 eum
927 4089 1097 4139 omnes
1122 4070 1288 4141 angeli
1323 4070 1439 4125 Dei.
1473 4069 1554 4124 Ad
1592 4071 1780 4127 altiora
1815 4073 2052 4142 quaedam
2073 4072 2179 4129 ele-

646 4180 775 4219 vans
804 4171 1030 4218 mentem
1057 4169 1312 4227 nostram,
1336 4167 1398 4215 ut
1440 4160 1669 4216 sciamus
1717 4160 1862 4216 illum
1896 4161 1985 4230 qui
2016 4177 2177 4218 carne

648 4252 859 4305 indutus
880 4256 1041 4305 estet
1070 4263 1258 4317 passus
1295 4256 1377 4303 est
1416 4263 1513 4317 pro
1537 4249 1705 4312 nobis,
1732 4250 1799 4303 ab
1827 4248 2024 4320 angelis
2050 4251 2176 4305 ado-

639 4348 837 4393 ratum.
892 4336 961 4393 Ut
1000 4338 1321 4392 discerneret
1361 4345 1535 4391 autem
1584 4338 1911 4407 maiestatem
1953 4339 2071 4392 Filii
2108 4340 2175 4393 ab

646 4427 949 4495 angelorum
991 4425 1410 4489 ministratione,
1464 4439 1587 4478 mox
1639 4433 1848 4478 secutus
1896 4425 2174 4491 adiunxit:

647 4512 830 4581 (Vsus.
852 4511 906 4581 ’1)
936 4510 1035 4576 Qui
1063 4511 1185 4579 facit
1222 4510 1426 4579 angelos
1453 4524 1572 4563 suos
1598 4511 1825 4578 spiritus,
1846 4518 1893 4562 et
1920 4511 2176 4563 ministros

643 4615 765 4652 suos
789 4600 1047 4667 ﬂammam
1076 4598 1225 4670 ignis.
1258 4613 1277 4646 ε
1308 4582 1422 4649 lion
1460 4597 1603 4648 enim
1658 4595 1797 4648 solos
1830 4596 2041 4663 angelos
2078 4597 2176 4653 hoc

646 4703 886 4744 sermone
928 4687 1214 4756 signiﬁcat,
1264 4686 1355 4739 sed
1401 4700 1584 4739 omnes
1625 4685 1847 4738 virtutes
1888 4686 2175 4740 ministeria

646 4789 871 4843 superna
893 4771 1188 4842 iungentes.
1224 4791 1242 4824 ι
1271 4770 1550 4826 Sciendum
1577 4786 1703 4825 vero
1730 4780 1814 4825 est
1846 4774 1985 4839 quod
2007 4773 2177 4842 angeli

648 4880 836 4918 nomen
857 4872 939 4918 est
957 4863 1132 4923 oﬂicii,
1159 4877 1260 4914 non
1288 4870 1503 4923 naturae,
1530 4860 1618 4927 qui
1642 4860 1800 4913 etiam
1826 4872 2031 4927 semper
2055 4867 2178 4912 sunt

648 4952 894 5019 spiritus,
946 4949 1039 5003 sed
1085 4964 1191 5001 non
1242 4954 1450 5013 semper
1500 4945 1668 5013 angeli
1710 4948 1889 5000 vocari
1914 4954 2174 5011 "possunt.

652 5038 853 5105 Quaeris
894 5036 1049 5103 hujus
1098 5043 1297 5089 naturte
1339 5033 1561 5087 nomen?
1602 5033 1827 5102 Spiritus
1853 5041 1951 5087 est.
1979 5030 2180 5099 Quaeris

640 5123 837 5179 cilicii?
865 5122 1077 5191 angelus
1104 5129 1201 5175 est.
1231 5120 1308 5173 Ex
1330 5135 1394 5175 eo
1418 5120 1555 5189 quod
1592 5129 1692 5183 est,
1723 5121 1937 5188 spiritus
1969 5130 2051 5174 est
2074 5138 2087 5173 :
2113 5136 2176 5175 ex

648 5227 713 5263 eo
732 5208 871 5277 quod
892 5206 1037 5262 audit
1054 5204 1251 5276 [Forte,
1286 5206 1436 5279 agit],
1466 5206 1679 5276 angelus
1711 5215 1823 5272 est;
1856 5209 1977 5275 quia
2023 5221 2180 5276 ange-

648 5296 731 5347 lus
766 5294 965 5357 Graece,
994 5292 1180 5347 Latine
1220 5295 1434 5348 nuntius
1461 5296 1687 5350 dicitur:
1727 5296 1863 5349 sicut
1894 5296 2047 5349 homo
2086 5311 2179 5349 no-

652 5395 772 5434 men
807 5388 887 5435 est
912 5390 1133 5445 natus-te,
1160 5380 1311 5435 miles
1337 5395 1461 5435 vero
1486 5398 1673 5437 nomen
1715 5384 1891 5438 oﬂlcii.
1924 5384 2010 5438 Sic
2037 5385 2176 5437 enim

656 5466 917 5533 quierant
944 5465 1055 5535 jam
1090 5468 1304 5536 spiritus
1324 5469 1518 5522 conditi
1551 5484 1581 5522 a
1619 5478 1858 5526 creatore
1901 5470 2028 5535 Deo,
2055 5471 2180 5525 facit

2274 3107 2529 3174 percutit;
2561 3106 2651 3160 sed
2677 3106 2789 3159 hmc
2806 3105 2951 3173 virga
2972 3103 3221 3158 fortitudo
3238 3112 3321 3157 est
3344 3105 3559 3165 invicta,
3586 3105 3803 3171 :eqnitas

2277 3194 2590 3257 rectissima,
2635 3191 2930 3246 inﬂexibilis
2973 3191 3263 3259 discip1ina.
3312 3188 3442 3245 Hmc
3478 3192 3618 3246 enim
3659 3192 3801 3260 virga

2279 3284 2405 3353 regii
2432 3282 2646 3338 honoris
2666 3283 2888 3351 insigne,
2915 3289 3177 3349 sceptrum
3202 3280 3473 3334 dicebatur
3494 3281 3799 3349 antiquitus,

2277 3374 2553 3442 designans
2591 3372 2644 3426 in
2688 3372 2850 3441 668
2892 3386 2953 3426 ea
2998 3372 3249 3424 virtutum
3291 3383 3488 3437 regem,
3531 3369 3799 3429 Dominum

2277 3464 2620 3519 Salvatorem.
2642 3462 2818 3530 (Vsus.
2846 3458 2922 3535 9..)
2945 3457 3181 3512 Dilexisti
3196 3458 3452 3526 justitiam
3465 3467 3512 3511 et
3534 3457 3681 3511 odisti
3700 3458 3797 3510 ini-

2271 3556 2532 3625 quitatem.
2560 3552 2675 3622 lpsa
2713 3562 2793 3607 est
2817 3551 2963 3619 virga
2998 3555 3163 3613 recta,
3212 3563 3392 3603 amare
3428 3547 3724 3616 mquitatem
3750 3554 3801 3598 et

2272 3647 2444 3700 odisse
2486 3644 2788 3711 nequitiam.
2820 3639 2985 3694 Nemo
3013 3638 3154 3691 enim
3193 3635 3621 3709 periecte‘dillgit
3649 3635 3799 3703 justi-

2273 3734 2423 3795 tiam,
2463 3710 2690 3798 nisiiqui
2729 3736 2782 3783 et
2817 3736 2964 3781 actus
2986 3726 3241 3794 pessimos
3270 3710 3797 3790 abominatum-quia

2271 3818 2465 3871 veritas
2503 3830 2671 3878 amor,
2717 3814 2894 3867 odium
2927 3820 3008 3867 est
3036 3811 3253 3866 falsitas.
3292 3810 3393 3865 Sed
3432 3811 3555 3866 huic
3580 3810 3798 3864 amatori

2272 3903 2522 3957 bonitatis
2547 3910 2600 3956 et
2624 3900 2744 3955 odio
2787 3900 3098 3968 iniquitatis,
3142 3913 3258 3967 quac
3297 3898 3513 3966 praemia
3549 3899 3654 3951 sint
3681 3897 3797 3950 red-

2274 3993 2402 4057 dita,
2444 3992 2623 4045 subter
2678 3989 2913 4058 exponit,
2959 3987 3139 4042 dicens
3178 4004 3192 4039 :
3243 3984 3514 4054 Propterea
3564 3985 3705 4037 unxit
3752 3994 3800 4035 te

2274 4079 2431 4143 Deus,
2460 4077 2594 4131 Deus
2624 4086 2760 4131 tuus.
2793 4075 2993 4130 Unctus
3035 4073 3276 4128 Christus
3303 4081 3357 4126 et
3384 4087 3558 4142 regem
3605 4071 3797 4143 signiti-

2272 4175 2359 4221 cat
2384 4175 2439 4221 et
2461 4166 2807 4227 sacerdotem,
2846 4161 2971 4231 quia
3000 4162 3278 4231 dignitates
3322 4162 3436 4216 ista:
3464 4165 3798 4217 sumebantur

2275 4270 2368 4321 per
2393 4245 2776 4308 sacra'tissimas
2811 4250 3100 4304 unctiones.
3146 4249 3278 4303 Nam
3322 4261 3377 4305 et
3407 4252 3576 4319 ipsum
3612 4266 3797 4304 nomen

2275 4340 2468 4395 Christi
2495 4354 2525 4392 a
2550 4348 2732 4395 sancto
2764 4338 3048 4393 chrismate
3082 4346 3320 4391 vocatur.
3364 4337 3467 4391 Sed
3511 4339 3563 4391 in
3590 4338 3675 4390 illa
3708 4353 3795 4389 na-

2276 4438 2396 4483 tura
2424 4436 2610 4483 unctus
2654 4428 2867 4492 dicitur,
2905 4442 3007 4495 qua
3046 4426 3431 4492 dispensatione
3466 4433 3519 4478 et
3559 4435 3710 4479 natus
3748 4435 3798 4478 et

2276 4524 2533 4581 mortuus,
2558 4525 2613 4569 et
2637 4514 2986 4569 resurrexisse
3014 4512 3274 4566 veraciter
3299 4512 3490 4566 dicitur
3528 4512 3792 4576 Christus;

2275 4612 2522 4659 caeterum
2562 4600 2728 4654 deitas
2751 4598 2863 4664 ejus
2892 4598 3032 4651 nullo
3050 4613 3288 4663 munere,
3319 4600 3464 4654 nullo
3502 4602 3697 4655 honore
3721 4601 3798 4653 in-

2276 4688 2442 4755 diguit
2486 4684 2739 4753 adjuvari.
2769 4686 3028 4754 Repetitio
3074 4694 3248 4739 autem
3292 4687 3417 4750 ista,
3460 4689 3600 4755 quod
3635 4688 3795 4742 dicit:

2274 4774 2427 4836 Deus,
2457 4771 2614 4833 Deus,
2642 4772 2959 4838 prmeonium
2988 4786 3189 4838 magna:
3234 4772 3516 4827 lileetionis
3550 4775 3793 4828 ostendit.

2276 4859 2396 4913 Dleo
2418 4858 2769 4912 exsultationis
2792 4873 2897 4927 pra
2917 4859 3242 4927 participibus
3278 4861 3400 4916 tuis.
3425 4859 3625 4927 Duplici
3647 4861 3797 4915 modo

2274 4950 2570 5003 unctionem
2589 4946 2729 4999 illam
2751 4953 2982 4999 sanctam
3005 4947 3303 5014 provenisse
3322 4946 3601 5015 signiticet.
3618 4947 3797 5004 Oleum

2273 5036 2464 5091 lmtitite
2482 5042 2562 5088 est
2580 5032 2779 5100 peccati
2802 5033 3053 5086 maculam
3086 5049 3187 5086 non
3214 5034 3431 5099 habere,
3448 5032 3585 5089 unde
3600 5050 3656 5090 se
3681 5052 3798 5091 con-

2272 5122 2489 5178 scientia
2511 5135 2719 5189 semper
2743 5121 3020 5183 exhilarat,
3037 5121 3242 5189 quando
3268 5122 3406 5175 nulla
3427 5124 3798 5178 recordationis

2274 5211 2555 5277 asperitate
2593 5210 2878 5262 mordetur.
2922 5206 3041 5260 Prae
3086 5210 3411 5278 participibus
3434 5214 3557 5265 tuis.
3594 5209 3650 5263 in
3681 5207 3800 5261 ﬁliis

2274 5297 2561 5358 hominum,
2589 5297 2714 5350 dicit
2733 5310 2864 5363 quos
2890 5303 2942 5348 et
2968 5294 3146 5361 ipsein
3168 5296 3448 5365 Evangelia
3485 5296 3675 5352 fratres
3710 5292 3801 5366 ap-

2271 5382 2447 5451 pellat.
2477 5382 2598 5438 ideo
2622 5390 2799 5436 autem
2830 5382 3026 5437 dictum
3054 5392 3155 5448 est,
3172 5400 3280 5453 pra
3313 5384 3641 5453 participibus
3677 5384 3797 5444 tuis,

2274 5472 2519 5537 quoniam
2552 5466 2688 5523 hanc
2709 5467 3122 5525 benedictionem
3147 5484 3306 5539 supra
3330 5486 3486 5527 omne
3515 5472 3798 5528 humanum
