4262 6246
400 382 536 438 1037

1083 383 1482 439 EXEGETKIA.
1521 357 1844 436 —EXPOS.-
1871 383 1933 436 l.\'
1973 381 2181 436 EPIST.
2225 382 2280 435 S.
2323 380 2518 435 PACLI
2557 380 2646 433 AD
2684 379 2878 432 IIEDD.

3437 374 3568 425 [07:3

396 507 581 562 genus,
611 491 718 545 sive
762 465 930 562 reges,
973 494 1081 560 sive
1127 495 1427 547 sacerdotes
1470 493 1521 545 in
1548 493 1723 546 Veteri
1751 491 1932 544 Testa—
1957 502 2004 556 Α
2031 491 2250 553 dendos,
2277 488 2365 557 qui
2393 489 2626 556 quotidie
2652 488 2896 540 vitiorum
2925 475 3296 535 contrarletate
3323 481 3571 534 derelicta
3634 537 3639 542 ,

397 589 604 645 mento;
645 583 756 636 sive
798 585 957 636 etiam
1001 585 1264 652 apostolos
1295 592 1350 638 et
1398 593 1656 652 martyres
1701 583 1753 636 in
1789 581 1933 635 Novo

2032 584 2368 631 revertuntur
2389 575 2454 628 ad
2478 573 2776 636 Dominum,
2803 580 2857 626 et
2882 579 3126 638 tanquam
3169 567 3451 621 scabellum
3483 583 3574 636 pe-

397 671 733 739 eognoscitur
755 673 1039 740 accepisse,
1065 680 1122 725 ut
1144 682 1332 725 unctus
1358 671 1696 741 singulariter
1716 681 1936 726 emtor-os
2030 664 2206 727 dibus,
2459 663 2531 714 ita
2577 660 2693 727 ejus
2735 657 3190 734 przedicationibus
3232 655 3567 709 inclinantur.

398 771 596 826 ungere
628 758 908 812 debuisset.
942 759 997 812 ln
1020 759 1108 812 illo
1126 760 1266 812 enim
1296 757 1413 812 fons
1433 766 1516 812 est
1536 745 1935 821 benedictionis,

397 842 556 913 prout
590 842 690 912 ipsi
711 845 878 898 visum
904 845 1082 908 fuerit,
1112 859 1205 914 per
1245 846 1518 920 universos
1558 845 1754 900 electos
1795 861 1938 898 eom—

399 941 642 999 petenter
659 943 890 987 emanat.
929 933 1033 986 Sed
1059 933 1171 986 haec
1204 933 1379 987 omnia
1414 934 1560 987 carni
1600 933 1936 994 conveniunt,

399 1020 484 1073 cui
517 1019 957 1088 perfectissimum
999 1031 1053 1075 et
1087 1022 1521 1088 gloriosissimum
1559 1019 1789 1077 Verbum
1827 1021 1942 1072 uni-

403 1116 514 1159 tum
544 1116 630 1162 cst
647 1123 745 1177 pro
780 1109 948 1164 salute
981 1119 1302 1164 sanctorum.
1334 1107 1446 1165 Hoc
1472 1119 1782 1179 unguentum
1816 1108 1942 1162 dici-

402 1206 490 1248 tur
521 1196 574 1248 in
611 1197 718 1250 alio
760 1196 963 1265 psalmo
1001 1197 1318 1250 descendisse
1355 1197 1410 1250 in
1456 1197 1687 1258 barbam,
1733 1196 1942 1247 barbam

401 1284 598 1347 Aaron,
622 1299 781 1353 usque
803 1285 856 1336 in
874 1299 966 1336 ora
986 1283 1266 1336 vestimenti
1301 1284 1410 1351 ejus
1438 1283 1606 1350 (Psal.
1628 1297 1804 1336 cxxxn
1827 1321 1842 1344 ,
1863 1281 1941 1349 Ξ).

403 1369 466 1422 Et
493 1369 650 1438 paulo
675 1379 792 1438 post
809 1388 832 1422 .:
869 1369 1124 1435 Quoniam
1148 1370 1252 1424 illic
1280 1365 1536 1422 mandarit
1577 1369 1825 1422 Dominus
1864 1370 1946 1422 be-

404 1454 739 1508 nedictionem
782 1464 830 1509 et
858 1456 1013 1508 vitam
1049 1471 1207 1525 usque
1241 1457 1294 1508 in
1324 1455 1567 1508 scculum
1598 1449 1790 1509 sti-culi.
1823 1455 1946 1508 Post

407 1544 754 1599 humanitatis
793 1545 956 1614 igitur
990 1543 1376 1607 excellentiam,
1425 1544 1616 1596 iterum
1647 1545 1712 1598 ad
1738 1545 1948 1597 aeterni-

403 1639 566 1685 tatem
615 1631 802 1685 divinae
840 1630 1084 1701 [natura]
1115 1631 1166 1684 in
1209 1630 1395 1684 eodem
1428 1629 1562 1683 Filio
1601 1630 1690 1684 Dei
1731 1645 1948 1684 conver-
1983 1699 1986 1702 ῃ

403 1720 469 1772 tit
495 1735 552 1774 se
589 1719 876 1788 apostolus,
906 1720 1206 1774 testimonio
1249 1719 1465 1772 alterius
1509 1718 1695 1788 psalmi
1741 1718 1944 1781 dicere;

2035 752 2161 806 Sine
2181 740 2427 805 dubiode
2453 749 2554 804 illis
2593 749 2819 802 inimicis
2857 747 3066 808 dicitur,
3108 745 3199 814 qui
3225 743 3467 799 conversi
3509 743 3576 797 ad

2034 841 2307 896 dexteram
2329 839 2670 894 collocantur.
2699 837 2813 892 Non
2838 837 2924 892 hic
2947 837 3270 900 adverbium,
3291 852 3578 904 quousque,

2035 921 2257 994 alicujus
2280 927 2532 996 temporis
2556 925 2714 981 ﬁnem
2740 925 2997 994 designat,
3026 923 3116 979 sed
3151 925 3463 978 eternitatis
3487 937 3579 990 po-

2037 1018 2258 1070 tentiam
2295 1017 2641 1071 demonstrat.
2671 1014 2853 1086 (γεω.
2895 1011 3003 1083 Η.)
3031 1011 3214 1065 Nonne
3253 1027 3424 1064 omnes
3461 1020 3578 1063 sunt

2038 1102 2466 1156 administratorii
2487 1103 2716 1171 spiritus,
2738 1101 2789 1153 in
2807 1101 3085 1155 ministerio
3105 1103 3246 1155 missi
3268 1110 3474 1171 propter
3494 1117 3586 1155 eos

2037 1192 2127 1260 qui
2147 1190 2492 1245 hereditatem
2513 1192 2718 1262 capiunt
2733 1187 2916 1243 salutis
2930 1189 2956 1242 7
2973 1207 2991 1239 ι
3011 1188 3362 1254 Quidmiraris
3379 1189 3424 1242 si
3448 1187 3582 1241 Filio

2040 1293 2135 1332 suo
2154 1279 2504 1332 ministerium
2528 1277 2776 1331 exhibent
2804 1278 2996 1344 angeli,
3031 1291 3151 1330 cum
3188 1277 3349 1330 etiam
3389 1285 3583 1330 nostra:

2041 1365 2226 1418 salutis
2247 1365 2516 1418 ministros
2535 1379 2627 1418 eos
2652 1373 2856 1419 constet
2878 1364 3092 1420 effectos
3106 1365 3156 1418 ἲ»
3176 1365 3375 1420 Montes
3399 1379 3583 1419 eorum

2043 1452 2106 1504 ad
2135 1466 2268 1519 quos
2302 1450 2533 1520 loquitur
2558 1451 2832 1506 sublevare
2879 1453 3078 1514 volens,
3110 1453 3239 1506 dicit
3280 1453 3583 1521 angelorum

2043 1538 2338 1593 functiones
2359 1541 2598 1594 humanae
2635 1539 2818 1594 salutis
2845 1555 3004 1595 causa
3047 1556 3077 1594 a
3114 1541 3336 1596 Domino
3358 1542 3587 1596 directas

2042 1642 2197 1681 esse:
2238 1627 2403 1682 Filius
2445 1643 2572 1682 vero
2621 1627 2756 1683 sicut
2799 1628 3050 1682 Dominus
3087 1629 3285 1691 salvat;
3325 1630 3412 1684 isti
3458 1644 3587 1683 vero

2045 1717 2181 1771 sicut
2199 1719 2337 1772 servi
2359 1717 2514 1770 saluti
2533 1716 3023 1787 pmdestinatorum
3048 1718 3366 1772 deserviunt.
3386 1737 3404 1769 ι
3429 1715 3591 1786 Cuqu

405 1810 481 1862 ait
502 1809 642 1863 enim
673 1827 685 1860 :
718 1807 898 1879 (Vsus.
938 1809 1020 1879 l0)
1046 1807 1110 1860 Et
1134 1819 1211 1871 tu,
1240 1808 1472 1871 Domine,
1501 1811 1553 1862 in
1577 1809 1822 1876 principio
1849 1819 1946 1860 ter-
1980 1793 2019 1848 Β
2048 1809 2122 1860 rei
2152 1807 2288 1875 pleni
2318 1815 2441 1860 sunt
2475 1806 2682 1861 Veteris
2706 1805 3027 1860 Testamenti
3066 1816 3121 1859 et
3145 1805 3275 1860 Novi
3300 1806 3494 1875 ubique
3527 1806 3590 1857 li-

405 1912 518 1949 ram
541 1895 793 1966 fundasti,
844 1905 893 1948 et
930 1911 1082 1964 Opera
1120 1911 1364 1948 manuum
1404 1905 1609 1946 tuarum
1652 1903 1769 1946 sunt
1814 1894 1942 1946 mli.

406 1980 538 2035 Cum
559 1981 685 2036 dicit
713 2000 725 2034 :
759 1981 821 2033 In
855 1981 1100 2051 principio
1125 1991 1314 2034 terram
1341 1991 1396 2034 tu
1421 1979 1672 2046 fundasti,
1710 1979 1945 2040 Domine,

407 2067 637 2122 ostendit
663 2067 800 2136 quod
831 2085 858 2121 a
891 2069 1033 2122 sanis
1065 2068 1325 2121 mentibus
1350 2083 1453 2122 non
1478 2075 1651 2136 potest
1674 2065 1946 2134 abnegari,

408 2157 529 2224 quia
559 2166 766 2211 creator
793 2165 914 2209 ante
945 2165 1217 2209 creaturas
1243 2170 1386 2218 suas,
1416 2156 1529 2208 sine
1573 2155 1748 2222 aliquo
1777 2154 1946 2216 initio,

408 2244 745 2312 cognoscitur
761 2238 1046 2297 exstitisse.
1076 2239 1141 2295 Et
1158 2243 1310 2311 opera
1334 2258 1576 2294 manuum
1599 2251 1802 2295 tuarum
1829 2252 1948 2296 sunt

410 2339 541 2387 casti.
568 2333 664 2387 llic
684 2349 889 2384 manum
915 2334 1161 2386 virtutem
1185 2331 1440 2398 jussionis
1466 2331 1554 2384 Dei
1587 2331 1837 2385 debemus
1863 2346 1949 2384 ac-

409 2423 607 2490 cipere.
646 2420 763 2475 Alio
789 2420 928 2474 enim
969 2421 1082 2474 loco
1125 2419 1352 2473 dicitur:
1385 2419 1640 2484 Quoniam
1669 2421 1772 2488 ipse
1797 2419 1949 2482 dixit,

410 2519 460 2562 et
486 2509 626 2576 facta
652 2517 803 2572 sunt;
825 2510 929 2577 ipse
949 2509 1226 2572 mandavit,
1253 2517 1300 2561 et
1319 2518 1490 2560 creata
1512 2518 1649 2560 sunt.

482 2597 640 2651 Vens.
685 2597 863 2648 ii.—
898 2595 1006 2664 Ipsi
1053 2597 1308 2664 peribunt,
1357 2604 1412 2647 tu
1453 2602 1624 2647 autem
1667 2611 1948 2663 permanes.

413 2682 638 2735 Pereunt
657 2681 798 2734 enim
825 2680 892 2733 ab
924 2695 988 2735 eo
1015 2682 1152 2747 quod
1181 2689 1324 2743 sunt,
1363 2681 1484 2734 dum
1529 2682 1874 2735 immutantur
1900 2683 1952 2734 in

413 2770 601 2824 melius
624 2777 895 2823 creatum.
929 2768 1003 2822 Tu
1035 2778 1203 2820 autem
1230 2785 1517 2838 permanes,
1546 2778 1604 2822 ut
1640 2771 1776 2821 sicut
1802 2779 1954 2823 aster-

415 2857 630 2910 nitatem
678 2855 882 2909 Domini
924 2856 1170 2919 ostendit,
1202 2863 1482 2924 antequam
1525 2865 1731 2909 crearet
1757 2856 1949 2917 omnia,

415 2945 492 2997 sic
539 2952 658 3012 post
681 2943 844 2998 melos
888 2952 1118 2998 mutatos
1163 2944 1334 3012 ipsum
1363 2943 1560 2996 diceret
1590 2944 1639 2995 in
1670 2942 1956 3009 majestatis

415 3046 523 3085 sure
544 3032 707 3101 gloria
734 3047 1062 3102 permanere.
1096 3031 1160 3084 Et
1190 3047 1361 3084 omnes
1401 3040 1453 3083 ut
1494 3032 1840 3084 uestimentum
1870 3048 1948 3084 ue-

417 3129 685 3174 terascent.
714 3119 886 3189 ipsum
926 3121 1067 3174 enim
1104 3121 1405 3183 veterascit,
1441 3120 1579 3189 quod
1621 3135 1767 3173 more
1795 3121 1956 3174 vestis

418 3214 586 3260 morte
627 3198 968 3270 consumitur,
1000 3204 1298 3261 sicut'caro
1344 3207 1586 3265 humana,
1622 3221 1739 3274 quae
1781 3214 1954 3260 tamen

418 3297 470 3348 in
492 3295 678 3349 melius
699 3297 1085 3350 resurrectione
1109 3295 1712 3349 immutabitur.Addidit
1735 3313 1745 3345 :
1773 3295 1952 3364 (Vens.

421 3385 505 3453 ii)
549 3383 616 3437 Et
655 3385 785 3438 velut
813 3385 1053 3437 amictum
1093 3384 1310 3440 mutatis
1351 3400 1467 3448 eos,
1512 3392 1559 3436 et
1605 3386 1952 3440 mutabuntur.

419 3473 513 3526 llis
540 3474 714 3528 verbis
744 3473 960 3528 forsitan
990 3473 1106 3528 coeli
1136 3471 1551 3534 immutationem
1577 3473 1838 3542 Pmpbeta
1880 3476 1957 3527 in-

419 3559 579 3628 telligi
606 3563 786 3624 voluit,
818 3563 907 3628 qui
947 3562 1187 3636 similiter
1225 3571 1284 3614 ut
1318 3573 1507 3616 caetera
1535 3563 1790 3615 elementa
1815 3578 1957 3616 com-

422 3657 704 3713 mutantur,
731 3650 866 3703 sicut
893 3649 944 3702 in
971 3650 1070 3702 alio
1097 3649 1288 3717 legitur
1315 3651 1565 3717 propheta
1593 3668 1602 3701 :
1638 3649 1702 3702 Et
1741 3651 1834 3702 erit
1863 3665 1957 3702 cte-

421 3734 527 3786 lum
560 3751 742 3788 novum
778 3745 824 3786 et
866 3745 1002 3786 terra
1049 3751 1174 3789 nova
1219 3735 1394 3803 (Isaia:
1441 3751 1558 3797 va,
1593 3737 1696 3804 i7).
1734 3736 1799 3788 Ut
1823 3734 1956 3788 facta

422 3820 626 3874 Domini
671 3823 1008 3885 ostenderet,
1057 3822 1164 3890 jam
1207 3824 1302 3875 sub
1348 3825 1639 3878 aeternitate
1688 3839 1955 3884 mansura,

421 3907 592 3984 dicit:
635 3909 876 3974 Mutabis,
923 3926 1006 3962 eos
1047 3920 1093 3961 et
1136 3911 1500 3964 mutabuntur:
1543 3915 1662 3980 quia
1694 3929 1957 3981 nunquam

421 4011 577 4056 erunt
613 4002 680 4056 ad
725 4002 825 4055 hoc
862 4002 1198 4069 corruptibile
1229 4000 1479 4053 reditura.
1529 4002 1600 4052 Tu
1633 4013 1800 4054 autem
1827 4005 1958 4056 idem

422 4093 526 4160 ipse
557 4109 632 4156 es,
661 4103 706 4144 et
737 4093 856 4144 anni
887 4093 961 4143 tui
995 4109 1092 4143 non
1121 4092 1372 4157 deﬁcient.
1415 4091 1469 4144 ln
1508 4093 1794 4144 mutatione
1824 4091 1959 4157 ejus-

423 4183 540 4234 dem
568 4191 766 4235 naturze
790 4182 1044 4250 designat,
1073 4196 1187 4248 quae
1221 4189 1368 4242 sunt;
1402 4182 1509 4248 ipse
1551 4196 1676 4232 vero
1712 4181 1845 4231 idem
1883 4189 1962 4231 est

423 4269 561 4337 quod
607 4277 708 4332 est,
753 4270 911 4322 veluti
960 4269 1117 4338 Moysi
1166 4268 1358 4320 famulo
1388 4283 1480 4321 suo
1511 4269 1672 4319 dixit:
1711 4269 1819 4334 Ego
1849 4252 1960 4318 sum

422 4355 509 4422 qui
538 4371 670 4406 sum.
701 4353 788 4405 Sic
815 4355 930 4406 istis
958 4357 1124 4409 tribus
1166 4355 1403 4407 versibus
1443 4355 1779 4405 commutatio
1815 4369 1960 4404 crea-

425 4453 664 4496 turarum
708 4449 760 4493 et
801 4442 1065 4493 aeternitas
1095 4444 1296 4493 Domini
1330 4441 1550 4493 mirabili
1584 4441 1838 4492 brevitate
1873 4441 1962 4491 de—

425 4533 616 4598 scripta
642 4539 780 4585 sunt.
820 4531 939 4582 Post
977 4530 1301 4595 majestatem
1341 4533 1529 4584 divina:
1575 4529 1878 4581 :eternitatis
1913 4529 1960 4578 in

426 4621 558 4674 Filio
583 4622 773 4674 iterum
802 4623 982 4674 beatus
1019 4620 1210 4671 Paulus
1250 4621 1312 4671 ad
1353 4621 1693 4672 humanitatis
1733 4619 1962 4686 ejusdem

427 4707 854 4778 gloriﬁcationem
882 4722 1176 4760 sermonem
1208 4706 1397 4757 direxit
1435 4707 1639 4758 dicens:
1675 4706 1853 4774 (Vens.
1881 4705 1963 4771 15)

428 4796 506 4848 Ad
533 4810 679 4863 quem
700 4796 831 4844 enim
859 4795 1148 4860 angelorum
1170 4792 1298 4843 dixit
1326 4792 1598 4860 aliquando
1621 4807 1636 4839 :
1658 4791 1787 4844 Sede
1804 4810 1830 4841 a
1853 4792 1966 4842 dex-

430 4881 518 4931 tris
554 4880 715 4931 meis?
753 4879 945 4929 Victori
991 4878 1117 4947 Filio
1145 4895 1234 4947 per
1257 4890 1488 4931 sanctam
1529 4879 1964 4940 incarnationem,

431 4967 590 5020 totius
637 4967 813 5019 mundi
862 4966 1224 5033 lriumphatori
1260 4977 1376 5036 post
1420 4966 1817 5020 resurrectionis
1859 4965 1967 5033 glo-

433 5055 583 5115 riam,
627 5053 947 5109 honorabilis
976 5068 1251 5105 consessus
1295 5062 1526 5121 paternae
1564 5052 1850 5121 majestatis
1889 5052 1966 5104 of—

434 5141 620 5202 fertur,
649 5149 706 5192 ut
731 5157 826 5208 per
865 5144 1000 5195 hunc
1025 5143 1178 5195 situm
1206 5148 1458 5208 suscepta
1491 5141 1829 5193 humanitatis
1857 5140 1964 5205 glo-

435 5231 510 5282 ria
537 5228 854 5290 declaretur,
877 5246 991 5296 qure
1013 5229 1202 5281 nemini
1227 5227 1528 5297 angelorum
1552 5227 1743 5281 inferre
1767 5228 1961 5281 debuit.

434 5316 779 5384 Quoadusque
819 5332 1000 5381 ponam
1047 5318 1272 5372 inimicos
1317 5325 1426 5366 tuos
1472 5314 1741 5367 scabeilum
1784 5319 1967 5389 pedum

433 5418 658 5459 tuorum.
693 5401 837 5475 [Per]
873 5403 1028 5470 pedes
1066 5402 1202 5452 enim
1244 5402 1445 5457 Domini
1480 5402 1738 5460 stabilitas
1775 5414 1968 5461 aeterna

435 5493 784 5564 significatur,
814 5492 900 5544 ubi
931 5491 1013 5544 ille
1047 5499 1291 5558 tanquam
1319 5493 1549 5562 vestigiis
1585 5493 1970 5562 omnipotentis:

437 5601 542 5642 sua:
578 5586 772 5637 virtute
801 5583 1054 5635 consistit.
1085 5580 1176 5631 llis
1219 5581 1434 5647 pedibus
1472 5592 1673 5636 constat
1708 5597 1822 5637 esse
1851 5585 1972 5637 sub-

2047 1895 2146 1946 bri.
2187 1893 2316 1947 Nam
2357 1904 2410 1946 et
2446 1892 2746 1962 pastoribus
2789 1894 2960 1963 angeli
2989 1893 3508 1962 evangelizavcrunt;
3536 1904 3591 1947 et

2046 1981 2286 2050 angelum
2315 1982 2536 2051 legimus
2577 1982 2641 2035 ad
2669 1983 2928 2052 virginem
2971 1982 3188 2036 Mariam
3233 1983 3491 2046 missum;
3535 1991 3590 2035 et

2048 2069 2099 2120 in
2126 2071 2513 2123 resurrectione
2543 2069 2747 2122 Domini
2787 2069 2957 2137 angeli
3005 2067 3313 2122 mulieribus
3337 2083 3590 2138 apparue-

2048 2165 2199 2219 runt;
2232 2165 2286 2210 et
2327 2157 2427 2209 alia
2471 2156 2634 2210 multa
2677 2157 2730 2211 in
2776 2158 2969 2212 divinis
3012 2157 3301 2224 Scripturis
3327 2157 3586 2225 leguntur.

2048 2245 2322 2316 intelligite
2353 2247 2514 2314 igitur
2540 2260 2679 2299 nunc
2721 2255 2950 2314 quantus
2989 2247 3156 2300 honor
3202 2245 3354 2299 nobis
3386 2245 3590 2308 existit,

2049 2341 2106 2384 ut
2132 2336 2268 2389 sicut
2290 2333 2356 2388 ad
2381 2333 2579 2386 amicos
2608 2334 2678 2386 ita
2719 2334 2991 2387 ministros
3033 2332 3246 2402 angelos
3279 2346 3402 2385 suos
3429 2333 3593 2385 desu-

2049 2432 2139 2476 net
2166 2423 2322 2476 Deus.
2358 2441 2376 2473 s
2422 2420 2515 2474 llis
2541 2422 2613 2473 ita
2655 2421 2970 2476 introductis
3009 2421 3072 2474 de
3106 2420 3411 2489 angelorum
3440 2420 3592 2472 mini-

2048 2511 2233 2574 sterio,
2277 2525 2372 2579 per
2398 2524 2532 2578 Quos
2576 2509 2734 2561 etiam
2774 2518 2830 2562 et
2870 2509 2980 2576 ipsa
3025 2507 3108 2561 lex
3153 2507 3449 2560 ministrata
3490 2517 3591 2569 est,

2051 2613 2173 2652 mox
2202 2595 2471 2662 subiunxit
2506 2594 2572 2649 de
2611 2595 2924 2648 excellentia
2973 2595 3170 2664 gratiae,
3204 2609 3321 2662 quae
3359 2609 3456 2663 per
3497 2591 3592 2648 Dei

2051 2686 2243 2739 Filium
2274 2685 2430 2739 nobis
2456 2681 2612 2736 allata
2639 2691 2745 2747 est,
2771 2683 2950 2736 dicens
2974 2700 2986 2733 :

2656 2791 2880 2847 CAPUT
2916 2792 2976 2845 ll.

2124 2864 2273 2919 Vers.
2314 2864 2362 2914 i.
2410 2892 2482 2904 —
2527 2857 2795 2930 Propterea
2822 2860 3168 2914 abundantius
3198 2869 3393 2930 oportet
3423 2862 3595 2914 observ

2055 2971 2172 3007 rare
2212 2969 2302 3007 nos
2341 2971 2400 3006 ea
2439 2968 2552 3022 quae
2582 2950 2891 3012 audiuimus,
2935 2965 2997 3002 ne
3035 2952 3164 3018 forte
3205 2950 3590 3019 perefﬂuamus.

2063 3059 2080 3090 ι
2127 3040 2302 3106 Quare
2344 3038 2691 3092 abundantius
2727 3035 2903 3090 dixit?
2930 3037 3041 3091 lloc
3066 3045 3170 3101 est,
3199 3053 3356 3106 quam
3387 3038 3440 3090 in
3484 3037 3597 3102 lege

2055 3129 2373 3182 solebamus.
2412 3144 2430 3177 s
2461 3125 2714 3178 Hortatur
2743 3124 2920 3191 itaque
2944 3137 3038 3178 eos
3064 3125 3366 3194 diligentius
3395 3125 3477 3179 his
3512 3125 3595 3178 iu-

2057 3215 2270 3270 tendere
2319 3228 2436 3284 qua:
2462 3228 2558 3282 per
2594 3212 2687 3265 Dei
2732 3211 2926 3265 Filium
2972 3212 3272 3276 audierunt,
3317 3228 3473 3281 quam
3519 3213 3598 3267 eis

2055 3321 2174 3374 qua:
2221 3319 2316 3374 per
2367 3303 2582 3374 angelos
2629 3303 2765 3357 dicta
2795 3312 2934 3366 sunt,
2977 3319 3128 3358 more
3170 3319 3265 3359 suo
3300 3320 3446 3359 suam
3498 3305 3601 3360 illis

2055 3394 2378 3463 coniungens
2413 3406 2694 3462 personam
2728 3392 2780 3445 in
2819 3405 2886 3446 eo
2937 3392 3079 3460 quod
3118 3393 3253 3445 dixit
3290 3395 3597 3455 audivimus,

2058 3492 2236 3549 atque,
2265 3481 2639 3549 pereﬁluamus,
2667 3479 2851 3534 nolens
2878 3482 2945 3536 ab
2971 3483 3164 3536 auditis
3187 3498 3280 3551 per
3307 3485 3480 3536 inania
3517 3483 3597 3538 ef-

2058 3569 2217 3622 ﬂuere
2261 3567 2580 3620 audientium
2621 3581 2845 3631 sensus;
2879 3568 3019 3637 quod
3049 3571 3211 3623 etiam
3258 3573 3602 3638 sequentibus

2061 3659 2234 3711 verbis
2260 3657 2464 3726 plenius
2481 3657 2764 3724 explicavit
2783 3657 3006 3712 dicendo
3030 3676 3042 3709 :
3073 3659 3255 3727 (Vsus.
3279 3659 3356 3729 2.)
3384 3661 3441 3713 Si
3463 3661 3599 3713 enim

2058 3748 2143 3814 qui
2189 3761 2279 3813 per
2326 3746 2530 3813 angelos
2557 3747 2723 3799 dictus
2761 3755 2855 3808 est,
2885 3762 3048 3799 sermo
3077 3747 3243 3812 factus
3283 3757 3356 3801 est
3394 3749 3598 3815 ﬁrmus,

2059 3841 2104 3882 et
2126 3831 2287 3883 omnis
2330 3831 2683 3897 pratuaricotio
2721 3841 2768 3883 et
2796 3831 3132 3884 iuobedientia
3173 3835 3362 3901 accepit
3400 3835 3599 3902 justam

2060 3919 2302 3971 mercedis
2331 3918 2728 3970 retributionem.
2758 3935 2775 3967 ο
2805 3917 2940 3982 Quid
2963 3929 3064 3982 est,
3093 3921 3262 3987 {actus
3282 3932 3354 3975 est
3378 3924 3605 3991 ﬁrmus!

2064 4005 2318 4058 Videlicet
2346 4019 2539 4058 verus:
2573 4013 2823 4073 tanquam
2862 4005 3094 4059 diceret:
3131 4005 3297 4060 ﬁdelis
3326 4008 3377 4060 in
3412 4022 3602 4078 oppor-

2064 4102 2189 4172 tuno
2208 4101 2462 4160 tempore.
2491 4111 2510 4143 s
2536 4091 2962 4164 Volensintelligi
2993 4093 3160 4164 legem
3178 4110 3296 4163 quas
3328 4111 3423 4164 per
3443 4113 3602 4168 ange-

2063 4177 2140 4228 los
2154 4177 2273 4229 data
2289 4185 2368 4228 est
2382 4175 2507 4244 [ιε.
2519 4215 2534 4240 ,
2551 4178 2727 4231 datam
2747 4178 3051 4249 esse],esse
3065 4196 3158 4234 suo
3177 4191 3412 4249 tempore
3433 4183 3601 4238 firmi-

2065 4272 2145 4315 ter
2158 4262 2571 4316 custodiendam.
2596 4263 2726 4317 Nam
2743 4265 2905 4333 legem
2924 4281 3018 4333 per
3037 4267 3249 4334 angelos
3269 4269 3447 4322 datam
3461 4287 3600 4336 esse,

2064 4352 2303 4419 plurimis
2326 4352 2620 4405 ostenditur
2649 4353 2698 4404 in
2729 4352 2873 4406 locis.
2905 4354 3150 4410 Attamen
3180 4372 3281 4409 non
3303 4360 3601 4414 custodien-

2064 4452 2190 4503 tem,
2234 4443 2431 4510 justam
2478 4442 2735 4495 merccdis
2765 4444 3163 4498 retributionem
3203 4450 3470 4514 accepisse
3525 4459 3601 4506 te.

2062 4537 2250 4581 statur.
2289 4546 2305 4577 σ
2335 4529 2510 4593 Quare
2544 4531 2694 4588 dixit,
2725 4532 2969 4584 mercedis
3004 4533 3383 4586 retributionem
3410 4538 3433 4587 Ρ
3465 4537 3600 4592 Mer-

2061 4630 2150 4668 ces
2183 4616 2321 4666 enim
2345 4617 2396 4667 in
2435 4617 2571 4668 bono
2598 4618 2719 4683 poni
2761 4617 2930 4681 solet;
2963 4621 3054 4674 sed
3093 4622 3190 4674 iste
3221 4638 3334 4675 mos
3366 4637 3446 4678 cst
3467 4627 3604 4698 Apo-

2064 4704 2215 4761 stolo,
2264 4711 2321 4756 ut
2349 4717 2452 4756 non
2481 4718 2725 4772 magnam
2759 4705 3040 4758 verborum
3089 4708 3278 4766 habeat
3324 4714 3602 4779 rationem,

2065 4795 2154 4846 sed
2191 4791 2547 4845 indiil'enenter
2572 4792 2652 4844 vel
2672 4808 2788 4860 qua:
2827 4793 2878 4844 in
2911 4794 3046 4847 bono
3074 4796 3336 4860 dicuntur,
3378 4799 3456 4852 vel
3490 4816 3608 4872 qua

2069 4882 2118 4932 in
2169 4880 2304 4933 malo
2341 4896 2436 4948 pro
2483 4880 2736 4934 alterutro
2766 4897 2995 4951 ponere;
3022 4886 3155 4936 sicut
3196 4886 3317 4939 alibi
3349 4888 3516 4942 dixit:
3543 4890 3608 4944 lu

2066 4969 2406 5035 captivitatem
2457 4968 2762 5034 redigentem
2798 4984 2994 5020 omnem
3025 4986 3228 5021 sensum
3254 4973 3321 5023 ad
3366 4975 3605 5032 obedien.

2067 5055 2187 5105 dum
2235 5049 2434 5104 Christo
2469 5051 2552 5120 (11
2586 5050 2703 5103 Cor.
2735 5067 2785 5115 x,
2812 5052 2883 5122 5).
2924 5055 2986 5110 Et
3020 5055 3106 5108 hic
3154 5058 3410 5114 mercedis
3449 5061 3607 5115 rari-

2069 5144 2332 5196 butionem
2364 5156 2458 5209 pro
2488 5141 2744 5212 supplicio
2773 5142 2965 5212 posuit.
3004 5163 3020 5195 s
3059 5145 3239 5214 (Vsus.
3273 5146 3349 5218 3.)
3385 5147 3450 5200 Et
3475 5166 3604 5219 quo-

2069 5231 2217 5280 modo
2262 5247 2350 5283 nos
2384 5230 2701 5298 eﬂ'ugiemus,
2742 5231 2784 5282 si
2822 5240 3015 5283 tantam
3058 5235 3422 5302 ueglexerimus
3463 5238 3609 5289 salu-

2070 5321 2211 5372 tem?
2247 5341 2263 5370 ι
2292 5323 2392 5374 Per
2423 5321 2530 5373 hmc
2556 5319 2712 5370 verba
2742 5320 3018 5385 significat,
3049 5325 3167 5389 quia
3197 5339 3296 5376 non
3329 5334 3441 5377 crat
3465 5333 3609 5379 tanta

2071 5410 2211 5463 salus
2261 5410 2313 5464 in
2349 5410 2520 5465 Veteri
2560 5407 2955 5473 Testamento,»
2992 5421 3185 5478 quanta
3227 5422 3306 5465 est
3355 5413 3405 5466 in
3440 5413 3608 5482 gratia

2075 5496 2180 5556 Dei,
2215 5511 2370 5563 quam
2401 5494 2490 5547 Dei
2522 5492 2684 5545 Filius
2708 5495 2857 5548 nobis
2885 5497 3077 5550 attulit.
3126 5487 3241 5551 Non
3286 5499 3426 5552 enim
3458 5496 3608 5552 nobis

2074 5603 2230 5645 nunc,
2286 5586 2419 5637 sicut
2459 5585 2581 5647 illis,
2626 5592 2786 5635 terra
2826 5586 3052 5647 divitias,
3103 5589 3189 5640 sed
3221 5589 3337 5640 (mli
3388 5587 3611 5654 gratiam
