4262 6218
434 351 565 404 ιωι

1106 351 1502 424 EXEGETICA.
1541 379 1612 391 -
1647 348 1887 404 EXPOS.
1929 343 1994 398 LV
2032 342 2247 397 EPIST.
2288 342 2344 396 S.
2379 341 2577 395 PAULI
2609 341 2696 393 AD
2733 340 2932 394 HEBR.

3457 335 3593 388 £049

429 461 572 513 enim
606 460 894 514 debebatur
930 462 1102 524 nobis,
1145 471 1208 514 ut
1233 461 1400 514 Filius
1438 475 1535 534 pro
1574 460 1724 526 nobis
1770 467 1952 528 μιαι-
1981 460 2026 513 Α
2053 469 2185 515 “II.
2229 452 2338 520 ‘3‘)-
2386 451 2527 515 Οιιοϐ
2567 453 2746 510 etiam.
2789 459 2851 503 ut
2892 448 3264 534 wnlldeutiam
3313 448 3590 505 haberent.

431 553 514 599 ret
537 553 781 607 mortem,
823 547 915 600 sed
949 551 1118 616 gratia
1152 550 1253 602 hoc
1280 549 1422 601 fecit.
1462 548 1577 615 Ipse
1613 545 1824 614 quidem
1859 558 1991 612 pm.

428 630 676 684 munibus
709 640 1090 697 mortuusest;
1118 633 1245 698 quid
1285 643 1482 694 autem,
1527 633 1572 684 si
1622 646 1728 685 non
1774 643 1960 682 omnes

428 718 801 772 croduntﬂlle
824 728 1011 791 tamen
1032 721 1180 788 quod
1195 735 1349 773 suum
1383 729 1499 774 erat
1533 719 1787 787 implevit.
1830 718 1960 772 Pro-

427 806 564 871 prie,
616 808 839 876 gustuit
879 817 1111 869 mortem,
1162 807 1322 870 dixit,
1375 808 1496 874 quia
1539 807 1690 860 brevi
1728 814 1963 872 tempore

429 894 487 946 in
528 890 618 944 illa
649 890 770 955 fuit,
805 901 867 945 ut
897 908 960 946 ea
999 894 1204 948 devicta
1255 893 1534 947 confestim
1577 900 1896 960 resurgeret.
1937 912 1956 940 ι

501 983 662 1039 Vsus.
693 983 782 1037 ιο.
799 1013 870 1023 —-
897 984 1114 1038 Docebat
1151 986 1286 1037 enim
1307 1001 1443 1046 cuiu,
1464 992 1667 1052 propter
1681 996 1829 1051 quem
1856 998 1964 1032 om-

429 1071 536 1133 nia,
565 1081 614 1125 et
636 1088 728 1140 per
751 1089 899 1139 quens
939 1074 1134 1134 omnia,
1175 1071 1264 1140 qui
1287 1067 1475 1128 multos
1502 1069 1638 1137 ﬁlios
1666 1069 1720 1123 in
1746 1067 1964 1136 gloriam

429 1159 740 1222 adduxerat,
787 1168 1046 1211 auctorem
1097 1158 1278 1224 salutis
1321 1157 1497 1210 eorum
1540 1174 1631 1225 per
1677 1157 1963 1225 passionem

429 1262 800 1299 consummare.
848 1246 1077 1318 Ducebat
1115 1247 1259 1299 enim
1277 1261 1372 1314 per
1397 1246 1695 1313 passionem
1721 1260 1963 1298 consum-

429 1337 598 1397 mare,
626 1335 680 1387 id
721 1342 822 1397 est,
848 1333 1105 1401 perlicere
1137 1334 1376 1387 omnium
1412 1334 1652 1409 salutem.
1687 1331 1790 1385 Per
1814 1348 1963 1401 quem

425 1422 625 1485 omnia,
654 1421 707 1474 id
733 1430 835 1486 est,
859 1436 957 1489 per
981 1421 1096 1491 ejus
1121 1430 1366 1485 mortem,
1410 1422 1520 1476 sive
1555 1437 1674 1490 qua:
1699 1422 1751 1474 iu
1796 1418 1962 1481 caelis,

429 1510 542 1582 sive
574 1524 692 1577 qua:
718 1510 770 1562 in
803 1510 960 1562 terris
997 1516 1291 1564 restaurata
1326 1517 1465 1571 sunt,
1488 1524 1584 1577 per
1606 1523 1762 1575 quem
1806 1508 1964 1561 etiam

425 1605 482 1649 et
511 1596 687 1650 omnia
714 1604 895 1650 creata
920 1604 1060 1649 sunt.
1094 1615 1114 1646 ς
1143 1595 1304 1650 Vides
1326 1604 1579 1663 quantum
1603 1601 1686 1646 est
1710 1593 1762 1645 in
1792 1593 1965 1653 medio

426 1685 711 1738 nostrum?
737 1683 803 1737 Et
822 1685 932 1752 ipse
960 1683 1140 1747 Filius,
1161 1693 1216 1737 et
1241 1700 1335 1739 nos
1363 1683 1454 1736 lilii
1479 1700 1493 1746 ;
1529 1702 1550 1733 ι
1578 1681 1664 1734 ille
1697 1679 1960 1749 proprius.

2055 540 2433 592 exhortabatur
2502 538 2761 592 dicendo:
2808 532 3080 602 Confidite,
3131 550 3225 602 ego
3291 536 3386 588 eici
3447 551 3596 588 utun-

2056 629 2189 679 durn
2230 626 2409 697 (Joan.
2465 641 2576 689 avt,
2635 624 2743 695 '55).
2804 623 2874 676 Et
2934 638 3175 674 rursum:
3221 619 3354 675 Ecce
3404 638 3499 689 ego
3547 632 3598 674 et

2056 715 2224 782 pueri,
2252 730 2379 780 quos
2401 712 2540 765 dedit
2557 713 2683 764 inibi
2711 711 2848 764 Deus
2871 710 3050 780 (Isaia
3085 726 3202 772 vni,
3225 708 3335 779 {8).
3362 705 3475 763 Hoc
3519 719 3596 762 tc-

2057 802 2366 854 stimonium
2388 802 2454 856 de
2473 801 2605 856 Isaia
2628 801 2850 870 protulit
2881 799 3178 868 Apostolus,
3226 799 3293 851 ad
3325 797 3592 852 Christum

2057 896 2114 942 et
2151 890 2218 941 ad
2257 889 2524 955 apostolos
2558 887 2812 951 referens,
2834 901 2968 954 quos
2997 894 3214 955 propter
3241 876 3594 939 innocentiam

2059 991 2253 1044 pueros
2306 975 2614 1029 nominavit.
2666 976 2740 1028 De
2793 975 2984 1041 quibus
3028 974 3138 1042 ipse
3184 973 3436 1033 Dominus
3481 973 3591 1024 ait:

2062 1062 2230 1117 Sinite
2253 1062 2491 1132 paruulos
2511 1078 2680 1116 uentre
2697 1062 2768 1114 ad
2791 1078 2893 1124 me,
2917 1061 3098 1114 talium
3128 1069 3204 1113 est
3228 1061 3362 1112 enim
3389 1074 3594 1128 regnum

2059 1149 2301 1202 ctelorunt
2321 1149 2509 1218 (lare.
2535 1165 2590 1212 ι,
2621 1147 2937 1217 ﬂ)..(Veus.
2971 1146 3080 1216 il.)
3116 1147 3252 1210 Quia
3293 1161 3412 1212 προ
3447 1146 3595 1214 pueri

2060 1237 2563 1290 communicauerunt
2604 1235 2749 1288 carni
2782 1243 2832 1288 et
2875 1235 3134 1304 sanguini,
3159 1244 3207 1286 et
3229 1218 3600 1302 ipse'siutiliter

2058 1324 2384 1393 participauit
2432 1324 2656 1376 eisdem.
2712 1323 2812 1378 Hic
2859 1325 3050 1377 astruit
3089 1323 3472 1377 fraternitatem
3513 1339 3601 1376 ve-

2063 1425 2180 1464 ram
2209 1418 2265 1464 et
2283 1410 2665 1463 humanitatem
2691 1409 2911 1473 Christi,
2933 1426 3036 1464 non
3061 1410 3256 1464 fictam.
3281 1409 3430 1463 Sicut
3451 1411 3598 1477 pueri

2063 1498 2566 1567 carneetsauguine
2587 1505 2856 1563 constant,
2874 1507 2929 1552 et
2954 1498 3041 1551 ille
3078 1498 3412 1565 participavit
3445 1499 3595 1552 cuni

2059 1599 2114 1642 et
2128 1589 2390 1657 sanguini,
2407 1589 2694 1643 uthaberet
2712 1590 2850 1645 unde
2864 1598 3089 1657 gustaret
3110 1596 3333 1642 mortem
3353 1603 3451 1654 pro
3475 1603 3600 1654 pue-

2063 1689 2243 1727 rorum
2284 1675 2476 1740 salute,
2507 1677 2659 1745 cujus
2685 1676 3094 1744 dispensationis
3135 1667 3330 1728 allatim
3380 1691 3595 1730 causam

429 1783 527 1824 nos
551 1770 802 1838 adoptati.
887 1768 990 1823 Sed
1020 1769 1106 1823 ille
1126 1739 1327 1832 salvat,
1362 1779 1416 1823 et
1445 1739 1540 1822 nos
1561 1739 1842 1822 salvainur.
1875 1766 1962 1817 Vi-
1996 1739 2037 1795 Β
2061 1761 2402 1830 subjungens,
2454 1772 2510 1814 ut
2535 1739 2628 1831 per
2650 1739 2880 1825 moriens,
2927 1764 3120 1830 inquit,
3160 1765 3443 1817 destrueret
3483 1781 3598 1816 eum

429 1860 525 1913 des
568 1860 829 1926 quomodo
856 1875 950 1914 nos
981 1868 1034 1913 et
1057 1859 1327 1928 conjungit
1347 1869 1400 1912 et
1447 1857 1741 1916 discernit?
1772 1855 1962 1909 Iullos

424 1944 582 2010 ﬁ'ios,
629 1944 817 2010 inquit,
860 1946 1102 1999 inducens
1145 1947 1199 1998 iu
1243 1945 1499 2014 gloriam;
1529 1945 1625 2017 hic,
1653 1945 1960 2012 conjunxit;

423 2040 708 2095 auctorem,
731 2032 918 2098 inquit,
941 2031 1123 2087 salutis
1141 2051 1314 2087 eorum
1338 2049 1356 2086 :
1384 2034 1470 2087 hic
1494 2033 1761 2108 discrevit.
1779 2034 1959 2103 (Vens.

430 2119 540 2187 11.)
593 2119 693 2183 Qui
756 2121 890 2172 enim
951 2123 1260 2190 sanctiﬁcat,
1315 2133 1363 2175 et
1425 2124 1513 2192 qui
1549 2122 1959 2189 sanctiﬁcantnr,

426 2223 491 2260 ex
532 2224 632 2260 uno
687 2224 878 2261 omnes.
940 2228 958 2259 ι
986 2210 1119 2264 Ecce
1156 2211 1348 2265 iterum
1380 2213 1644 2279 quomodo
1697 2214 1961 2282 coniungit

428 2295 694 2349 bonoraus
719 2303 774 2349 et
803 2296 1101 2360 consolans,
1125 2307 1180 2350 et
1202 2298 1397 2351 Christi
1427 2298 1624 2354 fratres
1663 2315 1755 2354 eos
1795 2301 1963 2360 nomi-

428 2398 581 2448 nans,
631 2383 860 2455 (Chrys,
917 2401 1009 2440 eos
1055 2384 1314 2458 efﬁciens]
1361 2391 1647 2444 secundum
1711 2394 1849 2460 quod
1900 2409 1963 2443 ea:

428 2486 532 2524 uno
566 2488 737 2526 omnes
763 2474 906 2527 dicit.
942 2473 1141 2528 Deinde
1183 2476 1425 2529 muniens
1469 2490 1767 2531 sermonem
1809 2495 1962 2533 suum

427 2567 481 2609 et
526 2562 808 2614 ostendens
848 2562 1112 2629 quomodo
1155 2563 1221 2617 de
1245 2579 1309 2617 eo
1340 2561 1567 2633 [Chrys.,
1614 2567 1861 2634 quoniam
1897 2571 1963 2622 dc

425 2644 537 2714 eo],
569 2646 658 2713 qui
686 2649 973 2702 secundum
999 2663 1210 2704 carnem
1244 2660 1343 2713 est,
1382 2651 1535 2716 dixit,
1565 2651 1786 2723 [intulit]
1814 2672 1826 2706 :
1860 2653 1962 2718 Qui

425 2735 561 2785 enim
590 2734 900 2802 sanctificat,
939 2737 1040 2790 hoc
1086 2746 1190 2802 est,
1229 2739 1507 2805 Christus;
1550 2749 1604 2794 et
1638 2742 1723 2812 qui
1771 2744 1961 2794 sancti-

427 2821 662 2887 ﬁcantur,
709 2825 808 2877 hoc
842 2832 922 2878 est
964 2841 1088 2879 nos.-
1132 2827 1358 2883 intueris
1397 2842 1648 2899 quantum
1705 2832 1962 2887 interest?

426 2909 519 2962 Ille
563 2911 873 2980 sanctificat,
920 2913 1313 2968 sanctificamur
1341 2920 1482 2972 enim
1503 2935 1619 2974 nos.
1652 2941 1670 2971 ι
1723 2921 1936 2975 Addidit

319 3070 322 3072 γ
425 3013 489 3048 ex
512 3013 614 3048 uno
649 3014 820 3052 omnes
840 3015 864 3064 ’ς
893 3016 1027 3054 unus
1051 3009 1142 3054 est
1160 3002 1304 3055 enim
1339 3005 1498 3067 Deus,
1548 3023 1577 3058 a
1606 3016 1714 3076 quo
1735 3010 1909 3062 omnia
1933 3025 1949 3073 ;
1977 3033 2027 3098 ο

424 3083 516 3135 sed
547 3084 632 3147 ille
645 3085 819 3149 aliter,
848 3086 1000 3140 aliter
1012 3097 1068 3142 et
1086 3103 1199 3143 nos.
1225 3089 1317 3144 ille
1331 3091 1478 3158 quasi
1503 3095 1744 3160 proprius
1767 3095 1948 3156 Filius,

424 3183 520 3223 nos
537 3185 664 3224 vero
681 3174 830 3240 quasi
851 3175 1358 3242 adoptivi.Attamen
1379 3195 1539 3232 unum
1569 3181 1824 3237 habemus
1849 3183 1954 3236 Pa-

424 3264 558 3312 trem
598 3258 781 3313 Deum.
828 3261 917 3315 ille
938 3266 1087 3332 quasi
1115 3267 1362 3334 proprius
1404 3267 1568 3322 Filius
1616 3271 1950 3337 sanctiﬁcat;

424 3358 520 3398 nos
542 3345 678 3399 sicut
711 3347 939 3416 adoptivi
962 3353 1372 3408 sanctiﬁcamur.
1398 3355 1579 3426 (Vens.
1607 3359 1715 3430 te.)
1739 3359 1957 3428 Propter

420 3451 576 3502 quam
611 3453 818 3490 causam
841 3455 941 3492 non
964 3440 1297 3510 confunditur
1331 3445 1516 3513 fratres
1541 3464 1624 3500 eos
1656 3466 1850 3513 vocare,
1877 3451 1955 3501 di-

423 3538 579 3576 cens:
611 3525 873 3582 Nuntiabo
917 3547 1098 3586 nomen
1118 3548 1260 3587 tuum
1290 3535 1536 3604 fratribus
1565 3539 1707 3587 meis.
1744 3555 1761 3584 ι
1799 3538 1850 3588 In
1893 3553 1954 3590 eo

421 3615 564 3666 enim
601 3617 743 3684 quod
784 3619 952 3674 dixit:
995 3622 1117 3675 Non
1144 3625 1390 3678 erubescit
1426 3626 1615 3693 fratres
1648 3641 1731 3677 cos
1758 3642 1950 3688 uocare,

423 3704 749 3760 demonstrat
793 3726 896 3763 non
932 3710 1008 3765 rei
1033 3722 1234 3767 natura!
1259 3729 1375 3768 esse
1401 3714 1702 3769 fraternitas
1753 3723 1951 3778 twslra,

419 3791 514 3845 sed
552 3792 924 3848 misericordia:
949 3798 1063 3867 ejus
1087 3807 1141 3850 et
1165 3800 1478 3855 humilitatis
1518 3804 1710 3863 multm,
1743 3805 1831 3872 qui
1859 3786 1956 3857 nos

423 3880 618 3935 fratres
643 3880 802 3953 elegit
830 3882 948 3936 sibi.
983 3901 1001 3932 ι
1037 3885 1102 3937 Et
1129 3885 1229 3938 hoc
1268 3890 1572 3954 prOphetico
1613 3891 1838 3947 alIirmat
1881 3903 1956 3947 te-

425 3973 696 4038 stimonio,
723 3988 790 4027 ne
825 3974 974 4042 quasi
999 3989 1191 4028 novum
1235 3985 1529 4043 putaretur,
1558 3989 1612 4031 et
1645 3996 1748 4033 non
1795 3983 1960 4034 multo

425 4067 551 4112 ante
587 4062 896 4126 praedictum
923 4079 938 4126 ;
969 4063 1044 4117 ait
1082 4065 1259 4118 enim:
1288 4065 1552 4119 Nuntiabo
1588 4083 1771 4120 nomen
1812 4077 1958 4120 tuum

427 4147 673 4215 fratribus
699 4152 843 4204 meis.
882 4151 1007 4207 Post
1032 4169 1238 4209 sacram
1275 4158 1570 4224 passionem
1615 4166 1670 4211 et
1723 4172 1958 4212 resurre-

425 4235 656 4292 ctionem
703 4238 832 4291 dicit
854 4239 1080 4317 gloriam
1103 4244 1404 4312 Divi-uitatis
1431 4256 1542 4302 toto
1568 4249 1698 4302 orbe
1739 4249 1959 4317 vulgan-

2060 1853 2146 1919 qui
2192 1851 2406 1906 habebat
2454 1853 2632 1905 mortis
2677 1853 2969 1920 imperium,
3021 1853 3117 1905 hoc
3168 1863 3264 1914 est,
3313 1853 3594 1905 diabolum.

2068 1955 2086 1986 ι
2140 1936 2236 2014 llic
2280 1937 2593 1991 admirabile
2640 1937 2891 2005 quiddam
2939 1938 3286 2002 demonstrat,
3335 1939 3458 2006 quia
3505 1954 3601 2006 por

2068 2027 2210 2096 quod
2253 2036 2567 2096 potestatem
2614 2027 2801 2081 habuit
2845 2027 3106 2090 diabolus,
3149 2042 3247 2095 per
3297 2028 3398 2081 hoc
3431 2028 3604 2083 victus

2060 2123 2179 2179 est;
2209 2130 2379 2180 arma,
2406 2130 2522 2184 quae
2569 2114 2784 2168 fuerunt
2826 2113 2901 2167 illi
2946 2113 3101 2180 fortia
3132 2115 3410 2167 adversum
3452 2131 3602 2170 mun-

2061 2207 2211 2269 dum,
2268 2208 2369 2261 hoc
2392 2192 2479 2261 'est
2525 2222 2690 2270 mors,
2720 2220 2814 2275 per
2840 2219 2901 2258 ea
2929 2205 3073 2258 illum
3099 2205 3341 2268 Christus
3388 2219 3604 2273 percus-

2059 2292 2146 2345 sit.
2184 2292 2282 2346 Hic
2319 2293 2733 2361 magnitudinem
2770 2293 2982 2346 virtutis
3016 2294 3132 2362 ejus
3164 2293 3257 2361 qui
3282 2293 3430 2353 vicit,
3477 2291 3602 2345 insi-

2060 2391 2189 2434 nuat
2210 2382 2535 2436 ostendendo
2554 2391 2806 2450 quantum
2829 2385 3024 2436 bonum
3067 2391 3377 2452 operaretur
3424 2396 3586 2437 mors.

2061 2470 2241 2538 (νω.
2271 2469 2380 2538 i5.)
2419 2466 2485 2521 Ut
2524 2469 2786 2530 liberaret,
2813 2455 3004 2536 inquit:
3025 2486 3111 2522 eos
3138 2472 3226 2538 qui
3251 2471 3432 2523 timore
3453 2485 3593 2522 utor-

2060 2558 2127 2608 tis
2181 2572 2272 2624 per
2295 2565 2453 2609 totam
2494 2555 2648 2609 vitam
2695 2554 2901 2607 obnoan'i
2951 2564 3096 2607 erant
3127 2555 3375 2610 seruituti.
3424 2553 3602 2619 Quare

2063 2647 2312 2710 tremitis,
2355 2628 2522 2715 quare
2547 2647 2745 2701 timetis
2791 2660 2907 2699 eam
2942 2660 3061 2714 qua:
3096 2643 3209 2711 jam
3249 2645 3597 2698 condemnata

2067 2736 2192 2786 est?
2235 2732 2351 2787 Jam
2401 2734 2654 2787 terribilis
2688 2749 2791 2787 non
2816 2743 2920 2797 est,
2956 2752 2974 2785 ι
3011 2734 3103 2787 sed
3141 2732 3406 2801 optabilis,
3445 2734 3595 2802 quasi

2057 2821 2296 2876 laborum
2325 2823 2444 2876 linis
2494 2830 2548 2876 et
2596 2823 2796 2889 requiei
2840 2823 3064 2875 initium.
3103 2819 3212 2875 Cur
3254 2822 3366 2874 ait:
3395 2820 3596 2874 Timore

2058 2908 2235 2962 mortis
2279 2924 2372 2978 per
2413 2911 2574 2962 totam
2624 2910 2779 2961 vitant
2844 2909 3049 2961 obnoxii
3124 2918 3270 2961 erant
3325 2909 3555 2962 servituti
3578 2909 3603 2959 γ

2059 2997 2212 3053 Servi
2248 2995 2462 3067 quidem
2496 2993 2688 3070 omnes
2719 2995 2929 3048 fuerant
2965 2996 3174 3058 mortis,
3212 2998 3334 3062 quia
3377 3005 3601 3050 mortem

2056 3087 2342 3149 timebant;
2383 3078 2604 3146 necdum
2626 3091 2779 3136 erant
2800 3081 2956 3136 soluti
2985 3099 3015 3134 a
3042 3081 3234 3136 timore
3258 3083 3468 3145 mortis,
3497 3098 3595 3136 cu-

2047 3175 2136 3242 jus
2163 3175 2364 3245 legibus
2382 3165 2716 3227 tenebantur.
2757 3170 2907 3224 Nunc
2931 3170 3110 3237 itaque
3129 3168 3297 3222 sancti
3323 3169 3484 3238 672
3505 3172 3600 3223 de-

2056 3264 2230 3317 rident
2277 3276 2417 3325 eam,
2442 3262 2532 3330 qui
2566 3249 2735 3330 agone
2779 3267 3048 3313 transacto
3083 3266 3136 3311 et
3182 3263 3352 3311 morte
3393 3259 3599 3312 devicta

2056 3350 2122 3402 ad
2163 3365 2382 3419 regnum
2430 3337 2887 3414 transitur-iuuat.
2941 3346 3094 3400 Unde
3141 3355 3198 3400 et
3241 3347 3356 3415 ipse
3396 3333 3603 3400 Paulus,

2054 3440 2124 3490 ait
2151 3455 2164 3489 :
2186 3437 2353 3504 Cupio
2375 3435 2583 3488 dissolui
2608 3444 2658 3487 et
2939 3434 3143 3486 Christo
3172 3434 3387 3504 (Philip.
3420 3436 3584 3501 1,13).

2125 3497 2389 3576 Vsus-.16.
2412 3550 2483 3560 -
2526 3520 2794 3589 Nusquam
3006 3497 3212 3588 angelos
3241 3497 3589 3591 apprehendit,

2052 3609 2140 3662 sed
2163 3625 2332 3662 semen
2361 3609 2579 3683 Abraha!
2602 3603 2958 3682 apprehendi}.
2981 3604 3128 3662 Unde
3149 3610 3322 3662 debuit
3347 3627 3440 3678 per
3476 3628 3557 3664 om
3575 3642 3589 3649 -

2055 3696 2140 3747 nia
2209 3695 2454 3763 fmtribus
2501 3695 2738 3748 similari.
2797 3696 3031 3750 Houorat
3073 3697 3159 3750 hic
3208 3697 3587 3764 patriarcham,

2055 3804 2251 3856 eosque
2293 3788 2383 3856 qui
2435 3789 2500 3841 de
2543 3788 2660 3855 ejus
2733 3796 2858 3841 sunt
2906 3802 3117 3855 genere,
3163 3788 3232 3841 ad
3282 3801 3418 3854 quos
3478 3790 3590 3841 ha-c

2056 3876 2275 3945 cpistola
2306 3876 2505 3944 scripta
2529 3884 2630 3929 est.
2663 3874 3058 3929 Commemorat
3076 3889 3206 3946 ergo
3233 3877 3298 3930 de
3323 3875 3596 3930 beneﬂciis

2056 3965 2174 4029 Dei,
2211 3973 2266 4019 et
2289 3966 2354 4020 de
2394 3964 2788 4033 propinquitate
2811 3963 3010 4017 carnali
3037 3963 3103 4018 ad
3122 3961 3410 4027 Christum,
3439 3972 3494 4018 et
3523 3965 3589 4018 de

2057 4056 2535 4123 promissionem
2553 4056 2693 4110 dicta
2728 4061 2811 4109 est
2845 4053 3150 4108 Abraham:
3181 4051 3291 4108 Tibi
3326 4063 3373 4107 et
3414 4055 3595 4108 sensim

2057 4149 2146 4192 tuo
2164 4141 2296 4193 dabo
2319 4151 2508 4194 terrain
2531 4142 2679 4194 hanc“
2690 4139 2840 4211 (Gen.
2867 4157 2996 4204 m1,
3016 4141 3096 4210 8),
3113 4143 3236 4208 quia
3255 4157 3322 4197 ex
3342 4157 3448 4195 uno
3473 4137 3592 4196 otii-

2058 4242 2172 4289 nes,
2213 4228 2268 4281 id
2297 4237 2398 4291 est,
2429 4227 2733 4289 Abraham;
2761 4227 3004 4281 Christus
3038 4229 3328 4282 secundum
3354 4244 3610 4298 carnem,

425 4330 566 4382 dam.
621 4325 887 4379 Nuntiabo
923 4313 1088 4392 enim,
1111 4330 1267 4394 dicit,
1291 4334 1345 4387 id
1379 4343 1481 4398 est,
1525 4352 1741 4391 narrare
1782 4313 1955 4400 facio;
1988 4333 2034 4392 D
2059 4329 2108 4372 ⁸⁸

1910 4357 1955 4400 η
1988 4333 2034 4392 ι)
2059 4329 2114 4372 et
2135 4317 2224 4400 illi;
2254 4318 2320 4371 ad
2346 4331 2482 4384 quos
2506 4317 2622 4369 haec
2644 4316 2977 4383 loquebatur.
3010 4315 3160 4381 Quod
3183 4330 3311 4370 vero
3349 4320 3593 4386 superius

425 4420 562 4494 sicut
578 4419 629 4472 in
655 4416 938 4486 Evangelia
959 4417 1266 4473 mulieribus
1294 4421 1426 4474 dixit
1449 4441 1462 4473 :
1489 4423 1590 4495 Ite,
1616 4426 1769 4478 dicite
1782 4428 1961 4495 fratri-

424 4507 516 4559 bus
531 4508 664 4559 nuis
684 4505 893 4576 (Matth.
920 4523 1108 4570 xxvm,
1137 4507 1243 4576 l0).
1263 4508 1477 4564 Fratres
1497 4521 1670 4565 autem
1694 4516 1956 4581 dicuntur,

423 4601 479 4647 et
503 4593 599 4660 qui
631 4591 876 4662 diligunt,
913 4601 967 4646 et
1001 4595 1092 4664 qui
1120 4593 1427 4667 diliguntur.
1461 4597 1680 4652 Addidit
1703 4614 1827 4654 vero
1851 4621 1863 4653 :
1893 4605 1959 4657 In

425 4681 592 4735 medio
642 4679 889 4734 Ecclesia:
942 4665 1164 4742 laudabo
1217 4665 1283 4738 te.
1335 4684 1392 4738 la
1441 4686 1615 4740 medio
1657 4695 1957 4742 sanctorum

424 4770 539 4823 laus
561 4767 766 4827 Domini
789 4779 1001 4823 resonat
1027 4757 1263 4839 perleum
1297 4775 1394 4842 qui
1415 4775 1489 4828 ait
1512 4789 1526 4827 :
1555 4773 1812 4841 Confiteor
1844 4777 1955 4840 tibi,

426 4857 587 4912 Pater
613 4851 727 4916 ccli
748 4865 798 4911 et
827 4865 1007 4922 terre,
1025 4862 1146 4928 quia
1181 4862 1492 4916 abscondisti
1527 4863 1638 4916 haec
1662 4880 1694 4915 a
1717 4865 1959 4933 sapienti-

423 4945 540 5009 bus,
561 4955 610 5001 et
634 4945 866 4999 molesti
903 4961 963 4998 ea
984 4946 1208 5014 pandis
1233 4947 1383 5017 (uc.
1418 4964 1472 5012 ι,
1499 4949 1609 5018 21).
1645 4933 1784 5006 Laus
1819 4952 1957 5005 enim

425 5035 632 5088 Domini
652 5050 778 5090 vera
804 5051 910 5090 non
936 5036 1105 5090 solum
1123 5050 1235 5099 ore,
1253 5037 1346 5091 sed
1363 5037 1525 5092 etiam
1551 5041 1711 5094 corde
1734 5042 1960 5094 amantis

423 5131 476 5174 et
495 5123 815 5190 perlicientis
829 5137 1088 5194 pracepta
1122 5125 1328 5179 Domini
1357 5134 1623 5179 narratur.
1643 5126 1826 5197 (Vsus.
1849 5130 1958 5199 l5.)

427 5211 500 5264 Et
540 5211 763 5264 iterum:
803 5211 914 5280 Ego
961 5230 1046 5266 ero
1093 5214 1258 5281 ﬁdens
1307 5214 1362 5265 in
1406 5230 1541 5266 eum
1594 5216 1669 5270 De
1714 5227 1959 5285 suscepto

424 5295 637 5354 homine
675 5296 775 5350 hoc
801 5296 996 5350 dictum
1022 5307 1131 5362 est,
1165 5301 1316 5369 cujus
1370 5299 1686 5355 conﬁdentia
1738 5313 1851 5374 tota.
1905 5306 1957 5358 in

424 5377 534 5433 Deo
579 5379 736 5435 Patre
759 5395 876 5435 esse
902 5396 1005 5436 non
1040 5384 1255 5438 dubium
1283 5395 1387 5450 est,
1414 5387 1551 5441 sicut
1579 5388 1630 5439 in
1676 5389 1959 5459 Evangelio

427 5469 539 5537 ipse
585 5471 676 5532 ait,
747 5485 844 5540 pro
893 5459 1084 5540 quibus
1136 5476 1525 5542 supplicabatur
1564 5477 1782 5531 dieens:
1833 5479 1957 5531 Volo

430 5553 604 5621 Pater,
638 5567 714 5620 ut,
748 5559 831 5611 ubi
877 5576 965 5630 ego
1005 5576 1134 5625 sum,
1161 5569 1208 5612 et
1251 5563 1348 5614 isti-
1384 5564 1483 5615 sint
1537 5563 1730 5615 merum
1778 5564 1951 5633 (Jama.

2059 4408 2156 4470 ait,
2201 4396 2447 4473 quoniam
2489 4419 2616 4474 ergo
2655 4405 2802 4472 pueri
2836 4404 3329 4456 communicauerunt
3369 4408 3592 4459 carni-ot

2057 4495 2319 4564 sanguini,
2348 4503 2394 4547 et
2432 4494 2537 4563 ipse
2562 4491 2798 4545 similiter
2816 4491 3137 4559 participauit
3187 4491 3395 4554 eisdem,
3439 4507 3590 4563 exse-

2057 4585 2240 4651 quitur
2267 4585 2490 4652 amplius
2516 4586 2658 4638 hunc
2682 4600 2915 4647 sensum,
2947 4583 3086 4637 unde
3111 4584 3451 4651 participaret
3474 4599 3590 4638 car-

2057 4689 2178 4727 nem
2213 4682 2268 4726 et
2301 4676 2611 4743 sanguinem
2631 4677 2654 4739 ;’
2680 4675 2798 4728 ideo
2825 4676 2938 4728 ait:
2968 4675 3091 4728 Non
3113 4676 3247 4727 enim
3284 4690 3587 4743 quemquam

2054 4762 2353 4830 angelorum
2384 4765 2736 4833 apprehendit,
2766 4765 2820 4818 id
2850 4773 2952 4829 est,
2986 4780 3090 4818 non
3115 4766 3395 4834 cnjuslibet
3418 4767 3602 4833 angeli

2053 4858 2301 4902 naturam
2321 4852 2573 4919 suscepit,
2590 4851 2679 4903 sed
2697 4867 2866 4903 semen
2885 4853 3101 4906 Abrahae
3114 4851 3460 4920 apprehendit.
3474 4850 3589 4905 Non

2054 4935 2196 4986 enim
2220 4935 2422 5002 angelis
2453 4952 2555 4990 una
2584 4937 2809 5004 dignitas
2851 4934 3044 4992 donata
3091 4947 3190 5002 est,
3218 4946 3278 4991 ut
3323 4939 3377 4991 in
3427 4953 3585 4992 unam

2055 5033 2333 5085 personam
2374 5022 2659 5077 Dei'Filius
2689 5039 2872 5078 eorum
2911 5035 3112 5080 natura:
3147 5026 3584 5093 coniungeretur:

2055 5107 2145 5161 sed
2180 5108 2324 5163 hunc
2347 5110 2597 5165 honorem
2637 5119 2692 5163 et
2718 5112 2854 5166 hanc
2880 5113 3188 5182 dignitatem
3226 5115 3468 5168 humanm
3494 5130 3588 5168 na-

2055 5203 2188 5250 tura:
2231 5197 2372 5251 Deus
2414 5197 2508 5251 Dei
2537 5197 2701 5252 Filius
2728 5201 3037 5264 contribuit,
3077 5211 3136 5255 ut
3171 5204 3310 5255 Deus
3340 5211 3395 5256 et
3431 5205 3590 5260 homo

2055 5298 2156 5335 una
2197 5293 2343 5338 esset
2374 5299 2616 5352 persona.
2663 5285 2838 5349 Quare
2866 5288 3019 5353 dixit,
3053 5291 3381 5358 apprehendit
3403 5293 3429 5344 .’
3453 5288 3587 5358 Quia

2054 5385 2149 5423 nos
2177 5373 2327 5438 quasi
2361 5373 2662 5426 recedentes
2688 5368 2756 5428 ab
2782 5391 2846 5430 co
2877 5386 2932 5430 et
2963 5378 3114 5444 longe
3150 5377 3408 5448 fugientes
3450 5382 3593 5438 inse-
3642 5386 3644 5388 ’

2053 5467 2206 5510 cutus
2251 5461 2616 5526 apprehendit,
2654 5473 2708 5515 et
2754 5465 2806 5517 in
2849 5481 3006 5517 unam
3055 5480 3333 5532 personam
3389 5481 3584 5528 nostra:

2056 5544 2352 5612 fragilitatis
2397 5556 2639 5602 naturam
2669 5550 2768 5604 sibi
2815 5555 3247 5620 contemperavit.
3297 5555 3428 5612 Mira
3457 5577 3555 5614 con
