4262 6204
715 291 734 343 Ι
744 291 845 345 043

1524 292 1582 344 Β.
1623 291 1679 344 Ι·“.
1719 292 1939 346 ALBINI
1976 292 2102 349 SEU
2141 291 2410 349 ALCUINI
2446 293 2721 350 OPERIJM
2757 295 2932 353 PARS
2963 297 3024 352 ll.

3749 305 3887 360 to“

708 399 909 487 iunctio
929 396 1060 487 dum
1105 408 1335 452 aeternus
1363 407 1415 487 et
1456 395 1770 455 immortalis
1800 403 2009 456 mortali
2038 411 2092 457 et
2121 414 2247 456 tcm-
2273 409 2321 466 Α
2348 403 2562 477 lentiam
2612 406 3020 474 promissionum
3075 409 3187 475 Dei,
3241 418 3299 465 ut
3351 413 3550 469 intente
3591 431 3649 472 se
3696 428 3887 487 parent

713 485 876 554 porali
926 478 1185 540 adunatus
1213 488 1329 540 est!
1359 486 1631 552 Quomodo
1663 503 1789 543 vero
1819 491 1919 544 hoc
1945 498 2102 553 esset,
2125 505 2251 544 con—

711 573 884 627 festim
931 573 1201 639 subjunxit
1250 574 1478 628 dicens:
1521 576 1704 645 (Vsus.
1753 577 1837 645 ΓΙ)
1890 575 2037 632 Unde
2078 579 2249 632 debuit

707 681 798 730 per
837 667 1007 718 omnia
1042 665 1289 731 fratribus
1313 668 1552 720 similari.
1594 685 1613 717 ε
1641 668 1775 733 Quid
1803 675 1901 729 est,
1926 683 2016 735 per
2041 669 2210 719 omnia
2227 667 2252 716 7

709 745 764 806 Id
786 763 886 815 est,
916 763 1069 806 natus
1100 762 1206 817 est,
1233 755 1502 810 educatus.
1552 756 1736 818 crevit,
1766 769 1952 824 passus
1983 763 2065 808 est
2088 755 2249 807 etiam

707 851 759 893 ct
790 851 1048 902 mortuus,
1084 859 1103 891 ι
1154 850 1211 893 ιιι
1233 856 1328 910 per
1357 844 1532 894 omnia
1575 843 1764 896 similis
1789 851 1930 896 esset
1974 840 2244 902 fratribus,

707 932 800 998 qui
850 929 1107 996 ejusmodi
1155 930 1441 984 conditioni
1499 930 1717 998 subjecti
1779 937 1918 980 sunt.
1993 927 2247 996 Superius

708 1017 849 1069 cnim
904 1016 1033 1069 dicit
1087 1015 1418 1084 splendorem
1462 1030 1581 1069 eum
1657 1017 1856 1082 glorias,
1908 1025 1959 1069 et
2015 1026 2246 1085 paterna:

708 1105 1028 1172 substantia}
1075 1105 1312 1173 ﬁguram,
1364 1119 1459 1173 per
1501 1121 1657 1173 quem
1704 1107 1894 1160 szucula
1922 1105 2064 1160 fecit.
2103 1106 2246 1159 «Iste

713 1202 894 1246 tantus
968 1201 1021 1246 et
1068 1202 1174 1245 tam
1229 1192 1486 1247 mirabilis
1536 1182 1606 1246 et.
1657 1203 1763 1245 tam
1811 1193 2069 1262 gloriosus
2132 1202 2247 1246 tan-

711 1294 817 1335 tam
877 1289 1069 1335 nostra
1123 1281 1312 1335 salutis
1346 1296 1530 1335 curam
1589 1282 1797 1344 habuit,
1837 1289 1894 1333 ut
1947 1281 2108 1335 frater
2152 1299 2246 1334 no-

708 1385 820 1426 ster
854 1375 904 1427 in
953 1374 1199 1427 omnibus
1252 1373 1418 1427 ﬁeret.
1474 1374 1700 1442 Propter
1738 1375 1838 1428 hoc
1869 1372 2084 1441 angelos
2113 1387 2244 1440 quo-

709 1463 988 1515 dammodo
1015 1463 1243 1531 reliquit,
1281 1463 1516 1531 aliasque
1543 1462 1798 1517 malorum
1840 1463 2082 1524 virtutes,
2118 1481 2135 1512 ι
2187 1471 2244 1514 ut

705 1567 799 1604 nos
839 1553 1273 1620 apprehenderet,
1312 1569 1463 1606 ovem
1507 1555 1786 1622 perditam,
1829 1555 2091 1622 passionis
2135 1568 2243 1607 sua:

705 1642 989 1700 iuventam,
1048 1640 1281 1694 humeris
1333 1643 1630 1708 impositam
1680 1651 1976 1710 reportaret
2028 1643 2088 1695 ad
2134 1657 2242 1696 cte—

705 1729 890 1782 lestem
930 1730 1175 1797 patriam.
1226 1729 1321 1783 llic
1365 1744 1492 1782 vero
1521 1738 1696 1783 tantus
1734 1739 1788 1784 et
1831 1730 1950 1783 talis
1991 1728 2242 1784 sacerdos

703 1829 885 1874 noster
924 1819 1083 1872 voluit
1142 1821 1277 1887 apud
1329 1819 1540 1872 Patrem
1603 1821 1832 1886 seipsum
1895 1820 2086 1873 offerre
2148 1832 2244 1885 pro

702 1909 870 1961 nobis.
922 1905 1148 1959 Proinde
1178 1915 1389 1960 secutus
1415 1916 1498 1959 est
1530 1916 1582 1958 et
1622 1907 1815 1960 infert:
1846 1904 1911 1957 Ct
1957 1904 2241 1958 misericors

701 1997 841 2062 ﬁeret
866 2006 911 2048 et
937 1997 1102 2062 ﬁdelis
1124 1997 1353 2063 pontifex
1381 1997 1448 2048 ad
1473 1997 1657 2059 Deum,
1685 2004 1741 2048 ut
1771 1995 2120 2063 repropitiaret
2153 1994 2242 2046 de-

700 2085 818 2135 licta
844 2084 1036 2152 populi.
1072 2085 1174 2136 Nec
1201 2085 1375 2151 itaque
1401 2085 1500 2137 alia
1522 2100 1680 2138 causa
1707 2084 1802 2137 fuit
1827 2084 1920 2147 illi,
1943 2099 2037 2152 per
2061 2083 2238 2138 omnia

702 2172 956 2225 fratribus
982 2172 1287 2234 assimilari,
1319 2173 1418 2225 nisi
1458 2180 1514 2224 ut
1551 2171 1718 2226 ﬁdelis
1744 2171 1980 2239 pontifex
2020 2180 2162 2225 esset
2187 2171 2239 2222 in

701 2259 872 2322 nobis,
922 2260 1221 2327 nostrisque
1275 2260 1586 2326 propitiaret
1630 2260 1881 2326 peccatis.
1934 2276 1954 2308 ι
1994 2257 2110 2312 Non
2156 2267 2239 2310 est

698 2345 866 2398 altera
904 2347 1065 2397 totius
1104 2347 1260 2414 hujus
1305 2346 1557 2400 miranda:
1599 2346 2009 2415 dispensationis
2055 2360 2234 2406 causa,

698 2447 856 2499 quam
884 2434 997 2485 haec
1025 2433 1155 2486 sola.
1185 2433 1325 2485 Vidit
1350 2434 1543 2501 quippe
1578 2448 1744 2502 genus
1764 2433 2052 2488 humanum
2075 2432 2237 2484 humo

693 2518 956 2584 iacentem
982 2517 1384 2590 [Leg.,jacens],
1411 2528 1746 2586 peccatorum
1762 2520 2233 2587 vinculisligatum,

698 2609 855 2660 morti
898 2607 1202 2669 obnoxium,
1244 2609 1576 2675 tyrannidem
1628 2609 1852 2676 patiens,
1892 2616 1946 2661 et
1988 2608 2237 2661 misertus

695 2704 779 2750 est
805 2697 919 2763 ejus
946 2695 1081 2748 sicut
1111 2694 1277 2748 ﬁdelis
1303 2696 1556 2762 pontifex.
1590 2694 1807 2756 Fidelis,
1835 2696 1984 2756 dicit,
2008 2696 2108 2749 hoc.
2132 2702 2233 2756 est,

697 2799 854 2837 verus
901 2792 955 2837 et
997 2794 1201 2851 potens.
1242 2803 1258 2833 ι
1307 2783 1650 2835 Ministerium
1698 2783 1902 2835 scilicet
1946 2783 2236 2835 sacerdotis

695 2882 797 2935 est,
829 2872 1033 2925 ﬁdelem
1061 2887 1196 2932 esse,
1229 2880 1285 2922 ut
1309 2872 1476 2939 possit
1499 2886 1589 2924 eos
1616 2885 1840 2939 quorum
1860 2879 1940 2923 est
1967 2868 2230 2928 sacerdos,

695 2961 921 3014 liberare
990 2977 1018 3012 a
1069 2963 1315 3029 peccatis.
1367 2959 1592 3014 Proinde
1659 2975 1755 3028 pro
1822 2959 1937 3027 ejus
1999 2959 2231 3026 potentia

696 3050 1006 3103 subsecutus
1035 3047 1273 3114 adjnuxit
1297 3066 1309 3099 :
1336 3047 1516 3116 (V'sns.
1551 3048 1637 3114 i8)
1681 3046 1744 3100 In
1779 3063 1838 3099 eo
1865 3048 2022 3109 enim,
2061 3047 2110 3098 in
2133 3062 2232 3115 quo

2347 491 2586 558 accipere
2619 494 2762 559 quod
2789 493 2926 548 Deus
2945 490 3174 565 benigne
3195 497 3268 551 illi
3295 502 3539 568 promisit
3558 502 3766 572 afferte,
3789 522 3886 561 no-

2345 572 2554 641 minans
2583 595 2676 634 eos
2704 580 2898 637 fratres
2922 583 3263 640 charissimos
3288 588 3354 640 ad
3383 591 3618 646 emlestia
3645 603 3884 658 vocatos,

2344 665 2631 732 participes
2664 682 2784 720 cum
2821 667 3033 724 Christo
3060 673 3387 730 hereditatis
3425 675 3539 730 Dei.
3576 677 3678 743 Qui
3716 679 3886 747 ﬁdelis

2344 758 2417 800 est
2444 751 2512 813 ei,
2535 752 2713 815 idest,
2741 753 2850 808 Deo
2878 753 3045 819 Patri,
3070 760 3160 826 qui
3193 759 3314 826 fecit
3339 777 3474 814 eum.
3515 762 3591 818 De
3642 765 3887 821 humani-

2346 845 2452 890 tate
2479 839 2592 906 ejus
2637 841 2785 905 dicit,
2820 844 2908 911 qui
2945 843 3113 898 factus
3149 857 3229 900 est
3257 864 3322 902 ex
3357 851 3559 905 semine
3599 833 3776 910 David.
3799 872 3886 910 se-

2343 927 2572 979 cundum
2614 943 2865 992 carnem;
2894 945 2997 982 non
3043 932 3108 986 de
3140 933 3438 1000 divinitate,
3482 953 3600 1005 qua:
3647 955 3753 995 non
3801 951 3886 997 est

2345 1011 2504 1073 facta,
2533 1014 2624 1065 sed
2644 1010 2820 1081 genita
2847 1031 2878 1068 a
2917 1017 3094 1081 Patre,
3125 1022 3281 1074 unius
3303 1008 3609 1079 substantia:
3637 1043 3757 1081 cum
3798 1045 3881 1084 eo.

2349 1115 2365 1147 ε
2397 1097 2540 1151 Sicut
2566 1099 2786 1168 Moyses,
2827 1105 2922 1183 ait,
2957 1099 3124 1159 fidelis
3151 1115 3234 1167 est
3267 1110 3320 1161 in
3345 1109 3496 1163 domo
3520 1128 3634 1165 sua.
3674 1114 3885 1183 Praepo-

2354 1144 2364 1147 -
2397 1144 2537 1151 --ηπ
2566 1144 2786 1168 -ντννν,
2827 1144 2898 1156 ...ι
2957 1144 3124 1159 ...ιι-ιο
3151 1144 3234 1167 pa.
3268 1144 3320 1161 υι
3345 1144 3496 1163 usu-esu
3520 1144 3634 1165 ouu-
3674 1144 3882 1183 τιαςμυ-

2341 1192 2540 1245 siturus
2583 1207 2703 1245 eum
2757 1144 2945 1262 Moysi,
2988 1197 3278 1250 secundum
3325 1203 3774 1268 comparationem
3831 1206 3882 1257 in

2340 1278 2456 1346 lege
2478 1280 2782 1340 sacerdotii,
2807 1280 2946 1333 hunc
2983 1291 3278 1336 sermonem
3323 1285 3552 1350 induxit,
3586 1306 3604 1339 ι
3645 1304 3888 1345 asserens

2339 1381 2459 1420 eum
2482 1367 2688 1420 ﬁdelem
2709 1383 2827 1422 esse
2855 1369 2906 1421 in
2928 1371 3084 1424 domo
3109 1387 3222 1426 sua.
3261 1390 3278 1422 ι
3309 1372 3562 1440 Fidelem,
3592 1377 3643 1430 id
3664 1386 3765 1441 est,
3793 1381 3886 1432 de-
3925 1402 3927 1404 ·

2340 1463 2539 1520 votum,
2572 1454 2935 1510 defendentem
2975 1473 3036 1512 ea
3063 1475 3178 1528 qua:
3213 1471 3336 1514 sunt
3356 1462 3493 1530 ejus,
3529 1460 3633 1518 nun
3668 1469 3885 1534 permit-

2341 1548 2536 1594 tentem
2584 1543 2848 1612 corrumpi
2873 1562 2884 1595 :
2918 1563 2936 1595 ι
2967 1558 3084 1612 qua:
3116 1547 3303 1602 domus
3325 1564 3422 1602 nos
3441 1565 3650 1616 sumus,
3671 1553 3808 1606 sicut
3830 1555 3882 1608 in

2340 1630 2783 1697 consequentibus
2829 1629 3159 1686 dicit:Sicut
3212 1634 3414 1703 Moyses
3459 1636 3625 1704 ﬁdelis
3681 1639 3780 1706 fuit
3828 1641 3884 1694 in

2275 1700 2317 1758 Β
2342 1718 2492 1771 domo
2518 1735 2636 1780 sua,
2661 1719 2711 1773 id
2737 1729 2820 1773 est
2841 1722 3031 1788 populo
3061 1723 3252 1789 prione.
3276 1700 3885 1794 Confestimque-musa

2339 1816 2494 1861 cutus
2512 1809 2742 1862 ostendit
2763 1811 3026 1878 quomodo
3052 1812 3237 1865 domus
3267 1814 3407 1867 illius
3429 1829 3544 1868 esse
3565 1817 3878 1881 debeamus;

2337 1895 2414 1949 ait
2457 1895 2638 1949 enim:
2673 1891 2804 1960 Qua:
2844 1897 3026 1950 domus
3069 1915 3244 1952 sumus
3298 1917 3410 1963 nos,
3452 1902 3498 1953 si
3535 1903 3778 1963 fiduciam
3829 1915 3879 1958 et

2336 1984 2553 2054 gloriam
2598 1984 2705 2051 spei
2743 2000 2902 2053 usque
2952 1986 3022 2036 ad
3072 1986 3224 2053 ﬁnem
3279 1989 3484 2056 ﬁrmam
3539 1991 3880 2053 retineamus;

2336 2075 2460 2141 quia
2480 2073 2566 2142 qui
2589 2074 2977 2140 perseuerauerit
2999 2072 3159 2144 usque
3190 2077 3242 2127 in
3264 2077 3437 2144 ﬁnem,
3472 2079 3554 2130 hic
3584 2078 3755 2132 salvus
3783 2083 3881 2133 erit

2336 2161 2549 2231 (Matth.
2577 2178 2724 2226 xxiv,
2759 2162 2867 2230 15).
2908 2163 3129 2217 Domum
3168 2167 3308 2219 enim
3348 2169 3496 2230 dicit,
3531 2183 3626 2236 pro
3667 2169 3750 2222 his
3791 2170 3878 2237 qui

2333 2252 2755 2306 eonvocanturin
2774 2253 3015 2306 ecclesia.
3035 2253 3234 2316 Intulit,
3258 2255 3352 2307 Dei
3373 2255 3552 2308 domus
3572 2272 3747 2310 sumus
3766 2273 3878 2320 nos,

2334 2338 2538 2393 factura
2584 2340 2698 2403 Dei,
2757 2341 2923 2395 creati
2966 2341 3020 2393 in
3071 2339 3282 2395 Christo
3331 2340 3476 2395 Jesu.
3520 2341 3669 2395 Nunc
3715 2358 3880 2410 usque

2332 2431 2779 2499 comparationem
2830 2431 2954 2483 fecit
3016 2431 3081 2483 de
3113 2431 3475 2483 incarnatione
3523 2429 3716 2484 Christi
3758 2445 3878 2483 cum

2335 2518 2546 2587 Moyse;
2576 2518 2764 2571 dehinc
2791 2531 2847 2571 se
2875 2517 2938 2570 ad
2968 2517 3154 2570 altiora
3187 2516 3301 2585 ejus
3345 2517 3609 2571 narranda
3654 2531 3875 2570 conver-

2335 2607 2419 2667 tit,
2472 2605 2652 2659 dicens
2685 2623 2696 2656 :
2734 2604 2918 2672 (Vsus.
2959 2604 3014 2669 5)
3058 2603 3335 2671 Amplioris
3391 2602 3526 2658 enim
3569 2601 3748 2674 gloriae
3786 2605 3880 2657 iste

2331 2709 2439 2761 pra
2470 2692 2646 2761 Moyse
2673 2692 2856 2760 dignus
2875 2691 3076 2746 habitus
3098 2700 3194 2753 est,
3221 2700 3414 2759 quanto
3473 2690 3772 2760 ampliorem
3795 2691 3881 2744 Ito-

2334 2801 2505 2840 norem
2532 2784 2678 2837 liabet
2698 2783 2902 2845 domus,
2930 2784 3017 2851 qui
3045 2781 3314 2852 fabricavit
3337 2780 3500 2835 illam.
3541 2801 3560 2833 ε
3585 2783 3699 2836 Non
3722 2782 3876 2846 dixit,

2333 2881 2531 2940 quanto
2557 2872 2810 2940 majorem
2830 2869 2988 2923 habet
3008 2870 3259 2923 honorem
3284 2870 3350 2923 ab
3369 2871 3618 2939 operibus
3647 2869 3874 2929 artifex;

2332 2960 2424 3012 sed
2463 2973 2622 3028 quam
2661 2959 2868 3020 domus,
2910 2957 2998 3023 qui
3030 2957 3325 3010 construxit
3362 2971 3500 3010 eam.
3545 2956 3706 3009 Vides
3748 2966 3878 3024 quo-

2335 3049 2490 3101 modo
2527 3063 2632 3101 non
2673 3048 2738 3100 de
2770 3046 2963 3115 templo
3003 3045 3151 3106 dicit,
3193 3045 3284 3097 sed
3319 3043 3384 3096 de
3431 3044 3572 3097 omni
3612 3044 3826 3112 pupulo,
3854 3062 3872 3094 ι

693 3147 876 3203 passus
914 3147 1008 3196 est,
1039 3137 1145 3204 ipse
1180 3145 1402 3187 tentatus
1423 3145 1596 3202 potens
1618 3144 1692 3186 est
1726 3135 1796 3186 eis
1833 3135 1920 3202 qui
1949 3143 2230 3195 tentantur,
2274 3152 2287 3189 /
2331 3137 2522 3205 primo,
2560 3148 2716 3202 quem
2758 3132 2962 3200 Moyses
2996 3133 3061 3184 de
3098 3129 3329 3199 Egypto
3364 3129 3542 3183 eduxit
3566 3148 3581 3190 ;
3605 3138 3660 3184 et
3690 3132 3878 3185 deinde

695 3224 958 3280 auxiliari.
988 3223 1043 3276 In
1069 3237 1152 3284 eo,
1181 3221 1234 3274 id
1279 3231 1377 3283 est,
1409 3222 1620 3274 homine
1665 3223 1715 3275 iu
1756 3238 1861 3289 quo
1903 3237 2091 3288 passus
2130 3230 2230 3282 est,

695 3323 884 3382 potens
916 3319 999 3365 est
1027 3311 1195 3364 victos
1227 3311 1471 3374 liberare,
1509 3318 1840 3377 tentatosque
1870 3311 2139 3378 adjuvare,
2170 3325 2234 3362 ne

697 3401 1011 3464 vincantur;
1035 3399 1157 3467 quia
1189 3399 1505 3451 tentationes
1531 3405 1744 3450 nostras
1771 3411 1873 3450 non
1903 3397 2068 3450 solum
2098 3398 2234 3451 sicut

697 3489 970 3551 Dominus,
1020 3487 1110 3540 sed
1163 3486 1324 3538 etiam
1372 3473 1514 3537 sicut
1559 3484 1716 3538 homo
1770 3485 1820 3538 in
1871 3499 1929 3537 se
1974 3483 2098 3552 ipso
2139 3499 2236 3552 per

695 3567 1116 3644 experimentum
1146 3574 1408 3641 cognovit.
1451 3572 1597 3626 Licet
1642 3573 1780 3626 Deus
1825 3573 1876 3626 in
1902 3587 1997 3625 sua
2046 3580 2233 3624 natura

697 3667 765 3718 sit
807 3663 1177 3730 impassibilis;
1207 3671 1380 3714 tamen
1417 3662 1468 3713 in
1498 3670 1677 3714 nostra
1719 3675 1878 3728 quam
1929 3661 2230 3728 assumpsit,

704 3755 841 3808 idem
893 3753 985 3805 Dei
1017 3751 1181 3804 Filius
1209 3749 1472 3818 passibills
1499 3749 1612 3812 fuit,
1646 3759 1838 3805 nostra:
1863 3759 2065 3804 natura:
2103 3765 2231 3805 con-

699 3843 906 3896 similis.
973 3859 990 3891 t
1023 3841 1077 3893 In
1101 3855 1162 3893 ca
1199 3855 1324 3893 vero
1351 3853 1510 3893 carne
1560 3854 1720 3908 quam
1767 3839 2018 3906 suscepit,
2071 3837 2234 3891 multa

698 3949 836 3986 sava
893 3946 1080 3998 passus
1133 3938 1232 3983 est.
1270 3928 1425 3981 Novit
1470 3928 1594 3994 quid
1648 3939 1732 3981 est
1787 3928 1888 3980 ista
1943 3925 2232 3986 tribulatio,

701 4021 847 4073 novit
879 4019 1004 4087 quid
1041 4026 1123 4071 est
1166 4017 1386 4070 tentatio
1425 4015 1758 4103 patientium.
1793 4033 1811 4065 ι
1853 4014 1968 4082 Ipse
2005 4021 2235 4067 tentatus

669 4163 675 4177 ,
699 4118 800 4169 est,
828 4107 918 4160 sed
945 4121 1048 4158 non
1077 4113 1371 4173 superatus.

1297 4191 1518 4247 CAPUT
1557 4191 1643 4248 Ill.

2331 3223 2395 3277 de
2415 3232 2496 3282 eo,
2529 3235 2685 3290 quem
2706 3219 2949 3274 Christus
2970 3219 3033 3273 de
3055 3217 3312 3272 diabolica
3333 3219 3588 3272 servitute
3613 3219 3874 3281 liberavit,

2331 3311 2535 3378 sibique
2550 3311 2602 3362 in
2621 3311 2834 3364 domum
2851 3308 3132 3374 acquisivit

2400 3401 2559 3454 Vsus.
2603 3399 2655 3451 4.
2685 3426 2754 3436 --
2783 3395 2961 3450 Omnis
3007 3411 3223 3464 namque
3269 3396 3448 3448 domus
3488 3395 3775 3463 fabricatur
3814 3393 3878 3446 ab

2330 3489 2535 3558 aliqua;
2557 3486 2645 3554 qui
2670 3494 2838 3538 autem
2862 3485 3034 3536 omnia
3060 3483 3268 3545 creavit,
3285 3480 3431 3535 Deus
3455 3493 3548 3535 est.
3590 3481 3686 3536 Hic
3713 3481 3880 3536 facto-

2334 3593 2443 3630 rem
2470 3590 2500 3628 a
2529 3574 2731 3636 factura
2765 3571 3046 3632 discernit,
3075 3571 3351 3637 utriusque
3384 3571 3574 3623 domus
3607 3577 3878 3622 auctorem

2331 3665 2497 3717 Deum
2549 3676 2667 3716 esse
2718 3660 2936 3728 intelligi
2980 3659 3187 3721 volens;
3243 3657 3334 3710 sed
3385 3657 3537 3710 aliter
3583 3657 3738 3718 illius,
3791 3655 3876 3709 cui

2332 3754 2538 3822 Moyses
2572 3749 2813 3820 praefuit;
2856 3749 3009 3802 aliter
3046 3747 3201 3810 illius,
3234 3747 3318 3800 cui
3348 3746 3592 3800 Christus
3620 3746 3725 3799 dux
3761 3761 3880 3800 esse

2331 3851 2387 3896 et
2411 3840 2654 3895 dominus
2680 3838 3033 3906 cognoscitur.
3064 3836 3186 3890 ideo
3213 3835 3521 3888 subsecutus
3549 3834 3622 3888 ait
3645 3853 3658 3886 :
3692 3835 3874 3903 (Vens.

2330 3930 2382 3992 5,
2427 3930 2481 4000 6)
2511 3929 2578 3983 Et
2605 3928 2806 3996 Moyses
2827 3927 3032 3995 quidem
3061 3923 3226 3991 ﬁdelis
3251 3932 3358 3975 erat
3385 3923 3444 3974 in
3461 3932 3569 3974 tota
3595 3921 3746 3974 domo
3767 3922 3880 3989 ejus

2330 4029 2575 4088 tanquam
2604 4015 2828 4085 famulus
2863 4017 2916 4066 in
2949 4012 3289 4066 testimonium
3317 4025 3492 4062 eorum
3518 4025 3633 4077 qua:
3659 4005 3877 4063 dicenda

2330 4114 2478 4161 erant
2492 4123 2511 4170 ;
2538 4105 2771 4160 Christus
2798 4117 2913 4155 vero
2937 4111 3178 4168 tanquam
3200 4098 3340 4166 ﬁlius
3363 4099 3416 4150 in
3441 4098 3591 4150 domo
3615 4114 3744 4161 sua;
3765 4113 3881 4166 qua

2332 4195 2514 4248 domus
2539 4207 2716 4246 sumus
2741 4206 2854 4253 nos,
2883 4191 2930 4243 si
2964 4188 3210 4255 ﬁduciam
3246 4195 3293 4239 et
3329 4185 3546 4255 gloriam
3580 4186 3687 4255 spei
3723 4201 3880 4252 usque

771 4289 927 4340 Vsus.
950 4280 1201 4347 i,2.-—U
1208 4282 1325 4344 nde,
1339 4281 1523 4347 fratres
1537 4281 1718 4340 sancti,
1737 4278 2012 4331 vocationis
2025 4277 2234 4330 cwlestis
2266 4299 2314 4359 υ
2337 4284 2391 4334 in
2413 4283 2568 4350 ﬁnem
2595 4278 2798 4344 ﬁrmam
2828 4276 3151 4329 retineamus.
3187 4293 3204 4325 ι
3241 4273 3342 4328 Iste
3369 4281 3563 4336 autem,
3586 4273 3640 4326 id
3665 4279 3768 4355 est,
3793 4269 3882 4324 Je-

699 4374 988 4442 participes,
1011 4368 1328 4422 considerate
1352 4364 1637 4434 apostolum
1654 4372 1700 4417 et
1721 4362 2007 4432 pontiﬁcem
2034 4363 2233 4432 confes—

702 4462 860 4515 sionis
879 4470 1064 4514 nostra
1083 4458 1284 4519 Iesum,
1303 4456 1388 4524 qui
1404 4455 1571 4521 ﬁdelis
1587 4463 1658 4508 est
1674 4454 1718 4506 ei
1735 4453 1822 4521 qui
1835 4452 1953 4518 fecit
1973 4452 2141 4517 illum,
2163 4454 2234 4508 si-

701 4559 787 4603 cut
799 4559 847 4603 et
871 4546 1070 4615 Moyses
1098 4546 1152 4598 iu
1171 4543 1309 4596 omni
1335 4542 1488 4594 domo
1508 4540 1668 4594 illius.
1683 4541 1868 4595 Adhuc
1885 4541 2044 4597 etiam
2069 4542 2133 4597 de
2156 4543 2238 4596 in-

699 4636 1019 4694 carnationis
1045 4633 1241 4687 Christi
1262 4631 1495 4700 loquitur
1513 4630 1822 4684 ministerio.
1838 4630 1968 4684 Nam
1993 4633 2045 4685 in
2065 4632 2234 4684 Evan-

701 4727 837 4796 gelio
875 4725 986 4793 ipse
1015 4730 1238 4776 testatur
1262 4736 1320 4775 se
1347 4719 1562 4773 missum
1603 4734 1707 4773 non
1746 4734 1861 4773 esse
1887 4720 1987 4772 nisi
2015 4720 2080 4772 ad
2109 4733 2236 4772 oves

702 4814 956 4882 perditas.
994 4811 1094 4864 hoc
1150 4816 1252 4871 est,
1310 4808 1496 4861 domus
1555 4806 1736 4862 Israel.
1791 4805 2020 4875 Angelus
2077 4807 2238 4873 igitur

699 4903 905 4964 Cmce,
934 4898 1119 4954 Latine
1159 4898 1351 4949 missus
1383 4895 1593 4951 dicitur.
1632 4895 1945 4964 Cognoscite
1989 4897 2121 4964 quid
2157 4905 2239 4950 est

701 4993 855 5044 Iesus
916 4987 1186 5046 sacerdos,
1243 4995 1297 5040 et
1344 4985 1536 5052 qualis,
1597 4995 1653 5038 et
1697 5000 1800 5038 non
1858 4985 2062 5038 habetis
2107 4975 2240 5054 Opus

700 5075 1057 5132 wnsolatione
1097 5075 1221 5136 alia,
1254 5087 1421 5140 neque
1467 5072 1671 5126 solatio.
1711 5090 1729 5122 ε
1759 5072 2059 5138 Pontiﬁcem
2096 5075 2236 5127 enim

698 5177 820 5220 eum
851 5163 985 5217 dixit
1017 5162 1346 5228 confessionis
1380 5170 1589 5223 nostris,
1625 5162 1683 5214 id
1709 5172 1810 5224 est,
1851 5161 1969 5214 fidei
2018 5169 2232 5225 nostrae,

701 5253 785 5304 uti
815 5252 900 5305 isti
922 5249 1146 5318 populus
1169 5263 1336 5302 novus
1363 5249 1676 5302 commissus
1699 5256 1800 5310 est,
1827 5249 1964 5301 sicut
1995 5254 2049 5299 et
2071 5245 2233 5316 Moysi

701 5339 849 5398 prior
864 5338 1024 5407 673
1045 5336 1267 5405 populus
1297 5338 1347 5390 in
1375 5336 1606 5406 regimen
1646 5335 1802 5389 datus
1829 5343 1946 5388 est:
1975 5335 2067 5389 sed
2117 5337 2236 5390 huic

704 5428 902 5494 majora
934 5427 1015 5481 vel
1042 5425 1192 5493 longe
1218 5425 1433 5479 meliora
1455 5425 1734 5480 commissa
1752 5433 1873 5478 sunt
1892 5439 1905 5476 :
1925 5443 1942 5474 ι
1959 5424 2077 5478 Vult
2094 5425 2232 5478 enim

705 5514 891 5570 beatus
919 5517 1110 5572 Paulus
1139 5517 1341 5585 erigere
1369 5515 1570 5569 animos
1596 5515 1951 5568 lsraelitarum
1969 5514 2032 5567 ad
2060 5513 2233 5568 excel-

2335 4386 2426 4425 sus
2460 4371 2510 4423 in
2540 4375 2787 4436 paternas
2823 4380 2910 4419 res
2945 4365 3081 4418 sicut
3108 4364 3246 4418 ﬁlius
3281 4363 3506 4434 [Chrys.,
3547 4351 3690 4415 sicut
3708 4362 3882 4416 domi-

2335 4457 2457 4527 nus]
2488 4455 2810 4524 ingreditur;
2851 4454 2936 4506 ille
2964 4460 3152 4512 autem,
3186 4452 3238 4504 id
3259 4458 3359 4512 est,
3385 4449 3608 4518 Moyses,
3634 4449 3770 4503 sicut
3805 4448 3883 4502 fa-

2338 4549 2510 4604 mulus
2547 4548 2659 4602 Dei.
2695 4547 2789 4600 llic
2817 4546 3007 4598 iterum
3037 4558 3129 4597 eos
3153 4543 3393 4594 hortatur
3429 4547 3568 4593 stare
3596 4538 3805 4593 fortiter
3827 4547 3883 4590 ct

2339 4652 2440 4689 non
2471 4635 2649 4691 subrui
2673 4633 2864 4706 [Idem,
2891 4628 3195 4696 subruere];
3229 4628 3415 4680 domus
3441 4627 3634 4697 quippe
3659 4626 3754 4680 Dei
3776 4626 3879 4678 eri-

2339 4742 2476 4789 mus,
2515 4727 2559 4780 si
2593 4724 2837 4782 ﬁduciam
2867 4720 2977 4788 Spei
3014 4728 3066 4771 et
3101 4718 3278 4785 gloriae
3305 4732 3470 4785 usque
3505 4717 3558 4769 in
3595 4717 3751 4769 ﬁnem
3792 4715 3883 4766 lir-

2335 4831 2473 4868 mam
2499 4813 2838 4866 retineamus.
2869 4827 2887 4858 ι
2918 4808 3056 4859 Bene
3078 4805 3238 4858 dixit:
3271 4805 3515 4870 ﬁduciam
3538 4803 3644 4870 spei
3669 4810 3877 4865 πωπω,

2334 4902 2580 4971 quoniam
2611 4901 2744 4951 bona
2772 4895 2947 4948 omnia
2971 4894 3167 4946 sanctis
3192 4893 3244 4944 in
3281 4894 3378 4945 hac
3407 4891 3511 4942 vita
3538 4888 3589 4939 in
3622 4901 3715 4954 spe
3736 4897 3878 4952 sunt,

2333 4990 2500 5041 donec
2533 4985 2598 5038 ad
2633 4982 2861 5049 speciem
2896 4981 3205 5049 pervenient
3236 4977 3478 5045 perfecta:
3509 4975 3876 5040 beatitudinis;

2335 5093 2421 5143 spe
2459 5074 2594 5128 enim
2634 5070 2760 5125 salvi
2800 5070 2926 5137 facti
2965 5085 3162 5120 sumus.
3208 5066 3350 5118 Bona
3390 5065 3529 5118 enim
3569 5080 3688 5133 qua:
3727 5066 3882 5120 nobis

2333 5161 2589 5230 promissa
2618 5166 2755 5220 sunt,
2787 5160 2841 5213 in
2879 5159 2981 5212 hac
3016 5154 3209 5223 poenali
3248 5154 3354 5206 vita
3390 5153 3582 5207 habere
3617 5169 3724 5207 non
3758 5165 3879 5221 pos»

2334 5263 2532 5310 sumus,
2575 5248 2676 5302 nisi
2712 5248 2766 5302 in
2807 5259 2920 5316 spe,
2961 5253 3015 5297 et
3052 5243 3189 5296 illam
3228 5243 3489 5311 patienter
3512 5241 3879 5309 suspectantes

2334 5351 2491 5404 usque
2515 5336 2568 5388 in
2597 5335 2749 5400 ﬁnem
2770 5334 2997 5400 ﬁrmam.

2404 5424 2562 5477 Vens.
2593 5423 2738 5476 7-H.
2763 5447 2834 5460 --
2861 5421 3183 5488 Quapropter
3208 5421 3339 5471 sicut
3364 5416 3486 5468 dicit
3509 5416 3735 5484 Spiritus
3759 5433 3881 5472 sau-

2335 5523 2443 5565 ctns
2477 5529 2492 5565 :
2541 5511 2705 5566 Hodie
2742 5510 2788 5564 si
2825 5525 2993 5563 vacent
3032 5509 3142 5576 ejus
3187 5505 3474 5570 audieritis,
3520 5523 3579 5559 nc
3620 5507 3880 5560 obdurctia
