4262 6216
373 474 376 477 ,
430 420 564 472 {Oili

1097 419 1497 474 lIXEGETlCA.
1536 440 1606 459 —'
1641 419 1884 474 EM’OS.
1922 420 1986 473 IN
2029 422 2240 475 EI’IST.
2289 423 2358 475 S.-
2383 419 2578 474 PAULI
2616 421 2704 473 AD
2744 420 2938 474 HEBII.

3413 423 3417 427 ’
3485 426 3616 478 I046

424 531 580 583 corda
621 539 801 590 vestra,
831 539 998 595 usque
1027 548 1037 581 :
1066 531 1108 581 si
1137 530 1412 582 introibant
1441 531 1492 581 in
1524 531 1741 597 requiem
1774 546 1966 584 meum.
1991 533 2036 588 Α
2063 547 2164 597 que
2192 541 2610 585 consummatam
2655 534 2706 586 in
2745 534 2988 600 passione
3021 539 3073 584 et
3113 535 3500 589 resurrectione
3539 545 3618 588 to-

426 617 655 670 Locutus
681 625 760 668 est
789 615 972 667 beatus
997 615 1278 684 Apostolus
1300 616 1363 668 de
1388 630 1479 682 spe
1503 615 1553 666 in
1590 615 1967 682 superioribus,

426 705 548 770 quia
575 712 780 770 Oportet
807 719 902 756 nos
929 719 1142 771 sperare
1169 719 1284 772 qua:
1320 701 1493 755 futura
1533 712 1671 756 sunt.
1715 701 1847 770 Spes
1883 717 1973 754 au-

430 801 532 843 tem
563 805 679 857 qua:
707 791 929 852 videtur,
961 808 1064 843 nou
1093 799 1174 844 cst
1204 803 1342 858 spes.
1379 788 1608 842 llistoria
1640 804 1784 851 vero,
1815 803 1973 856 quam

425 881 680 947 propheta
707 879 790 931 hic
822 886 1154 939 rememorat,
1184 879 1454 932 notissima
1483 886 1561 931 cst
1586 895 1598 928 :
1629 894 1647 926 ι
1675 877 1806 931 Cum
1834 878 1972 930 enim

428 969 624 1036 egressi
655 976 830 1021 essent
855 969 916 1020 de
948 977 1086 1020 terra
1115 967 1351 1036 JEgypti,
1373 975 1424 1020 ct
1453 966 1666 1019 multam
1695 967 1830 1017 viam
1856 980 1974 1033 per-

431 1058 813 1116 ambulassent,
857 1067 908 1109 et
948 1057 1106 1109 amita
1141 1057 1337 1124 judicia
1365 1055 1576 1108 virtutis
1617 1055 1704 1107 Dei
1745 1054 1978 1121 accepis-

431 1156 548 1198 sent
571 1147 621 1197 in
651 1144 895 1212 .Egyplu,
926 1145 976 1196 in
1005 1145 1134 1196 mari
1164 1143 1361 1206 Rubro,
1395 1143 1447 1194 in
1478 1155 1676 1204 eremo,
1703 1140 1976 1194 consilium

433 1236 668 1289 fecerunt
698 1235 904 1286 mittere
933 1232 1302 1301 speculatores,
1325 1232 1414 1300 qui
1443 1230 1696 1284 deberent
1721 1230 1978 1297 inspicm'e

433 1332 671 1377 trituram
703 1332 874 1384 teme,
906 1337 1021 1389 qua:
1057 1325 1313 1390 promissa
1343 1328 1423 1374 est
1450 1320 1528 1372 eis
1559 1338 1573 1371 :
1612 1317 1681 1372 illi
1711 1334 1834 1370 vero
1861 1332 1978 1386 per-

431 1417 615 1477 gentes
654 1411 849 1463 reversi
879 1418 1016 1468 sunt.
1053 1420 1254 1478 terram.
1284 1409 1492 1475 quidem
1525 1407 1673 1460 valde
1705 1407 1973 1468 mirantes,

437 1497 690 1564 majorem
725 1495 963 1566 [σιω-ψη,
995 1498 1322 1566 magnorum]
1364 1497 1624 1550 fructuum
1664 1497 1978 1565 procreatri-

435 1600 549 1638 cem
595 1601 711 1639 esse
758 1586 1024 1646 dicebant;
1078 1587 1168 1638 sed
1220 1587 1449 1638 virorum
1499 1584 1980 1653 inexpugnabilium

393 1740 400 1748 .
436 1688 553 1726 esse
584 1675 722 1726 illam
753 1676 1075 1744 provinciam
1104 1685 1156 1729 et
1195 1676 1427 1728 fortium.
1469 1675 1714 1735 lsraelitaa
1739 1690 1865 1727 vero
1904 1677 1980 1726 in-

438 1763 570 1830 grati
610 1771 664 1815 et
699 1763 972 1826 insensatl,
1003 1779 1134 1831 quos
1161 1765 1433 1832 Oportebat
1454 1803 1466 1825 ,
1495 1772 1548 1815 ut
1577 1762 1981 1816 recordarentur

2071 629 2177 671 tam
2218 619 2452 672 victoriae
2491 621 2712 687 gloriam
2755 619 3102 688 quadraginta
3143 618 3462 674 diebus'fuit
3503 638 3618 676 sum

2071 707 2360 774 discipulis,
2390 716 2671 774 antequam
2700 707 2889 762 caelum
2918 707 3244 761 ascenderet.
3276 708 3468 762 Primis
3491 726 3619 777 qua-

2068 791 2311 860 draginta
2359 793 2542 846 diebus
2590 795 2929 846 teutationem
2983 793 3137 861 hujus
3187 796 3619 864 peregrinationis

2071 881 2333 944 ostendit;
2371 883 2749 950 posterioribus
2783 881 3127 948 quadraginta
3167 882 3354 938 diebus
3386 884 3620 937 consola~

2075 967 2289 1027 tionem,
2318 982 2477 1034 quam
2506 968 2673 1021 sancti
2706 968 2931 1022 habituri
2959 976 3080 1022 sunt
3115 969 3165 1021 in
3197 971 3385 1038 patria.
3413 971 3636 1040 Corpus»

2072 1053 2232 1113 (’tlllll,
2272 1054 2322 1105 id
2360 1063 2440 1107 cst
2469 1055 2726 1112 Ecclesia.
2754 1069 2968 1111 necesse
3007 1064 3090 1110 est
3121 1058 3436 1111 teutationes
3457 1061 3624 1126 patia-

2077 1150 2160 1193 tur
2190 1142 2238 1194 iu
2279 1143 2377 1195 hoc
2414 1143 2639 1196 saeculo:
2673 1145 2764 1198 sed
2795 1160 2898 1198 non
2937 1146 3084 1200 deest
3112 1147 3162 1199 in
3199 1147 3286 1200 illo
3311 1149 3619 1209 consolatio,

2076 1229 2162 1298 qui
2193 1230 2322 1282 dixit
2353 1249 2365 1282 :
2399 1230 2530 1282 Ecce
2557 1248 2646 1300 ego
2674 1232 2926 1284 vobiscum
2955 1249 3066 1286 sum
3105 1251 3260 1304 usque
3296 1235 3364 1287 ad
3389 1252 3619 1288 commn-

2077 1317 2350 1370 mationem
2387 1319 2563 1371 seculi
2603 1318 2813 1390 (Jlattlt.
2849 1335 3037 1384 nvm,
3074 1321 3184 1390 ‘20).
3225 1322 3424 1386 Quibus
3452 1324 3624 1391 jurari

2077 1411 2289 1469 propter
2318 1405 2677 1459 inﬁdelitatem
2707 1422 2878 1467 suam,
2916 1423 3016 1460 non
3053 1406 3286 1462 introisse
3320 1411 3373 1462 in
3402 1412 3618 1478 requiem

2076 1504 2259 1540 meam.
2293 1491 2458 1559 Loqui
2488 1491 2672 1554 Deum,
2711 1507 2954 1562 magnum
2983 1504 3092 1556 est;
3125 1503 3322 1563 quanto
3349 1499 3516 1567 magis
3539 1499 3622 1566 ju-

2083 1589 2216 1628 rare.
2266 1575 2588 1631 Jurationcm
2632 1578 3080 1633 conﬁrmationem
3128 1583 3293 1634 voluit
3341 1583 3473 1636 ﬁeri.
3526 1586 3624 1637 l’er

2080 1676 2235 1729 quem
2271 1666 2416 1733 jurat
2449 1665 2609 1730 Deus,
2639 1667 2740 1720 nisi
2777 1684 2870 1735 per
2907 1669 3108 1737 ipsum?
3143 1667 3253 1722 Non
3291 1671 3441 1724 enim
3471 1672 3626 1724 habet

2082 1754 2332 1820 majorem
2383 1770 2476 1822 per
2519 1770 2675 1822 quem
2721 1757 2881 1824 juret.
2929 1755 3030 1811 Per
3075 1759 3300 1826 scipsum
3349 1758 3630 1812 conﬁrmat

441 1858 703 1904 tantorum
735 1850 824 1903 Dei
853 1852 1246 1913 beneﬁciorum,
1273 1861 1326 1905 et
1354 1853 1612 1917 quomoJo
1647 1866 1754 1903 eos.
1777 1850 1982 1904 clausos
2015 1843 2056 1899 Β
2085 1855 2124 1891 υ]

1946 1865 1982 1902 ,ς
2015 1843 2056 1899 Β
2085 1841 2252 1891 minas
2274 1855 2414 1894 suas.
2454 1842 2600 1894 Sicut
2629 1857 2808 1894 verum
2832 1851 2910 1895 est
2939 1845 3079 1910 quod
3106 1831 3385 1912 promittit,
3415 1847 3488 1901 sic
3518 1862 3629 1900 cer-

442 1941 493 1991 in
519 1940 690 1993 medio
715 1941 840 1992 tanti
864 1942 1126 1994 exercitus
1154 1941 1519 2009 Aigyptiorum
1547 1939 1738 2006 eripuit
1760 1939 1822 1992 de
1852 1938 1992 2005 peri-

439 2029 588 2093 culo;
634 2039 686 2083 et
729 2029 1002 2083 ﬂuviorum
1048 2031 1218 2083 fontes
1255 2029 1368 2084 sine
1408 2030 1610 2084 defectu
1651 2031 1889 2092 donavit,
1937 2035 1991 2082 et

442 2133 628 2170 manna
672 2119 880 2179 tribuit,
923 2129 976 2173 et
1017 2120 1117 2172 alia
1159 2119 1429 2180 miracula,
1472 2135 1588 2186 quae
1629 2127 1874 2188 operatus
1911 2126 1992 2171 est

440 2207 546 2269 eis;
575 2215 627 2258 et
651 2209 848 2261 credita
874 2209 979 2261 Deo
1007 2207 1235 2278 [Chrys.,
1258 2217 1309 2261 et
1332 2209 1548 2262 credere
1577 2206 1703 2277 Deo]
1721 2248 1734 2270 ,
1767 2223 1862 2261 nec
1886 2207 1992 2261 Dco

441 2295 804 2355 crediderunt,
853 2310 948 2348 nec
987 2296 1174 2348 horum
1221 2297 1415 2364 aliquid
1467 2298 1804 2349 rememorati
1850 2308 1989 2359 sunt,

441 2381 532 2432 scl
589 2381 775 2432 timore
835 2383 1098 2448 perterriti
1156 2383 1403 2434 dixerunt
1463 2402 1474 2434 :
1536 2383 1884 2436 Revertantur
1941 2385 1990 2436 in

446 2468 748 2538 A‘igyptum.
788 2471 925 2524 Deus
967 2471 1128 2539 igitur
1163 2473 1328 2525 iratus
1360 2482 1440 2525 est
1471 2475 1580 2534 eis,
1617 2475 1737 2540 quia
1774 2476 1850 2527 sic
1886 2475 1992 2527 cito

441 2557 586 2610 obliti
617 2558 826 2611 fuerunt
852 2559 1223 2612 beneficiorum
1255 2560 1373 2622 Dei,
1405 2561 1825 2630 mirabiliumque
1856 2564 1989 2632 ejus,

439 2644 633 2710 juravit
660 2654 716 2696 ut
745 2661 844 2697 non
878 2646 1097 2699 intraret
1127 2649 1396 2716 generatio
1426 2649 1510 2701 illa
1534 2650 1584 2701 in
1616 2651 1849 2718 requiem
1874 2666 1993 2718 pro-

443 2733 658 2784 missam
703 2734 827 2786 olim
877 2736 1144 2804 patribus;
1192 2745 1245 2789 et
1291 2736 1366 2789 sic
1410 2751 1593 2790 omnes
1633 2740 1901 2806 perierunt
1940 2739 1991 2791 in

442 2834 642 2882 emno,
689 2831 879 2887 pra-ter
919 2822 1081 2894 674
1117 2825 1247 2878 duos
1295 2825 1672 2878 tantummodo.
1725 2826 1856 2878 Tres
1895 2827 1993 2878 ita-

443 2924 546 2975 que
595 2907 802 2976 requies
832 2910 1113 2978 Apostolus
1165 2921 1422 2968 memorat
1465 2914 1517 2966 in
1565 2914 1661 2966 hac
1707 2914 1926 2981 epis'ola
1976 2933 1986 2966 :

445 3013 602 3049 unam
641 2997 865 3060 sabbati,
910 3009 1013 3065 qua
1050 3000 1302 3054 Dominus
1343 3002 1602 3070 requievit
1641 3001 1707 3054 ab
1745 3001 1993 3070 operibus

445 3089 586 3151 suis;
621 3089 902 3142 secundam
939 3088 991 3141 in
1028 3089 1318 3152 Palestina,
1361 3092 1411 3142 in
1441 3104 1598 3158 quam
1638 3091 1885 3144 lsraelita:
1914 3091 1994 3142 in-

2090 1937 2198 1980 tum
2235 1937 2315 1981 cst
2347 1930 2483 1996 quod
2520 1930 2767 1982 minatur.
2817 1929 3019 1984 Juravit
3053 1942 3111 1984 ut
3147 1948 3248 1985 non
3283 1936 3540 1989 intrarent
3581 1938 3630 1989 in

2091 2020 2324 2084 requiem
2357 2020 2550 2088 ipsius;
2592 2028 2644 2073 et
2685 2029 2856 2073 tamen
2885 2029 3092 2088 oportet
3119 2023 3314 2074 intrare
3347 2022 3551 2090 aliquos
3580 2027 3631 2076 in

2091 2110 2324 2174 requiem
2352 2110 2538 2178 ipsius.
2561 2109 2664 2164 Illis
2681 2125 2806 2180 ergo
2837 2112 3148 2179 reprobatis,
3175 2128 3268 2165 nos
3291 2113 3630 2179 intrabimus;

2088 2182 2212 2264 quia
2248 2197 2289 2251 si
2330 2197 2489 2265 aliqui
2524 2213 2588 2250 ex
2629 2200 2791 2253 ramis
2825 2209 3039 2269 prepter
3073 2201 3544 2256 dissimilitudinem
3585 2216 3635 2257 ct

2093 2287 2452 2341 inﬁdelitatem
2481 2285 2634 2341 fracti
2664 2296 2806 2350 sunt.
2835 2303 2930 2342 nos
2957 2297 3170 2357 propter
3199 2289 3354 2343 ﬁdem
3387 2302 3439 2344 et
3466 2291 3636 2345 humi-

2091 2375 2290 2430 litatem
2319 2376 2635 2429 inseramur.
2668 2375 2920 2443 Sequitur
2942 2377 3081 2429 enim
3104 2378 3405 2432 exhortatio
3430 2389 3640 2447 aposto-

2086 2463 2189 2519 lica
2219 2465 2283 2516 ad
2322 2465 2569 2533 populum
2604 2465 2670 2517 de
2707 2465 2886 2532 requie
2924 2465 3256 2528 introeunda,
3286 2467 3412 2520 dicit
3447 2469 3587 2521 enim
3624 2489 3633 2519 ;

2091 2550 2270 2617 (Vens.
2321 2551 2403 2618 12)
2469 2549 2663 2612 Videte,
2711 2553 2924 2617 fratres,
2975 2569 3035 2604 ne
3082 2553 3214 2619 forte
3256 2556 3319 2607 sit
3366 2556 3421 2607 in
3467 2555 3638 2625 aliqua

2090 2651 2309 2692 rostrum
2350 2656 2438 2693 cor
2478 2639 2671 2693 malum
2711 2639 3100 2704 incredulitatis,
3141 2643 3436 2696 discedendi
3475 2661 3505 2696 a
3534 2645 3639 2698 Deo

2092 2733 2216 2785 riro.
2252 2749 2269 2779 ι
2306 2730 2506 2800 Quippe
2544 2742 2637 2797 per
2677 2729 2924 2782 duritiam
2968 2728 3248 2784 inﬁdelitas
3291 2733 3544 2797 nascitur,
3586 2743 3638 2787 et

2091 2822 2228 2874 sicut
2274 2820 2527 2873 obdurata
2579 2835 2800 2888 corpora
2849 2827 2900 2874 et
2951 2821 3077 2873 dura
3128 2837 3228 2874 non
3280 2823 3637 2891 obsequuntur

2093 2908 2333 2960 manibus
2369 2909 2723 2973 medicorum,
2763 2910 2838 2963 sic
2883 2918 2936 2962 ct
2980 2910 3168 2964 anima:
3216 2913 3484 2964 ofziiurala:
3535 2927 3637 2965 non

2089 2994 2447 3061 obsequuntur
2483 2995 2643 3047 verbo
2684 2996 2793 3048 Dei.
2840 2996 2894 3048 Si
2937 2998 3076 3049 enim
3116 3007 3294 3067 patris
3337 3000 3518 3063 vestri,
3564 3000 3635 3052 iu-

2091 3085 2233 3151 quit,
2284 3084 2406 3150 quia
2454 3097 2556 3135 non
2613 3093 2988 3151 speravi-runt,
3041 3086 3174 3138 sicut
3213 3088 3490 3154 oportebat
3527 3104 3641 3157 spe-

445 3179 643 3244 grcssi,
685 3178 966 3246 requieturi
996 3188 1242 3240 erantex
1271 3179 1482 3232 miseria
1523 3180 1680 3232 multa
1709 3189 1761 3233 et
1798 3155 2058 3233 labori-C
2094 3193 2128 3228 r:

1960 3155 2058 3230 l-‘C
2094 3190 2240 3237 rare,
2287 3175 2396 3238 tunc
2449 3175 2591 3241 passi
2643 3185 2764 3228 sunt
2817 3190 2932 3242 qua:
2983 3174 3228 3242 leguntur
3283 3175 3334 3227 in
3390 3155 3643 3239 historia,

446 3267 570 3327 bus;
603 3267 829 3326 tertiam,
859 3282 975 3333 qua:
1003 3282 1124 3319 vera
1147 3276 1229 3321 est
1255 3268 1484 3335 requies,
1516 3268 1615 3320 hoc
1631 3276 1739 3329 est,
1771 3282 1988 3335 regnum

447 3352 722 3413 caelorum,
751 3353 815 3403 a'l
847 3368 1002 3418 quam
1028 3368 1159 3419 quos
1179 3355 1453 3421 pervenire
1481 3354 1776 3423 contigerit,
1808 3370 1990 3408 revera

447 3439 781 3504 requiescunt
814 3454 841 3490 a
885 3438 1151 3492 laboribus
1179 3448 1231 3493 et
1260 3440 1653 3495 difﬁcultatibus
1687 3443 1822 3503 suis;
1870 3463 1885 3492 ι
1927 3441 1990 3493 de

450 3540 552 3592 qua
601 3526 684 3578 hic
727 3526 978 3593 propheta
1020 3526 1278 3594 loquitur,
1323 3529 1572 3581 adversus
1615 3530 1876 3582 lsraclitas
1917 3531 1992 3581 di-

447 3629 577 3668 cens
617 3655 629 3667 .
675 3613 841 3668 Hodie
881 3616 924 3668 si
965 3633 1130 3669 vocem
1169 3619 1278 3685 ejus
1317 3619 1598 3680 audieritis,
1640 3635 1701 3670 ne
1739 3618 1992 3670 obduretis

449 3705 605 3756 corda
636 3714 817 3765 rostra,
849 3719 913 3758 ne
938 3705 1128 3758 similia
1158 3707 1456 3774 patiamini,
1488 3707 1608 3772 quia
1647 3705 1846 3774 [Forte.
1878 3723 1994 3774 qua:

449 3793 529 3844 vel
560 3792 758 3862 qualia]
796 3796 1158 3863 progenitores
1182 3795 1343 3853 vest-.i
1372 3797 1511 3864 passi
1540 3806 1681 3858 sunt,
1719 3804 1773 3849 et
1804 3799 1993 3865 privati

452 3888 574 3932 sum
600 3881 778 3946 requie
808 3884 1086 3947 promissa.
1116 3883 1408 3951 Aliquando
1435 3886 1575 3939 enim
1606 3887 1881 3939 audierunt
1909 3903 1996 3955 pa-

455 3975 562 4018 tres
588 3966 746 4019 vestri
771 3982 953 4021 vocem
977 3968 1113 4022 illius
1139 3985 1234 4038 per
1256 3971 1485 4040 Moysen,
1513 3983 1565 4026 et
1592 3975 1831 4027 obdurati
1856 3985 1994 4028 sunt.

454 4051 590 4122 Ergo
621 4061 741 4108 tunc
773 4069 868 4122 per
902 4070 1196 4123 praeconem
1235 4057 1438 4111 locutus
1471 4067 1573 4121 est,
1603 4063 1812 4126 quando
1835 4063 1999 4114 obdu-

455 4142 614 4195 rastis
639 4144 800 4197 corda
825 4155 1019 4198 vestra.
1044 4145 1144 4199 Per
1161 4161 1219 4199 se
1245 4161 1383 4201 nunc
1405 4146 1666 4215 loquitur;
1693 4149 2000 4219 mollescant

454 4231 611 4284 corda
639 4241 834 4285 vestra.
884 4232 982 4298 Qui
1022 4249 1293 4301 pnecones
1331 4243 1453 4288 ante
1494 4250 1549 4289 se
1590 4236 1846 4296 mittebat,
1892 4239 1998 4304 ipse

455 4321 634 4374 venire
665 4321 910 4390 dignatus
936 4332 1050 4375 cst:
1079 4340 1171 4378 ore
1197 4340 1292 4380 suo
1307 4312 1402 4380 ’bic
1432 4327 1680 4394 loquitur,
1705 4329 1793 4395 qui
1822 4329 2002 4396 loque-

388 4426 398 4434 ~
457 4408 610 4461 batur
636 4425 730 4478 per
754 4427 847 4464 ora
874 4413 1270 4480 prophetarum.
1294 4414 1510 4483 Ad‘cjus
1537 4431 1661 4471 vero
1686 4433 1888 4481 vocem,
1910 4421 1996 4486 qui

456 4511 748 4563 praeconem
796 4501 956 4561 misit,
997 4507 1050 4553 et
1095 4516 1233 4554 nunc
1276 4517 1371 4567 per
1412 4517 1468 4556 se
1513 4503 1792 4568 clamabat,
1840 4507 1998 4559 nolite

455 4585 699 4638 claudere
727 4589 886 4639 corda
920 4597 1112 4642 vestra.
1155 4588 1522 4643 Recordamini
1551 4595 1808 4657 quomodo
1835 4593 1999 4647 01,ᾱο-

460 4675 556 4726 rati
587 4684 709 4727 sunt
749 4684 925 4741 patres
955 4680 1131 4738 vestri,
1172 4689 1224 4732 et
1251 4681 1512 4747 quomodo
1544 4697 1643 4733 non
1685 4683 2000 4738 introierunt

459 4765 510 4817 in
545 4765 777 4832 requiem
807 4768 1155 4832 prornissatm
1181 4770 1272 4821 sed
1310 4771 1580 4822 amaricati
1612 4782 2000 4826 murnmrantcs

458 4865 643 4910 contra
675 4855 834 4907 Deum
871 4843 1172 4952 perierunti
1199 4859 1385 4914 Patres
1413 4861 1573 4914 vestri
1609 4871 1753 4915 erant
1785 4862 1874 4927 qui
1906 4877 1998 4928 pe-

461 4949 692 5009 rierunt,
730 4945 890 4999 nolite
919 4947 1112 5001 imitari
1140 4945 1260 5011 eos;
1301 4959 1478 5018 patres
1509 4953 1666 5005 vestri
1694 4961 1875 5016 erant;
1908 4953 1996 5005 sed

462 5038 502 5090 si
541 5037 728 5088 imitati
766 5051 857 5089 eos
894 5051 993 5090 non
1029 5038 1251 5096 fueritis.
1284 5051 1463 5106 patres
1497 5044 1656 5095 vestri
1696 5059 1797 5098 non
1823 5052 1998 5105 erunt,

462 5128 700 5193 quatmis
729 5127 793 5179 de
821 5129 897 5180 eis
926 5128 1030 5180 nati
1066 5128 1200 5190 sitis,
1242 5131 1469 5183 scientes
1501 5133 1620 5198 quia
1657 5134 1790 5187 Deus
1818 5117 2003 5202 porcus

463 5224 540 5269 est
567 5217 628 5266 de
653 5216 909 5282 lupi-libus
933 5220 1187 5272 suscitare
1212 5219 1343 5270 ﬁlios
1376 5221 1614 5272 Abrahae.
1651 5223 2002 5294 Quadraginta

466 5307 613 5355 (trinis
663 5303 883 5368 offensus
932 5305 1009 5367 [ui
1060 5307 1369 5373 generationi
1415 5307 1552 5358 huic.
1610 5309 1783 5363 Multis
1834 5312 2002 5364 modis

466 5397 548 5442 est
571 5389 852 5456 castigata;
902 5388 998 5459 ipsi
1044 5399 1217 5456 tamen
1247 5408 1455 5462 semper
1484 5396 1641 5448 corde
1669 5407 1997 5452 erraverunt.

467 5478 822 5547 Quadraginta
866 5475 1050 5529 diebus
1090 5478 1339 5534 Dominus
1385 5482 1434 5535 in
1481 5481 1689 5534 deserto
1724 5484 2001 5549 jejunavit,

467 5581 587 5617 cum
633 5568 980 5635 triumpharet
1018 5567 1082 5618 dc
1117 5581 1182 5617 eo
1223 5583 1318 5633 per
1355 5585 1509 5636 quem
1553 5569 1622 5623 illi
1659 5573 2000 5644 quadraginta

471 5651 620 5706 annis
647 5663 1103 5708 murmuraverunt
1130 5664 1314 5708 contra
1349 5657 1511 5711 Deum
1542 5660 1590 5712 in
1618 5674 1825 5725 eremo;
1862 5674 2004 5731 post-

2090 3263 2238 3330 cujus
2287 3271 2407 3316 ante
2449 3263 2877 3325 memoravimus,
2924 3271 2977 3315 et
3024 3263 3286 3332 perierunt
3331 3264 3383 3315 in
3432 3264 3642 3322 deserto

2090 3363 2306 3420 trOpter
2343 3354 2590 3406 duritiam
2635 3353 2837 3422 cordis;
2883 3353 3044 3406 multo
3083 3369 3112 3405 a
3137 3352 3307 3422 nplius
3343 3353 3491 3407 vobis
3519 3354 3641 3407 talia

2092 3442 2318 3493 timenda
2367 3451 2520 3502 sunt,
2562 3442 2698 3494 sicut
2735 3441 2834 3494 illis
2872 3442 3198 3495 acciderunt.
3243 3441 3320 3495 Ad
3352 3442 3467 3496 illos
3503 3443 3641 3496 cnim

2093 3541 2264 3578 sermo
2304 3527 2400 3577 iste
2440 3526 2606 3579 factus
2643 3535 2744 3586 est,
2785 3527 2872 3593 qui
2915 3527 2964 3578 in
3006 3529 3284 3594 prsesentia
3326 3529 3536 3583 fuerunt
3564 3531 3643 3583 vel

2095 3613 2252 3674 futuri
2303 3622 2453 3674 sunt,
2501 3613 2614 3665 ideo
2658 3613 2783 3665 dicit
2811 3631 2822 3662 :
2850 3611 3020 3664 hodie.
3065 3612 3226 3667 Hodie
3257 3631 3480 3685 namque
3508 3632 3640 3671 sem-

2094 3720 2186 3772 per
2216 3711 2324 3763 est,
2368 3704 2532 3756 donec
2568 3711 2774 3756 constat
2808 3704 3050 3755 mundus.
3097 3723 3113 3753 ι
3156 3703 3318 3756 lutrat
3345 3707 3484 3758 enim
3529 3709 3647 3776 plus

2093 3792 2268 3844 dicere
2310 3791 2374 3843 de
2424 3791 2599 3852 hodie,
2648 3798 2699 3842 ct
2744 3787 3012 3857 subiungit
3053 3790 3278 3843 dicens:
3317 3792 3498 3859 (Vens.
3557 3796 3644 3865 15)

2097 3876 2199 3930 Sed
2222 3875 2566 3928 adhortamini
2594 3877 2922 3943 vosmetipsos
2949 3892 3037 3945 per
3066 3875 3292 3945 singulos
3317 3877 3446 3942 dies,
3482 3880 3642 3935 donec

2095 3966 2242 4018 hodie
2285 3966 2689 4034 co‘guominetur,
2727 3974 2783 4016 ut
2825 3981 2924 4017 non
2953 3965 3219 4018 obduretm
3261 3967 3373 4035 quis
3405 3983 3468 4020 ea:
3507 3969 3646 4022 vobis

2097 4054 2305 4122 fallacia
2343 4054 2553 4123 peccati.
2596 4070 2613 4103 ‹
2651 4052 2760 4107 Hoc
2796 4061 2911 4117 est,
2945 4052 3202 4107 adiﬁcate
3237 4054 3485 4117 invicem,
3529 4071 3644 4111 cor-

2099 4145 2251 4212 rigite
2279 4145 2534 4212 vosipsos,
2569 4151 2636 4196 n‘e
2666 4145 2973 4214 contingant
3006 4145 3155 4198 vobis
3190 4144 3409 4211 similia;
3449 4161 3516 4201 ne
3550 4149 3642 4201 ob:

2098 4232 2314 4284 duretur
2357 4233 2633 4300 quisquam
2679 4249 2742 4287 ex
2785 4233 2952 4293 vobis,
2994 4234 3285 4302 decipiente
3321 4246 3536 4305 peccato
3567 4240 3643 4293 in-

2100 4315 2388 4369 ﬁdelitatis.
2427 4318 2666 4370 Attendis
2699 4319 2822 4384 quia
2855 4319 3135 4372 inﬁdelitas
3177 4332 3449 4386 peccatum
3485 4313 3641 4389 facit;

2099 4404 2235 4456 sicut
2260 4404 2400 4455 enim
2431 4404 2714 4458 inﬁdelitas
2752 4405 3032 4473 malignam
3070 4407 3229 4460 vitam
3267 4420 3527 4476 procreat,
3567 4417 3645 4467 sic

2099 4495 2255 4546 etiam
2291 4495 2481 4555 anima,
2519 4495 2726 4562 quando
2764 4495 2814 4547 in
2853 4496 3161 4564 profundum
3200 4499 3452 4554 malorum
3488 4519 3643 4558 vene-

2099 4588 2185 4649 rit,
2230 4586 2520 4640 contemnit
2567 4600 2580 4636 :
2633 4594 2959 4655 contemptus
3006 4586 3232 4657 [CItrys.,
3280 4593 3639 4663 contemnens]

2100 4685 2272 4728 autem
2310 4691 2479 4742 neque
2512 4677 2726 4728 credere
2762 4679 2974 4743 patitur,
3008 4687 3064 4730 ut
3089 4694 3144 4731 se
3173 4697 3199 4730 ει
3232 4680 3420 4733 lituum
3444 4683 3641 4736 moris

2100 4775 2364 4832 perpetua:
2407 4766 2609 4818 liberet.
2652 4766 2847 4819 Deinde
2887 4767 3042 4820 infert
3080 4769 3356 4835 Apostolus
3400 4789 3412 4822 :
3456 4770 3636 4840 (Vens.

2101 4853 2186 4919 Η)
2224 4853 2503 4920 Participes
2531 4855 2664 4905 enim
2691 4854 2877 4906 Christi
2901 4856 3066 4922 eﬂ'ecti
3087 4874 3280 4910 sumus.
3332 4875 3349 4907 t
3379 4857 3510 4923 Quid
3537 4870 3638 4920 est,

2097 4941 2367 5006 participes
2398 4943 2560 5007 effecti
2589 4959 2762 4994 sanius
2791 4942 3020 4998 Christi?
3053 4944 3432 5014 Participamur
3463 4959 3526 4998 ex
3554 4963 3653 5010 co..

2101 5027 2289 5095 inquit,
2318 5030 2368 5082 isl
2393 5039 2496 5092 est,
2526 5031 2645 5084 l'acti
2677 5047 2857 5084 sumus
2885 5047 3049 5086 unum
3075 5049 3194 5086 cum
3224 5033 3330 5087 illo.
3371 5033 3635 5102 Siquidem

2101 5115 2210 5181 ipse
2256 5126 2414 5183 caput
2456 5127 2536 5170 est
2577 5127 2630 5170 et
2671 5105 2768 5170 nos
2798 5119 3054 5183 membra,
3095 5123 3390 5174 cobmrcdcs
3427 5131 3479 5175 et
3517 5137 3640 5177 con-

2099 5205 2400 5270 corporales
2447 5225 2463 5255 ι
2517 5205 2586 5257 illi
2625 5208 2910 5258 secundum
2941 5209 3224 5275 spiritalem
3262 5211 3521 5263 hominem
3552 5216 3644 5280 qui

2103 5300 2315 5367 creatus
2339 5302 2421 5345 est
2449 5294 2497 5344 in
2529 5294 2663 5358 ipso.

2369 5401 2427 5452 Si
2460 5411 2626 5452 tantm
2661 5401 2858 5453 initium
2893 5405 3188 5459 substantie
3215 5409 3324 5475 ejus
3355 5424 3540 5477 ~usque
3575 5415 3641 5463 ad

2107 5489 2258 5553 ﬁnem
2282 5478 2486 5554 firmum
2519 5489 2803 5542 retinemus.
2843 5508 2860 5540 ε
2896 5491 3029 5556 Quid
3055 5504 3135 5547 est
3172 5496 3374 5547 initium
3399 5498 3616 5554 substan

2109 5574 2227 5625 the?
2255 5571 2435 5625 Fidem
2460 5573 2734 5643 signiﬁcat,
2774 5590 2869 5643 per
2891 5593 3047 5646 quam
3083 5581 3431 5647 subsistimus,
3461 5593 3513 5637 et
3536 5586 3648 5640 Deo

2111 5665 2217 5717 nati
2245 5679 2423 5720 sumus
2445 5665 2501 5719 in
2521 5665 2675 5731 ﬁlios,
2695 5675 2745 5721 et
2769 5668 3094 5731 essentiales,
3119 5679 3173 5722 ut
3207 5673 3274 5724 ita
3301 5673 3494 5736 dicam,
3521 5675 3640 5730 tacti
