4262 6222
524 339 656 396 ωιθ

1125 418 1127 420 η
1183 296 1602 415 exsectum.
1632 335 1971 415 metros.
2008 301 2072 391 ts
2111 339 2418 395 E91515.
2459 343 2654 397 mnu
2692 343 2783 397 AD
2819 343 3017 400 usus.

3544 333 3676 402 tosta

516 449 846 516 Interposuit,
878 454 936 500 ut
958 461 1223 515 nunquam
1267 441 1613 515 desperarent
1639 459 1700 500 se
1736 449 2043 508 intraturos,
2074 453 2112 502 Α
2142 447 2290 513 cujus
2308 450 2581 503 scientiam
2618 451 2916 504 nullatenus
2941 449 3166 518 effugere
3191 452 3494 508 valebimus.
3535 455 3679 509 Dixit

515 535 665 602 quasi
698 534 934 587 diceret:
970 551 989 580 ο
1024 532 1081 585 Si
1112 533 1390 602 quisquam
1423 519 2049 599 pecmvcritgusquequo

514 628 600 673 est
643 619 820 680 hodie,
869 632 1015 687 spem
1057 617 1250 671 habeat
1295 619 1612 681 revertendi.
1663 617 1844 673 Nullus
1889 620 2050 687 igitur

515 709 758 774 desperet
783 721 1057 774 usquequo
1079 706 1226 758 vivit.
1260 726 1279 756 ι
1586 714 1591 719 ’
1763 708 1767 711 ’

583 796 744 848 Vsus.
789 797 873 848 il.
920 781 991 834 --’
1035 793 1353 849 Festinamus
1398 812 1516 865 ergo
1556 796 1754 865 ingredi
1803 798 1855 848 in
1904 795 2046 847 illam

514 884 732 954 requiem
755 922 770 944 ,
827 876 880 933 ut
939 899 1002 934 ne
1057 883 1110 936 in
1168 884 1389 952 idipsum
1437 880 1629 936 incidat
1677 883 2075 959 incredulitatis

513 969 812 1037 erctuplnm.
850 987 868 1019 ι
905 969 1090 1038 “agna
1118 970 1330 1039 quidem
1372 988 1458 1026 res
1483 980 1564 1033 est
1594 960 1720 1026 ﬁdes
1759 979 1813 1023 et
1848 971 2044 1026 saluta-

511 1055 616 1116 ris;
645 1063 699 1107 et
724 1054 837 1107 sine
861 1055 959 1107 bac
982 1059 1086 1107 non
1109 1065 1192 1108 est
1215 1056 1405 1109 salvari
1427 1057 1675 1129 possibile
1690 1056 1854 1110 alicui
1872 1096 1887 1120 ,
1913 1058 2050 1108 sicut

511 1143 708 1195 dictum
747 1149 870 1199 est:
904 1140 1030 1194 Sine
1066 1141 1169 1209 fide
1195 1130 1524 1211 impossibile
1559 1153 1632 1196 est
1674 1143 1873 1212 placere
1894 1143 2046 1217 Deo;

511 1230 603 1282 sed
634 1243 737 1282 non
775 1229 966 1283 sufﬁcit
1003 1231 1112 1294 sola
1154 1230 1267 1286 hac
1291 1228 1317 1283 ἐ
1353 1231 1558 1304 operari
1591 1229 1687 1298 per
1714 1231 2046 1284 dilectionem

511 1318 668 1368 tidem
691 1310 1066 1369 necessarium
1094 1314 1249 1380 est;~
1275 1319 1339 1370 et
1373 1303 1671 1372 conversari
1713 1318 1872 1386 digne
1895 1317 2042 1380 Deo.

510 1405 734 1459 Proinde
757 1407 915 1459 etiam
946 1401 1138 1459 Paulus
1165 1405 1410 1460 admonet
1442 1396 1534 1460 eos
1565 1408 1654 1475 qui
1691 1404 2043 1476 dignationem

509 1493 876 1559 mysteriorum
907 1495 1171 1562 suscipere
1195 1503 1521 1558 meruerunt,
1551 1495 1732 1551 dicens
1762 1511 1776 1547 :
1809 1494 2043 1548 Festine-

507 1594 622 1630 mus
661 1579 858 1645 ingredi
903 1580 956 1632 in
998 1579 1139 1632 illum
1181 1581 1418 1650 requiem.
1463 1581 1812 1645 Festincmus,
1855 1582 2042 1650 inquit,

506 1671 753 1736 quoniam
793 1682 896 1719 non
940 1669 1134 1722 sufficit
1175 1668 1321 1732 fides,
1367 1670 1458 1723 sed
1496 1671 1650 1724 debet
1688 1672 1804 1724 addi
1847 1680 1900 1724 et
1938 1671 2044 1723 vita

2145 536 2306 599 enim,
2331 547 2386 589 ut
2406 537 2656 590 discretor
2679 540 2747 590 sit
2782 554 2957 592 sermo
2980 540 3070 592 Dei
3087 579 3102 602 ,
3132 541 3181 592 id
3209 549 3312 601 est,
3351 544 3676 609 providentia

2145 625 2268 687 Dei,
2310 626 2667 692 cogitationum
2705 636 2752 677 et
2787 628 3122 679 intentionnm
3157 629 3326 681 cordis
3351 646 3371 681 :
3398 633 3679 684 ostendens

2142 711 2265 774 quia
2298 713 2471 764 omnia
2503 722 2679 765 nostra
2717 714 2965 766 interiora
3005 714 3088 766 vel
3123 717 3385 770 exteriora
3423 719 3676 786 dijudica-

2144 796 2342 847 buntur
2358 798 2425 850 ah
2450 813 2535 860 eo,
2561 801 2684 867 quia
2710 801 2884 854 omnia
2912 810 3089 853 nostra
3117 803 3280 865 novit,
3308 813 3361 856 et
3390 812 3557 858 totum
3584 821 3680 872 per

2145 889 2310 934 totum
2334 894 2572 950 penetrat
2595 887 2880 942 hominem.
2907 890 3012 942 Nec
3038 891 3226 942 mirum
3253 892 3296 944 si
3320 899 3460 945 totus
3484 894 3679 960 ubique

2145 977 2308 1049 totam
2335 985 2484 1023 suam
2508 977 2744 1042 agnoscit
2763 985 3078 1040 creaturam,
3106 979 3217 1030 sive
3239 978 3547 1045 spiritalem,
3572 983 3682 1034 sive

2141 1050 2488 1126 corporalem,
2515 1064 2638 1130 quia
2667 1065 2798 1116 nihil
2823 1067 2962 1133 quod
2991 1067 3183 1118 facium
3210 1077 3290 1119 est
3309 1108 3323 1130 ,
3359 1071 3474 1122 sine
3508 1085 3571 1122 eo
3596 1071 3677 1122 fa-

2141 1148 2414 1201 ctum'cst.
2438 1147 2559 1201 Ideo
2586 1150 2784 1204 addidit
2823 1170 2836 1204 :
2876 1153 3054 1218 (Vnus.
3099 1154 3180 1219 l3)
3222 1154 3288 1206 Et
3328 1171 3429 1206 non
3463 1165 3537 1208 est
3571 1156 3678 1207 ulla

2141 1242 2376 1285 creatura
2425 1236 2692 1289 invisibilis
2743 1240 2797 1290 in
2853 1251 3120 1308 conspectu
3167 1243 3297 1308 ejus.
3358 1240 3543 1295 Omnia
3587 1261 3682 1294 au-

2119 1331 2240 1374 tem
2270 1324 2411 1376 nuda
2434 1335 2482 1376 et
2518 1337 2693 1394 aperta
2729 1340 2850 1380 sunt
2890 1329 3052 1381 oculis
3089 1332 3218 1397 ejus.
3258 1349 3277 1380 ι
3317 1332 3412 1386 Hic
3454 1334 3682 1402 maxime

2141 1424 2234 1464 eos
2271 1413 2478 1476 terruit,
2518 1429 2598 1467 ne.
2628 1413 2761 1467 forte
2799 1416 2990 1480 adhuc,
3017 1417 3204 1484 inquit,
3248 1419 3300 1470 in
3341 1405 3682 1474 fideistantcs

2142 1512 2248 1550 nou
2269 1514 2389 1573 cum
2415 1500 2616 1570 integra
2656 1501 3013 1570 satisfactione
3041 1504 3328 1570 perficiatis
3351 1505 3468 1558 fid'i
3495 1521 3678 1574 opera,

2141 1599 2260 1650 qua:
2281 1585 2392 1652 ipse
2417 1601 2536 1654 qua:
2561 1590 2614 1642 in
2643 1591 2803 1644 corde
2825 1600 2947 1643 sunt
2969 1591 3244 1653 discernit,
3285 1593 3356 1646 ibi
3392 1595 3680 1658 examinat,

2140 1669 2229 1720 ubi
2258 1671 2576 1736 considerat,
2617 1675 2840 1728 reddens
2876 1679 3158 1744 unicuique
3197 1679 3482 1732 secundum
3523 1696 3682 1748 opera

501 1756 627 1809 ﬁdei
664 1757 954 1824 condigna;
989 1765 1045 1809 et
1075 1759 1294 1811 multum
1329 1759 1556 1812 stuuium
1594 1759 1744 1812 debet
1781 1760 2041 1822 adhiberi,
2076 1752 2118 1809 Β
2144 1772 2255 1810 sua.
2298 1759 2362 1811 Et
2383 1759 2509 1826 quid
2533 1761 2768 1814 dicemus
2808 1761 2872 1814 de
2912 1763 3247 1817 hominibus?
3280 1765 3356 1817 Ac
3395 1768 3439 1819 si
3469 1769 3682 1834 angelos

505 1861 572 1901 ne
602 1845 731 1903 ﬁdes
765 1847 834 1899 sit
861 1846 1028 1899 otiosa
1060 1864 1074 1897 :
1111 1845 1166 1898 Si
1197 1847 1338 1901 enim
1370 1856 1564 1902 terram
1603 1847 1800 1900 intrare
1841 1847 1910 1898 illi
1941 1863 2042 1899 non

503 1942 809 1989 meruerunt
848 1934 938 2001 qui
982 1935 1293 1986 murmurati
1332 1942 1455 1987 sunt
1490 1943 1673 1988 contra
1714 1934 2048 2002 Deum,an-

504 2021 660 2074 modo
683 2036 779 2074 nos
802 2022 992 2077 calum
1023 2023 1338 2075 merebimur
1362 2023 1561 2075 intrare
1586 2023 1942 2076 indifferenter
1970 2024 2046 2076 vi-

502 2119 686 2163 ventes
710 2110 847 2164 sicut
874 2109 1091 2176 gentes?
1121 2130 1156 2160 »υ
1184 2110 1330 2177 Opus
1352 2119 1432 2164 est
1468 2111 1659 2179 quippe
1681 2112 1823 2163 omni
1853 2111 2042 2164 volenti

501 2196 691 2249 cmlum
727 2197 1010 2272 possidere,
1050 2196 1204 2250 ﬁdem
1241 2199 1488 2264 operibus
1520 2199 1679 2269 bonis.
1696 2214 1905 2252 ornare.
1937 2199 2043 2252 Nec

499 2285 601 2338 hoc
636 2285 804 2338 solum
833 2286 1008 2338 damni
1050 2287 1208 2338 habet
1244 2287 1380 2339 male
1407 2287 1604 2348 vivens,
1637 2289 1775 2354 quod
1814 2286 2036 2357 [Suppl.,

499 2371 626 2441 non]
658 2372 820 2425 intrat
856 2373 909 2425 in
943 2389 1158 2442 regnum
1195 2373 1316 2437 Dei;
1342 2389 1526 2427 verum
1552 2375 1730 2436 etiam,
1763 2377 1902 2444 quod
1928 2392 2038 2429 Ina-

493 2461 628 2529 joris
654 2467 736 2513 est
772 2461 1014 2524 terroris,
1051 2476 1219 2528 preme
1256 2471 1521 2529 perpetuae
1559 2464 1846 2531 mancipari
1876 2481 1890 2516 :
1925 2464 2036 2517 ideo

498 2549 698 2603 addidit
720 2566 733 2600 :
761 2548 828 2601 Ut
854 2566 916 2601 ne
935 2550 988 2600 in
1013 2550 1233 2622 idipsum
1260 2550 1449 2603 incidat
1475 2551 1847 2604 incredulitatis
1874 2569 2044 2604 eremo

497 2641 658 2710 plum.
697 2642 888 2695 Eorum
920 2642 1133 2695 interitu
1169 2644 1258 2711 qui
1295 2644 1564 2710 perierunt
1600 2643 1651 2695 in
1691 2643 1900 2696 deserto
1935 2653 2043 2696 ter-

495 2733 604 2784 ruit
640 2731 939 2793 audientes,
983 2746 1048 2784 ne
1089 2731 1139 2784 in
1187 2731 1394 2784 illorum
1437 2732 1728 2785 inciderent
1759 2730 2038 2798 judicium,

495 2822 644 2889 quasi
693 2823 910 2876 dixisset
958 2838 973 2873 :
1025 2820 1357 2874 Sufflcienter
1396 2837 1459 2874 ex
1499 2823 1805 2889 parentibus
1846 2824 2047 2876 nostris

494 2912 748 2964 docemur
777 2927 843 2965 ne
882 2912 934 2968 in
975 2910 1165 2964 similia
1205 2909 1526 2974 incidamus;
1568 2927 1632 2963 ne
1661 2912 1842 2964 eadem
1872 2912 2012 2979 patia

495 3017 615 3054 nzur
637 3015 756 3068 qua:
781 3000 852 3052 illi
883 3001 1021 3069 passi
1054 3009 1210 3063 sunt;
1246 3000 1347 3053 hoc
1378 3007 1481 3060 est,
1519 2999 1571 3051 in
1609 2999 1831 3066 idipsum
1861 3015 2012 3054 cxcm

2144 1847 2306 1910 dicas,
2336 1863 2397 1902 ac
2422 1849 2468 1902 si
2493 1850 2856 1918 archangelos,
2889 1867 2950 1905 ac
2978 1853 3020 1905 si
3048 1852 3318 1906 cherubim
3347 1861 3504 1921 atque
3532 1869 3679 1906 sera-

2141 1935 2314 2001 phim,
2336 1951 2398 1989 ac
2416 1937 2465 2004 _si
2489 1937 2645 1989 aliam
2671 1938 2961 2004 quamlibet
2983 1947 3299 2002 creaturam,
3327 1941 3503 1993 omnia
3530 1956 3681 1993 reve-

2139 2023 2242 2074 lata
2266 2031 2388 2076 sunt
2412 2024 2564 2077 oculo
2587 2026 2722 2091 ejus,
2744 2019 2920 2078 o'nmia
2943 2035 3124 2094 aperta
3147 2036 3201 2080 et
3226 2027 3521 2081 manifesta.
3548 2029 3682 2094 Quid

2139 2113 2381 2179 estquod
2420 2126 2541 2173 eum
2576 2113 2743 2179 possit
2783 2113 2978 2164 latere?
3017 2111 3204 2165 Omnia
3246 2116 3385 2166 nuda
3428 2126 3474 2166 et
3506 2128 3681 2184 aperta

2139 2212 2255 2254 sunt
2278 2202 2438 2254 oculis
2461 2202 2605 2269 ejus;
2631 2201 2698 2254 ad
2722 2217 2866 2268 quem
2895 2202 3037 2254 nobis
3060 2216 3244 2254 sermo.
3278 2222 3297 2254 ι
3325 2203 3458 2268 Quid
3483 2214 3586 2275 est,
3613 2206 3680 2256 ad

2138 2306 2284 2356 quem
2311 2289 2454 2340 nobis
2485 2305 2650 2340 sermo
2679 2289 2789 2340 est?
2817 2288 2927 2341 Hoc
2952 2295 3062 2351 est,
3090 2288 3188 2356 ipsi
3219 2289 3470 2342 reddituri
3498 2306 3558 2343 se
3584 2306 3681 2344 .tllS

2139 2369 2394 2428 rationem
2424 2385 2636 2427 actuum
2663 2383 2983 2427 nostrorum.

2208 2464 2366 2516 Vnus.
2398 2464 2481 2516 M.
2499 2493 2564 2502 -—
2583 2461 2836 2516 Habentes
2855 2480 2974 2532 ergo
2993 2465 3281 2532 pontiﬁcem
3303 2484 3562 2535 magnum,
3583 2475 3672 2538 qui

2137 2554 2412 2621 penetrarit
2439 2552 2607 2614 caelos,
2637 2551 2816 2605 Iesum
2849 2551 2894 2603 F
2899 2553 3044 2604 ilium
3084 2552 3201 2608 Dei.
3229 2552 3501 2608 Paululum
3536 2559 3676 2611 enim

2139 2652 2260 2694 ante
2287 2645 2350 2695 de
2373 2641 2650 2694 divinitate
2675 2639 2791 2707 ejus
2829 2641 3093 2695 disserens
3117 2642 3191 2695 ait
3215 2659 3228 2694 :
3253 2642 3439 2696 Omnia
3465 2646 3600 2697 nuda
3629 2657 3678 2697 et

2137 2737 2314 2795 aperta
2357 2737 2473 2779 sunt
2516 2726 2677 2779 oculis
2717 2728 2862 2795 ejus;
2893 2743 3032 2781 nunc
3062 2736 3257 2792 autem,
3280 2733 3400 2797 quia
3431 2732 3496 2784 de
3521 2747 3680 2786 carne

2136 2814 2388 2882 loquitur,
2402 2814 2467 2867 de
2485 2815 2789 2882 pontiﬁmtu
2808 2816 3038 2884 disputat
3060 2817 3216 2881 illius,
3232 2820 3320 2885 qui
3342 2822 3679 2888 semetipsum

2137 2906 2389 2962 olferebat
2433 2917 2628 2980 nostra:
2671 2923 2831 2961 causa
2883 2907 3098 2970 salutis;
3129 2916 3183 2960 et
3222 2910 3486 2974 quomodo
3534 2913 3682 2977 prTor

2138 3001 2372 3054 onmium
2402 2988 2663 3063 intrasset
2676 2999 2729 3051 in
2760 2995 3013 3066 requiem.
3041 2997 3308 3050 Habemus
3330 2999 3471 3051 enim
3501 3000 3676 3066 ponti-

494 3089 637 3158 plum
681 3088 1024 3144 inﬁdelitatis.
1067 3088 1264 3141 Deinde
1305 3096 1362 3140 ut
1405 3085 1652 3154 majorem
1697 3090 2037 3154 peccantibus
2061 3072 2104 3128 (ἶ
2137 3091 2288 3145 flcem
2332 3105 2610 3160 magnum,
2635 3089 2723 3159 qui
2754 3089 3046 3158 penetravit
3071 3087 3253 3142 coelos.
3293 3087 3432 3156 Ergo
3472 3087 3679 3158 Moyses

494 3178 753 3231 incuteret
790 3167 1141 3237 formidinem,
1179 3175 1488 3246 subjungit:
1523 3175 1703 3246 (Vsus.
1758 3175 1842 3244 η)
1882 3174 2035 3228 Vivus

421 3294 425 3299 -
491 3278 566 3319 est
587 3266 745 3328 enim,
774 3264 966 3332 inquit,
990 3263 1083 3316 Dei
1107 3279 1290 3327 sermo,
1312 3275 1360 3316 et
1386 3265 1580 3334 efﬁcax,
1607 3273 1656 3316 et
1679 3263 2038 3332 penetrabilior

491 3358 630 3409 omni
660 3355 832 3425 gladio
873 3354 1101 3422 ancipiti.
1133 3351 1230 3405 llic
1263 3354 1495 3406 ostendit
1527 3354 1771 3407 eumdem
1811 3367 1908 3406 nos
1943 3353 2036 3405 ha-

491 3448 617 3500 bere
650 3446 902 3514 iudicem,
949 3445 1037 3511 qui
1084 3443 1198 3496 illos
1239 3451 1454 3510 propter
1493 3441 1910 3496 incredulitatem
1949 3456 2038 3495 eo-

494 3548 610 3585 rum
654 3533 950 3594 damnavit;
996 3517 1130 3584 dixit
1172 3531 1354 3583 enim:
1399 3528 1548 3581 Vivus
1590 3539 1665 3581 est
1710 3545 1874 3581 sermo
1922 3529 2031 3580 Dei.

495 3622 683 3674 Sermo
723 3619 854 3682 Dei,
893 3618 1058 3673 Filius
1094 3629 1176 3672 est
1215 3620 1341 3681 Dei,
1380 3619 1469 3686 qui
1507 3619 1571 3672 de
1611 3618 1784 3686 seipso
1810 3618 1884 3670 ait
1920 3635 1933 3668 :
1975 3617 2036 3672 Si

492 3712 605 3778 quis
631 3724 912 3764 sermonem
947 3713 1112 3761 meum
1140 3711 1430 3772 seruaverit,
1470 3718 1680 3762 mortem
1714 3725 1812 3760 non
1851 3692 2034 3760 ridebit

492 3799 546 3849 in
573 3807 819 3851 (uernum
844 3794 1022 3866 (Jonn.
1052 3811 1168 3871 vui,
1203 3793 1312 3864 5|).
1355 3796 1506 3850 Sicut
1547 3798 1638 3860 illi,
1681 3799 1724 3851 si
1763 3807 2038 3851 servarent

493 3901 789 3940 sermonem
820 3886 934 3949 Dei,
960 3885 1195 3938 viverent
1225 3894 1522 3953 terramque
1561 3889 1926 3953 promissionis
1952 3890 2033 3941 in-

497 3983 713 4037 trarent,
739 3975 818 4027 sic
841 3985 896 4027 et
929 3991 1047 4037 nos,
1075 3976 1118 4026 si
1153 3975 1536 4030 servaverimus
1570 3989 1864 4028 sermonem
1899 3977 2034 4043 ejus,

492 4067 760 4129 vivemus,
798 4068 1136 4133 requiemque
1184 4065 1448 4119 cmlestem
1495 4066 1825 4119 intrahimus.
1882 4063 2053 4118 Virus

493 4164 567 4208 est
600 4153 735 4205 enim
769 4151 865 4234 Dei
899 4170 1085 4215 sermo,
1118 4163 1164 4204 et
1199 4153 1480 4228 efficacia
1515 4155 1874 4222 penetrabilior
1899 4157 2033 4208 omni

492 4243 664 4312 gladio
693 4241 924 4308 ancipiti.
951 4241 1165 4295 Gladius
1188 4241 1326 4295 enim
1363 4257 1557 4308 anceps
1590 4254 1764 4312 potest
1798 4245 2034 4309 membra

494 4334 728 4388 dividere
755 4347 784 4383 a
808 4345 1049 4400 corpore,
1078 4339 1130 4382 et
1156 4340 1430 4398 penetrare
1465 4342 1666 4386 secreta
1702 4343 1756 4386 et
1791 4343 2031 4387 naturam

388 4497 406 4505 -
493 4427 690 4480 carnis.
736 4425 840 4479 Sed
878 4439 942 4478 eo
981 4425 1145 4476 multo
1185 4425 1558 4490 penetrabilior
1593 4431 1674 4475 est
1716 4437 1890 4474 sermo
1918 4424 2031 4482 Dei,

493 4516 800 4584 pertingens,
830 4524 888 4566 ut
915 4514 990 4567 ait
1022 4513 1230 4575 Paulus,
1257 4531 1415 4583 usque
1441 4514 1508 4566 ad
1529 4513 1823 4566 divisionem
1849 4512 2035 4563 animo:

495 4620 555 4654 ac
606 4601 847 4669 spiritus,
894 4616 1190 4668 compagum
1237 4602 1418 4669 quippe
1463 4612 1509 4653 et
1561 4598 1932 4659 medullarum;
1986 4608 2033 4649 ct

495 4691 740 4743 discretor
764 4697 836 4740 est
859 4673 1221 4755 cogitationum
1244 4673 1397 4755 etiam
1418 4699 1464 4740 et
1490 4691 1822 4741 intentionum
1843 4687 2028 4740 cordis.

494 4781 681 4831 Anima
709 4779 952 4837 vivimus,
982 4777 1165 4843 spiritu
1203 4749 1568 4844 iuielligimus;
1599 4779 1701 4829 vita
1740 4777 1889 4829 nobis
1917 4792 2032 4828 car-

495 4866 630 4918 nalis
654 4849 773 4918 cum
800 4864 980 4917 bestiis
1004 4864 1298 4916 communis
1319 4875 1426 4926 est;
1468 4863 1626 4930 677
1666 4864 1798 4916 ratio
1824 4864 2034 4930 spirita-

495 4949 559 5002 lis
598 4966 720 5003 cum
761 4953 979 5020 angelis.
1023 4952 1150 5003 Tam
1196 4951 1380 5003 enicas
1423 4959 1504 5002 est
1537 4949 1790 5014 judicium
1825 4953 1932 5011 Dei,
1976 4963 2032 5005 ut

496 5039 759 5091 discernat
801 5039 939 5091 inter
975 5041 1208 5094 carnalia
1253 5042 1462 5106 poscam
1502 5047 1556 5090 ct
1596 5039 1873 5105 spiritalia,
1913 5042 2034 5108 quis

495 5127 622 5195 quid
648 5125 843 5194 cogitat
866 5127 1058 5187 animo,
1090 5129 1170 5180 vel
1195 5145 1300 5196 quo
1333 5126 1591 5180 desiderio
1625 5126 1732 5179 Deo
1758 5129 1952 5181 serviat
1978 5131 2028 5181 in

495 5217 674 5270 corde.
701 5215 829 5268 Tam
871 5217 1209 5283 penetrabilis
1235 5227 1316 5270 est
1337 5217 1450 5284 ejus
1476 5216 1711 5279 intuitus,
1755 5226 1813 5269 ut
1853 5220 2028 5272 omnia

496 5312 678 5356 nostra
704 5319 821 5371 quae
859 5305 1062 5373 agimus
1090 5303 1172 5355 vel
1199 5306 1512 5372 cogitamus,
1550 5304 1747 5359 certius
1784 5317 2035 5372 agnoscat

496 5403 656 5457 quam
695 5391 1020 5459 nosmetipsi.
1066 5391 1213 5443 Illum
1257 5405 1467 5458 semper
1507 5396 1760 5449 habemus
1800 5395 2033 5449 testimo-

499 5481 640 5534 nium
671 5487 880 5532 actuum
912 5490 1207 5534 nostrorum
1237 5481 1316 5533 vel
1344 5483 1736 5550 cogitationum,
1764 5498 1917 5552 quem
1939 5486 2028 5554 ju-

501 5571 666 5625 diccm
704 5570 928 5624 habituri
963 5587 1161 5626 sumus.
1199 5572 1498 5626 Timeamus
1529 5572 1640 5638 ejus
1676 5577 2026 5641 prxsentimu,

2134 3180 2323 3233 ductor
2349 3180 2546 3248 populi,
2569 3179 2656 3233 cui
2696 3180 2956 3247 promissa
2983 3185 3066 3232 est
3100 3175 3308 3243 requies
3351 3177 3675 3237 transitoria,

2134 3283 2237 3319 non
2264 3268 2480 3320 intravit
2503 3268 2554 3319 in
2585 3267 2820 3333 requiem
2851 3281 3010 3334 quam
3039 3266 3230 3334 sepius
3253 3264 3443 3334 populo
3483 3267 3680 3335 promi-

2132 3354 2230 3414 sit;
2258 3354 2356 3406 iste
2378 3367 2504 3406 vero
2525 3353 2792 3411 sacerdos,
2808 3335 3037 3404 melioris
3056 3354 3420 3420 promissionis
3437 3368 3679 3422 sponsor,

2133 3443 2270 3494 viam
2318 3440 2516 3494 faciens
2552 3438 2888 3492 credentibus
2926 3438 2978 3496 in
3016 3453 3091 3500 se,
3119 3440 3324 3506 primus
3371 3442 3587 3494 intravit
3627 3442 3680 3494 in

2134 3530 2366 3598 requiem
2409 3528 2597 3597 populo
2644 3527 2742 3580 sibi
2783 3527 2980 3579 credito
3011 3526 3356 3593 promissam;
3397 3531 3681 3583 ostendens

2131 3633 2251 3670 eum
2298 3633 2542 3685 magnum
2590 3616 2936 3678 sacerdotem,
2961 3614 3082 3684 quia
3126 3614 3484 3682 sempiternum
3527 3616 3679 3668 habet

2131 3704 2470 3758 sacerdotium
2491 3745 2505 3766 ,
2536 3719 2732 3772 semper
2759 3705 2899 3755 vivus
2926 3703 2993 3754 ad
3021 3703 3445 3771 intrpellandum
3469 3719 3560 3771 pro
3587 3721 3696 3772 no—_

2133 3795 2208 3846 bis
2230 3809 2247 3845 :
2268 3801 2320 3846 ct
2340 3792 2479 3845 hunc
2500 3791 2881 3859 ipsum‘Filium
2911 3791 3000 3844 Dei
3021 3793 3323 3854 ostendens,
3347 3792 3471 3845 dum
3503 3793 3673 3848 dixit:

2131 3883 2310 3936 Iesum
2354 3880 2546 3934 Filium
2573 3881 2684 3940 Dei,
2711 3882 2852 3949 quod
2891 3897 3149 3949 nusquam
3187 3883 3254 3935 de
3281 3882 3457 3952 Moyse
3498 3884 3676 3938 dicere

2133 3974 2326 4035 voluit;
2353 3974 2446 4027 sed
2468 3989 2588 4026 eum
2615 3973 2864 4025 famulum
2891 3973 3189 4041 proferebat
3219 3976 3269 4028 in
3293 3977 3676 4045 superioribus,

2132 4061 2419 4112 tcstilicans
2449 4074 2569 4112 eum
2599 4055 2698 4113 sub
2726 4061 2938 4114 nomine
2960 4060 3105 4125 Jesu,
3127 4064 3267 4131 quod
3292 4077 3484 4118 nomen
3515 4080 3674 4137 ange-

2133 4149 2241 4210 lus,
2266 4165 2296 4200 a
2324 4149 2431 4201 Deo
2468 4147 2703 4200 directus
2745 4148 2933 4216 virgini
2975 4153 3307 4203 annuntiavit
3345 4153 3537 4207 Filium
3582 4157 3673 4209 Dei

2129 4253 2244 4291 esse
2269 4251 2470 4298 verum,
2489 4243 2542 4288 et
2563 4237 2680 4289 ideo
2707 4250 2953 4303 magnum
2971 4237 3320 4290 sacerdotem.
3351 4239 3536 4308 (Vsus.
3564 4244 3673 4312 15.)

2135 4328 2414 4392 Tenemus
2446 4326 2830 4394 confessionem.
2883 4325 2998 4378 Non
3035 4327 3168 4378 enim
3193 4328 3435 4382 habemus
3461 4333 3669 4399 pontiﬁ—

2133 4433 2270 4477 cem,
2298 4417 2385 4484 qui
2433 4431 2534 4468 non
2573 4415 2731 4483 possit
2772 4415 2994 4483 compati
3036 4415 3417 4482 inﬁrmitatibus
3461 4421 3667 4474 nostris.

2133 4507 2351 4572 Qualem
2377 4505 2760 4560 confessionem
2788 4507 2949 4560 dicit?
2972 4506 3226 4572 Quoniam
3252 4507 3416 4563 Filius
3437 4510 3527 4563 Dei
3554 4520 3668 4573 est;

2079 4585 2084 4592 ’
2131 4596 2381 4660 quoniam
2412 4592 2654 4646 Christus
2676 4593 2814 4645 Deus
2844 4601 2952 4656 est;
2978 4595 3224 4660 quoniam
3249 4611 3433 4663 passus
3463 4607 3564 4661 est,
3588 4613 3672 4650 se-

2128 4683 2306 4747 pultus
2328 4688 2430 4744 est,
2458 4681 2746 4733 resurrexit
2772 4680 2926 4732 tertia
2955 4681 3066 4743 die,
3094 4684 3331 4736 ascendit
3366 4685 3418 4736 in
3455 4685 3663 4745 omium,

2129 4769 2276 4821 sedet
2297 4770 2361 4822 ad
2385 4771 2656 4824 dexteram
2678 4769 2769 4822 Dei
2793 4768 2984 4832 Patris,
3019 4769 3138 4823 inde
3165 4782 3418 4827 venturus
3431 4771 3668 4840 indic-ire

2135 4858 2282 4911 vivos
2319 4866 2373 4910 et
2401 4867 2665 4921 mortuos;
2709 4873 2803 4926 per
2828 4873 2983 4925 quem
3010 4859 3184 4912 omnia
3226 4861 3360 4913 bona
3395 4861 3662 4920 habemus,

2133 4949 2563 5017 redemptionem,
2593 4949 3050 5012 resurrectionem,
3078 4949 3431 5004 h:ereditatem
3456 4967 3574 5004 cum
3602 4966 3668 5006 eo

2132 5028 2526 5100 sempiternam.
2558 5034 2680 5087 Hmc
2701 5034 3065 5088 contiteamur.
3098 5037 3228 5101 Quia
3252 5052 3377 5090 vero
3399 5039 3511 5090 hac
3539 5054 3662 5092 vera

2133 5130 2254 5175 sunt
2295 5123 2723 5178 manifestissime
2766 5122 2934 5192 [Leg.,
2969 5125 3301 5178 manifestum
3343 5127 3444 5196 est]
3491 5142 3556 5180 ex
3601 5145 3666 5182 eo

2131 5208 2269 5275 quod
2293 5210 2527 5275 pontifex
2553 5220 2650 5267 est,
2682 5210 2733 5261 in
2761 5209 3011 5262 interiora
3036 5212 3312 5266 velaminis
3349 5215 3668 5269 constitutus

2132 5297 2292 5350 intrat
2311 5299 2363 5350 in
2389 5299 2641 5364 sanguine
2664 5313 2910 5366 aspersus
2934 5301 3166 5368 proprio,
3193 5315 3294 5353 non
3312 5301 3506 5363 alieno,
3529 5303 3665 5357 sicut

2131 5388 2404 5459 pontifices
2423 5391 2644 5456 priores,
2669 5390 2756 5456 qui
2785 5390 3038 5457 sanguine
3075 5407 3246 5444 vacca-
3270 5389 3399 5444 rufae
3423 5406 3663 5462 asperge

2131 5484 2335 5534 bantur.
2373 5479 2493 5531 Non
2516 5480 2649 5530 enim
2671 5479 2913 5531 habemus
2939 5481 3243 5547 pontiﬁcem,
3272 5481 3358 5546 qui
3389 5496 3486 5532 non
3506 5484 3663 5547 possit

2129 5571 2342 5638 τριηραιὲ
2375 5569 2751 5636 inﬁrmitatibus
2800 5570 2998 5621 nostris.
3051 5569 3180 5631 Non,
3230 5569 3414 5636 inquit,
3464 5569 3662 5638 ignorat
