4262 6248
641 348 762 405 Ιυέὲι
1099 382 1111 403 ι
1320 346 1349 387 Ὗ
1429 344 1485 403 Β.
1510 360 1529 387 ί
1560 353 1619 405 F.
1662 351 1878 405 ALBlNl
1917 351 2041 404 Slili
2078 344 2346 407 ALCUINI
2382 344 2662 407 OI’ERL'M
2701 351 2873 403 PARS
2910 354 2967 406 ll.
3016 360 3019 361 ⁷
3686 348 3825 401 1051

632 479 747 530 qua:
770 470 947 515 nostra
980 472 1131 519 sunt;
1170 461 1309 512 venit
1332 462 1471 511 cnim
1496 477 1589 528 per
1614 461 1752 513 viam
1781 460 2023 514 humana:
2048 473 2173 511 con-
2200 464 2245 518 Λ
2269 459 2359 527 qui
2386 460 2533 513 sedet
2561 460 2611 512 in
2664 461 2855 516 throno
2888 457 3092 531 gratim.
3136 459 3283 526 Quod
3320 477 3444 516 vero
3470 468 3808 530 'opportunus

630 551 879 611 ditionis;
905 566 994 616 per
1029 550 1199 600 omnia
1247 550 1355 600 sine
1394 562 1617 617 ρει-ωηο,
1649 549 1777 601 nihil
1821 563 2001 601 secum
2044 546 2164 600 alle-

631 653 774 700 rens‘,
798 640 935 690 unde
964 639 1118 691 morti
1140 639 1344 691 debitor
1368 649 1527 709 esset,
1553 639 1689 691 sicut
1717 639 1829 706 ipse
1859 639 1910 690 in
1934 637 2164 704 Evange-

629 726 701 777 lio
723 734 944 778 testatur
971 728 1151 781 dicens
1174 745 1186 777 :
1218 725 1356 779 l'enit
1379 730 1508 778 enim
1529 730 1760 795 princeps
1786 727 1940 794 hujus
1966 727 2163 783 mundi.

627 826 673 864 et
700 816 751 865 in
786 831 862 865 me
892 831 989 867 nan
1016 816 1161 867 liabet
1188 817 1464 883 quidquam
1490 814 1667 882 (latnt.
1702 832 1806 878 xlv,
1837 816 1945 880 50).
1975 833 1993 862 ι
2023 814 2163 867 Multi

626 904 899 966 puntiliccs
928 904 1168 971 ignorant
1206 921 1295 955 eus
1324 906 1411 970 qui
1445 906 1494 955 in
1526 903 1949 957 tribulationibus
1977 905 2167 956 consti-

627 990 722 1040 tuti
750 1001 888 1045 sunt.
915 1007 1083 1058 neque
1108 1008 1222 1059 qna-
1243 993 1308 1043 sil
1333 992 1596 1043 tribulatio
1622 994 1671 1043 in
1692 991 1945 1059 quolibet,
1972 991 2162 1043 sciunt.

626 1078 949 1145 Impossibile
987 1080 1175 1147 quippe
1202 1090 1281 1132 est
1322 1083 1457 1133 scire
1503 1080 1813 1132 adiit-tiones
1856 1079 2164 1132 delictorum

626 1162 863 1234 [σῆψιν
884 1166 1214 1237 aﬂlicturum]
1239 1169 1285 1220 ei
1311 1168 1399 1235 qzti
1423 1168 1839 1234 experimentum
1871 1164 2165 1219 alllictionis

624 1271 726 1305 nam
772 1255 977 1309 habuit.
1011 1264 1064 1306 et
1100 1256 1418 1308 sensibiliter
1448 1256 1620 1306 nuntia
1659 1254 1907 1306 sustinuit
1932 1250 2160 1323 [Chrys.,

626 1357 727 1393 ltuit
771 1340 1061 1408 sustinuit].
1115 1326 1348 1407 Pontifex
1398 1342 1537 1392 enim
1585 1349 1766 1392 uester
1801 1344 2164 1409 competenter

622 1422 795 1481 omnia
820 1430 1085 1491 sustinuit,
1108 1451 1124 1479 ι
1142 1446 1256 1496 qaue
1278 1430 1489 1482 fuerunt
1510 1429 1750 1481 humana:
1773 1429 1997 1480 miseriae
2018 1428 2159 1481 illata

622 1526 735 1583 post
776 1526 1049 1583 peceatum
1084 1519 1235 1585 primi
1284 1518 1536 1579 hominis;
1566 1526 1619 1569 et
1660 1525 1782 1569 tunc
1825 1517 1876 1568 in
1911 1516 2157 1568 interiora

624 1604 910 1662 wlamiuis.
942 1606 1005 1655 ad
1035 1606 1279 1657 thronum
1308 1614 1539 1670 paternze
1569 1605 1859 1671 majestatis
1898 1605 2156 1657 ascendit.

626 1689 887 1742 Tentatum
922 1702 1089 1743 autent
1134 1707 1225 1759 per
1254 1695 1422 1743 omnia
1472 1710 1564 1760 pro
1609 1691 1945 1743 similitudine
1988 1694 2158 1743 carnis

620 1780 805 1846 absque
843 1788 1063 1845 peccato.
1119 1778 1372 1830 Teutalus
1416 1779 1674 1843 siquidem
1707 1778 1928 1830 diversis
1968 1779 2156 1835 modis.
2192 1764 2234 1820 Β

620 1867 708 1918 sed
738 1883 837 1918 non
868 1880 1171 1934 superatus;
1203 1869 1253 1919 in
1284 1867 1705 1920 trilulationilms
1745 1868 2017 1936 probatus,
2045 1869 2159 1920 ul-i-

620 1971 719 2021 que
756 1957 921 2009 \‘icltlt‘
948 1958 1222 2023 gloriosus.
1254 1960 1493 2012 Tentatus
1516 1972 1596 2013 cst
1617 1961 1874 2027 siquidem
1902 1977 1993 2027 pro
2018 1963 2159 2013 simi-

619 2045 830 2097 lifudinc
868 2048 1035 2098 carnis
1064 2049 1250 2114 absque
1276 2047 1439 2116 678
1478 2059 1703 2115 percolo.
1750 2050 2155 2102 Similitudiuem

620 2135 793 2201 itaque
820 2136 994 2188 carnis
1026 2137 1223 2202 peccati
1258 2137 1467 2195 lubuit;
1499 2154 1615 2205 qua:
1657 2148 1827 2193 tamen
1868 2155 1994 2192 caro
2022 2140 2161 2193 illius

622 2225 817 2290 absque
857 2226 997 2277 Ulltlti
1028 2235 1243 2292 peccato
1270 2226 1384 2279 fuit.
1415 2226 1535 2279 lla-c
1562 2237 1641 2280 est
1669 2229 1887 2280 tentatio
1911 2244 2011 2296 qua
2041 2236 2157 2280 ten-

622 2320 756 2363 tatus
783 2321 861 2365 est
887 2332 895 2362 :
926 2331 941 2359 σ
971 2314 1389 2381 persecutionem
1432 2312 1781 2380 plurimorum
1825 2328 2011 2381 passus
2053 2324 2153 2375 est,

618 2411 767 2466 sputa
797 2400 1044 2467 sttsCt‘pll,
1062 2410 1341 2454 accusatus
1360 2409 1462 2462 est,
1487 2401 1866 2463 detractionem
1889 2401 2154 2465 sustinuit,

618 2489 903 2541 calumnias
942 2505 1125 2557 passus
1161 2499 1268 2551 est,
1298 2489 1536 2557 repulsus
1575 2499 1658 2543 cst
1682 2506 1710 2541 a
1739 2491 1949 2559 propria
1980 2499 2155 2557 gente,

620 2579 670 2628 iu
702 2577 852 2630 ﬁnem
881 2580 1163 2631 cruciﬁxus
1187 2587 1284 2631 est.
1324 2578 1487 2630 Juxta
1528 2579 1934 2640 similitudinem,
1964 2579 2153 2646 inquit,

616 2668 724 2716 sine
764 2676 989 2732 peccato.
1036 2667 1165 2718 Dum
1204 2667 1349 2727 dicit,
1378 2668 1431 2718 in
1470 2666 1803 2720 similitudine
1837 2670 2027 2729 carnis,
2057 2668 2155 2721 hoc

620 2771 721 2805 ltuit
749 2755 875 2806 dicit
897 2795 911 2818 ,
942 2757 1062 2823 quia
1092 2756 1377 2810 similitudo
1403 2756 1579 2810 carnis
1606 2756 1703 2809 fuit
1728 2758 1777 2810 in
1804 2771 1883 2817 eo,
1915 2758 2005 2811 sed
2033 2758 2156 2825 quia

615 2861 825 2900 carnem
858 2849 1085 2916 suscepit
1114 2863 1308 2901 veram.
1352 2848 1526 2913 Quare
1562 2863 1687 2915 ergo
1711 2847 1860 2908 dixit,
1889 2846 1941 2898 in
1971 2846 2154 2898 simili—

615 2936 789 2986 tudine
814 2935 1026 2987 carnis?
1047 2932 1241 2987 Natura
1270 2951 1390 2987 vera
1414 2950 1569 3004 quam
1594 2933 1843 3001 suscrpit,
1867 2932 2052 2985 similis
2075 2941 2157 2987 est

614 3024 759 3075 carni
782 3033 1001 3083 nostraa;
1024 3032 1239 3091 peccata
1266 3038 1391 3076 vero
1414 3037 1743 3091 nequaquam
1770 3021 1972 3085 habuit,
1994 3040 2012 3071 ι
2039 3034 2156 3088 quae

614 3122 794 3163 lttlslra
837 3127 960 3164 caro
990 3114 1053 3164 de
1094 3112 1403 3179 parentibus
1445 3111 1735 3173 contraxit;
1778 3110 1899 3177 quia
1928 3102 2031 3162 tale
2057 3108 2153 3160 fuit

613 3198 866 3267 originale
906 3207 1175 3265 peccatum
1206 3199 1255 3249 in
1298 3212 1455 3250 carne
1482 3198 1633 3263 primi
1679 3196 1926 3256 hominis,
1953 3204 2007 3247 ut
2035 3195 2156 3247 inde

612 3298 664 3339 et
692 3302 842 3354 pmua
880 3295 931 3339 et
960 3286 1244 3345 remedium
1266 3285 1391 3339 ﬁeri
1416 3286 1688 3354 potuisset.
1714 3283 1873 3337 Plena
1897 3294 1947 3335 et
1974 3298 2157 3350 pecca-

616 3385 726 3427 tuut
770 3374 820 3427 iu
849 3375 989 3426 omni
1022 3374 1500 3446 humanogenere,
1532 3382 1723 3440 pneter
1761 3372 1810 3424 itt
1834 3371 2071 3435 Christo,
2103 3373 2155 3425 in

616 3480 719 3532 quo
744 3464 856 3518 solo
883 3464 1024 3517 salus
1046 3473 1097 3515 et
1134 3462 1420 3514 remedium
1449 3461 1560 3514 l'uit.
1596 3461 1706 3514 Non
1736 3462 1875 3514 enim
1899 3462 2154 3531 'pracjudi-

616 3570 731 3609 cata
765 3564 843 3608 est
871 3572 992 3608 caro
1019 3555 1280 3622 percazrix
1310 3594 1324 3616 ,
1351 3563 1407 3606 ut
1434 3554 1552 3606 inde
1582 3554 1865 3606 remedium
1899 3553 2010 3606 ﬁeri
2052 3567 2155 3605 non

617 3648 891 3714 potuisset.
924 3645 1236 3698 Plu-sciebat
1261 3645 1489 3712 potentia
1516 3643 1628 3706 Dei,
1646 3642 1869 3709 qualiter
1886 3657 1951 3694 ex
1973 3642 2156 3695 ealeut

618 3752 787 3787 massa
811 3733 1048 3799 justiti-.c,
1077 3731 1339 3799 :equitatis
1364 3741 1415 3783 et
1444 3730 1815 3783 tuiscricordim
1838 3729 2009 3799 pietas
2033 3744 2155 3796 pro-

618 3828 794 3880 tenire
819 3826 1102 3896 potuisset.

686 3936 844 3990 Vens.
879 3934 953 3987 lb.
972 3933 1303 3985 —.ldcautus
1324 3950 1445 4001 ergo
1469 3950 1584 3985 rum
1610 3934 1805 3999 ﬁducia
1828 3932 1894 3983 ad
1919 3932 2169 3983 thronum

615 4027 814 4095 gratia',
852 4036 901 4076 tt:
928 4023 1330 4075 misericordiam
1357 4038 1742 4090 consequamur,
1769 4033 1815 4074 et
1840 4016 2059 4091 gratiam
2081 4024 2158 4075 in-

618 4115 876 4167 veniamus
920 4113 972 4165 in
1014 4113 1208 4165 auxilio
1240 4123 1544 4181 opportuno.
1592 4113 1845 4167 Adeamus
1878 4129 1996 4181 ergo
2044 4129 2157 4165 cum

615 4209 824 4277 ﬁducia.
852 4207 953 4262 hoc
977 4216 1080 4270 est,
1108 4208 1359 4261 adeamus
1379 4222 1473 4276 per
1500 4207 1654 4259 ﬁdem
1675 4207 1739 4256 ad
1766 4206 2013 4257 thronum
2041 4220 2159 4273 gra-

618 4304 706 4354 tia:
744 4300 879 4367 ejus,
910 4300 1213 4359 habeamus,
1243 4299 1482 4364 quamvis
1516 4304 1818 4363 peccatores
1850 4295 2037 4357 simus,
2062 4307 2154 4346 ιι...

2266 548 2434 602 factus
2458 557 2538 603 est
2566 564 2661 616 pro
2689 550 2873 613 nobis,
2918 565 3161 620 magnum
3211 559 3293 604 est
3318 551 3628 606 humilitatis
3672 554 3807 605 indi-

2263 636 2427 700 cium,
2458 651 2617 705 quam
2641 651 2703 690 ex
2722 646 2901 691 nostra
2928 638 3154 706 suscepit
3174 646 3396 701 natura;
3428 654 3529 691 non
3553 653 3661 693 sua
3681 638 3807 693 sub—

2262 714 2493 786 stantiic,
2516 739 2672 793 quain
2701 725 2860 778 habet
2908 725 3295 792 triumphaliter
3317 730 3449 779 cum
3481 726 3671 791 Patre,
3719 729 3805 781 cui

2264 826 2360 863 nos
2381 809 2536 865 ﬁdem
2564 827 2684 865 cum
2708 812 2896 866 ﬁducia
2924 814 3177 877 bonitatis
3211 812 3319 869 sua:
3342 805 3656 879 aderamus,
3705 817 3807 872 hoc

2261 907 2554 967 opportuno
2576 907 2828 967 tempore,
2851 915 2969 953 cum
3006 902 3151 954 sedet
3180 902 3229 953 iit
3266 902 3448 971 gratia:
3469 903 3658 957 throno
3686 942 3703 966 ,
3752 913 3809 958 et

2260 988 2437 1039 omnia
2462 988 2643 1040 tribuit
2669 1003 2787 1056 qua:
2823 987 2973 1041 nobis
3008 989 3073 1042 ad
3121 988 3343 1043 salutem
3373 992 3648 1058 provenire
3688 1006 3805 1045 cer-

2263 1076 2522 1128 tissimum
2543 1085 2642 1129 est.
2670 1095 2688 1127 r
2718 1076 2867 1131 Modo
2889 1086 3093 1145 tempus
3112 1087 3193 1131 est
3226 1079 3511 1142 donorum;
3544 1096 3699 1133 nemo
3727 1082 3795 1135 de

2260 1161 2434 1229 seipse
2455 1163 2715 1229 desperet.
2748 1184 2765 1214 ι
2792 1165 3091 1219 Timeamus
3112 1164 3357 1219 thronum
3379 1167 3642 1234 :equitatis
3666 1166 3801 1235 ejus,

2258 1265 2379 1305 cum
2416 1255 2623 1306 venerit
2646 1238 2935 1320 diiudicare
2956 1257 3131 1307 omnia
3169 1256 3454 1309 secundum
3497 1256 3798 1325 justitiam:

2260 1348 2311 1393 et
2335 1348 2462 1393 tunc
2504 1342 2605 1393 erit
2650 1341 3033 1409 desperationis
3076 1352 3279 1410 tempus
3326 1357 3469 1396 nunc
3505 1343 3804 1398 nolentibus

2255 1428 2491 1479 converti
2528 1426 2592 1479 ad
2619 1426 2794 1481 Sedcm
2825 1430 3027 1498 gratize,
3055 1445 3175 1483 cum
3227 1430 3487 1483 thalamus
3510 1431 3612 1482 erit
3654 1430 3800 1484 clau-

2256 1529 2366 1575 sus,
2392 1524 2698 1584 tantumque
2736 1532 2856 1570 cum
2906 1533 3098 1585 sponso
3127 1526 3418 1581 remanent,
3441 1518 3529 1586 qui
3570 1518 3804 1573 lucentes

2254 1602 2407 1657 bonis
2431 1606 2680 1673 operibus
2716 1605 2884 1661 ferent
2905 1607 3195 1674 lampades.

2859 1736 3080 1792 CAPUT
3124 1738 3186 1790 ν.

2329 1826 2485 1882 Vens.
2524 1828 2568 1879 l.
2597 1856 2662 1865 ——
2688 1825 2863 1881 Omnis
2902 1843 3116 1897 uanique
3150 1827 3381 1894 pontifex
3409 1842 3472 1878 ex
3514 1826 3801 1878 hominibus

2256 1926 2571 1984 assumptus,
2591 1932 2681 1982 pro
2702 1917 2986 1968 hominibus
3012 1902 3342 1968 constituitur
3366 1914 3418 1967 in
3437 1915 3515 1966 his
3541 1931 3653 1983 quit
3679 1926 3799 1967 sunt

2255 2004 2325 2055 ad
2351 2003 2533 2055 Deum.
2564 2022 2580 2053 ι
2619 2003 2738 2055 Vult
2758 2001 3035 2055 ostendere
3067 2003 3177 2070 jam
3225 2001 3411 2056 beatus
3453 2000 3643 2055 Paulus
3669 2018 3800 2072 quo-

2259 2091 2414 2145 modo
2445 2092 2608 2144 multo
2636 2092 2820 2147 melius
2862 2099 2943 2143 est
2979 2100 3348 2145 testamentum
3374 2093 3473 2145 hoc
3512 2107 3671 2160 quam
3702 2108 3797 2145 ve-

2260 2190 2367 2243 tus,
2395 2180 2515 2248 quia
2547 2178 2674 2232 nihil
2724 2190 2806 2233 est
2831 2181 2879 2231 in
2918 2181 3017 2233 hoc
3065 2179 3455 2248 imaginarium,
3490 2196 3508 2229 ι
3542 2186 3602 2231 ttt
3639 2186 3760 2246 puta
3782 2219 3796 2240 ,

2260 2284 2363 2321 non
2398 2254 2648 2334 templum
2676 2268 2967 2335 corporale,
2994 2283 3093 2319 non
3119 2267 3345 2320 victimae
3374 2266 3612 2321 carnales
3632 2306 3647 2330 ,
3695 2282 3798 2319 non

2258 2358 2650 2410 observationes
2685 2356 2898 2423 legales,
2924 2356 3015 2408 sed
3054 2356 3239 2408 altiora
3264 2363 3317 2408 et
3348 2352 3661 2421 perfectiora
3688 2370 3798 2407 om-

2260 2446 2367 2505 nia,
2397 2444 2519 2510 quia
2560 2452 2724 2496 totum
2759 2443 3011 2510 quidquid
3060 2450 3140 2496 est
3179 2444 3231 2496 in
3269 2441 3591 2510 spiritalibus
3640 2440 3797 2509 hujus

2261 2531 2555 2584 testamenti
2586 2532 2721 2583 ratio
2744 2539 2843 2585 est.
2877 2530 2979 2583 Sed
3008 2532 3131 2599 quia
3182 2529 3437 2599 spiritalia
3486 2546 3587 2583 non
3615 2531 3691 2583 sic
3720 2532 3801 2582 in-

2258 2620 2539 2673 troducunt
2564 2620 2820 2683 inﬁrmos,
2846 2622 2981 2673 sicut
3016 2616 3333 2688 corporalia,
3352 2618 3417 2673 de
3440 2618 3801 2686 corporalibus

2257 2712 2398 2765 enim
2437 2710 2715 2777 incipiebat
2766 2711 3032 2777 disputare
3082 2710 3262 2763 dicens
3300 2725 3312 2761 ε
3370 2706 3548 2771 Omnis
3584 2724 3801 2778 namque

2255 2797 2482 2864 pontifex
2514 2813 2577 2849 ex
2596 2796 2883 2848 hominibus
2912 2778 3224 2864 assumptus,
3249 2811 3341 2863 pro
3367 2794 3653 2847 hominibus
3676 2810 3797 2847 ton-

2255 2886 2502 2937 stituitur.
2528 2884 2719 2938 Deﬁuit
2736 2872 2876 2937 enim
2906 2893 3130 2951 tempus,
3154 2885 3381 2952 primum
3410 2884 3634 2952 quidsit
3668 2898 3799 2952 pon-

2259 2972 2409 3035 tifex,
2430 2981 2483 3026 et
2504 2973 2826 3025 demonstrat
2846 2988 2962 3041 qua:
2988 2972 3285 3041 pertineant
3309 2972 3375 3024 aJ
3401 2970 3793 3039 pontiﬁcem,et

2175 3089 2229 3155 ϐ
2257 3060 2381 3127 quid
2406 3059 2473 3113 sit
2499 3058 2613 3125 ejus
2640 3060 3013 3122 ministerium,
3033 3067 3084 3112 et
3134 3072 3252 3125 qua:
3275 3058 3380 3111 sint
3415 3058 3561 3137 signa
3592 3057 3797 3124 pontiﬁ-

2254 3158 2433 3210 catus;
2466 3147 2517 3201 id
2540 3155 2641 3209 est,
2666 3157 2720 3199 ut
2745 3146 2927 3214 oﬂ'emt
2976 3145 3111 3212 dona
3139 3154 3187 3197 et
3215 3144 3471 3210 sacriﬁcia
3496 3160 3588 3212 pro
3615 3160 3793 3212 pecca-

2252 3240 2339 3300 tis,
2368 3246 2490 3290 etut
2525 3235 2793 3289 condolere
2838 3236 2994 3303 possit
3028 3235 3106 3287 Itis
3127 3235 3215 3300 qui
3254 3235 3489 3303 ignorant
3519 3242 3568 3286 et
3592 3242 3799 3286 errant:

2252 3327 2492 3396 quoniam
2520 3336 2566 3378 et
2592 3327 2699 3393 ipse
2741 3325 3085 3377 circumdatus
3113 3332 3187 3377 est
3230 3322 3545 3389 inﬁrmitate.
3580 3341 3598 3371 ι
3635 3321 3802 3389 Opor-

2256 3414 2399 3466 tebat
2418 3414 2556 3465 enim
2573 3413 2637 3465 de
2653 3412 3029 3465 excellemibus
3049 3410 3271 3464 terrenis
3293 3410 3446 3462 ﬁdem
3470 3409 3666 3472 facere,
3696 3428 3715 3460 ι
3740 3418 3798 3462 ut

2255 3500 2319 3552 ad
2343 3498 2714 3553 escelleutiora
2762 3497 3017 3565 spiritalia
3065 3496 3340 3565 pervenire
3388 3496 3689 3563 possint,et
3735 3504 3795 3549 ut

2254 3588 2574 3641 consuetudo
2599 3585 2765 3657 [Leg.,
2789 3601 2820 3639 a
2852 3582 3125 3652 consueto]
3164 3576 3685 3638 sacerdotiumintore
3709 3582 3799 3650 qui
3882 3598 3887 3599 ί

2257 3676 2451 3745 inlcge
2475 3675 2591 3739 fuit,
2621 3676 2685 3729 ad
2707 3675 2947 3735 altius,id
2974 3682 3055 3725 est
3082 3672 3297 3734 Christi,
3334 3672 3685 3727 sacerdotium
3707 3686 3801 3723 eos

2255 3768 2606 3836 perduceret,
2653 3767 2742 3833 qui
2788 3763 2960 3818 adhuc
2990 3761 3237 3816 inﬁrmati
3276 3761 3507 3816 fuerunt.
3554 3762 3634 3814 -Ει
3675 3775 3800 3827 pro—

2254 3865 2372 3923 pter
2418 3855 2627 3907 moduut
2672 3853 2901 3907 carnalis
2949 3852 3213 3921 pontiﬁcis
3250 3853 3553 3906 introducit.
3583 3848 3801 3903 Pontiﬁ~

2256 3947 2334 3999 cis
2388 3945 2563 4013 itaque
2607 3943 2840 3998 ofﬁcium
2883 3952 2986 4004 cst,
3040 3941 3178 3994 inter
3229 3941 3392 3996 Deum
3433 3949 3577 3992 stare
3630 3948 3685 3993 et
3706 3955 3797 4008 po-
3872 3950 3875 3951 '

2258 4037 2468 4103 pulum;
2522 4035 2684 4087 Deum
2738 4032 3007 4100 deprecati
3058 4046 3154 4100 pro
3201 4031 3374 4101 populi
3422 4028 3649 4084 delictis.
3686 4030 3797 4086 Hoc

2257 4126 2450 4180 etenim
2479 4125 2719 4177 Christus
2740 4121 2884 4185 fecit,
2914 4124 3144 4191 seipsum
3186 4121 3410 4174 offerens
3446 4136 3543 4190 pro
3568 4123 3803 4189 peccatis

2258 4215 2474 4275 nostris,
2502 4226 2709 4279 semper
2745 4212 2896 4266 Vivus
2944 4214 3009 4265 ad
3050 4209 3479 4277 interpellandum
3520 4225 3618 4278 pro
3638 4211 3805 4287 673

2259 4317 2328 4352 no
2365 4301 2437 4353 is:
2470 4299 2631 4353 semel
2656 4300 2721 4354 ab
2758 4301 3057 4354 hominibus
3102 4306 3423 4366 assumptus,
3455 4298 3548 4352 sed
3588 4313 3801 4367 semper

618 4404 714 4456 per
737 4386 849 4453 ejus
876 4388 1099 4456 gratiam
1130 4400 1441 4453 recuperare
1468 4400 1644 4452 posse,
1672 4383 1717 4438 si
1746 4391 1922 4435 tamen
1956 4381 2160 4443 fructus
2190 4405 2234 4463 υ

2260 4405 2354 4457 pro
2375 4389 2673 4444 hominibus
2720 4388 3129 4456 interpellandus
3156 4385 3370 4457 [Forte,
3412 4385 3795 4458 interpellans].

618 4477 803 4546 dignos
827 4474 1110 4529 fecerimus
1138 4474 1477 4540 ρωηίιειιιίςιι,
1500 4481 1550 4525 et
1575 4472 1731 4524 ﬁdem
1762 4471 1965 4523 ﬁrmam
1997 4484 2161 4539 usque

619 4570 672 4620 in
705 4566 860 4619 tinem
901 4566 1239 4618 retineamus.
1269 4562 1413 4614 Nunc
1456 4576 1610 4613 verus
1629 4560 1775 4613 sedet
1800 4558 2031 4628 pontifex
2064 4575 2161 4612 uo-

620 4667 729 4710 ster
752 4654 903 4709 Iesus
932 4653 1094 4707 Filius
1126 4653 1213 4705 Dei
1247 4652 1295 4703 in
1320 4652 1508 4703 throno
1530 4648 1731 4719 gratiae,
1760 4657 1973 4716 paratus
1994 4648 2161 4701 indul-

2260 4480 2414 4533 l’onit
2433 4479 2521 4533 hic
2540 4477 2823 4545 Apostolus
2840 4476 3075 4543 quantam
3101 4475 3399 4529 communia
3422 4489 3541 4527 cum
3566 4475 3799 4537 Christo.

2260 4581 2379 4619 cum
2402 4564 2791 4626 sacerdotibus;
2819 4563 3054 4629 quzedam
3082 4576 3204 4614 vero
3230 4560 3438 4619 altiora.
3455 4561 3595 4627 quod
3622 4562 3801 4629 itaque

2261 4656 2333 4707 ait
2361 4673 2372 4706 :
2415 4672 2431 4702 ι
2456 4651 2633 4706 Omnis
2660 4668 2876 4722 namque
2902 4650 3130 4721 pontifex
3175 4664 3238 4701 ea:
3271 4648 3556 4702 hominibus
3603 4666 3802 4703 assum-

620 4759 744 4812 gere
770 4742 997 4810 peccatis
1028 4740 1223 4792 nostris
1251 4739 1301 4790 in
1332 4739 1429 4789 hoc
1454 4746 1751 4803 opportuno
1776 4734 1989 4787 auxilio.
2016 4733 2162 4788 Nunc
2258 4752 2409 4810 puts;
2440 4743 2539 4795 hoc
2563 4754 2839 4795 commune
2862 4747 2961 4792 est.
2990 4735 3095 4788 Pro
3114 4736 3402 4789 hominibus
3436 4738 3800 4799 constituitur,-

623 4846 747 4882 \'cro
772 4836 1122 4895 opportunum
1154 4835 1355 4892 tempus
1390 4833 1463 4875 est
1489 4822 1670 4875 auxilii
1696 4830 1749 4873 et
1788 4821 2160 4875 misericordia

624 4918 783 4977 illius,
812 4916 947 4968 sicut
969 4917 1066 4968 iste
1091 4914 1283 4966 Doctor
1304 4912 1544 4980 egregius
1568 4911 1670 4963 alio
1691 4910 1807 4963 loco
1834 4910 1967 4963 dixit
1993 4929 2005 4962 :
2028 4910 2163 4963 Ecce

624 5024 757 5061 nunc
779 5016 973 5073 tempus
991 5005 1316 5071 acceptabile,
1332 5020 1443 5055 ecce
1463 5019 1595 5055 nunc
1616 5002 1723 5053 dies
1740 5001 1921 5055 salutis
1939 5002 2023 5070 (11
2040 5000 2160 5055 Cor.

624 5114 696 5160 γι,
722 5099 796 5163 2).
826 5097 890 5149 Et
915 5095 1169 5164 propheta
1199 5094 1363 5145 multo
1394 5101 1516 5145 ante
1554 5093 1653 5145 hoc
1677 5092 1858 5146 auxilii
1886 5092 2163 5161 Opportuni

628 5196 831 5251 tempus
853 5183 1176 5252 signiﬁcans.
1203 5180 1465 5248 Tempore.
1482 5180 1669 5248 inquit,
1689 5191 1974 5249 Opportuna
1994 5179 2168 5231 audiri

626 5282 695 5331 te,
721 5279 767 5321 et
794 5269 849 5321 in
873 5270 955 5320 die
980 5270 1159 5321 salutis
1183 5268 1357 5335 udjur-i
1386 5276 1433 5317 te
1456 5264 1633 5333 (Isaia
1654 5282 1797 5329 ηις,
1828 5266 1903 5335 8).
1932 5262 2170 5345 Namque

625 5370 677 5413 et
711 5373 849 5413 nunc
888 5366 1004 5425 post
1042 5358 1352 5423 baptismum
1398 5362 1678 5424 peccantes
1706 5353 1942 5429 invenire
1966 5348 2171 5406 miseri-

628 5449 884 5515 cordiam,
910 5447 953 5500 si
1002 5446 1362 5513 [amttitcntiam
1409 5444 1634 5513 egerint,
1677 5443 1846 5509 gratia
1896 5453 1977 5500 est
2005 5444 2167 5501 illius,

702 5611 724 5636 ι
765 5596 1019 5651 Deﬁciunt
1046 5596 1219 5664 aliqua
1242 5598 1291 5650 in
1330 5596 1708 5665 ntaImst'ripto.

2258 4832 2477 4883 ethoc:
2508 4831 2767 4897 uta/ferat
2814 4828 2948 4879 dona
2987 4834 3034 4877 et
3096 4825 3349 4891 sacriﬁcia
3394 4842 3486 4893 pro
3541 4827 3800 4893 peccatis;

2262 4928 2314 4971 et
2365 4919 2486 4982 hoc,
2537 4920 2625 4972 scd
2676 4931 2779 4968 non
2844 4922 3029 4967 totum.
3073 4912 3292 4981 Reliqua
3349 4928 3474 4965 vero
3526 4927 3629 4964 non
3683 4924 3803 4967 sunt

2263 5008 2559 5061 communia
2591 5024 2602 5057 :
2635 5004 2815 5073 (Vens.
2850 5003 2905 5069 2)
2951 5002 3052 5067 Qui
3086 5012 3247 5071 potest
3278 5000 3549 5053 condolere
3588 5003 3666 5055 liis
3715 5001 3803 5071 qui
3863 4998 3869 5004 ’

2263 5097 2554 5165 ignoranter
2567 5102 2771 5160 peccant
2789 5093 2907 5155 ;hic
2920 5092 3030 5160 jam
3050 5089 3354 5143 excellentia
3371 5098 3474 5151 est.
3487 5110 3505 5141 ι
3524 5091 3589 5145 de
3603 5105 3705 5158 qua
3722 5106 3804 5143 su-

2268 5186 2443 5253 perius
2469 5184 2519 5236 in
2534 5182 2694 5249 priori
2720 5183 2978 5249 sententia
3000 5180 3155 5231 latius
3178 5178 3479 5247 disputavit.
3504 5181 3653 5246 Quod
3679 5195 3805 5234 vero

2269 5290 2297 5326 a
2320 5272 2505 5341 ijunxit
2522 5290 2534 5323 :
2554 5272 2734 5343 (Vm.
2754 5271 2807 5341 5)
2823 5270 2890 5324 Et
2908 5278 3171 5338 propterea
3195 5269 3361 5333 debet,
3376 5268 3803 5339 quemadmodum

2266 5374 2313 5416 et
2337 5379 2426 5429 pro
2446 5362 2651 5429 papula,
2681 5361 2753 5428 ita
2776 5360 2930 5413 etiam
2951 5375 3045 5421 pro
3066 5360 3329 5427 semetipso
3360 5358 3544 5424 olerre
3571 5374 3663 5427 pro
3685 5374 3803 5428 pec-

2267 5452 2413 5515 catis,
2438 5452 2536 5506 hoc
2562 5464 2687 5503 vero
2716 5447 2783 5502 ad
2806 5447 3106 5519 sacerdotes
3130 5446 3325 5515 legales
3352 5445 3519 5515 magis
3541 5446 3801 5516 pertinet.
3832 5522 3835 5525 Α
