4262 6216
471 309 601 374 1053

1115 304 1515 360 EXECETICA.
1553 331 1620 340 —
1659 297 1896 354 EXPOS.
1933 297 2000 371 ‘|.\
2036 297 2246 351 EPIST.
2289 297 2344 351 8.
2391 296 2584 352 PAULI
2625 296 2712 349 AD
2751 296 2946 349 llEBll.

3514 295 3646 348 105‘

466 434 622 490 quam
661 419 725 471 ad
761 416 1046 471 Christum.
1077 414 1186 467 Nisi
1214 389 1347 466 forte
1367 413 1487 480 quis
1507 411 1648 472 dicat
1699 424 1860 463 unum
1881 424 1998 461 esse
2025 414 2072 465 Α
2100 407 2381 476 Evangelia
2405 408 2476 460 ait
2503 425 2515 458 :
2554 404 2666 457 Νἰδί
2703 405 3129 458 manducareritis
3175 419 3379 456 carnem
3405 401 3530 460 Filii
3557 389 3651 459 ho-

467 520 658 574 corpus
679 502 898 566 Christi,
927 502 1244 564 Ecclesium;
1300 508 1354 552 et
1378 501 1501 552 dum
1528 498 1678 552 oﬂert
1707 513 1802 566 pro
1831 497 2008 550 Ecclea

470 595 570 660 sia,
592 607 689 662 pro
709 591 818 646 suis
837 592 996 645 etiam
1013 589 1260 643 membris
1293 587 1497 641 oﬂerat.
1542 584 1644 638 Sed
1673 585 1786 637 haec
1815 583 2010 636 violen-

473 687 524 734 ta
551 677 913 746 interpretatio
940 676 1107 730 videri
1151 680 1341 743 potest.
1367 671 1565 725 Deinde
1619 671 1886 736 disputare
1923 685 2011 736 ag-

472 769 728 837 greditur,
756 767 1018 835 quomodo
1044 764 1163 831 quis
1185 763 1251 816 ad
1268 759 1619 816 sacerdotium
1648 759 1899 811 accedere
1920 758 2012 810 de-

473 861 613 913 beat.
645 858 828 926 (Vsus.
854 853 933 922 ι.)
959 851 1067 906 Nec
1091 853 1379 921 quisquam,
1401 851 1496 910 ait,
1519 847 1670 901 sumit
1713 846 1809 898 sibi
1846 845 2009 898 hone-

475 962 601 1009 rem,
636 944 724 998 sed
758 943 844 1014 qui
888 943 1112 996 uocatur
1138 956 1170 991 a
1212 939 1320 991 Deo
1366 948 1610 1006 tanquam
1671 935 1864 986 Aaron.
1916 933 2013 985 llic

471 1034 631 1086 etiam
656 1030 880 1100 percutit
912 1029 1212 1081 sacerdotes
1236 1025 1451 1077 honoris
1481 1022 1699 1089 cupidos
1742 1029 1796 1074 et
1843 1034 2014 1072 sacer-

472 1123 600 1176 dotii
628 1108 846 1174 avidos:
877 1133 980 1171 non
1017 1131 1114 1184 pro
1160 1114 1326 1168 salute
1363 1111 1562 1188 populi,
1604 1111 1694 1162 sed
1725 1125 1820 1178 pro
1846 1109 2014 1161 ambi-

474 1211 615 1265 tione
643 1208 840 1264 s'eculi.
861 1208 1025 1276 Igitur
1049 1204 1225 1258 Aaron
1250 1210 1464 1255 vocatus
1506 1208 1585 1252 est
1612 1215 1641 1253 a
1670 1200 1805 1261 Deo;
1862 1189 2013 1266 signo

474 1300 707 1354 ﬂorentis
748 1299 910 1367 virgae
939 1296 1324 1350 demonStratns
1362 1299 1441 1344 est
1487 1289 1813 1342 sacerdotem
1854 1302 1882 1340 a
1907 1286 2014 1340 Deo

473 1403 589 1443 esse
607 1388 862 1440 electum:
891 1384 1051 1439 etiam
1075 1391 1126 1436 et
1149 1374 1391 1451 incendio
1417 1392 1598 1431 eorum
1626 1376 1716 1443 qui
1748 1374 1862 1442 ejus
1887 1389 2014 1442 pon-

473 1473 692 1528 tilieatui
728 1471 960 1526 invidere
989 1469 1282 1524 voluerunt.
1591 1474 1594 1478 '

545 1562 700 1614 Vsus.
729 1558 781 1612 5.
815 1589 885 1599 -—
909 1557 992 1612 Sic
1034 1567 1081 1610 et
1109 1555 1340 1609 Christus
1383 1571 1483 1605 non
1518 1555 1837 1619 semetipsum
1855 1553 2015 1605 clari-

473 1651 665 1719 ﬁeaeit,
694 1657 747 1701 ut
779 1647 1006 1717 pontifex
1031 1647 1195 1712 ﬁeret,
1221 1645 1305 1697 sed
1329 1645 1416 1713 qui
1449 1644 1650 1696 locutus
1671 1652 1744 1694 est
1767 1642 1834 1694 ad
1855 1658 1969 1694 eum
1992 1654 2010 1690 :

2107 498 2280 559 minis,
2309 507 2355 549 et
2376 497 2601 550 biberitis
2619 495 2729 564 ejus
2755 496 3071 562 sanguinem,
3103 507 3202 546 non
3225 494 3474 547 habebitis
3495 497 3650 548 vitam

2107 587 2161 638 in
2186 585 2322 638 vobis
2351 583 2529 653 (Joan.
2555 597 2627 644 γι,
2651 582 2760 651 54).
2794 580 2895 635 Sed
2923 582 2974 633 in
3016 582 3114 634 ista
3137 596 3295 634 carne
3324 588 3375 635 et
3397 568 3652 651 sanguine

2108 673 2501 735 uilcrueutum,
2532 673 2602 726 nil
2637 670 2976 738 corruptibile
3003 685 3152 723 mens
3197 671 3426 724 humana
3475 670 3651 723 conci-

2107 764 2250 831 piat;
2292 779 2378 825 ne,
2406 764 2541 817 sicut
2568 763 2692 816 dicit
2719 754 3019 829 Apostolus,
3066 761 3152 828 qui
3183 760 3316 812 enim
3346 776 3526 827 corpus
3552 759 3654 812 Do-

2108 852 2232 903 mini
2289 851 2564 902 manducet
2626 849 2877 916 indigne,
2930 847 3182 912 iudicium
3226 847 3322 899 sibi
3377 847 3653 899 manducet

2110 940 2160 1009 (1
2191 939 2312 993 Cor.
2339 956 2410 1001 xu,
2445 939 2552 1005 29),
2585 939 2674 992 sed
2701 938 3097 991 vivilicatviccm
3120 929 3468 990 substantiam
3494 945 3653 1002 atque

2109 1026 2393 1078 salutarem
2425 1026 2476 1078 in
2526 1040 2658 1091 pane
2686 1032 2739 1078 et
2764 1025 2905 1086 vino,
2939 1039 3032 1090 per
3057 1039 3192 1090 qum,
3218 1025 3260 1076 si
3302 1024 3458 1090 digne
3486 1024 3649 1076 sumi-

2111 1123 2218 1176 tur,
2249 1114 2401 1167 nobis
2428 1122 2508 1167 est
2534 1121 2869 1180 peccatorum
2898 1111 3139 1164 remissio
3161 1119 3213 1163 et
3243 1111 3386 1180 regni
3414 1109 3505 1163 Dei
3535 1125 3654 1177 pos-

2111 1203 2278 1254 sessio
2306 1201 2517 1254 cdllata.
2543 1199 2707 1268 Hujus
2730 1184 2967 1253 drdinem
2990 1198 3238 1252 sacriﬁcii
3259 1214 3352 1266 per
3373 1200 3652 1267 mysticam

2108 1287 2501 1340 similitudinem
2559 1285 2939 1340 Melchisedech
2985 1286 3311 1352 justissimns
3355 1302 3446 1340 rex
3508 1287 3658 1340 insti-

2112 1382 2232 1444 t-iit,
2258 1380 2466 1448 quando
2512 1378 2732 1457 Domino
2781 1377 2933 1446 panis
2959 1387 3014 1429 et
3036 1377 3140 1428 vini
3203 1376 3405 1429 fructus
3445 1378 3653 1430 obtulit.

2111 1467 2328 1521 Constat
2361 1467 2504 1521 enim
2558 1465 2816 1535 pecudum
2846 1465 3112 1518 victimam
3136 1465 3376 1532 periisse,
3401 1481 3517 1531 qua:
3546 1464 3657 1517 lue—

2112 1565 2231 1611 runt
2259 1555 2461 1609 ordinis
2485 1555 2683 1616 Aaron,
2708 1569 2811 1606 non
2841 1553 3218 1606 Melchisedech
3247 1571 3258 1605 :
3290 1554 3380 1606 sed
3421 1553 3519 1607 hoc
3547 1569 3656 1605 ma-

2112 1657 2238 1694 nere
2266 1643 2442 1709 potius
2468 1641 2787 1700 institutum,
2813 1640 2954 1705 quod
2983 1647 3093 1691 toto
3124 1641 3252 1693 orbe
3279 1641 3329 1692 in
3357 1654 3658 1693 sacramen-

476 1716 642 1796 b‘ilius
679 1716 819 1794 meus
855 1756 906 1794 es
935 1749 1014 1804 tn,
1034 1755 1124 1806 ego
1159 1737 1306 1789 hodie
1330 1737 1480 1802 genui
1511 1747 1577 1788 te.
1621 1735 1729 1790 lloc
1757 1743 1837 1788 est
1873 1735 2010 1802 quod
2045 1716 2088 1774 Β
2117 1737 2286 1782 torum
2309 1730 2613 1797 erogatione
2633 1728 2950 1782 celebratur.
2987 1728 3247 1783 Sacer.!os
3290 1731 3454 1798 680
3481 1737 3654 1781 autem

476 1835 526 1886 in
560 1830 842 1901 Evangelia
883 1829 994 1896 ipse
1013 1828 1120 1880 ait:
1157 1824 1272 1877 Non
1299 1825 1431 1877 enim
1483 1841 1512 1874 a
1558 1825 1748 1892 meipso
1771 1824 1901 1883 reni,
1928 1822 2014 1875 sed

475 1923 560 1976 i.'le
587 1937 665 1973 me
687 1920 821 1972 misit
855 1918 1030 1988 (Joan.
1065 1932 1180 1976 vm,
1221 1915 1329 1978 42).
1363 1914 1425 1965 Et
1449 1914 1639 1966 iterum
1669 1930 1681 1964 :
1713 1911 1768 1964 Si
1793 1929 1881 1978 ego
1908 1911 2016 1978 glo-

479 2010 620 2076 riﬁco
647 2008 914 2074 meipsum,
941 2006 1102 2074 gloria
1135 2020 1243 2055 mea
1276 2003 1399 2054 nihil
1424 2012 1529 2063 est;
1570 2013 1643 2052 est
1669 2001 1801 2053 enim
1837 1996 2014 2061 Pater,

475 2099 562 2166 qui
588 2095 838 2165 glori/ica!
862 2111 957 2145 me.
988 2092 1280 2146 Notandum
1313 2092 1450 2158 quod
1481 2090 1794 2158 gloriﬁcare.
1835 2097 1887 2140 ct
1924 2091 2016 2141 ho-

477 2196 686 2243 norare,
714 2177 767 2234 et
812 2178 1120 2237 clariﬁcare,
1151 2179 1247 2229 tria
1275 2178 1482 2242 quidem
1527 2177 1682 2229 verita
1709 2213 1724 2238 ,
1777 2175 1868 2227 sed
1917 2189 2018 2226 una

479 2285 562 2326 res
583 2275 663 2322 est
685 2266 823 2335 quod
850 2265 1032 2320 Gncce
1056 2266 1246 2318 dicitur
1277 2264 1544 2324 dexazein,
1581 2264 1671 2315 sc:l
1703 2264 2017 2330 interpreta-

479 2369 587 2411 tum
614 2357 758 2410 varie
776 2355 928 2408 aliter
949 2363 1104 2422 atque
1125 2354 1278 2406 aliter
1301 2353 1528 2421 positum
1563 2352 1614 2404 in
1638 2353 1840 2406 Latino.
1871 2352 2020 2418 Quod

480 2448 531 2499 in
553 2443 832 2513 Evangelio
859 2443 1054 2496 dictum
1077 2448 1160 2495 est
1178 2439 1425 2509 gloriﬁco,
1456 2439 1541 2491 hic
1562 2438 1841 2506 Apostolus
1868 2440 2022 2492 cluri-

479 2534 765 2601 ﬁcationem
790 2531 1042 2585 nominat.
1072 2529 1403 2582 Clarilicatns
1427 2535 1502 2580 est
1528 2542 1654 2594 ergo
1679 2529 1842 2580 Filius
1869 2545 1897 2581 a
1919 2529 2018 2580 Pa-

481 2633 578 2682 tre,
601 2615 811 2688 quando
856 2634 1013 2688 super
1034 2620 1355 2687 baptizatum
1382 2633 1477 2670 vox
1512 2617 1683 2670 Patris
1735 2620 1910 2671 audita
1939 2629 2021 2672 est

479 2713 543 2765 de
567 2695 754 2765 utalia:
792 2705 893 2760 Hic
917 2716 991 2760 est
1036 2705 1201 2758 Filius
1227 2722 1366 2758 meus
1401 2704 1637 2767 dilectus,
1673 2706 1726 2757 in
1753 2722 1852 2773 quo
1897 2707 2022 2757 mihi

2112 1815 2373 1884 prmeipue
2396 1815 2590 1868 dicitur
2610 1814 2868 1878 Christus,
2885 1814 2974 1882 qui
3003 1815 3164 1869 semel
3189 1829 3246 1868 se
3268 1831 3364 1884 pro
3387 1816 3538 1868 nobis
3565 1815 3659 1868 οι»-

2113 1905 2232 1957 tulit
2259 1903 2652 1966 immolandum,
2681 1903 2820 1957 sicut
2864 1902 3024 1956 semel
3060 1901 3124 1956 de
3177 1901 3557 1956 Melchisedech
3605 1902 3657 1954 iu

2113 2005 2294 2049 sancta
2328 1995 2518 2064 legitur
2545 1994 2907 2061 Scriptura,et
2932 1993 3046 2061 ejus
3091 1994 3406 2048 sacerdotio.
3433 1993 3497 2046 In
3519 2006 3662 2046 (eter-

2115 2100 2234 2136 num
2276 2099 2399 2138 vero
2425 2098 2545 2157 cum
2585 2083 2817 2145 dicitur,
2865 2083 2978 2150 ipse
3024 2082 3353 2150 signiﬁcatur
3409 2081 3659 2135 Dominus

2113 2172 2371 2233 Christus,
2404 2172 2494 2239 qui
2521 2180 2792 2240 permanet
2815 2171 2867 2222 in
2893 2170 3059 2239 gloria
3089 2170 3425 2238 sempiterna.

2185 2278 2342 2330 Vens.
2373 2277 2423 2326 7.
2446 2305 2514 2314 —-
2543 2277 2644 2339 Qui
2666 2277 2719 2328 in
2750 2276 2925 2328 diebus
2950 2277 3120 2328 carnis
3145 2293 3253 2328 sua:
3274 2292 3443 2344 preces
3467 2275 3660 2344 suppli-

2116 2357 2440 2431 cationesque
2461 2361 2527 2413 ad
2553 2378 2690 2424 eum,
2712 2363 2800 2430 qui
2841 2363 2998 2429 possit
3036 2362 3233 2414 saluum
3262 2363 3407 2414 illum
3445 2381 3476 2414 α
3509 2373 3668 2416 morte

2119 2452 2305 2519 facere,
2337 2465 2452 2502 cum
2480 2447 2701 2501 clamore
2728 2447 2894 2500 calido
2917 2446 3222 2515 et-laergmis
3256 2448 3473 2513 o/I'erens
3509 2465 3668 2500 uari-

2117 2541 2256 2591 ditus
2285 2549 2356 2591 est
2386 2554 2478 2606 pro
2511 2553 2604 2590 sua
2630 2537 2926 2589 reverentia.
2962 2535 3096 2600 Quid
3128 2549 3252 2588 vero
3295 2535 3347 2587 in
3370 2535 3666 2589 sacerdotio

2121 2636 2301 2681 noster
2332 2625 2563 2694 pontifex
2585 2625 2798 2694 egisset,
2833 2626 3034 2678 certius
3068 2624 3154 2678 hic
3183 2623 3429 2691 exprimit
3449 2623 3670 2690 Aposto-

2120 2717 2202 2768 lus
2236 2717 2452 2770 dicens:
2482 2714 2584 2778 Qui
2613 2715 2666 2765 in
2719 2713 2896 2765 diebus
2933 2714 3104 2765 carnis
3137 2728 3276 2772 διιεῖ
3323 2711 3436 2765 dies
3480 2711 3672 2780 quippe

398 2839 400 2841 -
479 2801 602 2855 bene
628 2795 930 2868 complacuit
985 2795 1196 2866 (Matth.
1249 2813 1340 2858 ιιι,
1396 2797 1501 2860 ti).
1545 2797 1670 2861 Quae
1715 2795 2046 2879 clariﬁcatio’

2127 2806 2294 2858 carnis
2325 2804 2529 2856 Domini
2556 2802 2743 2864 nostri,
2767 2801 2879 2854 dies
2900 2810 3021 2854 sunt
3049 2801 3100 2853 in
3127 2801 3320 2867 quibus
3341 2814 3556 2854 carnem
3586 2815 3673 2854 as-

480 2891 592 2945 sive
627 2887 936 2957 gloriﬁcatio
964 2885 1125 2938 multo
1166 2893 1286 2938 ante
1314 2900 1406 2952 per
1430 2886 1780 2955 Prophetam,
1826 2885 2021 2954 Spiritu
2122 2890 2374 2957 sumpsit;
2409 2889 2460 2942 in
2485 2888 2677 2964 quibus
2703 2895 2936 2940 tentatus
2960 2895 3061 2950 est,
3100 2900 3288 2953 passus
3314 2883 3424 2950 est;
3457 2889 3507 2940 in
3553 2890 3674 2956 qui-

481 2989 663 3035 sancto
695 2979 982 3047 inspirante
1005 3015 1018 3038 ,
1054 2973 1298 3042 praedicta
1340 2982 1416 3027 est
1446 2992 1457 3024 :
1491 2975 1741 3026 Dominus
1780 2975 1910 3027 dixit
1955 2976 2023 3027 ad
2054 3024 2093 3047 η

2127 2982 2222 3034 bus
2246 2993 2428 3046 preces
2448 2977 2963 3046 supplicationesque
2977 2975 3043 3028 ad
3070 2991 3190 3030 eum
3214 2977 3304 3043 qui
3336 2978 3501 3044 possit
3526 2977 3672 3031 illum

481 3024 560 3123 ζιῖε
581 3024 1035 3120 frutetis“.
1048 3024 1240 3131 ἷιέζὲξιέ
1256 3024 1414 3115 ne.
1429 3024 1651 3132 get—mite
1674 3024 1928 3132 (ρειξιζέέ,
1946 3024 2017 3134 75L
2053 3024 2095 3082 ‘3

440 3200 447 3207 ς
483 3155 758 3210 Dominum
781 3152 1280 3223 signiﬁcatPatrem.
1307 3151 1653 3205 Attendamus
1679 3153 2023 3219 autem,quod

481 3244 689 3313 posuit:
720 3241 862 3294 Dixit
913 3240 982 3293 ad
1027 3253 1137 3292 me:
1169 3238 1334 3292 Filius
1363 3256 1504 3291 meus
1548 3256 1599 3291 es
1645 3249 1738 3300 tu;
1790 3241 1928 3308 quod
1977 3242 2024 3294 ei

483 3330 643 3386 etiam
665 3331 903 3384 dicturus
932 3337 1044 3382 erat
1067 3336 1183 3396 post
1227 3327 1543 3395 baptismum
1568 3342 1581 3380 :
1612 3327 1712 3381 llic
1735 3339 1808 3381 est
1862 3328 2026 3381 Filius

483 3439 624 3476 meus
651 3421 954 3484 dilectus,in
984 3437 1082 3489 quo
1120 3419 1242 3471 mihi
1267 3417 1550 3486 complacui
1573 3417 1780 3487 (Matth.
1802 3435 1930 3477 xvu,
1947 3419 2021 3483 5).

487 3513 596 3567 Hoc
621 3513 818 3580 itaque,
847 3519 905 3562 ut
927 3509 1192 3563 Christum
1221 3523 1376 3560 uuam
1409 3521 1684 3574 personam
1716 3508 1942 3558 sentires
1976 3516 2029 3559 et

485 3602 808 3672 unigenitum
839 3599 930 3652 Dei
958 3598 1166 3659 Filium,
1197 3595 1423 3663 adjecit.
1453 3593 1564 3662 Ego
1585 3593 1734 3645 hodie
1763 3595 1913 3660 genui
1957 3603 2022 3645 te.

489 3689 596 3744 iloc
615 3689 724 3756 jam
748 3687 876 3740 nihil
899 3688 982 3739 ha‘
1005 3694 1057 3739 et
1080 3698 1358 3738 commune
1386 3697 1506 3736 cum
1547 3681 1772 3742 ueteris,
1795 3680 1882 3746 qui
1935 3682 2024 3733 lilii

487 3779 747 3833 dicuntur,
778 3775 900 3843 quia
938 3772 1235 3825 sacerdotes
1268 3771 1617 3838 appellantur,
1648 3779 1713 3823 de
1741 3769 1932 3837 quibus
1952 3770 2027 3822 di—

487 3877 626 3921 ctum
654 3873 768 3919 est:
796 3863 904 3931 Ego
929 3861 1076 3913 dixi:
1109 3859 1189 3911 Dii
1229 3859 1370 3921 estis,
1413 3868 1459 3909 et
1485 3857 1582 3923 ﬁlii
1609 3858 1811 3909 Excelsi
1857 3873 2028 3911 omnes

489 3955 658 4027 (Psal.
685 3967 863 4014 uxxt.
887 3950 980 4020 6);
1019 3949 1110 4003 sed
1133 3957 1300 4001 totum
1336 3954 1416 4000 est
1456 3947 1709 4015 unigeniti
1751 3946 1868 3999 Filii
1914 3963 2030 4014 pro-

486 4047 680 4114 prium.

487 4123 496 4131 ’
557 4132 713 4183 Vsus.
744 4128 794 4182 6.
822 4125 1345 4191 -—Quemadmodum
1383 4133 1432 4177 et
1473 4125 1526 4176 iu
1573 4122 1678 4176 alio
1722 4121 1832 4176 loco
1857 4122 2027 4174 dicit:

491 4218 571 4271 Tu
599 4235 649 4271 es
677 4214 912 4269 sacerdos
941 4214 993 4264 in
1036 4221 1301 4271 «ternum,
1323 4210 1600 4262 secundum
1627 4209 1858 4261 ordinem
1908 4207 2031 4260 Mel-

2125 3068 2326 3120 salvum
2352 3065 2522 3118 lacere
2551 3079 2579 3116 a
2610 3066 2799 3127 morte,
2821 3061 3095 3116 ollerebat.
3128 3062 3317 3116 Totum
3363 3077 3486 3117 vero
3522 3064 3676 3131 quid-

2124 3157 2249 3223 quid
2271 3154 2380 3223 egit
2402 3153 2642 3206 Christus
2666 3152 2718 3205 in
2740 3167 2922 3216 carne,
2947 3166 3133 3220 preces
3176 3159 3300 3205 sunt
3322 3147 3376 3204 et
3409 3151 3675 3220 supplica—

2127 3246 2295 3297 tiones
2334 3259 2428 3310 pro
2449 3241 2681 3309 peccatis
2701 3241 2915 3313 humani
2934 3241 3162 3309 generis.
3187 3240 3380 3295 Sancta
3404 3255 3526 3294 vero
3553 3255 3675 3294 san-

2125 3331 2296 3400 guinis
2321 3326 2436 3395 ejus
2463 3327 2650 3379 ellusfo
2689 3327 2888 3380 clamor
2913 3328 3118 3380 validus
3145 3336 3243 3389 est,
3285 3328 3337 3381 in
3357 3343 3464 3397 quo
3510 3344 3675 3382 exau-

2125 3420 2264 3470 ditus
2289 3425 2371 3469 est
2399 3432 2428 3468 a
2455 3416 2559 3468 Deo
2587 3415 2740 3467 Patre
2767 3429 2861 3482 pro
2886 3415 3180 3478 reverentia
3209 3416 3444 3484 ejusdem
3476 3419 3678 3485 passio-

2126 3508 2205 3559 nis
2227 3523 2353 3566 sum,
2380 3504 2582 3575 [quam]
2623 3505 2735 3557 sine
2762 3511 3011 3571 peccato,
3034 3513 3229 3556 nostra:
3255 3505 3442 3558 salutis
3465 3523 3623 3561 causa
3654 3549 3669 3570 ,

2124 3611 2402 3663 perpessus
2426 3601 2526 3647 est.
2561 3593 2660 3658 Qui
2692 3592 2889 3645 nullum
2932 3593 3132 3645 habens
3161 3601 3456 3659 peccatum,
3481 3608 3674 3660 pecca-

2127 3695 2235 3738 tum
2271 3700 2366 3753 pro
2415 3685 2568 3738 nobis
2596 3684 2765 3736 lactus
2788 3692 2888 3747 est,
2921 3685 2971 3736 id
3001 3691 3098 3745 est,
3140 3684 3338 3736 oblatio
3366 3699 3462 3752 pro
3490 3700 3678 3752 pecca-

2126 3775 2194 3827 tis
2220 3775 2431 3826 nostris.
2457 3773 2564 3826 lloc
2593 3771 2733 3825 enim
2757 3780 2924 3825 totum
2970 3771 3023 3824 in
3050 3786 3236 3841 magna
3282 3773 3574 3825 reverentia
3615 3784 3672 3826 et

2127 3867 2508 3934 perfectissima
2538 3863 2795 3919 charitate
2824 3865 3044 3932 peregit,
3069 3862 3156 3932 qui
3202 3863 3349 3931 prior
3377 3863 3558 3916 dilexit
3580 3879 3680 3917 nos

2127 3959 2418 4013 ettradidit
2439 3958 2778 4025 semetipsum
2801 3971 2897 4024 pro
2943 3956 3095 4010 nobis
3130 3957 3355 4010 hostiam
3397 3956 3503 4010 Deo
3528 3972 3680 4010 acce-
3747 3956 3749 3962 ⁴

2127 4046 2408 4113 ptahilem;
2436 4046 2525 4112 qui
2549 4045 2667 4099 ideo
2685 4045 2965 4098 exauditus
2987 4052 3070 4097 est
3086 4059 3117 4097 a
3147 4043 3274 4107 Deo,
3298 4044 3419 4112 quia
3450 4045 3681 4098 hostiam

2128 4131 2501 4198 acceptabilem
2529 4130 2858 4188 obtulitDeo,
2898 4131 2948 4181 id
2981 4138 3084 4192 est,
3109 4131 3357 4197 seipsnm.
3387 4129 3568 4182 Simile
3595 4142 3679 4184 est

2131 4221 2328 4288 itaque,
2349 4215 2490 4285 quod
2520 4215 2606 4269 hic
2627 4215 2858 4268 dicitur:
2896 4213 2997 4278 Qui
3038 4231 3209 4283 preces
3260 4216 3678 4282 supplicationes-

487 4307 766 4361 ehisedech.
814 4299 1189 4356 Melchisedech
1225 4299 1508 4350 secundum
1554 4297 1739 4364 legalia
1782 4298 2027 4350 mandata
2063 4335 2095 4392 ι]

2130 4327 2225 4381 que
2244 4309 2310 4382 ad
2339 4322 2476 4370 eum,
2509 4306 2596 4374 qui
2614 4305 2774 4372 possit
2802 4304 3000 4358 sulcum
3028 4303 3198 4372 facere
3223 4304 3366 4358 illum
3415 4323 3446 4357 a
3472 4317 3632 4372 morte
3662 4348 3676 4369 ,

487 4398 712 4451 nonfuit
737 4392 1002 4454 sacerdos,
1033 4389 1124 4444 sed
1159 4389 1443 4440 secundum
1471 4387 1754 4455 singularis
1775 4390 2026 4442 saecrdo—
2063 4387 2095 4392 θ

2127 4417 2240 4456 cum
2263 4398 2486 4451 clamore
2508 4392 2676 4448 valido
2700 4403 2747 4447 et
2787 4394 3030 4462 lacrumis
3059 4394 3298 4462 offerens,
3328 4395 3374 4446 ei
3395 4433 3408 4455 ,
3457 4395 3594 4462 quod
3623 4402 3675 4447 in

489 4485 547 4539 tii
570 4484 913 4552 dignitatem;
954 4495 1142 4557 panem
1174 4477 1400 4530 oll’enens
1430 4476 1537 4528 Deo
1564 4486 1616 4530 et
1650 4479 1825 4530 vinum
1848 4519 1863 4541 ,
1919 4495 2023 4534 non
2125 4486 2406 4552 Evangelio
2431 4483 2628 4550 legitur
2651 4498 2772 4535 eum
2793 4483 3026 4536 dixisse:
3061 4480 3237 4544 Pater,
3257 4482 3298 4534 si
3327 4481 3439 4548 ﬁeri
3481 4491 3638 4548 potest
3660 4522 3674 4541 .

486 4572 762 4627 brutorum
785 4566 1086 4619 animalium
1111 4565 1414 4633 sanguinem
1439 4578 1454 4616 :
1483 4565 1534 4616 in
1558 4564 1704 4631 cujus
1728 4567 1912 4619 ordine
1941 4583 2026 4620 sa-
2123 4575 2347 4638 transfer
2376 4589 2406 4622 α
2446 4587 2524 4622 me
2564 4570 2772 4622 calicem
2815 4571 2999 4630 istum,
3043 4581 3386 4622 uerumtamen
3429 4587 3528 4621 non
3565 4586 3675 4622 mea

489 4655 707 4714 cerdotii
727 4653 967 4708 Christus
987 4650 1158 4705 factus
1180 4643 1261 4722 est
1283 4651 1546 4713 sacerdos,
1580 4667 1678 4704 non
1703 4653 2022 4718 temporalis,
2125 4661 2379 4719 uoluntas,
2403 4657 2492 4708 sed
2519 4667 2606 4710 tua
2634 4656 2726 4722 [int
2753 4654 2902 4724 (Luc.
2953 4671 3084 4717 xm,
3116 4656 3239 4725 42};
3292 4658 3414 4725 quia
3442 4672 3542 4708 ηοη
3583 4670 3672 4708 γε-

489 4750 580 4805 sed
605 4757 862 4806 aeternus;
889 4742 954 4794 ad
979 4756 1134 4809 quem
1162 4733 1261 4798 ιιοά
1292 4742 1487 4793 diuum
1529 4750 1608 4793 εει
1631 4759 1642 4792 ε
1679 4739 1754 4792 Tu
1779 4758 1829 4794 εδ
1856 4757 2022 4792 δασεῖς
2132 4749 2210 4800 nit
2241 4747 2411 4800 facere
2437 4746 2757 4799 voluntatem
2775 4759 2942 4806 suam,
2960 4746 3051 4798 sed
3079 4745 3193 4812 ejus
3219 4749 3308 4814 qui
3339 4747 3481 4800 misit
3505 4747 3670 4799 illum.

488 4837 581 4890 des
610 4838 665 4890 in
685 4845 928 4889 aternum
953 4829 1230 4883 secundum
1249 4829 1476 4879 ordinem
1501 4827 1884 4903 Melchisedech.
1907 4828 2028 4882 0m-

488 4925 740 4989 neseuim
772 4924 868 4976 sub
918 4921 1033 4989 lege
1079 4926 1230 4970 erant
1280 4916 1610 4978 sacerdotes;
1654 4916 1750 4969 iste
1779 4917 1922 4970 solus
1948 4934 2030 4971 se-

487 5012 718 5068 cundum
741 5012 977 5063 ordinem
1018 5003 1413 5065 Melchisedech,
1441 5018 1506 5056 ex
1530 5017 1594 5056 eo
1614 5005 1752 5071 quod
1775 5014 1927 5061 natus
1950 5016 2032 5060 est

2135 4836 2468 4888 Voluntatcm
2495 4843 2725 4901 paternae
2747 4832 3148 4898 dispensationis
3191 4834 3472 4902 przeposuit
3494 4833 3674 4884 volun-

2133 4925 2224 4977 tati
2250 4925 2426 4978 carnis
2452 4941 2576 4985 suze,
2605 4931 2662 4975 ut
2691 4937 2867 4975 veram
2894 4923 3197 4975 ostenderet
3217 4924 3266 4975 in
3290 4923 3461 4988 seipse
3483 4921 3670 4972 huma-

2133 5011 2312 5064 nitatis
2337 5021 2532 5064 nostra:
2552 5021 2813 5063 naturam.
2844 5008 3039 5062 Beatus
3075 5009 3266 5063 Paulus
3297 5010 3381 5062 hic
3405 5009 3531 5061 dicit
3555 5024 3673 5076 prc-
3723 5028 3726 5032 '

489 5101 555 5157 de
575 5108 728 5154 utero
745 5097 986 5166 virginali
1012 5105 1134 5148 ante
1161 5091 1469 5153 luciferum;
1512 5108 1616 5143 non
1651 5094 1938 5148 secundum
1977 5096 2028 5148 id

489 5191 629 5260 quod
655 5196 812 5244 natus
838 5193 919 5242 est
942 5200 1006 5238 ex
1032 5185 1187 5237 Patre
1226 5182 1363 5236 Deus
1394 5181 1529 5248 apud
1558 5179 1769 5234 Patrem
1812 5193 2006 5238 coaeter

490 5297 589 5354 nus
610 5281 845 5352 gignenti
874 5288 927 5335 et
967 5278 1426 5332 consubstantialis
1451 5291 1463 5328 :
1497 5275 1587 5328 sed
1614 5277 1859 5329 sacerdos
1909 5293 2004 5344 pro

489 5377 608 5440 pter
634 5386 847 5425 canem
874 5383 1032 5436 quam
1060 5365 1370 5431 assumpsit,
1413 5374 1500 5415 aut
1528 5372 1741 5432 propter
1763 5364 2026 5416 victimam

491 5473 647 5529 quam
666 5473 763 5524 pro
798 5459 950 5510 nobis
981 5453 1251 5512 offerebat,
1278 5468 1305 5501 a
1337 5453 1485 5503 nobis
1511 5463 1826 5520 susceptam,
1856 5453 1904 5503 id
1927 5463 2027 5508 est.

493 5565 704 5605 carnem
727 5556 781 5602 et
807 5545 1116 5614 sanguincm
1153 5558 1339 5597 suum:
1377 5541 1438 5593 dc
1475 5555 1574 5605 qua
1602 5543 1808 5594 victima
1841 5544 1947 5609 ipse
1976 5544 2026 5595 in

2131 5116 2219 5154 ces
2237 5111 2359 5152 eum
2383 5108 2436 5152 et
2473 5097 2884 5166 supplicationes
2909 5096 3128 5150 fundere
3146 5138 3161 5161 ,
3187 5114 3290 5150 non
3322 5098 3510 5150 timore
3535 5111 3673 5147 mor-

2130 5190 2218 5250 tis,
2242 5188 2333 5240 sed
2360 5197 2555 5239 nostra:
2590 5199 2748 5238 causa
2792 5185 2996 5237 salutis.
3052 5185 3198 5239 Unde
3237 5186 3340 5239 alio
3378 5185 3492 5237 loco
3544 5184 3673 5238 dicit

2128 5287 2306 5337 etiam,
2335 5275 2641 5343 sanguinem
2668 5272 2863 5326 Christi
2896 5273 3081 5326 melius
3108 5273 3362 5326 clamasse
3381 5287 3474 5340 pro
3499 5271 3670 5334 nobis,

2129 5379 2285 5434 quam
2321 5364 2623 5430 sanguinem
2643 5362 2792 5423 Abel,
2815 5361 2902 5428 qui
2925 5363 2988 5414 ad
3015 5361 3361 5414 accusandum
3379 5359 3672 5412 internum

2131 5454 2298 5505 scelus
2325 5453 2388 5504 de
2413 5461 2550 5505 terra
2575 5453 2822 5503 clamavit
2845 5468 2857 5513 ;
2899 5450 3093 5503 Christi
3119 5465 3243 5502 vero
3271 5450 3484 5518 sanguis
3511 5451 3574 5503 ad
3599 5450 3676 5504 in-

2133 5540 2508 5610 tcrpcllandtuu
2548 5554 2641 5606 pro
2672 5540 2822 5593 nobis
2867 5540 2930 5592 de
2961 5548 3099 5591 terra
3129 5537 3322 5592 clamat
3349 5538 3412 5593 ad
3442 5537 3673 5592 Patrem.
