4262 6210
686 353 824 406 1035
858 354 860 358 ’

1603 348 1675 400 ιν,
1717 317 2106 400 Acetsfsct'
2146 343 2415 398 secem
2453 344 2734 399 orsum
2770 344 2948 400 usus
2985 342 3044 398 ιε.

3737 342 3883 399 ωδε

758 465 913 518 Vens.
952 467 1036 520 tH
1047 465 1100 517 0.
1127 492 1198 509 -η
1221 463 1290 516 Et
1311 461 1538 531 quidem,
1581 478 1696 514 cum
1739 471 1866 514 esset
1913 457 2080 512 b'iiiua
2121 459 2308 516 Dei,"A
2336 469 2452 504 Tum
2475 462 2647 506 enim
2671 456 2767 523 qui
2781 457 3078 509 exercitatos
3102 454 3286 508 habent
3311 470 3490 509 aeneas
3516 452 3588 508 ad
3608 455 3877 507 discretio-

681 554 862 605 d..lirit
890 569 956 606 ea:
979 553 1060 606 bis
1093 569 1210 622 quire
1247 567 1432 620 ραακε
1463 561 1557 614 est,
1601 549 1941 604 obedientium
1968 562 1989 598 :
2021 559 2072 601 et
2113 565 2236 601 con-

684 653 969 695 summotus
1020 643 1189 710 factus
1235 651 1309 695 est
1355 644 1588 696 omnibus
1639 638 2100 707 obtemperantibus
2139 635 2237 688 sibi

684 747 842 782 causa
871 747 896 783 ε
913 731 1053 784 :(ntia
1076 741 1311 793 curnt;
1335 733 1621 800 appellatus
1640 748 1672 783 α
1702 731 1805 783 Deo
1830 729 2064 799 pontifex
2076 729 2234 796 juxta

686 820 914 870 ordinem
961 818 1346 872 Melchisedech.
1390 820 1464 873 De
1511 821 1853 872 similitudine
1899 819 2236 888 pontiﬁcatus

687 911 1067 966 Melchisedech
1113 912 1355 978 superius
1399 913 1594 964 dictum
1641 913 1771 964 satis
1804 913 2048 964 arbitror.
2086 912 2236 965 Nunc

685 1000 959 1052 videmnus
977 1001 1066 1068 qui
1089 1001 1102 1050 l
1127 1001 1238 1053 vult
1258 1001 1477 1068 intelligi
1503 1003 1781 1070 Apostolus-
1801 1003 1853 1055 in
1879 1019 1944 1056 eo
1968 1003 2109 1071 quod
2127 1003 2229 1057 ait:

686 1089 790 1152 Qui
815 1106 931 1142 cum
962 1100 1089 1143 esset
1119 1089 1288 1145 Filius
1318 1090 1432 1152 Dei,
1457 1093 1636 1144 didicit
1662 1107 1724 1144 ex
1767 1093 1849 1150 lu'a
1892 1108 2008 1160 qua:
2053 1107 2235 1158 passus

654 1177 777 1239 'm.
805 1165 1160 1231 obedientisrm.
1190 1177 1337 1233 Ilanc
1379 1181 1730 1233 obedientiam
1780 1197 1938 1248 quam
1985 1183 2070 1236 hic
2101 1182 2239 1235 didi-’

683 1266 822 1318 cisse
844 1264 1029 1318 Filium
1062 1267 1150 1319 Dci
1179 1266 1328 1327 dicit,
1355 1267 1456 1320 hoc
1475 1279 1577 1330 est,
1605 1269 1898 1333 volunt-iric
1917 1273 2231 1340 suscepisse,

685 1354 792 1404 alio
820 1368 1028 1420 quoque
1059 1354 1172 1405 loco
1199 1356 1450 1417 ostendit,
1484 1357 1571 1409 ubi
1615 1360 1726 1410 ait:
1762 1357 1954 1412 Factus
1997 1370 2070 1412 est
2117 1361 2238 1412 obe-

683 1443 830 1494 diras
863 1442 1005 1494 Patri
1034 1461 1191 1512 usque
1238 1444 1307 1496 ad
1342 1455 1574 1506 mortem,
1610 1457 1821 1498 mortem
1847 1457 2016 1500 autem
2043 1451 2230 1510 cruris,

682 1539 888 1598 propter
907 1532 1044 1599 quod
1072 1540 1119 1583 et
1153 1533 1292 1584 Deus
1321 1533 1563 1586 uallat-it
1585 1533 1730 1586 illum
1751 1535 1966 1604 (Philip.
1994 1553 2052 1600 tl,
2077 1536 2130 1600 8,
2155 1539 2228 1605 9).

684 1617 738 1668 lu
767 1632 833 1670 co
856 1632 1000 1679 vero,
1029 1619 1168 1689 quod
1207 1620 1280 1672 ait
1311 1634 1326 1670 :
1361 1618 1756 1674 Consummatur
1779 1622 1948 1689 factus
1971 1635 2046 1676 est
2071 1627 2233 1686 omni—

684 1711 778 1758 bus
806 1687 1262 1776 obtemperantibus
1290 1711 1386 1763 sibi
1422 1727 1579 1763 caua
1622 1712 1805 1764 sa'utis
1843 1723 2066 1767 (Name.
2098 1714 2234 1767 Con-

2334 557 2449 592 και
2488 539 2606 594 boni
2641 558 2704 595 ac
2741 543 2886 596 mali.
2927 542 3140 598 Palatus
3178 546 3325 597 enim
3364 559 3581 613 sapam
3621 543 3877 597 discernit

2331 628 2573 682 ciborum
2615 646 2630 682 :
2675 630 2850 684 anima
2893 647 3021 686 vero
3062 633 3329 687 variarum
3371 634 3558 702 probat
3601 647 3876 686 sermones

2331 714 2713 779 doctrinarum,
2735 719 2801 773 de
2820 721 3010 788 quibus
3029 722 3081 774 in
3102 723 3445 790 sequentibus
3466 722 3621 789 hujus
3637 725 3874 790 epist

2331 801 2497 855 dicit:
2522 802 2777 859 Doctrinis
2813 809 2968 860 rariis
2995 809 3150 862 nolite
3171 810 3375 862 abduci.
3407 808 3556 864 Sicut
3579 812 3721 863 enim
3745 827 3872 878 par-

2332 892 2486 945 vulus
2503 894 2642 946 inter
2668 895 2842 949 cibum
2861 907 2910 950 et
2933 900 3107 950 cibum
3129 899 3426 952 discentem:
3444 901 3628 959 nescit.
3649 910 3704 952 et
3732 916 3873 970 sepe

2334 980 2388 1048 in
2419 981 2592 1034 noxiis
2619 984 2889 1037 sumendis
2907 986 3252 1053 periclitatur,
3277 989 3322 1040 si
3349 1004 3452 1041 non
3477 988 3817 1056 prohibeatur
3839 1006 3871 1042 a

2333 1066 2562 1131 seniore,
2593 1069 2667 1121 ita
2703 1070 2944 1126 indoctus
2967 1073 3188 1143 quisque
3213 1076 3582 1130 discretionem
3604 1077 3871 1130 doctrina-

2337 1171 2451 1208 rum
2480 1158 2665 1220 nescit,
2694 1156 2848 1213 facile
2874 1146 3149 1230 theipitur,
3175 1171 3230 1217 et
3254 1163 3308 1217 in
3335 1164 3416 1216 via
3442 1164 3640 1218 erroris
3663 1164 3874 1232 pericli-

2335 1253 2497 1297 tatur.
2529 1244 2683 1310 Quod
2722 1247 2774 1299 in
2807 1248 2943 1302 lacte
2969 1258 3021 1302 ct
3047 1250 3217 1303 solido
3249 1252 3397 1314 cibo,
3430 1252 3529 1304 hoc
3563 1251 3615 1304 in
3661 1251 3873 1305 indocto

2332 1344 2386 1386 ct
2428 1335 2669 1403 sapiente
2711 1336 2918 1402 diﬂ'ert;
2961 1340 3098 1393 sicut
3134 1340 3216 1396 lac
3252 1342 3483 1410 parvulis
3519 1345 3788 1412 congruit,
3819 1352 3876 1396 et
3954 1366 3957 1367 ν

2333 1423 2532 1476 solidus
2574 1424 2723 1478 cibus
2765 1435 2921 1480 :etate
2962 1428 3236 1496 perfectis,
3281 1431 3354 1484 ita
3397 1433 3624 1486 indocis
3660 1434 3873 1486 humilis

2332 1504 2529 1573 sermo,
2553 1520 2604 1566 et
2629 1514 2953 1582 sapientibus
2978 1532 3227 1572 arcanum
3258 1519 3350 1574 Dei
3380 1523 3685 1588 mysterium
3717 1539 3873 1578 nosse

2331 1600 2597 1676 convenit,
2643 1603 2733 1670 qui
2777 1607 3094 1660 exerciiatos
3143 1607 3386 1661 videntur
3421 1610 3620 1664 habere
3660 1627 3868 1666 sensus.

2339 1707 2355 1736 ι
2399 1689 2672 1753 Quomodo
2708 1693 2868 1760 igitur
2897 1706 3140 1763 poterunt
3176 1715 3362 1754 sensus
3398 1704 3564 1756 nostri
3594 1705 3870 1757 exercitati

681 1758 990 1860 summotus,
1024 1799 1076 1852 id
1103 1809 1204 1859 est,
1242 1801 1540 1868 perfectus;
1579 1803 1808 1855 ostendit
1856 1813 2112 1869 quantum
2156 1804 2233 1854 lu-
2268 1758 2308 1812 Β
2334 1779 2483 1869 ίξδδυῗ
2511 1781 2694 1849 “tique
2724 1799 2788 1836 ει
2816 1801 2912 1838 usu
2951 1797 3002 1840 el
3033 1786 3289 1858 frequenti
3321 1791 3546 1861 lectione
3571 1804 3870 1847 sanctarum

682 1899 829 1935 crum
864 1885 932 1936 sit
959 1885 1072 1950 ejus
1095 1887 1289 1952 passio,
1319 1903 1434 1952 qua:
1455 1889 1699 1942 omnibus
1723 1890 2061 1942 credentibus
2088 1889 2234 1942 suffi-

683 1974 757 2023 cit
786 1974 852 2023 a:.l
879 1973 1100 2026 salutem
1125 1975 1516 2040 sempiternam.
1544 1976 1708 2045 igitur
1727 1977 1769 2028 si
1793 1977 2090 2030 oberit-otia
2117 1976 2232 2030 Filii

681 2079 838 2116 causa
889 2073 969 2115 est
1008 2065 1193 2116 salutis
1228 2066 1492 2127 humanae,
1527 2076 1720 2133 quanta
1756 2069 1907 2121 rmbis
1946 2068 2233 2120 necessitas

679 2165 765 2209 est
811 2156 1023 2208 obelirc
1072 2155 1200 2215 Deo,
1230 2165 1287 2208 ut
1329 2157 1468 2224 digni
1519 2159 1849 2211 inveniamur
1896 2160 2010 2225 ejus
2048 2159 2233 2214 salutis

679 2261 840 2313 quam
873 2244 1022 2296 no'~is
1046 2259 1140 2310 per
1173 2244 1361 2296 Filium
1389 2245 1658 2312 proprium
1694 2246 2038 2312 perdonavit?

752 2335 910 2387 Vsus.
949 2336 1028 2387 ll.
1058 2363 1125 2372 ——
1157 2335 1230 2386 De
1277 2317 1377 2402 quo
1421 2332 1631 2400 grandis
1681 2350 1844 2386 acrmo
1883 2335 2026 2387 nobis
2061 2345 2155 2396 est,
2185 2346 2229 2388 et

679 2424 1130 2490 iniaterprrtabilis
1177 2426 1244 2476 ad
1290 2425 1603 2483 dicendum;
1653 2425 1894 2495 quoniam
1958 2425 2231 2478 imbecilles

681 2511 807 2577 {arti
855 2512 974 2564 estis
1017 2512 1083 2565 sd
1118 2512 1451 2565 audiendum.
1499 2511 1724 2565 Causam
1759 2513 1900 2565 enim
1930 2514 2092 2566 reddit
2137 2530 2232 2566 cur

677 2607 822 2652 esset
846 2615 1022 2652 Sermo
1043 2615 1196 2666 quem
1223 2602 1288 2653 de
1308 2601 1444 2653 Filio
1466 2601 1739 2654 incantato
1760 2602 2009 2665 instituit,
2045 2603 2232 2658 diffici-

677 2687 746 2742 lis
773 2688 840 2739 ad
885 2689 1336 2755 interpretandum
1371 2705 1384 2743 :
1415 2691 1464 2744 id
1505 2702 1604 2754 est,
1643 2693 1764 2760 quia
1820 2693 1893 2746 illi
1946 2694 2233 2748 imbecilles

679 2785 833 2830 erant
860 2786 914 2831 et
937 2778 1108 2844 fragili
1143 2795 1299 2833 sensu
1333 2779 1398 2833 ad
1435 2780 1829 2848 intelligendum
1855 2779 2113 2848 profunda
2139 2783 2229 2835 Dei

682 2867 954 2934 mysteria.
989 2867 1086 2931 Qui
1115 2868 1276 2920 etiam
1306 2883 1401 2936 pro
1425 2877 1661 2936 tempore
1685 2869 1922 2938 magistri
1943 2872 2232 2926 debuerant

677 2966 813 3013 esse,
839 2947 965 3004 lacti
1012 2961 1135 3005 sunt
1167 2951 1369 3022 [SuppL
1403 2955 1736 3024 imbecilles],
1777 2957 1969 3024 quibus
1994 2957 2073 3011 lac
2100 2974 2232 3025 opus

598 3064 600 3067 -
676 3048 775 3094 est.
803 3056 906 3093 non
935 3041 1133 3094 solidus
1157 3044 1326 3095 cibus.
1352 3042 1440 3095 llla
1469 3043 1752 3098 difﬁcultas
1778 3046 2151 3113 interpretandi
2177 3048 2228 3100 in
2255 3069 2299 3127 ρ

680 3119 887 3183 illorum
917 3129 1017 3182 fuit
1049 3132 1318 3191 tarditate,
1365 3148 1474 3184 non
1521 3134 1572 3184 in
1621 3134 1907 3200 apostolica
1947 3136 2226 3201 sapientia,

679 3219 762 3271 cui
783 3218 1014 3271 reri-lata
1033 3227 1157 3272 sunt
1180 3220 1427 3287 mysteria
1456 3236 1484 3273 a
1511 3221 1718 3273 seculis
1743 3223 2070 3286 abscondita,
2095 3225 2229 3278 sicut

679 3307 732 3359 in
757 3305 989 3372 Epistula
1005 3305 1070 3357 ad
1095 3306 1344 3373 Ephesios
1360 3307 1660 3374 plenissime
1673 3307 1999 3362 demonstrat
2017 3311 2225 3381 (Ephes.

678 3410 762 3457 ιιι,
789 3394 863 3461 8).
898 3395 1095 3446 Deinde
1144 3396 1415 3462 subiunxit
1448 3414 1460 3448 ε
1494 3397 1674 3465 (Vitas.
1725 3399 1809 3467 12)
1873 3399 2074 3451 Etenim
2112 3419 2227 3453 cum

676 3483 923 3534 deberetis
948 3484 1182 3551 magistri
1204 3501 1312 3536 esse
1331 3497 1535 3553 propter
1563 3497 1780 3556 tempus,
1811 3504 2014 3540 rursum
2038 3490 2229 3560 indige-

675 3570 763 3630 tis,
789 3579 844 3621 tu
873 3586 956 3622 vos
975 3569 1262 3624 deceamiui
1280 3589 1395 3640 τρια·
1413 3585 1531 3625 sunt
1552 3574 1798 3628 etrmeuta
1822 3578 2020 3629 exordii
2037 3574 2228 3631 sermo-

677 3674 800 3709 num
834 3657 976 3710 Dei:
1002 3668 1049 3709 et
1089 3659 1214 3724 facti
1249 3661 1386 3718 estis,
1418 3662 1599 3728 quibus
1641 3663 1773 3714 lacte
1825 3681 1950 3731 opus
1995 3665 2080 3728 sit,
2127 3668 2228 3718 non

673 3746 840 3798 solido
867 3747 994 3798 cibo.
1027 3746 1104 3799 Ad
1133 3761 1225 3800 eos
1265 3747 1423 3815 igitur
1471 3749 1704 3814 loquitur
1748 3752 1836 3817 qui
1881 3739 2225 3807 exercitatum

675 3851 888 3890 scnsum
925 3852 1020 3903 per
1045 3837 1212 3904 legem
1254 3848 1307 3890 et
1348 3841 1634 3906 prophetas
1670 3841 1734 3894 de
1767 3841 1996 3896 adventu
2029 3845 2225 3897 Cbris:i

674 3937 729 3980 ct
749 3928 920 3995 gratia
951 3943 1068 3993 quze
1099 3943 1192 3993 per
1213 3943 1332 3979 eum
1355 3930 1692 3983 crelcnlibus
1715 3930 1872 3983 allata
1901 3941 2002 3995 est,
2033 3933 2228 3987 habere

676 4018 997 4078 debuerunt;
1030 4018 1118 4084 qui
1159 4018 1318 4070 etiam
1364 4019 1669 4086 magisterio
1698 4020 1818 4072 aliis
1841 4036 1935 4088 per
1974 4023 2224 4090 mysteria

677 4103 767 4155 Dei
789 4119 908 4171 qua:
929 4104 1050 4156 data
1081 4113 1203 4156 sunt
1230 4105 1354 4164 illis,
1382 4114 1623 4172 poterant
1645 4121 1761 4160 esse
1787 4109 1830 4161 si
1859 4109 2222 4165 credidissent.

675 4191 823 4246 Nunc
843 4203 1018 4245 autem
1045 4195 1176 4248 tales
1209 4193 1329 4246 facti
1372 4206 1493 4248 sunt
1527 4205 1584 4250 ut
1615 4197 1861 4260 infantes,
1887 4201 2080 4268 quibus
2114 4203 2224 4269 pri-

676 4297 760 4334 ma
781 4281 1037 4333 elementa
1055 4283 1348 4335 litterarum
1366 4287 1646 4335 traduntur
1663 4286 1820 4354 681
1837 4288 1902 4340 ad
1923 4289 2220 4356 legendum.

676 4368 808 4422 Dum
853 4369 1060 4422 illorum
1099 4369 1194 4421 fuit
1241 4371 1404 4423 fortes
1454 4386 1571 4424 esse
1621 4371 1673 4425 in
1724 4373 1826 4428 ﬁde
1852 4384 1908 4428 et
1942 4378 2144 4431 alacres
2169 4379 2219 4431 in
2252 4386 2298 4442 ι)

672 4459 917 4517 scicntia,
946 4459 1010 4509 ad
1056 4460 1446 4525 pt'l‘t‘lplt'ndlﬂll
1478 4461 1703 4515 solidum
1747 4464 2015 4530 sapientia:
2044 4465 2219 4519 cibum

674 4547 765 4614 qui
789 4556 869 4598 est
896 4544 1274 4614 perfecturum,
1304 4561 1442 4598 nunc
1474 4549 1595 4600 facti
1619 4559 1742 4602 sunt
1766 4552 1958 4618 quibus
1983 4561 2062 4607 est
2088 4554 2222 4609 laete

673 4651 825 4702 opus.
859 4635 964 4687 Lac
990 4638 1131 4687 enim
1181 4636 1428 4689 luuuilem
1459 4650 1756 4691 sermonem
1782 4651 1955 4703 vocat,
1985 4658 2091 4709 quo
2130 4658 2223 4697 eos

676 4723 959 4789 indiguisse
982 4730 1222 4782 tesutur,
1249 4723 1338 4788 qui
1362 4724 1519 4774 etiam
1549 4725 1614 4775 ad
1642 4726 1826 4776 altiora
1856 4729 2219 4795 mysteriorum

677 4813 767 4864 Dei
798 4819 999 4864 secreta
1038 4812 1323 4862 ascendere
1352 4826 1453 4862 non
1480 4821 1741 4886 poterant.
1771 4814 2004 4882 Exempli
2031 4820 2219 4883 gratia,

675 4903 764 4965 qui
812 4917 913 4952 non
969 4909 1144 4966 potest
1199 4900 1490 4970 intelligere
1535 4901 1674 4968 quod
1726 4906 2044 4973 evangelista
2089 4908 2163 4960 ait
2203 4926 2216 4961 :

688 4986 901 5037 Verbum
933 5003 1052 5038 caro
1096 4986 1288 5050 factum
1327 4996 1421 5048 est,
1464 4989 1726 5056 quomodo
1752 4999 1924 5057 potest
1954 4993 2019 5046 ad
2043 4995 2220 5048 altitu—

676 5075 850 5126 dinem
877 5074 990 5140 ejus
1018 5074 1278 5127 sermonis
1303 5078 1600 5143 pervenire,
1620 5079 1707 5132 ubi
1738 5081 1814 5132 ait
1839 5097 1852 5131 :
1881 5080 1948 5133 In
1973 5083 2218 5152 principio

675 5171 784 5210 erat
815 5159 1050 5223 Verbum,
1073 5173 1120 5213 et
1147 5160 1360 5214 Verbum
1389 5173 1499 5214 erat
1517 5166 1659 5231 apud
1683 5165 1929 5224 Παιανιέι
1954 5167 2086 5221 Deus
2108 5181 2217 5223 erat

687 5247 920 5299 Verbum.
2212 5303 2214 5305 .

751 5335 903 5395 Vens.
941 5336 1017 5395 l5,
1049 5335 1131 5386 Η.
1155 5365 1222 5376 --
1252 5337 1429 5392 Omnis
1458 5354 1593 5391 enim
1626 5343 1712 5409 qui
1751 5342 1899 5396 lactis
1942 5356 2013 5397 est
2051 5349 2216 5414 parti-

676 5436 810 5485 ccps,
852 5437 1029 5488 expers
1076 5420 1242 5487 factus
1271 5435 1343 5475 est
1389 5425 1638 5477 sermonis
1674 5425 1912 5492 justitia'.
1961 5429 2215 5484 Parvulus

676 5506 807 5555 enim
833 5517 925 5558 est.
973 5505 1320 5575 Per/ceterum
1353 5523 1522 5563 autem
1547 5521 1620 5563 cst
1652 5513 1844 5565 solidus
1891 5519 2029 5570 rilms
2073 5539 2088 5574 :
2134 5537 2216 5570 ro-

746 5623 771 5653 δ
804 5612 898 5672 llic
933 5600 1172 5677 quaedam
1202 5620 1450 5673 deliciqu
1483 5619 1533 5672 in
1559 5623 1933 5689 manuscripto.

2337 1868 2748 1937 Scripturarum.
2781 1893 2798 1923 ι
2839 1875 2983 1929 [Inde
3007 1878 3214 1955 beatum
3245 1881 3415 1934 virum
3437 1882 3714 1936 Psalmista
3743 1885 3872 1937 dtrit

2334 1973 2449 2011 esse
2465 2000 2478 2012 .
2513 1963 2600 2028 qui
2627 1963 2681 2013 iu
2707 1962 2815 2031 lege
2842 1965 3047 2019 Domini
3075 1969 3402 2023 meditabitur
3424 1972 3507 2026 die
3533 1989 3596 2025 ac
3620 1985 3779 2026 nocte.

2888 2093 3146 2178 reaper
3195 2081 3280 2149 vi

2405 2215 2560 2267 Vnus.
2602 2217 2644 2267 l.
2669 2247 2734 2255 —-
2763 2219 3082 2288 Quapropter
3111 2223 3492 2280 intermittentes
3531 2229 3869 2285 incltoatiouis

2332 2302 2522 2357 Christi
2557 2322 2834 2360 sermonem
2874 2310 2941 2360 ad
2969 2311 3323 2378 perfectionem
3349 2313 3596 2380 ferantur.
3636 2318 3871 2384 Quapro-

2334 2405 2466 2463 pter,
2497 2398 2511 2449 i
2536 2399 2548 2449 Ι
2580 2408 2682 2460 est,
2718 2403 2841 2468 quia
2880 2405 3196 2457 exercitatos
3223 2421 3409 2460 sensus
3441 2408 3492 2460 in
3519 2409 3632 2478 lege
3663 2410 3868 2464 Domini

2332 2486 2484 2539 decet
2513 2501 2605 2540 vos
2633 2488 2848 2550 habere,
2887 2490 3316 2549 intermittamus.
3340 2496 3691 2551 inchoationis
3718 2499 3867 2551 Chri-

2331 2577 2396 2628 sti
2424 2587 2608 2628 ⁸....;..
2633 2577 2734 2631 nisi
2765 2577 2880 2633 ﬁdei
2912 2581 3136 2634 initimn.
3171 2602 3190 2631 σ
3217 2583 3364 2638 Sicut
3385 2587 3525 2639 enim
3550 2603 3668 2640 eum
3694 2589 3782 2656 qui
3815 2590 3868 2641 in

2331 2667 2626 2720 doctrinam
2673 2668 2967 2722 litterarum
3015 2672 3309 2735 adducitur,
3356 2674 3614 2729 elementa
3661 2686 3870 2744 oportet

2331 2760 2558 2828 primum
2584 2761 2785 2824 audire,
2815 2763 2892 2815 sic
2922 2772 2972 2816 et
3000 2764 3329 2819 Christianus
3355 2767 3524 2834 primo
3547 2769 3780 2820 onmium
3803 2768 3869 2821 de.

2331 2849 2432 2902 ﬁde
2459 2849 2717 2903 catholica
2761 2851 2960 2905 erudiri
2987 2854 3158 2914 debet,
3183 2855 3321 2921 quod
3356 2864 3449 2918 cst
3468 2855 3866 2911 fundamentum

2330 2935 2514 2988 εςιιιιιξε
2543 2947 2755 2989 nostra.
2801 2937 2855 2991 Si
2887 2947 3062 2992 autem
3094 2957 3226 3009 opus
3254 2942 3411 2996 habet
3443 2943 3509 2997 de
3537 2943 3637 2996 ﬁde
3667 2944 3865 3008 doceri.

2331 3026 2551 3078 necdum
2584 3024 2978 3081 fundamentum
3003 3031 3188 3093 habet;
3232 3029 3437 3083 ﬁrmum
3465 3033 3605 3085 enim
3629 3041 3682 3086 et
3709 3033 3867 3087 ﬁxum

2329 3126 2450 3165 esse
2477 3121 2683 3180 oportet
2712 3117 2809 3168 hoc
2846 3109 3239 3171 fundamentum
3282 3119 3333 3171 in
3376 3119 3534 3173 corde
3557 3119 3864 3183 Christiani.

2331 3210 2386 3252 ut
2422 3200 2542 3253 inde
2580 3201 2768 3270 dignus
2806 3201 2896 3254 ﬁat
2931 3204 2998 3257 ad
3025 3203 3397 3272 perfectionem
3431 3208 3651 3263 aliarum
3695 3219 3868 3265 trans-

2331 3287 2455 3340 ferri
2479 3299 2749 3344 Virtutum.
2787 3290 2849 3344 Si
2877 3299 3051 3347 autem
3073 3295 3350 3364 quisquam
3387 3300 3603 3351 verlum
3633 3299 3869 3356 veritatis

2329 3376 2547 3438 audivit,
2581 3384 2635 3429 et
2665 3378 2963 3446 baptizatus
2992 3389 3093 3443 est,
3134 3389 3187 3434 et
3213 3392 3332 3450 post
3367 3399 3532 3437 annos
3567 3385 3768 3452 aliquot
3805 3386 3868 3439 de

2331 3468 2432 3521 Iide
2458 3469 2647 3520 iterum
2688 3469 2871 3522 audire
2896 3485 3027 3537 opus
3058 3472 3235 3534 balet,
3261 3473 3382 3542 quia
3417 3475 3633 3528 credere
3662 3484 3868 3543 oportet

2328 3571 2449 3608 eum
2472 3558 2537 3609 de
2567 3556 2952 3611 resurrectione
2979 3565 3032 3612 et
3055 3557 3234 3612 futuro
3260 3560 3472 3625 srcculo,
3503 3562 3726 3615 necdum
3751 3560 3865 3614 fun-

2328 3645 2633 3699 damentum
2687 3647 2874 3709 habet;
2931 3661 3139 3700 rursum
3200 3647 3405 3700 initium
3458 3647 3868 3702 Christianitatis

2327 3735 2534 3802 (ιειςιξΐίῐ,
2579 3735 2701 3801 quia
2750 3733 2882 3787 ﬁdes
2924 3733 3320 3789 fundamentum
3364 3745 3470 3802 est;
3519 3746 3709 3792 eadem
3742 3753 3865 3792 vero

2327 3820 2876 3888 supermdiﬁcationes,
2924 3843 2941 3874 ι
2984 3824 3122 3891 quod
3165 3825 3348 3878 beatus
3380 3824 3574 3878 Paulus
3602 3825 3867 3893 sequenti-

2328 3908 2425 3962 bus
2454 3907 2627 3962 verbis
2656 3912 2904 3975 ostendit,
2931 3913 3185 3967 dicendo:
3229 3913 3349 3966 Non
3391 3931 3594 3966 rursum
3615 3915 3864 3982 jacientes

2328 3999 2716 4060 furtdamentum
2741 4002 3046 4068 paenitentia?
3073 4001 3135 4054 ab
3163 4002 3395 4070 operibus
3437 4004 3649 4056 mortuis
3674 4014 3720 4057 et
3744 4004 3865 4072 ﬁdei

2325 4090 2394 4142 ad
2418 4089 2596 4141 Deum.
2629 4107 2646 4136 ι
2676 4087 2970 4142 Perfectum
2998 4090 3138 4143 enim
3168 4091 3310 4143 illum
3336 4106 3598 4155 vocamus,
3627 4095 3718 4162 qui
3742 4080 3861 4148 cum

2327 4179 2430 4232 ﬁde
2462 4179 2623 4231 vitam
2653 4178 2811 4232 habet
2839 4189 3054 4233 rectam.
3097 4201 3114 4230 ι
3162 4167 3219 4233 Si
3256 4188 3433 4233 autem
3460 4183 3646 4236 horum
3674 4199 3863 4238 unum-

2326 4269 2595 4336 quodlibet
2637 4269 2822 4335 deerit,
2853 4271 3115 4341 perfectus
3158 4289 3260 4327 non
3307 4275 3439 4339 erit;
3485 4276 3528 4330 si
3557 4288 3681 4328 vero
3707 4276 3862 4331 ambo

2326 4359 2534 4425 desunt,
2564 4362 2754 4416 merito
2788 4365 3038 4433 parvulus
3075 4366 3175 4418 dici
3205 4369 3403 4434 potest;
3433 4376 3488 4420 et
3509 4368 3660 4435 quasi
3691 4367 3860 4423 infans

2325 4449 2532 4514 litteris,
2559 4452 2636 4505 sic
2667 4452 2826 4504 etiam
2856 4454 2954 4504 iste
2984 4453 3034 4504 in
3061 4451 3160 4505 ﬁde
3194 4454 3383 4507 iterum
3417 4453 3733 4510 erudiendos
3755 4466 3856 4511 est.

2323 4537 2573 4592 Latenter
2607 4547 2782 4591 autem
2811 4537 2978 4608 legem
3017 4541 3285 4595 inﬁrmare
3309 4541 3439 4612 vult,
3466 4551 3522 4596 et
3542 4544 3606 4598 ad
3633 4547 3858 4614 gratiam

2321 4628 2516 4681 Christi
2553 4621 2679 4682 suos
2709 4645 2957 4685 revocare
2993 4633 3276 4685 auditores.
3311 4631 3409 4698 Qui
3444 4643 3621 4689 autem
3659 4637 3727 4690 ad
3752 4623 3857 4703 vir-

2324 4726 2489 4770 tutem
2517 4717 2687 4771 iturus
2713 4728 2812 4781 est,
2843 4721 3069 4788 primum
3098 4720 3351 4774 malitiam
3377 4723 3530 4777 debet
3563 4733 3777 4792 culpare
3801 4733 3855 4775 et

2322 4801 2568 4868 abjiecre,
2598 4815 2651 4858 et
2679 4822 2838 4875 opera
2869 4810 3049 4860 mortis
3086 4824 3178 4876 per
3205 4802 3567 4881 pqzuitentiam
3608 4826 3850 4883 purgare,

2320 4899 2374 4945 et
2396 4892 2476 4946 sic
2506 4896 2759 4949 accedere
2786 4897 2852 4948 ad
2873 4896 3053 4950 Deum.
3710 4972 3712 4974 ν

2387 4980 2546 5035 Vens.
2575 4982 2628 5034 2.
2659 5013 2726 5021 —
2753 4982 3125 5052 BapIiamatum
3168 4988 3455 5040 doctrinam
3503 4987 3600 5058 [Ita
3643 4987 3850 5054 Codex;

2317 5071 2418 5141 leg.
2442 5063 2734 5144 doctrinm],
2765 5074 3100 5146 impositiouis
3127 5093 3325 5146 quoque
3348 5094 3590 5133 manuum
3614 5090 3852 5161 ett-eau-

2316 5162 2554 5214 rectionis
2575 5172 2888 5216 mortuorum
2912 5177 2956 5217 et
2974 5156 3160 5232 judicii
3183 5169 3378 5219 a'terni.
3404 5167 3517 5223 Non
3542 5169 3682 5222 enim
3705 5156 3852 5221 sitm-

2315 5250 2389 5302 cit
2412 5250 2718 5316 pcenitentia
2745 5253 2965 5304 mundos
2991 5250 3162 5306 facere
3191 5265 3513 5322 peccatores,
3541 5255 3644 5309 nisi
3668 5253 3850 5314 confe—

2315 5338 2438 5391 stim
2460 5339 2812 5410 baptiaentur,
2842 5341 2977 5393 sicut
3019 5341 3070 5394 in
3097 5333 3313 5398 Actibus
3346 5341 3702 5411 apostolorum
3728 5345 3852 5401 bea-

2318 5437 2424 5480 tum
2451 5428 2663 5482 l’ctrum
2696 5429 3025 5495 respondisse
3059 5430 3284 5500 legitur:
3310 5429 3670 5486 Pwnitentiam
3691 5434 3854 5504 agite,

2315 5522 2524 5589 fratres,
2559 5529 2606 5572 ct
2633 5519 2914 5588 baptizatur
2944 5521 3286 5590 uumquisque
3315 5532 3531 5577 vestrum
3565 5523 3618 5577 in
3647 5522 3847 5577 nomine
