  <div class='ocr_page' id='page_1' title='image "/cluster/home/n/w/nwhite01/storage/ocr_20150623/100/uva.x000827058/537.png"; bbox 0 0 4154 6274; ppageno 0'>
   <div class='ocr_carea' id='block_1_1' title="bbox 563 342 2198 449">
    <p class='ocr_par' dir='ltr' id='par_1_1' title="bbox 563 342 2198 441">
     <span class='ocr_line' id='line_1_1' title="bbox 563 342 2198 441; baseline -0.01 1"><span class='ocrx_word' id='word_1_1' title='bbox 563 365 569 372; x_wconf 71' lang='grc'><strong>’</strong></span> <span class='ocrx_word' id='word_1_2' title='bbox 612 386 748 441; x_wconf 68' lang='grc' dir='ltr'>ιοδθ</span> <span class='ocrx_word' id='word_1_3' title='bbox 1467 342 1527 432; x_wconf 69' lang='grc' dir='ltr'><strong>Βζ</strong></span> <span class='ocrx_word' id='word_1_4' title='bbox 1569 376 1629 430; x_wconf 83' lang='lat' dir='ltr'><strong>r.</strong></span> <span class='ocrx_word' id='word_1_5' title='bbox 1660 374 1883 430; x_wconf 62' lang='lat' dir='ltr'><strong>suam</strong></span> <span class='ocrx_word' id='word_1_6' title='bbox 1916 373 2044 428; x_wconf 71' lang='lat' dir='ltr'><strong>seu</strong></span> <span class='ocrx_word' id='word_1_7' title='bbox 2069 344 2198 425; x_wconf 67' lang='grc' dir='ltr'><strong>Δις</strong></span> 
     </span>
    </p>
   </div>
   <div class='ocr_carea' id='block_1_2' title="bbox 2272 342 3820 449">
    <p class='ocr_par' dir='ltr' id='par_1_2' title="bbox 2274 360 3820 449">
     <span class='ocr_line' id='line_1_2' title="bbox 2274 360 3820 449; baseline -0.003 -26"><span class='ocrx_word' id='word_1_8' title='bbox 2274 369 2338 424; x_wconf 67' lang='grc' dir='ltr'>Νι</span> <span class='ocrx_word' id='word_1_9' title='bbox 2372 368 2650 439; x_wconf 69' lang='lat' dir='ltr'><strong>OPERUM</strong></span> <span class='ocrx_word' id='word_1_10' title='bbox 2688 369 2864 425; x_wconf 77' lang='lat' dir='ltr'><strong>PARS</strong></span> <span class='ocrx_word' id='word_1_11' title='bbox 2902 370 2962 423; x_wconf 87' lang='lat' dir='ltr'><strong>il.</strong></span> <span class='ocrx_word' id='word_1_12' title='bbox 3040 424 3056 449; x_wconf 42' lang='grc' dir='ltr'><strong><em>ί</em></strong></span> <span class='ocrx_word' id='word_1_13' title='bbox 3282 442 3285 447; x_wconf 80' lang='lat'><strong><em>_</em></strong></span> <span class='ocrx_word' id='word_1_14' title='bbox 3520 360 3528 367; x_wconf 10' lang='grc' dir='ltr'><strong>γ’</strong></span> <span class='ocrx_word' id='word_1_15' title='bbox 3667 365 3820 420; x_wconf 72' lang='grc' dir='ltr'><strong>ιοω</strong></span> 
     </span>
    </p>
   </div>
   <div class='ocr_carea' id='block_1_3' title="bbox 534 442 3863 554">
    <p class='ocr_par' dir='ltr' id='par_1_3' title="bbox 534 442 3863 554">
     <span class='ocr_line' id='line_1_3' title="bbox 534 442 3863 554; baseline -0.005 -9"><span class='ocrx_word' id='word_1_16' title='bbox 534 518 545 530; x_wconf 87' lang='lat'><strong>-</strong></span> <span class='ocrx_word' id='word_1_17' title='bbox 610 490 903 546; x_wconf 69' lang='lat' dir='ltr'><strong>cultoribus</strong></span> <span class='ocrx_word' id='word_1_18' title='bbox 936 487 999 540; x_wconf 83' lang='lat' dir='ltr'><strong>ad</strong></span> <span class='ocrx_word' id='word_1_19' title='bbox 1043 485 1364 554; x_wconf 74' lang='lat' dir='ltr'><strong>voluntatem</strong></span> <span class='ocrx_word' id='word_1_20' title='bbox 1411 472 1677 552; x_wconf 82' lang='lat' dir='ltr'><strong>respicere</strong></span> <span class='ocrx_word' id='word_1_21' title='bbox 1712 480 1942 551; x_wconf 87' lang='lat' dir='ltr'><strong>poterit;</strong></span> <span class='ocrx_word' id='word_1_22' title='bbox 1986 494 2155 547; x_wconf 86' lang='lat' dir='ltr'><strong>neque</strong></span> <span class='ocrx_word' id='word_1_23' title='bbox 2182 480 2226 536; x_wconf 81' lang='grc' dir='ltr'><strong>Α</strong></span> <span class='ocrx_word' id='word_1_24' title='bbox 2253 470 2499 541; x_wconf 66' lang='lat' dir='ltr'><strong>euntibus</strong></span> <span class='ocrx_word' id='word_1_25' title='bbox 2525 460 2695 531; x_wconf 83' lang='lat' dir='ltr'><strong>modis</strong></span> <span class='ocrx_word' id='word_1_26' title='bbox 2720 493 2932 545; x_wconf 87' lang='lat' dir='ltr'><strong>sperare</strong></span> <span class='ocrx_word' id='word_1_27' title='bbox 2958 442 3164 539; x_wconf 76' lang='lat' dir='ltr'><strong>futura;</strong></span> <span class='ocrx_word' id='word_1_28' title='bbox 3192 442 3313 530; x_wconf 79' lang='lat' dir='ltr'><strong>cum</strong></span> <span class='ocrx_word' id='word_1_29' title='bbox 3338 475 3482 530; x_wconf 85' lang='lat' dir='ltr'><strong>enim</strong></span> <span class='ocrx_word' id='word_1_30' title='bbox 3506 475 3597 545; x_wconf 83' lang='lat' dir='ltr'><strong>qui</strong></span> <span class='ocrx_word' id='word_1_31' title='bbox 3622 474 3822 544; x_wconf 55' lang='lat' dir='ltr'><strong>desire-</strong></span> <span class='ocrx_word' id='word_1_32' title='bbox 3848 453 3863 463; x_wconf 39' lang='grc'><strong><em>⁶</em></strong></span> 
     </span>
    </p>
   </div>
   <div class='ocr_carea' id='block_1_4' title="bbox 544 563 3821 647">
    <p class='ocr_par' dir='ltr' id='par_1_4' title="bbox 544 563 3821 647">
     <span class='ocr_line' id='line_1_4' title="bbox 544 563 3821 647; baseline -0.005 -10"><span class='ocrx_word' id='word_1_33' title='bbox 544 633 549 637; x_wconf 88' lang='grc'><em>.</em></span> <span class='ocrx_word' id='word_1_34' title='bbox 610 580 756 635; x_wconf 79' lang='lat' dir='ltr'><strong>enim</strong></span> <span class='ocrx_word' id='word_1_35' title='bbox 778 576 1125 647; x_wconf 73' lang='lat' dir='ltr'><strong>agricolarum</strong></span> <span class='ocrx_word' id='word_1_36' title='bbox 1149 573 1248 627; x_wconf 80' lang='lat' dir='ltr'><strong>fuit</strong></span> <span class='ocrx_word' id='word_1_37' title='bbox 1266 582 1462 626; x_wconf 86' lang='lat' dir='ltr'><strong>terram</strong></span> <span class='ocrx_word' id='word_1_38' title='bbox 1487 574 1719 627; x_wconf 87' lang='lat' dir='ltr'><strong>excitare</strong></span> <span class='ocrx_word' id='word_1_39' title='bbox 1741 571 1807 624; x_wconf 86' lang='lat' dir='ltr'><strong>ad</strong></span> <span class='ocrx_word' id='word_1_40' title='bbox 1825 568 2048 631; x_wconf 76' lang='lat' dir='ltr'><strong>fructus,</strong></span> <span class='ocrx_word' id='word_1_41' title='bbox 2070 565 2163 620; x_wconf 86' lang='lat' dir='ltr'><strong>sed</strong></span> <span class='ocrx_word' id='word_1_42' title='bbox 2263 577 2347 621; x_wconf 90' lang='lat' dir='ltr'><strong>rat</strong></span> <span class='ocrx_word' id='word_1_43' title='bbox 2378 568 2444 623; x_wconf 88' lang='lat' dir='ltr'><strong>de</strong></span> <span class='ocrx_word' id='word_1_44' title='bbox 2469 568 2815 647; x_wconf 71' lang='lat' dir='ltr'><strong>praesentibus</strong></span> <span class='ocrx_word' id='word_1_45' title='bbox 2847 567 3119 644; x_wconf 77' lang='lat' dir='ltr'><strong>beneficiis</strong></span> <span class='ocrx_word' id='word_1_46' title='bbox 3154 567 3277 639; x_wconf 85' lang='lat' dir='ltr'><strong>Dei,</strong></span> <span class='ocrx_word' id='word_1_47' title='bbox 3320 564 3461 635; x_wconf 87' lang='lat' dir='ltr'><strong>quod</strong></span> <span class='ocrx_word' id='word_1_48' title='bbox 3495 580 3527 619; x_wconf 88' lang='lat' dir='ltr'><strong>a</strong></span> <span class='ocrx_word' id='word_1_49' title='bbox 3556 563 3665 619; x_wconf 82' lang='lat' dir='ltr'><strong>Deo</strong></span> <span class='ocrx_word' id='word_1_50' title='bbox 3701 579 3821 619; x_wconf 82' lang='lat' dir='ltr'><strong>non</strong></span> 
     </span>
    </p>
   </div>
   <div class='ocr_carea' id='block_1_5' title="bbox 616 655 2163 736">
    <p class='ocr_par' dir='ltr' id='par_1_5' title="bbox 616 655 2163 736">
     <span class='ocr_line' id='line_1_5' title="bbox 616 655 2163 736; baseline -0.009 -15"><span class='ocrx_word' id='word_1_51' title='bbox 616 667 894 736; x_wconf 76' lang='lat' dir='ltr'><strong>Imperium</strong></span> <span class='ocrx_word' id='word_1_52' title='bbox 925 664 1041 727; x_wconf 79' lang='lat' dir='ltr'><strong>bet,</strong></span> <span class='ocrx_word' id='word_1_53' title='bbox 1071 663 1209 717; x_wconf 91' lang='lat' dir='ltr'><strong>sicut</strong></span> <span class='ocrx_word' id='word_1_54' title='bbox 1233 662 1359 715; x_wconf 92' lang='lat' dir='ltr'><strong>alibi</strong></span> <span class='ocrx_word' id='word_1_55' title='bbox 1404 662 1543 715; x_wconf 86' lang='lat' dir='ltr'><strong>idem</strong></span> <span class='ocrx_word' id='word_1_56' title='bbox 1583 661 1771 714; x_wconf 87' lang='lat' dir='ltr'><strong>beatus</strong></span> <span class='ocrx_word' id='word_1_57' title='bbox 1804 657 2001 710; x_wconf 79' lang='lat' dir='ltr'><strong>Paulus</strong></span> <span class='ocrx_word' id='word_1_58' title='bbox 2042 655 2117 708; x_wconf 87' lang='lat' dir='ltr'><strong>ait</strong></span> <span class='ocrx_word' id='word_1_59' title='bbox 2147 667 2163 705; x_wconf 91' lang='lat'><strong>:</strong></span> 
     </span>
    </p>
   </div>
   <div class='ocr_carea' id='block_1_6' title="bbox 618 738 2167 825">
    <p class='ocr_par' dir='ltr' id='par_1_6' title="bbox 618 738 2167 825">
     <span class='ocr_line' id='line_1_6' title="bbox 618 738 2167 825; baseline -0.008 -17"><span class='ocrx_word' id='word_1_60' title='bbox 618 755 728 824; x_wconf 73' lang='lat' dir='ltr'><strong>Ego</strong></span> <span class='ocrx_word' id='word_1_61' title='bbox 753 753 981 825; x_wconf 79' lang='lat' dir='ltr'><strong>plautaoi</strong></span> <span class='ocrx_word' id='word_1_62' title='bbox 999 791 1015 815; x_wconf 92' lang='lat'><strong>,</strong></span> <span class='ocrx_word' id='word_1_63' title='bbox 1050 749 1231 813; x_wconf 74' lang='lat' dir='ltr'><strong>Apollo</strong></span> <span class='ocrx_word' id='word_1_64' title='bbox 1261 738 1487 818; x_wconf 79' lang='lat' dir='ltr'><strong>rigavit,</strong></span> <span class='ocrx_word' id='word_1_65' title='bbox 1512 747 1601 801; x_wconf 80' lang='lat' dir='ltr'><strong>sed</strong></span> <span class='ocrx_word' id='word_1_66' title='bbox 1636 747 1775 803; x_wconf 82' lang='lat' dir='ltr'><strong>Deus</strong></span> <span class='ocrx_word' id='word_1_67' title='bbox 1801 746 2167 825; x_wconf 70' lang='lat' dir='ltr'><strong>incrementum</strong></span> 
     </span>
    </p>
   </div>
   <div class='ocr_carea' id='block_1_7' title="bbox 616 822 2170 913">
    <p class='ocr_par' dir='ltr' id='par_1_7' title="bbox 616 822 2170 913">
     <span class='ocr_line' id='line_1_7' title="bbox 616 822 2170 913; baseline -0.007 -17"><span class='ocrx_word' id='word_1_68' title='bbox 616 822 707 896; x_wconf 75' lang='lat' dir='ltr'><strong>dat</strong></span> <span class='ocrx_word' id='word_1_69' title='bbox 732 822 787 913; x_wconf 75' lang='lat' dir='ltr'><strong>(l</strong></span> <span class='ocrx_word' id='word_1_70' title='bbox 810 841 935 896; x_wconf 89' lang='lat' dir='ltr'><strong>Cor.</strong></span> <span class='ocrx_word' id='word_1_71' title='bbox 966 856 1049 904; x_wconf 87' lang='lat' dir='ltr'><strong>tn,</strong></span> <span class='ocrx_word' id='word_1_72' title='bbox 1075 840 1150 912; x_wconf 81' lang='grc' dir='ltr'><strong>ϐ).</strong></span> <span class='ocrx_word' id='word_1_73' title='bbox 1181 838 1292 893; x_wconf 76' lang='lat' dir='ltr'><strong>Hoc</strong></span> <span class='ocrx_word' id='word_1_74' title='bbox 1316 850 1443 908; x_wconf 65' lang='lat' dir='ltr'><strong>ergo</strong></span> <span class='ocrx_word' id='word_1_75' title='bbox 1465 839 1532 891; x_wconf 90' lang='lat' dir='ltr'><strong>de</strong></span> <span class='ocrx_word' id='word_1_76' title='bbox 1553 838 1728 891; x_wconf 87' lang='lat' dir='ltr'><strong>anima</strong></span> <span class='ocrx_word' id='word_1_77' title='bbox 1756 834 1960 888; x_wconf 78' lang='lat' dir='ltr'><strong>ﬂorenti</strong></span> <span class='ocrx_word' id='word_1_78' title='bbox 1987 822 2041 888; x_wconf 86' lang='lat' dir='ltr'><strong>in</strong></span> <span class='ocrx_word' id='word_1_79' title='bbox 2062 832 2170 885; x_wconf 86' lang='lat' dir='ltr'><strong>vir-</strong></span> 
     </span>
    </p>
   </div>
   <div class='ocr_carea' id='block_1_8' title="bbox 619 920 2166 994">
    <p class='ocr_par' dir='ltr' id='par_1_8' title="bbox 619 920 2166 994">
     <span class='ocr_line' id='line_1_8' title="bbox 619 920 2166 994; baseline -0.006 -11"><span class='ocrx_word' id='word_1_80' title='bbox 619 929 819 983; x_wconf 84' lang='lat' dir='ltr'><strong>tutibus</strong></span> <span class='ocrx_word' id='word_1_81' title='bbox 842 936 897 982; x_wconf 86' lang='lat' dir='ltr'><strong>et</strong></span> <span class='ocrx_word' id='word_1_82' title='bbox 916 927 1009 981; x_wconf 97' lang='lat' dir='ltr'><strong>Dei</strong></span> <span class='ocrx_word' id='word_1_83' title='bbox 1033 927 1400 982; x_wconf 74' lang='lat' dir='ltr'><strong>benedictione</strong></span> <span class='ocrx_word' id='word_1_84' title='bbox 1420 926 1580 994; x_wconf 72' lang='lat' dir='ltr'><strong>digne</strong></span> <span class='ocrx_word' id='word_1_85' title='bbox 1602 923 1824 993; x_wconf 86' lang='lat' dir='ltr'><strong>protulit</strong></span> <span class='ocrx_word' id='word_1_86' title='bbox 1846 920 2166 990; x_wconf 81' lang='lat' dir='ltr'><strong>exemplum.</strong></span> 
     </span>
    </p>
   </div>
   <div class='ocr_carea' id='block_1_9' title="bbox 620 1013 2169 1087">
    <p class='ocr_par' dir='ltr' id='par_1_9' title="bbox 620 1013 2169 1087">
     <span class='ocr_line' id='line_1_9' title="bbox 620 1013 2169 1087; baseline -0.006 -15"><span class='ocrx_word' id='word_1_87' title='bbox 620 1033 847 1087; x_wconf 86' lang='lat' dir='ltr'><strong>moxque</strong></span> <span class='ocrx_word' id='word_1_88' title='bbox 881 1016 1153 1085; x_wconf 74' lang='lat' dir='ltr'><strong>subiunxit</strong></span> <span class='ocrx_word' id='word_1_89' title='bbox 1177 1014 1321 1070; x_wconf 86' lang='lat' dir='ltr'><strong>aliud</strong></span> <span class='ocrx_word' id='word_1_90' title='bbox 1356 1016 1664 1084; x_wconf 65' lang='lat' dir='ltr'><strong>paradigma</strong></span> <span class='ocrx_word' id='word_1_91' title='bbox 1689 1013 1755 1067; x_wconf 88' lang='lat' dir='ltr'><strong>de</strong></span> <span class='ocrx_word' id='word_1_92' title='bbox 1783 1027 1846 1066; x_wconf 88' lang='lat' dir='ltr'><strong>ea</strong></span> <span class='ocrx_word' id='word_1_93' title='bbox 1877 1026 1994 1079; x_wconf 63' lang='lat' dir='ltr'><strong>quae</strong></span> <span class='ocrx_word' id='word_1_94' title='bbox 2020 1022 2169 1080; x_wconf 81' lang='lat' dir='ltr'><strong>suam</strong></span> 
     </span>
    </p>
   </div>
   <div class='ocr_carea' id='block_1_10' title="bbox 621 1098 2171 1174">
    <p class='ocr_par' dir='ltr' id='par_1_10' title="bbox 621 1098 2171 1174">
     <span class='ocr_line' id='line_1_10' title="bbox 621 1098 2171 1174; baseline -0.007 -15"><span class='ocrx_word' id='word_1_95' title='bbox 621 1104 1106 1174; x_wconf 14' lang='lat' dir='ltr'><strong>negligitssalntem,</strong></span> <span class='ocrx_word' id='word_1_96' title='bbox 1132 1104 1353 1160; x_wconf 87' lang='lat' dir='ltr'><strong>dicens:</strong></span> <span class='ocrx_word' id='word_1_97' title='bbox 1396 1102 1669 1172; x_wconf 78' lang='lat' dir='ltr'><strong>Proferens</strong></span> <span class='ocrx_word' id='word_1_98' title='bbox 1708 1104 1879 1152; x_wconf 83' lang='lat' dir='ltr'><strong>autent</strong></span> <span class='ocrx_word' id='word_1_99' title='bbox 1915 1098 2089 1165; x_wconf 84' lang='lat' dir='ltr'><strong>spinas</strong></span> <span class='ocrx_word' id='word_1_100' title='bbox 2123 1104 2171 1148; x_wconf 86' lang='lat' dir='ltr'><strong>et</strong></span> 
     </span>
    </p>
   </div>
   <div class='ocr_carea' id='block_1_11' title="bbox 620 1188 2173 1264">
    <p class='ocr_par' dir='ltr' id='par_1_11' title="bbox 620 1188 2173 1264">
     <span class='ocr_line' id='line_1_11' title="bbox 620 1188 2173 1264; baseline -0.012 -10"><span class='ocrx_word' id='word_1_101' title='bbox 620 1195 854 1254; x_wconf 77' lang='lat' dir='ltr'><strong>tribulos.</strong></span> <span class='ocrx_word' id='word_1_102' title='bbox 885 1196 1097 1264; x_wconf 70' lang='lat' dir='ltr'><strong>reprobo</strong></span> <span class='ocrx_word' id='word_1_103' title='bbox 1124 1202 1217 1256; x_wconf 87' lang='lat' dir='ltr'><strong>est,</strong></span> <span class='ocrx_word' id='word_1_104' title='bbox 1241 1202 1289 1246; x_wconf 83' lang='lat' dir='ltr'><strong>et</strong></span> <span class='ocrx_word' id='word_1_105' title='bbox 1310 1192 1581 1246; x_wconf 76' lang='lat' dir='ltr'><strong>maledicto</strong></span> <span class='ocrx_word' id='word_1_106' title='bbox 1603 1190 1857 1259; x_wconf 65' lang='lat' dir='ltr'><strong>proxima,</strong></span> <span class='ocrx_word' id='word_1_107' title='bbox 1886 1188 2035 1256; x_wconf 86' lang='lat' dir='ltr'><strong>cujus</strong></span> <span class='ocrx_word' id='word_1_108' title='bbox 2052 1201 2173 1238; x_wconf 73' lang='lat' dir='ltr'><strong>con—</strong></span> 
     </span>
    </p>
   </div>
   <div class='ocr_carea' id='block_1_12' title="bbox 621 1272 2175 1344">
    <p class='ocr_par' dir='ltr' id='par_1_12' title="bbox 621 1272 2175 1344">
     <span class='ocr_line' id='line_1_12' title="bbox 621 1272 2175 1344; baseline -0.008 -6"><span class='ocrx_word' id='word_1_109' title='bbox 621 1285 896 1338; x_wconf 78' lang='lat' dir='ltr'><strong>suntutetio</strong></span> <span class='ocrx_word' id='word_1_110' title='bbox 942 1286 995 1336; x_wconf 86' lang='lat' dir='ltr'><strong>iu</strong></span> <span class='ocrx_word' id='word_1_111' title='bbox 1033 1281 1455 1336; x_wconf 78' lang='lat' dir='ltr'><strong>combustiouent.</strong></span> <span class='ocrx_word' id='word_1_112' title='bbox 1490 1296 1509 1329; x_wconf 77' lang='grc' dir='ltr'><strong>ι</strong></span> <span class='ocrx_word' id='word_1_113' title='bbox 1547 1277 1677 1343; x_wconf 84' lang='lat' dir='ltr'><strong>Quis</strong></span> <span class='ocrx_word' id='word_1_114' title='bbox 1714 1287 1942 1344; x_wconf 88' lang='lat' dir='ltr'><strong>namque</strong></span> <span class='ocrx_word' id='word_1_115' title='bbox 1978 1282 2063 1328; x_wconf 85' lang='lat' dir='ltr'><strong>est</strong></span> <span class='ocrx_word' id='word_1_116' title='bbox 2107 1272 2175 1325; x_wconf 88' lang='lat' dir='ltr'><strong>ab</strong></span> 
     </span>
    </p>
   </div>
   <div class='ocr_carea' id='block_1_13' title="bbox 624 1359 2177 1438">
    <p class='ocr_par' dir='ltr' id='par_1_13' title="bbox 624 1359 2177 1438">
     <span class='ocr_line' id='line_1_13' title="bbox 624 1359 2177 1438; baseline -0.008 -12"><span class='ocrx_word' id='word_1_117' title='bbox 624 1371 744 1426; x_wconf 83' lang='lat' dir='ltr'><strong>istis</strong></span> <span class='ocrx_word' id='word_1_118' title='bbox 765 1370 933 1438; x_wconf 84' lang='lat' dir='ltr'><strong>spinis</strong></span> <span class='ocrx_word' id='word_1_119' title='bbox 959 1368 1225 1423; x_wconf 72' lang='lat' dir='ltr'><strong>mundus?</strong></span> <span class='ocrx_word' id='word_1_120' title='bbox 1248 1368 1327 1421; x_wconf 81' lang='lat' dir='ltr'><strong>Ac</strong></span> <span class='ocrx_word' id='word_1_121' title='bbox 1351 1367 1397 1419; x_wconf 89' lang='lat' dir='ltr'><strong>si</strong></span> <span class='ocrx_word' id='word_1_122' title='bbox 1425 1378 1663 1418; x_wconf 79' lang='lat' dir='ltr'><strong>essemus</strong></span> <span class='ocrx_word' id='word_1_123' title='bbox 1682 1362 1885 1425; x_wconf 88' lang='lat' dir='ltr'><strong>mundi,</strong></span> <span class='ocrx_word' id='word_1_124' title='bbox 1910 1373 2081 1429; x_wconf 85' lang='lat' dir='ltr'><strong>neque</strong></span> <span class='ocrx_word' id='word_1_125' title='bbox 2100 1359 2177 1413; x_wconf 85' lang='lat' dir='ltr'><strong>sic</strong></span> 
     </span>
    </p>
   </div>
   <div class='ocr_carea' id='block_1_14' title="bbox 624 1447 2178 1527">
    <p class='ocr_par' dir='ltr' id='par_1_14' title="bbox 624 1447 2178 1527">
     <span class='ocr_line' id='line_1_14' title="bbox 624 1447 2178 1527; baseline -0.008 -17"><span class='ocrx_word' id='word_1_126' title='bbox 624 1450 1076 1527; x_wconf 71' lang='lat' dir='ltr'><strong>pmumptubsos</strong></span> <span class='ocrx_word' id='word_1_127' title='bbox 1113 1468 1211 1507; x_wconf 88' lang='lat' dir='ltr'><strong>nos</strong></span> <span class='ocrx_word' id='word_1_128' title='bbox 1244 1459 1620 1521; x_wconf 83' lang='lat' dir='ltr'><strong>oportetesse,</strong></span> <span class='ocrx_word' id='word_1_129' title='bbox 1645 1448 1739 1503; x_wconf 87' lang='lat' dir='ltr'><strong>sed</strong></span> <span class='ocrx_word' id='word_1_130' title='bbox 1762 1447 1951 1501; x_wconf 87' lang='lat' dir='ltr'><strong>timere</strong></span> <span class='ocrx_word' id='word_1_131' title='bbox 1982 1454 2037 1499; x_wconf 84' lang='lat' dir='ltr'><strong>et</strong></span> <span class='ocrx_word' id='word_1_132' title='bbox 2074 1454 2178 1499; x_wconf 85' lang='lat' dir='ltr'><strong>tre-</strong></span> 
     </span>
    </p>
   </div>
   <div class='ocr_carea' id='block_1_15' title="bbox 626 1539 2180 1610">
    <p class='ocr_par' dir='ltr' id='par_1_15' title="bbox 626 1539 2180 1610">
     <span class='ocr_line' id='line_1_15' title="bbox 626 1539 2180 1610; baseline -0.007 -12"><span class='ocrx_word' id='word_1_133' title='bbox 626 1558 806 1607; x_wconf 86' lang='lat' dir='ltr'><strong>mere,</strong></span> <span class='ocrx_word' id='word_1_134' title='bbox 842 1558 908 1596; x_wconf 91' lang='lat' dir='ltr'><strong>ne</strong></span> <span class='ocrx_word' id='word_1_135' title='bbox 950 1541 1087 1596; x_wconf 77' lang='lat' dir='ltr'><strong>forte</strong></span> <span class='ocrx_word' id='word_1_136' title='bbox 1124 1541 1380 1610; x_wconf 82' lang='lat' dir='ltr'><strong>pullulent</strong></span> <span class='ocrx_word' id='word_1_137' title='bbox 1416 1540 1468 1593; x_wconf 89' lang='lat' dir='ltr'><strong>in</strong></span> <span class='ocrx_word' id='word_1_138' title='bbox 1497 1539 1650 1593; x_wconf 86' lang='lat' dir='ltr'><strong>nobis</strong></span> <span class='ocrx_word' id='word_1_139' title='bbox 1676 1539 1841 1607; x_wconf 70' lang='lat' dir='ltr'><strong>spina:</strong></span> <span class='ocrx_word' id='word_1_140' title='bbox 1875 1556 1894 1588; x_wconf 72' lang='grc' dir='ltr'><strong>ι</strong></span> <span class='ocrx_word' id='word_1_141' title='bbox 1937 1542 2180 1604; x_wconf 85' lang='lat' dir='ltr'><strong>peccato-</strong></span> 
     </span>
    </p>
   </div>
   <div class='ocr_carea' id='block_1_16' title="bbox 627 1616 2182 1698">
    <p class='ocr_par' dir='ltr' id='par_1_16' title="bbox 627 1616 2182 1698">
     <span class='ocr_line' id='line_1_16' title="bbox 627 1616 2182 1698; baseline -0.006 -12"><span class='ocrx_word' id='word_1_142' title='bbox 627 1647 768 1686; x_wconf 89' lang='lat' dir='ltr'><strong>rum.</strong></span> <span class='ocrx_word' id='word_1_143' title='bbox 797 1630 1071 1698; x_wconf 89' lang='lat' dir='ltr'><strong>Quomodo</strong></span> <span class='ocrx_word' id='word_1_144' title='bbox 1084 1616 1268 1685; x_wconf 85' lang='lat' dir='ltr'><strong>anima</strong></span> <span class='ocrx_word' id='word_1_145' title='bbox 1293 1629 1377 1682; x_wconf 88' lang='lat' dir='ltr'><strong>vel</strong></span> <span class='ocrx_word' id='word_1_146' title='bbox 1399 1642 1526 1681; x_wconf 89' lang='lat' dir='ltr'><strong>caro</strong></span> <span class='ocrx_word' id='word_1_147' title='bbox 1543 1620 1711 1695; x_wconf 82' lang='lat' dir='ltr'><strong>spinis</strong></span> <span class='ocrx_word' id='word_1_148' title='bbox 1729 1625 1882 1694; x_wconf 88' lang='lat' dir='ltr'><strong>plena</strong></span> <span class='ocrx_word' id='word_1_149' title='bbox 1910 1622 2182 1690; x_wconf 79' lang='lat' dir='ltr'><strong>superbire</strong></span> 
     </span>
    </p>
   </div>
   <div class='ocr_carea' id='block_1_17' title="bbox 626 1711 2184 1789">
    <p class='ocr_par' dir='ltr' id='par_1_17' title="bbox 626 1711 2184 1789">
     <span class='ocr_line' id='line_1_17' title="bbox 626 1711 2184 1789; baseline -0.006 -16"><span class='ocrx_word' id='word_1_150' title='bbox 626 1719 857 1789; x_wconf 72' lang='lat' dir='ltr'><strong>poterit?</strong></span> <span class='ocrx_word' id='word_1_151' title='bbox 884 1718 1129 1786; x_wconf 82' lang='lat' dir='ltr'><strong>Nunquid</strong></span> <span class='ocrx_word' id='word_1_152' title='bbox 1156 1732 1266 1771; x_wconf 86' lang='lat' dir='ltr'><strong>non</strong></span> <span class='ocrx_word' id='word_1_153' title='bbox 1291 1715 1478 1783; x_wconf 77' lang='lat' dir='ltr'><strong>majori</strong></span> <span class='ocrx_word' id='word_1_154' title='bbox 1514 1712 1866 1768; x_wconf 80' lang='lat' dir='ltr'><strong>sollicitudine</strong></span> <span class='ocrx_word' id='word_1_155' title='bbox 1891 1711 2184 1779; x_wconf 71' lang='lat' dir='ltr'><strong>exstirpare</strong></span> 
     </span>
    </p>
   </div>
   <div class='ocr_carea' id='block_1_18' title="bbox 2264 644 3824 731">
    <p class='ocr_par' dir='ltr' id='par_1_18' title="bbox 2264 644 3824 731">
     <span class='ocr_line' id='line_1_18' title="bbox 2264 644 3824 731; baseline -0.003 -20"><span class='ocrx_word' id='word_1_156' title='bbox 2264 657 2479 722; x_wconf 80' lang='lat' dir='ltr'><strong>habeat,</strong></span> <span class='ocrx_word' id='word_1_157' title='bbox 2504 657 2570 710; x_wconf 89' lang='lat' dir='ltr'><strong>de</strong></span> <span class='ocrx_word' id='word_1_158' title='bbox 2596 644 2788 713; x_wconf 79' lang='lat' dir='ltr'><strong>futuris</strong></span> <span class='ocrx_word' id='word_1_159' title='bbox 2810 658 2933 729; x_wconf 83' lang='lat' dir='ltr'><strong>quis</strong></span> <span class='ocrx_word' id='word_1_160' title='bbox 2964 656 3320 731; x_wconf 12' lang='lat' dir='ltr'><strong>poteritvcurn</strong></span> <span class='ocrx_word' id='word_1_161' title='bbox 3357 654 3689 713; x_wconf 68' lang='lat' dir='ltr'><strong>confortaret</strong></span> <span class='ocrx_word' id='word_1_162' title='bbox 3727 654 3824 709; x_wconf 80' lang='lat' dir='ltr'><strong>Si-</strong></span> 
     </span>
    </p>
   </div>
   <div class='ocr_carea' id='block_1_19' title="bbox 2265 742 3826 817">
    <p class='ocr_par' dir='ltr' id='par_1_19' title="bbox 2265 742 3826 817">
     <span class='ocr_line' id='line_1_19' title="bbox 2265 742 3826 817; baseline -0.001 -19"><span class='ocrx_word' id='word_1_163' title='bbox 2265 743 2391 799; x_wconf 84' lang='lat' dir='ltr'><strong>mile</strong></span> <span class='ocrx_word' id='word_1_164' title='bbox 2430 744 2557 813; x_wconf 85' lang='lat' dir='ltr'><strong>quid</strong></span> <span class='ocrx_word' id='word_1_165' title='bbox 2593 743 2795 803; x_wconf 78' lang='lat' dir='ltr'><strong>Calatis</strong></span> <span class='ocrx_word' id='word_1_166' title='bbox 2839 745 3155 817; x_wconf 82' lang='lat' dir='ltr'><strong>impmperat</strong></span> <span class='ocrx_word' id='word_1_167' title='bbox 3211 743 3394 798; x_wconf 86' lang='lat' dir='ltr'><strong>dicens</strong></span> <span class='ocrx_word' id='word_1_168' title='bbox 3420 801 3422 804; x_wconf 47' lang='grc'><strong>,</strong></span> <span class='ocrx_word' id='word_1_169' title='bbox 3447 757 3485 796; x_wconf 68' lang='grc' dir='ltr'><strong>ε.</strong></span> <span class='ocrx_word' id='word_1_170' title='bbox 3519 742 3826 797; x_wconf 69' lang='lat' dir='ltr'><strong>Currebatis</strong></span> 
     </span>
    </p>
   </div>
   <div class='ocr_carea' id='block_1_20' title="bbox 2266 831 3824 903">
    <p class='ocr_par' dir='ltr' id='par_1_20' title="bbox 2266 831 3824 903">
     <span class='ocr_line' id='line_1_20' title="bbox 2266 831 3824 903; baseline 0 -19"><span class='ocrx_word' id='word_1_171' title='bbox 2266 832 2388 887; x_wconf 72' lang='lat' dir='ltr'><strong>bene</strong></span> <span class='ocrx_word' id='word_1_172' title='bbox 2419 847 2438 885; x_wconf 91' lang='lat'><strong><em>:</em></strong></span> <span class='ocrx_word' id='word_1_173' title='bbox 2469 833 2583 903; x_wconf 90' lang='lat' dir='ltr'><strong>quis</strong></span> <span class='ocrx_word' id='word_1_174' title='bbox 2610 849 2693 886; x_wconf 84' lang='lat' dir='ltr'><strong>ros</strong></span> <span class='ocrx_word' id='word_1_175' title='bbox 2718 833 2984 902; x_wconf 75' lang='lat' dir='ltr'><strong>fascinarit</strong></span> <span class='ocrx_word' id='word_1_176' title='bbox 3010 831 3149 901; x_wconf 83' lang='lat' dir='ltr'><strong>(Gal.</strong></span> <span class='ocrx_word' id='word_1_177' title='bbox 3181 847 3234 901; x_wconf 82' lang='lat' dir='ltr'><strong>v,</strong></span> <span class='ocrx_word' id='word_1_178' title='bbox 3264 832 3351 897; x_wconf 81' lang='lat'><strong>7)?</strong></span> <span class='ocrx_word' id='word_1_179' title='bbox 3371 831 3545 901; x_wconf 79' lang='lat' dir='ltr'><strong>Atque</strong></span> <span class='ocrx_word' id='word_1_180' title='bbox 3576 833 3778 886; x_wconf 75' lang='lat' dir='ltr'><strong>iterum</strong></span> <span class='ocrx_word' id='word_1_181' title='bbox 3807 847 3824 884; x_wconf 91' lang='lat'>:</span> 
     </span>
    </p>
   </div>
   <div class='ocr_carea' id='block_1_21' title="bbox 2270 910 3835 991">
    <p class='ocr_par' dir='ltr' id='par_1_21' title="bbox 2270 910 3835 991">
     <span class='ocr_line' id='line_1_21' title="bbox 2270 910 3835 991; baseline 0 -22"><span class='ocrx_word' id='word_1_182' title='bbox 2270 916 2436 971; x_wconf 80' lang='lat' dir='ltr'><strong>Tanta</strong></span> <span class='ocrx_word' id='word_1_183' title='bbox 2461 920 2595 972; x_wconf 79' lang='lat' dir='ltr'><strong>cuius</strong></span> <span class='ocrx_word' id='word_1_184' title='bbox 2628 918 2770 987; x_wconf 77' lang='lat' dir='ltr'><strong>passi</strong></span> <span class='ocrx_word' id='word_1_185' title='bbox 2793 919 2912 977; x_wconf 85' lang='lat' dir='ltr'><strong>estis</strong></span> <span class='ocrx_word' id='word_1_186' title='bbox 2940 910 3048 970; x_wconf 76' lang='lat' dir='ltr'><strong>sine</strong></span> <span class='ocrx_word' id='word_1_187' title='bbox 3073 933 3229 977; x_wconf 72' lang='lat' dir='ltr'><strong>musa</strong></span> <span class='ocrx_word' id='word_1_188' title='bbox 3265 936 3284 969; x_wconf 71' lang='grc' dir='ltr'><strong>ι</strong></span> <span class='ocrx_word' id='word_1_189' title='bbox 3315 916 3476 987; x_wconf 73' lang='lat' dir='ltr'><strong>(Ibid.</strong></span> <span class='ocrx_word' id='word_1_190' title='bbox 3514 933 3600 981; x_wconf 86' lang='lat' dir='ltr'><strong>tn,</strong></span> <span class='ocrx_word' id='word_1_191' title='bbox 3628 918 3681 991; x_wconf 77' lang='grc' dir='ltr'>ι)</span> <span class='ocrx_word' id='word_1_192' title='bbox 3716 936 3731 973; x_wconf 89' lang='lat'><strong>:</strong></span> <span class='ocrx_word' id='word_1_193' title='bbox 3761 927 3835 989; x_wconf 22' lang='lat' dir='ltr'><strong>ut,</strong></span> 
     </span>
    </p>
   </div>
   <div class='ocr_carea' id='block_1_22' title="bbox 2266 1004 3832 1082">
    <p class='ocr_par' dir='ltr' id='par_1_22' title="bbox 2266 1004 3832 1082">
     <span class='ocr_line' id='line_1_22' title="bbox 2266 1004 3832 1082; baseline 0 -23"><span class='ocrx_word' id='word_1_194' title='bbox 2266 1019 2501 1073; x_wconf 71' lang='lat' dir='ltr'><strong>praesens</strong></span> <span class='ocrx_word' id='word_1_195' title='bbox 2539 1007 2807 1074; x_wconf 66' lang='lat' dir='ltr'><strong>mitigaret</strong></span> <span class='ocrx_word' id='word_1_196' title='bbox 2843 1004 3082 1082; x_wconf 86' lang='lat' dir='ltr'><strong>eamdem</strong></span> <span class='ocrx_word' id='word_1_197' title='bbox 3120 1006 3467 1068; x_wconf 63' lang='lat' dir='ltr'><strong>senwntlam,</strong></span> <span class='ocrx_word' id='word_1_198' title='bbox 3496 1006 3832 1081; x_wconf 58' lang='lat' dir='ltr'><strong>morm</strong></span> 
     </span>
    </p>
   </div>
   <div class='ocr_carea' id='block_1_23' title="bbox 2269 1089 3832 1161">
    <p class='ocr_par' dir='ltr' id='par_1_23' title="bbox 2269 1089 3832 1161">
     <span class='ocr_line' id='line_1_23' title="bbox 2269 1089 3832 1161; baseline 0.003 -17"><span class='ocrx_word' id='word_1_199' title='bbox 2269 1089 2540 1157; x_wconf 69' lang='lat' dir='ltr'><strong>subiunxit</strong></span> <span class='ocrx_word' id='word_1_200' title='bbox 2573 1108 2587 1144; x_wconf 93' lang='lat'><strong>:</strong></span> <span class='ocrx_word' id='word_1_201' title='bbox 2620 1092 2665 1144; x_wconf 88' lang='lat' dir='ltr'><strong>si</strong></span> <span class='ocrx_word' id='word_1_202' title='bbox 2697 1102 2871 1144; x_wconf 90' lang='lat' dir='ltr'><strong>tamen</strong></span> <span class='ocrx_word' id='word_1_203' title='bbox 2910 1091 3019 1143; x_wconf 87' lang='lat' dir='ltr'><strong>sine</strong></span> <span class='ocrx_word' id='word_1_204' title='bbox 3053 1107 3231 1144; x_wconf 70' lang='lat' dir='ltr'><strong>casu.</strong></span> <span class='ocrx_word' id='word_1_205' title='bbox 3271 1089 3360 1146; x_wconf 80' lang='lat' dir='ltr'><strong>Sic</strong></span> <span class='ocrx_word' id='word_1_206' title='bbox 3382 1092 3544 1161; x_wconf 84' lang='lat' dir='ltr'><strong>etiam</strong></span> <span class='ocrx_word' id='word_1_207' title='bbox 3573 1093 3676 1154; x_wconf 80' lang='lat' dir='ltr'><strong>hoc</strong></span> <span class='ocrx_word' id='word_1_208' title='bbox 3701 1094 3832 1147; x_wconf 85' lang='lat' dir='ltr'><strong>loco</strong></span> 
     </span>
    </p>
   </div>
   <div class='ocr_carea' id='block_1_24' title="bbox 2270 1170 3833 1247">
    <p class='ocr_par' dir='ltr' id='par_1_24' title="bbox 2270 1170 3833 1247">
     <span class='ocr_line' id='line_1_24' title="bbox 2270 1170 3833 1247; baseline 0.003 -16"><span class='ocrx_word' id='word_1_209' title='bbox 2270 1179 2581 1247; x_wconf 80' lang='lat' dir='ltr'><strong>temperavit</strong></span> <span class='ocrx_word' id='word_1_210' title='bbox 2618 1179 2932 1234; x_wconf 84' lang='lat' dir='ltr'><strong>sententiam</strong></span> <span class='ocrx_word' id='word_1_211' title='bbox 2967 1170 3121 1233; x_wconf 78' lang='lat' dir='ltr'><strong>suam</strong></span> <span class='ocrx_word' id='word_1_212' title='bbox 3156 1179 3383 1234; x_wconf 87' lang='lat' dir='ltr'><strong>dicens:</strong></span> <span class='ocrx_word' id='word_1_213' title='bbox 3412 1178 3532 1234; x_wconf 82' lang='lat' dir='ltr'><strong>Non</strong></span> <span class='ocrx_word' id='word_1_214' title='bbox 3570 1176 3719 1235; x_wconf 22' lang='lat' dir='ltr'><strong>enim.</strong></span> <span class='ocrx_word' id='word_1_215' title='bbox 3743 1183 3833 1235; x_wconf 81' lang='lat' dir='ltr'><strong>iu—</strong></span> 
     </span>
    </p>
   </div>
   <div class='ocr_carea' id='block_1_25' title="bbox 2263 1266 3831 1349">
    <p class='ocr_par' dir='ltr' id='par_1_25' title="bbox 2263 1266 3831 1349">
     <span class='ocr_line' id='line_1_25' title="bbox 2263 1266 3831 1349; baseline 0.003 -30"><span class='ocrx_word' id='word_1_216' title='bbox 2263 1266 2437 1335; x_wconf 78' lang='lat' dir='ltr'><strong>justus</strong></span> <span class='ocrx_word' id='word_1_217' title='bbox 2457 1266 2615 1331; x_wconf 84' lang='lat' dir='ltr'><strong>Deus,</strong></span> <span class='ocrx_word' id='word_1_218' title='bbox 2639 1276 2695 1321; x_wconf 87' lang='lat' dir='ltr'><strong>ut</strong></span> <span class='ocrx_word' id='word_1_219' title='bbox 2718 1266 3042 1335; x_wconf 72' lang='lat' dir='ltr'><strong>obliviscatur</strong></span> <span class='ocrx_word' id='word_1_220' title='bbox 3064 1267 3229 1336; x_wconf 79' lang='lat' dir='ltr'><strong>operis</strong></span> <span class='ocrx_word' id='word_1_221' title='bbox 3251 1270 3405 1349; x_wconf 61' lang='lat' dir='ltr'><strong>vestri</strong></span> <span class='ocrx_word' id='word_1_222' title='bbox 3419 1308 3436 1333; x_wconf 90' lang='lat'><strong>,</strong></span> <span class='ocrx_word' id='word_1_223' title='bbox 3461 1268 3585 1323; x_wconf 66' lang='lat' dir='ltr'><strong>dum</strong></span> <span class='ocrx_word' id='word_1_224' title='bbox 3618 1279 3831 1349; x_wconf 5' lang='lat' dir='ltr'><strong>quntum</strong></span> 
     </span>
    </p>
   </div>
   <div class='ocr_carea' id='block_1_26' title="bbox 2272 1348 3833 1425">
    <p class='ocr_par' dir='ltr' id='par_1_26' title="bbox 2272 1348 3833 1425">
     <span class='ocr_line' id='line_1_26' title="bbox 2272 1348 3833 1425; baseline 0.004 -18"><span class='ocrx_word' id='word_1_225' title='bbox 2272 1354 2573 1407; x_wconf 66' lang='lat' dir='ltr'><strong>charitoteut</strong></span> <span class='ocrx_word' id='word_1_226' title='bbox 2608 1355 2900 1409; x_wconf 68' lang='lat' dir='ltr'><strong>ostendistis</strong></span> <span class='ocrx_word' id='word_1_227' title='bbox 2937 1357 2993 1408; x_wconf 86' lang='lat' dir='ltr'><strong>in</strong></span> <span class='ocrx_word' id='word_1_228' title='bbox 3020 1356 3227 1410; x_wconf 72' lang='lat' dir='ltr'><strong>unctis.</strong></span> <span class='ocrx_word' id='word_1_229' title='bbox 3269 1357 3523 1413; x_wconf 73' lang='lat' dir='ltr'><strong>Volumus</strong></span> <span class='ocrx_word' id='word_1_230' title='bbox 3554 1348 3694 1425; x_wconf 84' lang='lat' dir='ltr'><strong>enim</strong></span> <span class='ocrx_word' id='word_1_231' title='bbox 3729 1375 3833 1414; x_wconf 84' lang='lat' dir='ltr'><strong>vos</strong></span> 
     </span>
    </p>
   </div>
   <div class='ocr_carea' id='block_1_27' title="bbox 2276 1440 3830 1513">
    <p class='ocr_par' dir='ltr' id='par_1_27' title="bbox 2276 1440 3830 1513">
     <span class='ocr_line' id='line_1_27' title="bbox 2276 1440 3830 1513; baseline 0.006 -20"><span class='ocrx_word' id='word_1_232' title='bbox 2276 1440 2473 1507; x_wconf 79' lang='lat' dir='ltr'><strong>imitari</strong></span> <span class='ocrx_word' id='word_1_233' title='bbox 2516 1456 2609 1496; x_wconf 83' lang='lat' dir='ltr'><strong>eos</strong></span> <span class='ocrx_word' id='word_1_234' title='bbox 2652 1443 2740 1513; x_wconf 88' lang='lat' dir='ltr'><strong>qui</strong></span> <span class='ocrx_word' id='word_1_235' title='bbox 2783 1459 2875 1513; x_wconf 78' lang='lat' dir='ltr'><strong>per</strong></span> <span class='ocrx_word' id='word_1_236' title='bbox 2913 1443 3069 1510; x_wconf 74' lang='lat' dir='ltr'><strong>ﬁdens</strong></span> <span class='ocrx_word' id='word_1_237' title='bbox 3099 1449 3147 1496; x_wconf 84' lang='lat' dir='ltr'><strong>et</strong></span> <span class='ocrx_word' id='word_1_238' title='bbox 3180 1445 3484 1513; x_wconf 66' lang='lat' dir='ltr'><strong>patientiam</strong></span> <span class='ocrx_word' id='word_1_239' title='bbox 3530 1447 3830 1502; x_wconf 65' lang='grc' dir='ltr'><strong>ισνῶϋαὶ</strong></span> 
     </span>
    </p>
   </div>
   <div class='ocr_carea' id='block_1_28' title="bbox 2276 1530 3832 1599">
    <p class='ocr_par' dir='ltr' id='par_1_28' title="bbox 2276 1530 3832 1599">
     <span class='ocr_line' id='line_1_28' title="bbox 2276 1530 3832 1599; baseline 0.005 -17"><span class='ocrx_word' id='word_1_240' title='bbox 2276 1539 2395 1583; x_wconf 82' lang='lat' dir='ltr'><strong>sunt</strong></span> <span class='ocrx_word' id='word_1_241' title='bbox 2415 1531 2792 1599; x_wconf 71' lang='lat' dir='ltr'><strong>promissionu.</strong></span> <span class='ocrx_word' id='word_1_242' title='bbox 2818 1530 2984 1597; x_wconf 83' lang='lat' dir='ltr'><strong>Quale</strong></span> <span class='ocrx_word' id='word_1_243' title='bbox 3010 1545 3137 1586; x_wconf 84' lang='lat' dir='ltr'><strong>vero</strong></span> <span class='ocrx_word' id='word_1_244' title='bbox 3160 1532 3483 1587; x_wconf 80' lang='lat' dir='ltr'><strong>desiderium</strong></span> <span class='ocrx_word' id='word_1_245' title='bbox 3509 1534 3735 1590; x_wconf 78' lang='lat' dir='ltr'><strong>haberet</strong></span> <span class='ocrx_word' id='word_1_246' title='bbox 3762 1536 3832 1589; x_wconf 85' lang='lat' dir='ltr'><strong>de</strong></span> 
     </span>
    </p>
   </div>
   <div class='ocr_carea' id='block_1_29' title="bbox 2279 1617 3829 1691">
    <p class='ocr_par' dir='ltr' id='par_1_29' title="bbox 2279 1617 3829 1691">
     <span class='ocr_line' id='line_1_29' title="bbox 2279 1617 3829 1691; baseline 0.003 -20"><span class='ocrx_word' id='word_1_247' title='bbox 2279 1617 2450 1672; x_wconf 86' lang='lat' dir='ltr'><strong>salute</strong></span> <span class='ocrx_word' id='word_1_248' title='bbox 2472 1632 2656 1673; x_wconf 89' lang='lat' dir='ltr'><strong>eorum</strong></span> <span class='ocrx_word' id='word_1_249' title='bbox 2675 1656 2693 1682; x_wconf 94' lang='lat'><strong>,</strong></span> <span class='ocrx_word' id='word_1_250' title='bbox 2722 1619 2964 1686; x_wconf 68' lang='lat' dir='ltr'><strong>sequenti</strong></span> <span class='ocrx_word' id='word_1_251' title='bbox 2996 1620 3226 1674; x_wconf 84' lang='lat' dir='ltr'><strong>ostendit</strong></span> <span class='ocrx_word' id='word_1_252' title='bbox 3260 1620 3573 1691; x_wconf 70' lang='lat' dir='ltr'><strong>allegatione</strong></span> <span class='ocrx_word' id='word_1_253' title='bbox 3604 1623 3829 1679; x_wconf 77' lang='lat' dir='ltr'><strong>dicens:</strong></span> 
     </span>
    </p>
   </div>
   <div class='ocr_carea' id='block_1_30' title="bbox 2283 1692 3855 1780">
    <p class='ocr_par' dir='ltr' id='par_1_30' title="bbox 2283 1692 3855 1780">
     <span class='ocr_line' id='line_1_30' title="bbox 2283 1692 3855 1780; baseline 0.005 -22"><span class='ocrx_word' id='word_1_254' title='bbox 2283 1704 2475 1773; x_wconf 72' lang='lat' dir='ltr'><strong>(Vnus.</strong></span> <span class='ocrx_word' id='word_1_255' title='bbox 2522 1703 2617 1774; x_wconf 78' lang='lat' dir='ltr'><strong>ll)</strong></span> <span class='ocrx_word' id='word_1_256' title='bbox 2662 1704 2904 1773; x_wconf 78' lang='lat' dir='ltr'><strong>Cupintus</strong></span> <span class='ocrx_word' id='word_1_257' title='bbox 2963 1708 3097 1759; x_wconf 71' lang='lat' dir='ltr'><strong>enini</strong></span> <span class='ocrx_word' id='word_1_258' title='bbox 3154 1692 3560 1780; x_wconf 67' lang='lat' dir='ltr'><strong>unumquemque</strong></span> <span class='ocrx_word' id='word_1_259' title='bbox 3607 1692 3855 1765; x_wconf 22' lang='lat' dir='ltr'><strong>uestrum.</strong></span> 
     </span>
    </p>
   </div>
   <div class='ocr_carea' id='block_1_31' title="bbox 627 1791 3837 1876">
    <p class='ocr_par' dir='ltr' id='par_1_31' title="bbox 627 1791 3837 1876">
     <span class='ocr_line' id='line_1_31' title="bbox 627 1791 3837 1876; baseline -0.005 -14"><span class='ocrx_word' id='word_1_260' title='bbox 627 1821 723 1862; x_wconf 85' lang='lat' dir='ltr'><strong>eas</strong></span> <span class='ocrx_word' id='word_1_261' title='bbox 744 1820 878 1876; x_wconf 87' lang='lat' dir='ltr'><strong>opus</strong></span> <span class='ocrx_word' id='word_1_262' title='bbox 905 1806 1152 1859; x_wconf 76' lang='lat' dir='ltr'><strong>haberet?</strong></span> <span class='ocrx_word' id='word_1_263' title='bbox 1177 1824 1195 1856; x_wconf 86' lang='grc' dir='ltr'><strong>ι</strong></span> <span class='ocrx_word' id='word_1_264' title='bbox 1224 1804 1353 1870; x_wconf 69' lang='lat' dir='ltr'><strong>Qua:</strong></span> <span class='ocrx_word' id='word_1_265' title='bbox 1374 1810 1497 1857; x_wconf 89' lang='lat' dir='ltr'><strong>sunt</strong></span> <span class='ocrx_word' id='word_1_266' title='bbox 1521 1816 1650 1869; x_wconf 75' lang='lat' dir='ltr'><strong>ergo</strong></span> <span class='ocrx_word' id='word_1_267' title='bbox 1677 1799 1875 1869; x_wconf 65' lang='lat' dir='ltr'><strong>spinae?</strong></span> <span class='ocrx_word' id='word_1_268' title='bbox 1895 1797 2183 1852; x_wconf 77' lang='lat' dir='ltr'><strong>Audiamus</strong></span> <span class='ocrx_word' id='word_1_269' title='bbox 2214 1800 2256 1859; x_wconf 74' lang='grc' dir='ltr'><strong>Β</strong></span> <span class='ocrx_word' id='word_1_270' title='bbox 2280 1791 2509 1846; x_wconf 64' lang='lat' dir='ltr'><strong>eundern</strong></span> <span class='ocrx_word' id='word_1_271' title='bbox 2534 1800 2789 1875; x_wconf 71' lang='lat' dir='ltr'><strong>ostentare</strong></span> <span class='ocrx_word' id='word_1_272' title='bbox 2822 1792 3214 1848; x_wconf 72' lang='lat' dir='ltr'><strong>sollicitudinem</strong></span> <span class='ocrx_word' id='word_1_273' title='bbox 3249 1795 3318 1849; x_wconf 84' lang='lat' dir='ltr'><strong>ad</strong></span> <span class='ocrx_word' id='word_1_274' title='bbox 3354 1795 3685 1865; x_wconf 64' lang='lat' dir='ltr'><strong>expletioueus</strong></span> <span class='ocrx_word' id='word_1_275' title='bbox 3722 1802 3837 1876; x_wconf 67' lang='lat' dir='ltr'><strong>spei</strong></span> 
     </span>
    </p>
   </div>
   <div class='ocr_carea' id='block_1_32' title="bbox 632 1885 2185 1969">
    <p class='ocr_par' dir='ltr' id='par_1_32' title="bbox 632 1885 2185 1969">
     <span class='ocr_line' id='line_1_32' title="bbox 632 1885 2185 1969; baseline -0.007 -19"><span class='ocrx_word' id='word_1_276' title='bbox 632 1894 899 1950; x_wconf 79' lang='lat' dir='ltr'><strong>Christum</strong></span> <span class='ocrx_word' id='word_1_277' title='bbox 928 1894 994 1949; x_wconf 88' lang='lat' dir='ltr'><strong>de</strong></span> <span class='ocrx_word' id='word_1_278' title='bbox 1023 1894 1189 1964; x_wconf 83' lang='lat' dir='ltr'><strong>spinis</strong></span> <span class='ocrx_word' id='word_1_279' title='bbox 1212 1894 1496 1957; x_wconf 89' lang='lat' dir='ltr'><strong>dicentem,</strong></span> <span class='ocrx_word' id='word_1_280' title='bbox 1524 1892 1646 1963; x_wconf 85' lang='lat' dir='ltr'><strong>quia</strong></span> <span class='ocrx_word' id='word_1_281' title='bbox 1673 1905 1799 1946; x_wconf 88' lang='lat' dir='ltr'><strong>cura</strong></span> <span class='ocrx_word' id='word_1_282' title='bbox 1826 1888 2004 1947; x_wconf 59' lang='lat' dir='ltr'><strong>seculi</strong></span> <span class='ocrx_word' id='word_1_283' title='bbox 2030 1885 2185 1969; x_wconf 76' lang='lat' dir='ltr'><strong>hujus</strong></span> 
     </span>
    </p>
   </div>
   <div class='ocr_carea' id='block_1_33' title="bbox 630 1970 2188 2053">
    <p class='ocr_par' dir='ltr' id='par_1_33' title="bbox 630 1970 2188 2053">
     <span class='ocr_line' id='line_1_33' title="bbox 630 1970 2188 2053; baseline -0.008 -14"><span class='ocrx_word' id='word_1_284' title='bbox 630 1993 687 2039; x_wconf 88' lang='lat' dir='ltr'><strong>et</strong></span> <span class='ocrx_word' id='word_1_285' title='bbox 711 1978 949 2053; x_wconf 88' lang='lat' dir='ltr'><strong>deceptio</strong></span> <span class='ocrx_word' id='word_1_286' title='bbox 983 1970 1286 2037; x_wconf 68' lang='lat' dir='ltr'><strong>divitiarum</strong></span> <span class='ocrx_word' id='word_1_287' title='bbox 1316 1979 1606 2050; x_wconf 63' lang='lat' dir='ltr'><strong>praefocant</strong></span> <span class='ocrx_word' id='word_1_288' title='bbox 1647 1978 1897 2039; x_wconf 88' lang='lat' dir='ltr'><strong>verbum,</strong></span> <span class='ocrx_word' id='word_1_289' title='bbox 1931 1984 1985 2029; x_wconf 85' lang='lat' dir='ltr'><strong>et</strong></span> <span class='ocrx_word' id='word_1_290' title='bbox 2027 1973 2188 2029; x_wconf 77' lang='lat' dir='ltr'><strong>infru-</strong></span> 
     </span>
    </p>
   </div>
   <div class='ocr_carea' id='block_1_34' title="bbox 632 2064 2192 2133">
    <p class='ocr_par' dir='ltr' id='par_1_34' title="bbox 632 2064 2192 2133">
     <span class='ocr_line' id='line_1_34' title="bbox 632 2064 2192 2133; baseline -0.008 -7"><span class='ocrx_word' id='word_1_291' title='bbox 632 2081 875 2126; x_wconf 84' lang='lat' dir='ltr'><strong>ctuosum</strong></span> <span class='ocrx_word' id='word_1_292' title='bbox 902 2070 1149 2126; x_wconf 71' lang='lat' dir='ltr'><strong>edicitur.</strong></span> <span class='ocrx_word' id='word_1_293' title='bbox 1182 2087 1202 2119; x_wconf 83' lang='grc' dir='ltr'><strong>ι</strong></span> <span class='ocrx_word' id='word_1_294' title='bbox 1230 2070 1530 2129; x_wconf 75' lang='lat' dir='ltr'><strong>Pt&#39;olerens,</strong></span> <span class='ocrx_word' id='word_1_295' title='bbox 1559 2066 1714 2128; x_wconf 88' lang='lat' dir='ltr'><strong>dixit,</strong></span> <span class='ocrx_word' id='word_1_296' title='bbox 1740 2064 1940 2133; x_wconf 89' lang='lat' dir='ltr'><strong>spinas,</strong></span> <span class='ocrx_word' id='word_1_297' title='bbox 1969 2076 2073 2115; x_wconf 89' lang='lat' dir='ltr'><strong>non</strong></span> <span class='ocrx_word' id='word_1_298' title='bbox 2099 2076 2192 2130; x_wconf 73' lang='lat' dir='ltr'><strong>ge-</strong></span> 
     </span>
    </p>
   </div>
   <div class='ocr_carea' id='block_1_35' title="bbox 636 2148 2193 2224">
    <p class='ocr_par' dir='ltr' id='par_1_35' title="bbox 636 2148 2193 2224">
     <span class='ocr_line' id='line_1_35' title="bbox 636 2148 2193 2224; baseline -0.004 -13"><span class='ocrx_word' id='word_1_299' title='bbox 636 2171 864 2221; x_wconf 87' lang='lat' dir='ltr'><strong>uerans,</strong></span> <span class='ocrx_word' id='word_1_300' title='bbox 891 2155 1247 2210; x_wconf 81' lang='lat' dir='ltr'><strong>maledictioni</strong></span> <span class='ocrx_word' id='word_1_301' title='bbox 1278 2155 1520 2224; x_wconf 89' lang='lat' dir='ltr'><strong>proxima</strong></span> <span class='ocrx_word' id='word_1_302' title='bbox 1548 2159 1649 2206; x_wconf 84' lang='lat' dir='ltr'><strong>est.</strong></span> <span class='ocrx_word' id='word_1_303' title='bbox 1678 2150 1723 2203; x_wconf 92' lang='grc' dir='ltr'>Ο</span> <span class='ocrx_word' id='word_1_304' title='bbox 1751 2158 2001 2218; x_wconf 81' lang='lat' dir='ltr'><strong>quantum</strong></span> <span class='ocrx_word' id='word_1_305' title='bbox 2031 2148 2193 2205; x_wconf 69' lang='lat' dir='ltr'><strong>habet</strong></span> 
     </span>
    </p>
   </div>
   <div class='ocr_carea' id='block_1_36' title="bbox 634 2238 2193 2307">
    <p class='ocr_par' dir='ltr' id='par_1_36' title="bbox 634 2238 2193 2307">
     <span class='ocr_line' id='line_1_36' title="bbox 634 2238 2193 2307; baseline -0.007 -8"><span class='ocrx_word' id='word_1_306' title='bbox 634 2242 1049 2299; x_wconf 81' lang='lat' dir='ltr'><strong>consolationem</strong></span> <span class='ocrx_word' id='word_1_307' title='bbox 1078 2246 1164 2299; x_wconf 85' lang='lat' dir='ltr'><strong>hic</strong></span> <span class='ocrx_word' id='word_1_308' title='bbox 1200 2244 1407 2299; x_wconf 75' lang='lat' dir='ltr'><strong>sermo!</strong></span> <span class='ocrx_word' id='word_1_309' title='bbox 1440 2240 1815 2303; x_wconf 74' lang='lat' dir='ltr'><strong>laledictioni,</strong></span> <span class='ocrx_word' id='word_1_310' title='bbox 1850 2238 2043 2307; x_wconf 83' lang='lat' dir='ltr'><strong>inquit,</strong></span> <span class='ocrx_word' id='word_1_311' title='bbox 2077 2250 2193 2305; x_wconf 82' lang='lat' dir='ltr'><strong>pro-</strong></span> 
     </span>
    </p>
   </div>
   <div class='ocr_carea' id='block_1_37' title="bbox 637 2325 2190 2404">
    <p class='ocr_par' dir='ltr' id='par_1_37' title="bbox 637 2325 2190 2404">
     <span class='ocr_line' id='line_1_37' title="bbox 637 2325 2190 2404; baseline -0.006 -17"><span class='ocrx_word' id='word_1_312' title='bbox 637 2335 807 2397; x_wconf 86' lang='lat' dir='ltr'><strong>xima,</strong></span> <span class='ocrx_word' id='word_1_313' title='bbox 836 2348 941 2387; x_wconf 84' lang='lat' dir='ltr'><strong>non</strong></span> <span class='ocrx_word' id='word_1_314' title='bbox 969 2332 1268 2387; x_wconf 87' lang='lat' dir='ltr'><strong>maledictio</strong></span> <span class='ocrx_word' id='word_1_315' title='bbox 1306 2330 1541 2404; x_wconf 72' lang='lat' dir='ltr'><strong>[Chrys.,</strong></span> <span class='ocrx_word' id='word_1_316' title='bbox 1581 2345 1686 2384; x_wconf 81' lang='lat' dir='ltr'><strong>non</strong></span> <span class='ocrx_word' id='word_1_317' title='bbox 1729 2325 2053 2396; x_wconf 86' lang='lat' dir='ltr'><strong>maledicta].</strong></span> <span class='ocrx_word' id='word_1_318' title='bbox 2091 2325 2190 2390; x_wconf 86' lang='lat' dir='ltr'><strong>Qui</strong></span> 
     </span>
    </p>
   </div>
   <div class='ocr_carea' id='block_1_38' title="bbox 638 2413 2195 2482">
    <p class='ocr_par' dir='ltr' id='par_1_38' title="bbox 638 2413 2195 2482">
     <span class='ocr_line' id='line_1_38' title="bbox 638 2413 2195 2482; baseline -0.004 -10"><span class='ocrx_word' id='word_1_319' title='bbox 638 2424 815 2474; x_wconf 85' lang='lat' dir='ltr'><strong>autem</strong></span> <span class='ocrx_word' id='word_1_320' title='bbox 841 2421 1065 2477; x_wconf 87' lang='lat' dir='ltr'><strong>necdum</strong></span> <span class='ocrx_word' id='word_1_321' title='bbox 1102 2420 1159 2475; x_wconf 84' lang='lat' dir='ltr'><strong>in</strong></span> <span class='ocrx_word' id='word_1_322' title='bbox 1193 2419 1615 2473; x_wconf 82' lang='lat' dir='ltr'><strong>maledictionem</strong></span> <span class='ocrx_word' id='word_1_323' title='bbox 1655 2416 1873 2478; x_wconf 88' lang='lat' dir='ltr'><strong>incidit,</strong></span> <span class='ocrx_word' id='word_1_324' title='bbox 1903 2414 1995 2468; x_wconf 89' lang='lat' dir='ltr'><strong>sed</strong></span> <span class='ocrx_word' id='word_1_325' title='bbox 2023 2413 2195 2482; x_wconf 84' lang='lat' dir='ltr'><strong>proxi-</strong></span> 
     </span>
    </p>
   </div>
   <div class='ocr_carea' id='block_1_39' title="bbox 640 2504 2195 2580">
    <p class='ocr_par' dir='ltr' id='par_1_39' title="bbox 640 2504 2195 2580">
     <span class='ocr_line' id='line_1_39' title="bbox 640 2504 2195 2580; baseline -0.005 -17"><span class='ocrx_word' id='word_1_326' title='bbox 640 2511 912 2574; x_wconf 91' lang='lat' dir='ltr'><strong>mitatem;</strong></span> <span class='ocrx_word' id='word_1_327' title='bbox 956 2518 1012 2563; x_wconf 91' lang='lat' dir='ltr'><strong>et</strong></span> <span class='ocrx_word' id='word_1_328' title='bbox 1049 2510 1203 2580; x_wconf 65' lang='lat' dir='ltr'><strong>longe</strong></span> <span class='ocrx_word' id='word_1_329' title='bbox 1250 2509 1361 2563; x_wconf 87' lang='lat' dir='ltr'><strong>tierl</strong></span> <span class='ocrx_word' id='word_1_330' title='bbox 1404 2508 1617 2578; x_wconf 81' lang='lat' dir='ltr'><strong>poterit.</strong></span> <span class='ocrx_word' id='word_1_331' title='bbox 1649 2507 1717 2560; x_wconf 82' lang='lat' dir='ltr'><strong>Et</strong></span> <span class='ocrx_word' id='word_1_332' title='bbox 1758 2520 1861 2560; x_wconf 89' lang='lat' dir='ltr'><strong>non</strong></span> <span class='ocrx_word' id='word_1_333' title='bbox 1900 2508 2000 2559; x_wconf 87' lang='lat' dir='ltr'><strong>hoc</strong></span> <span class='ocrx_word' id='word_1_334' title='bbox 2026 2504 2195 2557; x_wconf 89' lang='lat' dir='ltr'><strong>solum</strong></span> 
     </span>
    </p>
   </div>
   <div class='ocr_carea' id='block_1_40' title="bbox 642 2590 2195 2663">
    <p class='ocr_par' dir='ltr' id='par_1_40' title="bbox 642 2590 2195 2663">
     <span class='ocr_line' id='line_1_40' title="bbox 642 2590 2195 2663; baseline -0.003 -13"><span class='ocrx_word' id='word_1_335' title='bbox 642 2595 945 2650; x_wconf 82' lang='lat' dir='ltr'><strong>consolatus</strong></span> <span class='ocrx_word' id='word_1_336' title='bbox 967 2604 1079 2659; x_wconf 86' lang='lat' dir='ltr'><strong>est,</strong></span> <span class='ocrx_word' id='word_1_337' title='bbox 1111 2598 1203 2651; x_wconf 88' lang='lat' dir='ltr'><strong>sed</strong></span> <span class='ocrx_word' id='word_1_338' title='bbox 1238 2598 1398 2650; x_wconf 86' lang='lat' dir='ltr'><strong>etiam</strong></span> <span class='ocrx_word' id='word_1_339' title='bbox 1428 2598 1481 2649; x_wconf 90' lang='lat' dir='ltr'><strong>in</strong></span> <span class='ocrx_word' id='word_1_340' title='bbox 1508 2610 1573 2649; x_wconf 87' lang='lat' dir='ltr'><strong>eo</strong></span> <span class='ocrx_word' id='word_1_341' title='bbox 1607 2595 1746 2663; x_wconf 83' lang='lat' dir='ltr'><strong>quod</strong></span> <span class='ocrx_word' id='word_1_342' title='bbox 1782 2594 2039 2661; x_wconf 83' lang='lat' dir='ltr'><strong>sequitur.</strong></span> <span class='ocrx_word' id='word_1_343' title='bbox 2082 2590 2195 2646; x_wconf 84' lang='lat' dir='ltr'><strong>Non</strong></span> 
     </span>
    </p>
   </div>
   <div class='ocr_carea' id='block_1_41' title="bbox 620 2684 2201 2759">
    <p class='ocr_par' dir='ltr' id='par_1_41' title="bbox 620 2684 2201 2759">
     <span class='ocr_line' id='line_1_41' title="bbox 620 2684 2201 2759; baseline -0.002 -22"><span class='ocrx_word' id='word_1_344' title='bbox 620 2684 775 2737; x_wconf 73' lang='lat' dir='ltr'><strong>dixit</strong></span> <span class='ocrx_word' id='word_1_345' title='bbox 806 2702 819 2737; x_wconf 87' lang='lat'><strong>:</strong></span> <span class='ocrx_word' id='word_1_346' title='bbox 854 2684 1097 2753; x_wconf 83' lang='lat' dir='ltr'><strong>chruba</strong></span> <span class='ocrx_word' id='word_1_347' title='bbox 1133 2693 1189 2737; x_wconf 92' lang='lat' dir='ltr'><strong>et</strong></span> <span class='ocrx_word' id='word_1_348' title='bbox 1226 2685 1579 2739; x_wconf 88' lang='lat' dir='ltr'><strong>maledictioni</strong></span> <span class='ocrx_word' id='word_1_349' title='bbox 1608 2684 1879 2752; x_wconf 87' lang='lat' dir='ltr'><strong>proxima,</strong></span> <span class='ocrx_word' id='word_1_350' title='bbox 1910 2696 2028 2749; x_wconf 77' lang='lat' dir='ltr'><strong>qua:</strong></span> <span class='ocrx_word' id='word_1_351' title='bbox 2053 2695 2201 2759; x_wconf 73' lang='lat' dir='ltr'><strong>corn-</strong></span> 
     </span>
    </p>
   </div>
   <div class='ocr_carea' id='block_1_42' title="bbox 646 2770 2201 2841">
    <p class='ocr_par' dir='ltr' id='par_1_42' title="bbox 646 2770 2201 2841">
     <span class='ocr_line' id='line_1_42' title="bbox 646 2770 2201 2841; baseline -0.003 -14"><span class='ocrx_word' id='word_1_352' title='bbox 646 2776 888 2828; x_wconf 61' lang='lat' dir='ltr'><strong>buretur».</strong></span> <span class='ocrx_word' id='word_1_353' title='bbox 929 2771 1035 2826; x_wconf 80' lang='lat' dir='ltr'><strong>Sed</strong></span> <span class='ocrx_word' id='word_1_354' title='bbox 1078 2773 1241 2841; x_wconf 75' lang='lat' dir='ltr'><strong>quid?</strong></span> <span class='ocrx_word' id='word_1_355' title='bbox 1263 2771 1425 2839; x_wconf 86' lang='lat' dir='ltr'><strong>Cujus</strong></span> <span class='ocrx_word' id='word_1_356' title='bbox 1459 2772 1840 2826; x_wconf 84' lang='lat' dir='ltr'><strong>consummatio</strong></span> <span class='ocrx_word' id='word_1_357' title='bbox 1884 2774 1937 2823; x_wconf 91' lang='lat' dir='ltr'><strong>in</strong></span> <span class='ocrx_word' id='word_1_358' title='bbox 1984 2770 2201 2823; x_wconf 88' lang='lat' dir='ltr'><strong>combu-</strong></span> 
     </span>
    </p>
   </div>
   <div class='ocr_carea' id='block_1_43' title="bbox 610 2859 2201 2929">
    <p class='ocr_par' dir='ltr' id='par_1_43' title="bbox 610 2859 2201 2929">
     <span class='ocr_line' id='line_1_43' title="bbox 610 2859 2201 2929; baseline -0.004 -12"><span class='ocrx_word' id='word_1_359' title='bbox 610 2870 619 2877; x_wconf 85' lang='lat'><strong>‘</strong></span> <span class='ocrx_word' id='word_1_360' title='bbox 647 2864 898 2917; x_wconf 88' lang='lat' dir='ltr'><strong>stionem.</strong></span> <span class='ocrx_word' id='word_1_361' title='bbox 932 2882 951 2914; x_wconf 79' lang='grc' dir='ltr'><strong>ι</strong></span> <span class='ocrx_word' id='word_1_362' title='bbox 982 2862 1106 2915; x_wconf 69' lang='grc' dir='ltr'>ιιωε</span> <span class='ocrx_word' id='word_1_363' title='bbox 1137 2862 1431 2916; x_wconf 89' lang='lat' dir='ltr'><strong>combustio</strong></span> <span class='ocrx_word' id='word_1_364' title='bbox 1466 2876 1569 2914; x_wconf 90' lang='lat' dir='ltr'><strong>non</strong></span> <span class='ocrx_word' id='word_1_365' title='bbox 1598 2860 1720 2924; x_wconf 88' lang='lat' dir='ltr'><strong>erit,</strong></span> <span class='ocrx_word' id='word_1_366' title='bbox 1757 2859 1859 2913; x_wconf 86' lang='lat' dir='ltr'><strong>nisi</strong></span> <span class='ocrx_word' id='word_1_367' title='bbox 1886 2859 2015 2929; x_wconf 82' lang='lat' dir='ltr'><strong>quis&#39;</strong></span> <span class='ocrx_word' id='word_1_368' title='bbox 2034 2872 2201 2926; x_wconf 88' lang='lat' dir='ltr'><strong>usque</strong></span> 
     </span>
    </p>
   </div>
   <div class='ocr_carea' id='block_1_44' title="bbox 651 2951 2203 3023">
    <p class='ocr_par' dir='ltr' id='par_1_44' title="bbox 651 2951 2203 3023">
     <span class='ocr_line' id='line_1_44' title="bbox 651 2951 2203 3023; baseline -0.005 -15"><span class='ocrx_word' id='word_1_369' title='bbox 651 2957 703 3009; x_wconf 90' lang='lat' dir='ltr'><strong>in</strong></span> <span class='ocrx_word' id='word_1_370' title='bbox 730 2955 885 3009; x_wconf 85' lang='lat' dir='ltr'><strong>linem</strong></span> <span class='ocrx_word' id='word_1_371' title='bbox 912 2963 1217 3023; x_wconf 88' lang='lat' dir='ltr'><strong>permaneat</strong></span> <span class='ocrx_word' id='word_1_372' title='bbox 1241 2954 1294 3008; x_wconf 91' lang='lat' dir='ltr'><strong>in</strong></span> <span class='ocrx_word' id='word_1_373' title='bbox 1319 2953 1551 3023; x_wconf 86' lang='lat' dir='ltr'><strong>peccatis</strong></span> <span class='ocrx_word' id='word_1_374' title='bbox 1574 2956 1701 3006; x_wconf 88' lang='lat' dir='ltr'><strong>suis.</strong></span> <span class='ocrx_word' id='word_1_375' title='bbox 1733 2951 1864 3017; x_wconf 83' lang='lat' dir='ltr'><strong>Quia</strong></span> <span class='ocrx_word' id='word_1_376' title='bbox 1893 2952 1945 3004; x_wconf 86' lang='lat' dir='ltr'><strong>in</strong></span> <span class='ocrx_word' id='word_1_377' title='bbox 1974 2966 2203 3019; x_wconf 84' lang='lat' dir='ltr'><strong>quacun-</strong></span> 
     </span>
    </p>
   </div>
   <div class='ocr_carea' id='block_1_45' title="bbox 651 3041 2201 3112">
    <p class='ocr_par' dir='ltr' id='par_1_45' title="bbox 651 3041 2201 3112">
     <span class='ocr_line' id='line_1_45' title="bbox 651 3041 2201 3112; baseline -0.005 -17"><span class='ocrx_word' id='word_1_378' title='bbox 651 3059 749 3112; x_wconf 89' lang='lat' dir='ltr'><strong>que</strong></span> <span class='ocrx_word' id='word_1_379' title='bbox 784 3043 869 3095; x_wconf 87' lang='lat' dir='ltr'><strong>die</strong></span> <span class='ocrx_word' id='word_1_380' title='bbox 906 3058 1173 3096; x_wconf 77' lang='lat' dir='ltr'><strong>conversus</strong></span> <span class='ocrx_word' id='word_1_381' title='bbox 1206 3042 1360 3110; x_wconf 73' lang='lat' dir='ltr'><strong>fuerit</strong></span> <span class='ocrx_word' id='word_1_382' title='bbox 1399 3051 1650 3110; x_wconf 81' lang='lat' dir='ltr'><strong>peccator,</strong></span> <span class='ocrx_word' id='word_1_383' title='bbox 1691 3041 1791 3092; x_wconf 80' lang='lat' dir='ltr'><strong>rita</strong></span> <span class='ocrx_word' id='word_1_384' title='bbox 1824 3041 1980 3102; x_wconf 70' lang='lat' dir='ltr'><strong>vivet,</strong></span> <span class='ocrx_word' id='word_1_385' title='bbox 2020 3046 2068 3089; x_wconf 86' lang='lat' dir='ltr'><strong>et</strong></span> <span class='ocrx_word' id='word_1_386' title='bbox 2101 3052 2201 3088; x_wconf 77' lang='lat' dir='ltr'><strong>non</strong></span> 
     </span>
    </p>
   </div>
   <div class='ocr_carea' id='block_1_46' title="bbox 2284 1867 3833 1955">
    <p class='ocr_par' dir='ltr' id='par_1_46' title="bbox 2284 1867 3833 1955">
     <span class='ocr_line' id='line_1_46' title="bbox 2284 1867 3833 1955; baseline 0.005 -24"><span class='ocrx_word' id='word_1_387' title='bbox 2284 1894 2440 1947; x_wconf 84' lang='lat' dir='ltr'><strong>usque</strong></span> <span class='ocrx_word' id='word_1_388' title='bbox 2460 1880 2515 1933; x_wconf 84' lang='lat' dir='ltr'><strong>in</strong></span> <span class='ocrx_word' id='word_1_389' title='bbox 2538 1867 2712 1947; x_wconf 69' lang='lat' dir='ltr'><strong>ﬂuent.</strong></span> <span class='ocrx_word' id='word_1_390' title='bbox 2741 1880 2922 1946; x_wconf 78' lang='lat' dir='ltr'><strong>(Vens.</strong></span> <span class='ocrx_word' id='word_1_391' title='bbox 2954 1880 3063 1949; x_wconf 76' lang='grc'><strong>12.)</strong></span> <span class='ocrx_word' id='word_1_392' title='bbox 3094 1878 3163 1934; x_wconf 84' lang='lat' dir='ltr'><strong>Ut</strong></span> <span class='ocrx_word' id='word_1_393' title='bbox 3189 1896 3291 1936; x_wconf 83' lang='lat' dir='ltr'><strong>non</strong></span> <span class='ocrx_word' id='word_1_394' title='bbox 3313 1899 3488 1951; x_wconf 75' lang='lat' dir='ltr'><strong>segnes</strong></span> <span class='ocrx_word' id='word_1_395' title='bbox 3520 1867 3833 1955; x_wconf 63' lang='lat' dir='ltr'><strong>eﬁciautiui.</strong></span> 
     </span>
    </p>
   </div>
   <div class='ocr_carea' id='block_1_47' title="bbox 2291 1971 3835 2039">
    <p class='ocr_par' dir='ltr' id='par_1_47' title="bbox 2291 1971 3835 2039">
     <span class='ocr_line' id='line_1_47' title="bbox 2291 1971 3835 2039; baseline 0.006 -18"><span class='ocrx_word' id='word_1_396' title='bbox 2291 1990 2308 2021; x_wconf 78' lang='grc' dir='ltr'><strong>ι</strong></span> <span class='ocrx_word' id='word_1_397' title='bbox 2347 1971 2715 2026; x_wconf 89' lang='lat' dir='ltr'><strong>Desideramus</strong></span> <span class='ocrx_word' id='word_1_398' title='bbox 2734 1986 2880 2035; x_wconf 86' lang='lat' dir='ltr'><strong>vero,</strong></span> <span class='ocrx_word' id='word_1_399' title='bbox 2903 1972 3094 2039; x_wconf 87' lang='lat' dir='ltr'><strong>inquit,</strong></span> <span class='ocrx_word' id='word_1_400' title='bbox 3121 1987 3224 2026; x_wconf 86' lang='lat' dir='ltr'><strong>non</strong></span> <span class='ocrx_word' id='word_1_401' title='bbox 3251 1981 3453 2026; x_wconf 85' lang='lat' dir='ltr'><strong>tantum</strong></span> <span class='ocrx_word' id='word_1_402' title='bbox 3479 1974 3623 2028; x_wconf 81' lang='lat' dir='ltr'><strong>circa</strong></span> <span class='ocrx_word' id='word_1_403' title='bbox 3647 1976 3835 2038; x_wconf 81' lang='lat' dir='ltr'><strong>verba.</strong></span> 
     </span>
    </p>
   </div>
   <div class='ocr_carea' id='block_1_48' title="bbox 2288 2059 3834 2132">
    <p class='ocr_par' dir='ltr' id='par_1_48' title="bbox 2288 2059 3834 2132">
     <span class='ocr_line' id='line_1_48' title="bbox 2288 2059 3834 2132; baseline 0.002 -19"><span class='ocrx_word' id='word_1_404' title='bbox 2288 2060 2378 2113; x_wconf 87' lang='lat' dir='ltr'><strong>sed</strong></span> <span class='ocrx_word' id='word_1_405' title='bbox 2400 2060 2558 2113; x_wconf 84' lang='lat' dir='ltr'><strong>etiam</strong></span> <span class='ocrx_word' id='word_1_406' title='bbox 2586 2060 2640 2112; x_wconf 91' lang='lat' dir='ltr'><strong>in</strong></span> <span class='ocrx_word' id='word_1_407' title='bbox 2666 2059 2947 2113; x_wconf 87' lang='lat' dir='ltr'><strong>virtutibus</strong></span> <span class='ocrx_word' id='word_1_408' title='bbox 2969 2060 3295 2114; x_wconf 72' lang='lat' dir='ltr'><strong>conversari.</strong></span> <span class='ocrx_word' id='word_1_409' title='bbox 3331 2059 3446 2113; x_wconf 79' lang='lat' dir='ltr'><strong>Non</strong></span> <span class='ocrx_word' id='word_1_410' title='bbox 3472 2062 3623 2130; x_wconf 76' lang='lat' dir='ltr'><strong>quasi</strong></span> <span class='ocrx_word' id='word_1_411' title='bbox 3654 2064 3834 2132; x_wconf 84' lang='lat' dir='ltr'><strong>priora</strong></span> 
     </span>
    </p>
   </div>
   <div class='ocr_carea' id='block_1_49' title="bbox 2288 2149 3833 2217">
    <p class='ocr_par' dir='ltr' id='par_1_49' title="bbox 2288 2149 3833 2217">
     <span class='ocr_line' id='line_1_49' title="bbox 2288 2149 3833 2217; baseline 0.004 -16"><span class='ocrx_word' id='word_1_412' title='bbox 2288 2159 2463 2202; x_wconf 84' lang='lat' dir='ltr'><strong>vestra</strong></span> <span class='ocrx_word' id='word_1_413' title='bbox 2489 2150 2783 2217; x_wconf 82' lang='lat' dir='ltr'><strong>culpantes,</strong></span> <span class='ocrx_word' id='word_1_414' title='bbox 2814 2149 2907 2203; x_wconf 88' lang='lat' dir='ltr'><strong>sed</strong></span> <span class='ocrx_word' id='word_1_415' title='bbox 2934 2156 2991 2202; x_wconf 88' lang='lat' dir='ltr'><strong>ut</strong></span> <span class='ocrx_word' id='word_1_416' title='bbox 3014 2150 3077 2205; x_wconf 84' lang='lat' dir='ltr'><strong>de</strong></span> <span class='ocrx_word' id='word_1_417' title='bbox 3110 2149 3305 2204; x_wconf 83' lang='lat' dir='ltr'><strong>futuris</strong></span> <span class='ocrx_word' id='word_1_418' title='bbox 3324 2150 3537 2205; x_wconf 85' lang='lat' dir='ltr'><strong>solliciti</strong></span> <span class='ocrx_word' id='word_1_419' title='bbox 3562 2152 3710 2216; x_wconf 87' lang='lat' dir='ltr'><strong>sitis,</strong></span> <span class='ocrx_word' id='word_1_420' title='bbox 3737 2155 3833 2207; x_wconf 86' lang='lat' dir='ltr'><strong>ad-</strong></span> 
     </span>
    </p>
   </div>
   <div class='ocr_carea' id='block_1_50' title="bbox 2289 2226 3837 2307">
    <p class='ocr_par' dir='ltr' id='par_1_50' title="bbox 2289 2226 3837 2307">
     <span class='ocr_line' id='line_1_50' title="bbox 2289 2226 3837 2307; baseline 0.004 -18"><span class='ocrx_word' id='word_1_421' title='bbox 2289 2244 2605 2301; x_wconf 84' lang='lat' dir='ltr'><strong>monentcs;.</strong></span> <span class='ocrx_word' id='word_1_422' title='bbox 2624 2226 2722 2291; x_wconf 80' lang='lat' dir='ltr'><strong>hoc</strong></span> <span class='ocrx_word' id='word_1_423' title='bbox 2746 2245 2856 2299; x_wconf 88' lang='lat' dir='ltr'><strong>est,</strong></span> <span class='ocrx_word' id='word_1_424' title='bbox 2880 2236 3064 2305; x_wconf 85' lang='lat' dir='ltr'><strong>quales</strong></span> <span class='ocrx_word' id='word_1_425' title='bbox 3090 2235 3266 2291; x_wconf 73' lang='lat' dir='ltr'><strong>fuistis</strong></span> <span class='ocrx_word' id='word_1_426' title='bbox 3301 2238 3559 2307; x_wconf 90' lang='lat' dir='ltr'><strong>primum,</strong></span> <span class='ocrx_word' id='word_1_427' title='bbox 3586 2240 3721 2296; x_wconf 82' lang='lat' dir='ltr'><strong>tales</strong></span> <span class='ocrx_word' id='word_1_428' title='bbox 3743 2256 3837 2295; x_wconf 74' lang='lat' dir='ltr'><strong>vos</strong></span> 
     </span>
    </p>
   </div>
   <div class='ocr_carea' id='block_1_51' title="bbox 2290 2318 3900 2391">
    <p class='ocr_par' dir='ltr' id='par_1_51' title="bbox 2290 2318 3900 2391">
     <span class='ocr_line' id='line_1_51' title="bbox 2290 2318 3900 2391; baseline 0.004 -15"><span class='ocrx_word' id='word_1_429' title='bbox 2290 2324 2530 2391; x_wconf 85' lang='lat' dir='ltr'><strong>cupimus</strong></span> <span class='ocrx_word' id='word_1_430' title='bbox 2554 2334 2608 2377; x_wconf 92' lang='lat' dir='ltr'><strong>et</strong></span> <span class='ocrx_word' id='word_1_431' title='bbox 2632 2325 2790 2381; x_wconf 86' lang='lat' dir='ltr'><strong>modo</strong></span> <span class='ocrx_word' id='word_1_432' title='bbox 2826 2340 2942 2379; x_wconf 89' lang='lat' dir='ltr'><strong>esse</strong></span> <span class='ocrx_word' id='word_1_433' title='bbox 2979 2334 3033 2378; x_wconf 87' lang='lat' dir='ltr'><strong>et</strong></span> <span class='ocrx_word' id='word_1_434' title='bbox 3074 2327 3125 2379; x_wconf 89' lang='lat' dir='ltr'><strong>in</strong></span> <span class='ocrx_word' id='word_1_435' title='bbox 3153 2326 3409 2381; x_wconf 77' lang='lat' dir='ltr'><strong>futurum.</strong></span> <span class='ocrx_word' id='word_1_436' title='bbox 3444 2328 3508 2383; x_wconf 78' lang='lat' dir='ltr'><strong>Et</strong></span> <span class='ocrx_word' id='word_1_437' title='bbox 3544 2346 3648 2383; x_wconf 90' lang='lat' dir='ltr'><strong>non</strong></span> <span class='ocrx_word' id='word_1_438' title='bbox 3683 2331 3838 2391; x_wconf 84' lang='lat' dir='ltr'><strong>dixit.</strong></span> <span class='ocrx_word' id='word_1_439' title='bbox 3897 2318 3900 2320; x_wconf 32' lang='grc'>⁷</span> 
     </span>
    </p>
   </div>
   <div class='ocr_carea' id='block_1_52' title="bbox 2293 2410 3839 2486">
    <p class='ocr_par' dir='ltr' id='par_1_52' title="bbox 2293 2410 3839 2486">
     <span class='ocr_line' id='line_1_52' title="bbox 2293 2410 3839 2486; baseline 0.005 -24"><span class='ocrx_word' id='word_1_440' title='bbox 2293 2410 2403 2463; x_wconf 66' lang='lat' dir='ltr'><strong>volo</strong></span> <span class='ocrx_word' id='word_1_441' title='bbox 2416 2428 2435 2474; x_wconf 85' lang='lat'><strong><em>;</em></strong></span> <span class='ocrx_word' id='word_1_442' title='bbox 2460 2412 2599 2480; x_wconf 89' lang='lat' dir='ltr'><strong>quod</strong></span> <span class='ocrx_word' id='word_1_443' title='bbox 2625 2420 2709 2465; x_wconf 88' lang='lat' dir='ltr'><strong>est</strong></span> <span class='ocrx_word' id='word_1_444' title='bbox 2731 2412 3062 2467; x_wconf 84' lang='lat' dir='ltr'><strong>auctoritatis</strong></span> <span class='ocrx_word' id='word_1_445' title='bbox 3087 2414 3339 2468; x_wconf 75' lang='lat' dir='ltr'><strong>doctrina:</strong></span> <span class='ocrx_word' id='word_1_446' title='bbox 3363 2432 3378 2468; x_wconf 89' lang='lat'>:</span> <span class='ocrx_word' id='word_1_447' title='bbox 3405 2417 3497 2470; x_wconf 86' lang='lat' dir='ltr'><strong>sed</strong></span> <span class='ocrx_word' id='word_1_448' title='bbox 3517 2455 3533 2480; x_wconf 96' lang='lat'><strong>,</strong></span> <span class='ocrx_word' id='word_1_449' title='bbox 3560 2418 3702 2486; x_wconf 88' lang='lat' dir='ltr'><strong>quod</strong></span> <span class='ocrx_word' id='word_1_450' title='bbox 3724 2427 3839 2472; x_wconf 87' lang='lat' dir='ltr'><strong>erat</strong></span> 
     </span>
    </p>
   </div>
   <div class='ocr_carea' id='block_1_53' title="bbox 2284 2501 3836 2573">
    <p class='ocr_par' dir='ltr' id='par_1_53' title="bbox 2284 2501 3836 2573">
     <span class='ocr_line' id='line_1_53' title="bbox 2284 2501 3836 2573; baseline 0.005 -21"><span class='ocrx_word' id='word_1_451' title='bbox 2284 2510 2524 2567; x_wconf 68' lang='lat' dir='ltr'><strong>paterna:</strong></span> <span class='ocrx_word' id='word_1_452' title='bbox 2550 2501 2863 2565; x_wconf 83' lang='lat' dir='ltr'><strong>dilectionis,</strong></span> <span class='ocrx_word' id='word_1_453' title='bbox 2889 2502 2990 2555; x_wconf 82' lang='lat' dir='ltr'><strong>hoc</strong></span> <span class='ocrx_word' id='word_1_454' title='bbox 3020 2510 3121 2565; x_wconf 87' lang='lat' dir='ltr'><strong>est,</strong></span> <span class='ocrx_word' id='word_1_455' title='bbox 3149 2504 3381 2572; x_wconf 72' lang='lat' dir='ltr'><strong>cupimus</strong></span> <span class='ocrx_word' id='word_1_456' title='bbox 3408 2514 3836 2573; x_wconf 81' lang='lat' dir='ltr'><strong>unumquemque</strong></span> 
     </span>
    </p>
   </div>
   <div class='ocr_carea' id='block_1_54' title="bbox 2295 2587 3839 2667">
    <p class='ocr_par' dir='ltr' id='par_1_54' title="bbox 2295 2587 3839 2667">
     <span class='ocr_line' id='line_1_54' title="bbox 2295 2587 3839 2667; baseline 0.006 -30"><span class='ocrx_word' id='word_1_457' title='bbox 2295 2594 2528 2639; x_wconf 79' lang='lat' dir='ltr'><strong>vestrum</strong></span> <span class='ocrx_word' id='word_1_458' title='bbox 2550 2587 2787 2667; x_wconf 75' lang='lat' dir='ltr'><strong>eamdem</strong></span> <span class='ocrx_word' id='word_1_459' title='bbox 2812 2602 2970 2654; x_wconf 82' lang='lat' dir='ltr'><strong>quam</strong></span> <span class='ocrx_word' id='word_1_460' title='bbox 3000 2588 3126 2642; x_wconf 91' lang='lat' dir='ltr'><strong>olim</strong></span> <span class='ocrx_word' id='word_1_461' title='bbox 3154 2590 3414 2645; x_wconf 85' lang='lat' dir='ltr'><strong>habuistis</strong></span> <span class='ocrx_word' id='word_1_462' title='bbox 3434 2592 3839 2647; x_wconf 87' lang='lat' dir='ltr'><strong>sollicitudinem</strong></span> 
     </span>
    </p>
   </div>
   <div class='ocr_carea' id='block_1_55' title="bbox 2296 2676 3918 2746">
    <p class='ocr_par' dir='ltr' id='par_1_55' title="bbox 2296 2676 3918 2746">
     <span class='ocr_line' id='line_1_55' title="bbox 2296 2676 3918 2746; baseline 0.003 -19"><span class='ocrx_word' id='word_1_463' title='bbox 2296 2677 2361 2728; x_wconf 89' lang='lat' dir='ltr'><strong>ad</strong></span> <span class='ocrx_word' id='word_1_464' title='bbox 2388 2676 2736 2746; x_wconf 84' lang='lat' dir='ltr'><strong>expictionem</strong></span> <span class='ocrx_word' id='word_1_465' title='bbox 2763 2678 2872 2745; x_wconf 87' lang='lat' dir='ltr'><strong>spei</strong></span> <span class='ocrx_word' id='word_1_466' title='bbox 2908 2678 3105 2733; x_wconf 76' lang='lat' dir='ltr'><strong>habere</strong></span> <span class='ocrx_word' id='word_1_467' title='bbox 3136 2679 3188 2732; x_wconf 91' lang='lat' dir='ltr'><strong>in</strong></span> <span class='ocrx_word' id='word_1_468' title='bbox 3214 2686 3467 2734; x_wconf 76' lang='lat' dir='ltr'><strong>aeternam</strong></span> <span class='ocrx_word' id='word_1_469' title='bbox 3498 2684 3841 2743; x_wconf 83' lang='lat' dir='ltr'><strong>resurrectio-</strong></span> <span class='ocrx_word' id='word_1_470' title='bbox 3900 2708 3918 2732; x_wconf 59' lang='grc' dir='ltr'><strong>κ</strong></span> 
     </span>
    </p>
   </div>
   <div class='ocr_carea' id='block_1_56' title="bbox 2299 2760 3842 2842">
    <p class='ocr_par' dir='ltr' id='par_1_56' title="bbox 2299 2760 3842 2842">
     <span class='ocr_line' id='line_1_56' title="bbox 2299 2760 3842 2842; baseline 0.002 -17"><span class='ocrx_word' id='word_1_471' title='bbox 2299 2784 2437 2825; x_wconf 87' lang='lat' dir='ltr'><strong>nem.</strong></span> <span class='ocrx_word' id='word_1_472' title='bbox 2473 2790 2491 2823; x_wconf 73' lang='grc' dir='ltr'><strong>ι</strong></span> <span class='ocrx_word' id='word_1_473' title='bbox 2531 2767 2713 2823; x_wconf 69' lang='lat' dir='ltr'><strong>Verum</strong></span> <span class='ocrx_word' id='word_1_474' title='bbox 2740 2770 3020 2824; x_wconf 77' lang='lat' dir='ltr'><strong>imitatores</strong></span> <span class='ocrx_word' id='word_1_475' title='bbox 3048 2787 3245 2835; x_wconf 68' lang='lat' dir='ltr'><strong>eorum,</strong></span> <span class='ocrx_word' id='word_1_476' title='bbox 3281 2773 3371 2841; x_wconf 88' lang='lat' dir='ltr'><strong>qui</strong></span> <span class='ocrx_word' id='word_1_477' title='bbox 3398 2760 3503 2839; x_wconf 61' lang='lat' dir='ltr'><strong>ﬁde</strong></span> <span class='ocrx_word' id='word_1_478' title='bbox 3526 2784 3574 2826; x_wconf 84' lang='lat' dir='ltr'><strong>et</strong></span> <span class='ocrx_word' id='word_1_479' title='bbox 3599 2775 3842 2842; x_wconf 76' lang='lat' dir='ltr'><strong>patientia</strong></span> 
     </span>
    </p>
   </div>
   <div class='ocr_carea' id='block_1_57' title="bbox 2297 2859 3844 2931">
    <p class='ocr_par' dir='ltr' id='par_1_57' title="bbox 2297 2859 3844 2931">
     <span class='ocr_line' id='line_1_57' title="bbox 2297 2859 3844 2931; baseline 0.004 -20"><span class='ocrx_word' id='word_1_480' title='bbox 2297 2859 2666 2913; x_wconf 63' lang='lat' dir='ltr'><strong>hereditatum</strong></span> <span class='ocrx_word' id='word_1_481' title='bbox 2693 2860 3072 2931; x_wconf 72' lang='lat' dir='ltr'><strong>promissiones.</strong></span> <span class='ocrx_word' id='word_1_482' title='bbox 3106 2859 3359 2914; x_wconf 78' lang='lat' dir='ltr'><strong>Hortatur</strong></span> <span class='ocrx_word' id='word_1_483' title='bbox 3398 2860 3541 2915; x_wconf 90' lang='lat' dir='ltr'><strong>enim</strong></span> <span class='ocrx_word' id='word_1_484' title='bbox 3580 2863 3844 2917; x_wconf 74' lang='lat' dir='ltr'><strong>auditores</strong></span> 
     </span>
    </p>
   </div>
   <div class='ocr_carea' id='block_1_58' title="bbox 2299 2944 3841 3017">
    <p class='ocr_par' dir='ltr' id='par_1_58' title="bbox 2299 2944 3841 3017">
     <span class='ocr_line' id='line_1_58' title="bbox 2299 2944 3841 3017; baseline 0.003 -19"><span class='ocrx_word' id='word_1_485' title='bbox 2299 2960 2424 2999; x_wconf 89' lang='lat' dir='ltr'><strong>suos</strong></span> <span class='ocrx_word' id='word_1_486' title='bbox 2446 2953 2506 2998; x_wconf 88' lang='lat' dir='ltr'><strong>ut</strong></span> <span class='ocrx_word' id='word_1_487' title='bbox 2528 2944 2628 2998; x_wconf 78' lang='lat' dir='ltr'><strong>[ide</strong></span> <span class='ocrx_word' id='word_1_488' title='bbox 2648 2959 2752 2997; x_wconf 86' lang='lat' dir='ltr'><strong>non</strong></span> <span class='ocrx_word' id='word_1_489' title='bbox 2780 2944 2901 2998; x_wconf 86' lang='lat' dir='ltr'><strong>licta</strong></span> <span class='ocrx_word' id='word_1_490' title='bbox 2923 2955 2977 2999; x_wconf 89' lang='lat' dir='ltr'><strong>et</strong></span> <span class='ocrx_word' id='word_1_491' title='bbox 2997 2947 3247 3015; x_wconf 84' lang='lat' dir='ltr'><strong>patientia</strong></span> <span class='ocrx_word' id='word_1_492' title='bbox 3276 2946 3512 3016; x_wconf 80' lang='lat' dir='ltr'><strong>perfecta</strong></span> <span class='ocrx_word' id='word_1_493' title='bbox 3542 2959 3841 3017; x_wconf 82' lang='lat' dir='ltr'><strong>exspectent</strong></span> 
     </span>
    </p>
   </div>
   <div class='ocr_carea' id='block_1_59' title="bbox 2301 3019 3843 3106">
    <p class='ocr_par' dir='ltr' id='par_1_59' title="bbox 2301 3019 3843 3106">
     <span class='ocr_line' id='line_1_59' title="bbox 2301 3019 3843 3106; baseline 0.005 -20"><span class='ocrx_word' id='word_1_494' title='bbox 2301 3033 2677 3101; x_wconf 86' lang='lat' dir='ltr'><strong>promissiones</strong></span> <span class='ocrx_word' id='word_1_495' title='bbox 2700 3032 2826 3096; x_wconf 89' lang='lat' dir='ltr'><strong>Dei,</strong></span> <span class='ocrx_word' id='word_1_496' title='bbox 2872 3043 2926 3088; x_wconf 93' lang='lat' dir='ltr'><strong>et</strong></span> <span class='ocrx_word' id='word_1_497' title='bbox 2967 3019 3318 3099; x_wconf 63' lang='lat' dir='ltr'><strong>hereditates,</strong></span> <span class='ocrx_word' id='word_1_498' title='bbox 3350 3052 3483 3106; x_wconf 88' lang='lat' dir='ltr'><strong>quas</strong></span> <span class='ocrx_word' id='word_1_499' title='bbox 3510 3040 3710 3093; x_wconf 85' lang='lat' dir='ltr'><strong>sanctis</strong></span> <span class='ocrx_word' id='word_1_500' title='bbox 3738 3040 3843 3093; x_wconf 87' lang='lat' dir='ltr'><strong>suis</strong></span> 
     </span>
    </p>
   </div>
   <div class='ocr_carea' id='block_1_60' title="bbox 651 3096 3841 3201">
    <p class='ocr_par' dir='ltr' id='par_1_60' title="bbox 651 3096 3841 3201">
     <span class='ocr_line' id='line_1_60' title="bbox 651 3096 3841 3201; baseline -0.001 -17"><span class='ocrx_word' id='word_1_501' title='bbox 651 3096 901 3184; x_wconf 68' lang='lat' dir='ltr'><strong>morietur</strong></span> <span class='ocrx_word' id='word_1_502' title='bbox 928 3122 1140 3201; x_wconf 71' lang='lat' dir='ltr'><strong>(Bacch.</strong></span> <span class='ocrx_word' id='word_1_503' title='bbox 1168 3096 1358 3193; x_wconf 72' lang='lat' dir='ltr'><strong>xxxm,</strong></span> <span class='ocrx_word' id='word_1_504' title='bbox 1386 3096 1491 3197; x_wconf 69' lang='lat' dir='ltr'><strong>i2).</strong></span> <span class='ocrx_word' id='word_1_505' title='bbox 1527 3145 1544 3176; x_wconf 87' lang='grc' dir='ltr'><strong>ι</strong></span> <span class='ocrx_word' id='word_1_506' title='bbox 1578 3096 1646 3179; x_wconf 32' lang='grc' dir='ltr'><strong>δῖ’</strong></span> <span class='ocrx_word' id='word_1_507' title='bbox 1667 3140 1795 3179; x_wconf 88' lang='lat' dir='ltr'><strong>vero</strong></span> <span class='ocrx_word' id='word_1_508' title='bbox 1830 3096 2202 3178; x_wconf 86' lang='lat' dir='ltr'><strong>abscindamus</strong></span> <span class='ocrx_word' id='word_1_509' title='bbox 2229 3096 2274 3159; x_wconf 66' lang='grc' dir='ltr'><strong>(ἶ</strong></span> <span class='ocrx_word' id='word_1_510' title='bbox 2304 3096 2566 3191; x_wconf 81' lang='lat' dir='ltr'><strong>promisit.</strong></span> <span class='ocrx_word' id='word_1_511' title='bbox 2594 3123 2659 3176; x_wconf 86' lang='lat' dir='ltr'><strong>Et</strong></span> <span class='ocrx_word' id='word_1_512' title='bbox 2692 3123 2792 3177; x_wconf 91' lang='lat' dir='ltr'><strong>hoc</strong></span> <span class='ocrx_word' id='word_1_513' title='bbox 2820 3114 3025 3179; x_wconf 78' lang='lat' dir='ltr'><strong>ﬁrmius</strong></span> <span class='ocrx_word' id='word_1_514' title='bbox 3048 3096 3314 3194; x_wconf 78' lang='lat' dir='ltr'><strong>exemplis</strong></span> <span class='ocrx_word' id='word_1_515' title='bbox 3337 3096 3684 3182; x_wconf 76' lang='lat' dir='ltr'><strong>corroborare</strong></span> <span class='ocrx_word' id='word_1_516' title='bbox 3718 3129 3841 3182; x_wconf 84' lang='lat' dir='ltr'><strong>niti-</strong></span> 
     </span>
    </p>
   </div>
   <div class='ocr_carea' id='block_1_61' title="bbox 652 3212 2204 3289">
    <p class='ocr_par' dir='ltr' id='par_1_61' title="bbox 652 3212 2204 3289">
     <span class='ocr_line' id='line_1_61' title="bbox 652 3212 2204 3289; baseline -0.006 -16"><span class='ocrx_word' id='word_1_517' title='bbox 652 3221 832 3289; x_wconf 87' lang='lat' dir='ltr'><strong>spinas</strong></span> <span class='ocrx_word' id='word_1_518' title='bbox 858 3233 954 3288; x_wconf 90' lang='lat' dir='ltr'><strong>per</strong></span> <span class='ocrx_word' id='word_1_519' title='bbox 978 3217 1339 3286; x_wconf 77' lang='lat' dir='ltr'><strong>pmuitentiam</strong></span> <span class='ocrx_word' id='word_1_520' title='bbox 1360 3256 1376 3279; x_wconf 96' lang='lat'><strong>,</strong></span> <span class='ocrx_word' id='word_1_521' title='bbox 1412 3218 1704 3285; x_wconf 86' lang='lat' dir='ltr'><strong>poterimus</strong></span> <span class='ocrx_word' id='word_1_522' title='bbox 1737 3213 1877 3267; x_wconf 88' lang='lat' dir='ltr'><strong>mille</strong></span> <span class='ocrx_word' id='word_1_523' title='bbox 1912 3212 2063 3265; x_wconf 89' lang='lat' dir='ltr'><strong>bonis</strong></span> <span class='ocrx_word' id='word_1_524' title='bbox 2086 3225 2204 3278; x_wconf 45' lang='lat' dir='ltr'><strong>per:</strong></span> 
     </span>
    </p>
   </div>
   <div class='ocr_carea' id='block_1_62' title="bbox 655 3300 2208 3375">
    <p class='ocr_par' dir='ltr' id='par_1_62' title="bbox 655 3300 2208 3375">
     <span class='ocr_line' id='line_1_62' title="bbox 655 3300 2208 3375; baseline -0.006 -13"><span class='ocrx_word' id='word_1_525' title='bbox 655 3309 758 3362; x_wconf 84' lang='lat' dir='ltr'><strong>l‘rui</strong></span> <span class='ocrx_word' id='word_1_526' title='bbox 776 3349 790 3371; x_wconf 93' lang='lat'><strong>,</strong></span> <span class='ocrx_word' id='word_1_527' title='bbox 818 3317 873 3362; x_wconf 89' lang='lat' dir='ltr'><strong>et</strong></span> <span class='ocrx_word' id='word_1_528' title='bbox 904 3307 1018 3361; x_wconf 78' lang='lat' dir='ltr'><strong>ﬁeri</strong></span> <span class='ocrx_word' id='word_1_529' title='bbox 1045 3308 1362 3375; x_wconf 77' lang='lat' dir='ltr'><strong>probabiles,</strong></span> <span class='ocrx_word' id='word_1_530' title='bbox 1388 3316 1444 3359; x_wconf 88' lang='lat' dir='ltr'><strong>et</strong></span> <span class='ocrx_word' id='word_1_531' title='bbox 1463 3304 1847 3359; x_wconf 85' lang='lat' dir='ltr'><strong>benedictionis</strong></span> <span class='ocrx_word' id='word_1_532' title='bbox 1876 3302 1965 3354; x_wconf 87' lang='lat' dir='ltr'><strong>Dei</strong></span> <span class='ocrx_word' id='word_1_533' title='bbox 1994 3300 2208 3369; x_wconf 83' lang='lat' dir='ltr'><strong>partici—</strong></span> 
     </span>
    </p>
   </div>
   <div class='ocr_carea' id='block_1_63' title="bbox 656 3388 2212 3467">
    <p class='ocr_par' dir='ltr' id='par_1_63' title="bbox 656 3388 2212 3467">
     <span class='ocr_line' id='line_1_63' title="bbox 656 3388 2212 3467; baseline -0.005 -19"><span class='ocrx_word' id='word_1_534' title='bbox 656 3412 768 3467; x_wconf 83' lang='lat' dir='ltr'><strong>pes.</strong></span> <span class='ocrx_word' id='word_1_535' title='bbox 796 3395 1081 3464; x_wconf 71' lang='lat' dir='ltr'><strong>Postquam</strong></span> <span class='ocrx_word' id='word_1_536' title='bbox 1118 3402 1293 3447; x_wconf 87' lang='lat' dir='ltr'><strong>autem</strong></span> <span class='ocrx_word' id='word_1_537' title='bbox 1333 3394 1621 3463; x_wconf 52' lang='lat' dir='ltr'><strong>increpavit</strong></span> <span class='ocrx_word' id='word_1_538' title='bbox 1660 3406 1750 3443; x_wconf 82' lang='lat' dir='ltr'><strong>eos</strong></span> <span class='ocrx_word' id='word_1_539' title='bbox 1787 3388 2125 3452; x_wconf 74' lang='lat' dir='ltr'><strong>suil‘tcienter,</strong></span> <span class='ocrx_word' id='word_1_540' title='bbox 2157 3396 2212 3441; x_wconf 91' lang='lat' dir='ltr'><strong>et</strong></span> 
     </span>
    </p>
   </div>
   <div class='ocr_carea' id='block_1_64' title="bbox 658 3483 2211 3554">
    <p class='ocr_par' dir='ltr' id='par_1_64' title="bbox 658 3483 2211 3554">
     <span class='ocr_line' id='line_1_64' title="bbox 658 3483 2211 3554; baseline -0.006 -14"><span class='ocrx_word' id='word_1_541' title='bbox 658 3487 844 3541; x_wconf 83' lang='lat' dir='ltr'><strong>terruit</strong></span> <span class='ocrx_word' id='word_1_542' title='bbox 863 3525 881 3549; x_wconf 92' lang='lat'><strong>,</strong></span> <span class='ocrx_word' id='word_1_543' title='bbox 910 3496 959 3538; x_wconf 86' lang='lat' dir='ltr'><strong>et</strong></span> <span class='ocrx_word' id='word_1_544' title='bbox 989 3485 1244 3554; x_wconf 86' lang='lat' dir='ltr'><strong>percutit,</strong></span> <span class='ocrx_word' id='word_1_545' title='bbox 1271 3493 1419 3538; x_wconf 86' lang='lat' dir='ltr'><strong>curat</strong></span> <span class='ocrx_word' id='word_1_546' title='bbox 1451 3499 1543 3537; x_wconf 90' lang='lat' dir='ltr'><strong>eos</strong></span> <span class='ocrx_word' id='word_1_547' title='bbox 1572 3484 1783 3544; x_wconf 81' lang='lat' dir='ltr'><strong>iterum,</strong></span> <span class='ocrx_word' id='word_1_548' title='bbox 1815 3495 1879 3535; x_wconf 90' lang='lat' dir='ltr'><strong>ne</strong></span> <span class='ocrx_word' id='word_1_549' title='bbox 1906 3483 2211 3549; x_wconf 86' lang='lat' dir='ltr'><strong>desperatos</strong></span> 
     </span>
    </p>
   </div>
   <div class='ocr_carea' id='block_1_65' title="bbox 661 3567 2212 3644">
    <p class='ocr_par' dir='ltr' id='par_1_65' title="bbox 661 3567 2212 3644">
     <span class='ocr_line' id='line_1_65' title="bbox 661 3567 2212 3644; baseline -0.006 -16"><span class='ocrx_word' id='word_1_550' title='bbox 661 3577 848 3640; x_wconf 83' lang='lat' dir='ltr'><strong>faciat;</strong></span> <span class='ocrx_word' id='word_1_551' title='bbox 874 3590 1044 3644; x_wconf 88' lang='lat' dir='ltr'><strong>neque</strong></span> <span class='ocrx_word' id='word_1_552' title='bbox 1068 3575 1121 3627; x_wconf 91' lang='lat' dir='ltr'><strong>in</strong></span> <span class='ocrx_word' id='word_1_553' title='bbox 1144 3575 1390 3627; x_wconf 70' lang='lat' dir='ltr'><strong>tinnitibus</strong></span> <span class='ocrx_word' id='word_1_554' title='bbox 1408 3573 1670 3635; x_wconf 82' lang='lat' dir='ltr'><strong>adulatur,</strong></span> <span class='ocrx_word' id='word_1_555' title='bbox 1697 3583 1867 3639; x_wconf 87' lang='lat' dir='ltr'><strong>neque</strong></span> <span class='ocrx_word' id='word_1_556' title='bbox 1888 3570 1941 3621; x_wconf 90' lang='lat' dir='ltr'><strong>in</strong></span> <span class='ocrx_word' id='word_1_557' title='bbox 1966 3567 2212 3622; x_wconf 90' lang='lat' dir='ltr'><strong>omnibus</strong></span> 
     </span>
    </p>
   </div>
   <div class='ocr_carea' id='block_1_66' title="bbox 656 3655 2213 3734">
    <p class='ocr_par' dir='ltr' id='par_1_66' title="bbox 656 3655 2213 3734">
     <span class='ocr_line' id='line_1_66' title="bbox 656 3655 2213 3734; baseline -0.006 -15"><span class='ocrx_word' id='word_1_558' title='bbox 656 3664 911 3734; x_wconf 78' lang='lat' dir='ltr'><strong>percutit.</strong></span> <span class='ocrx_word' id='word_1_559' title='bbox 938 3663 1045 3717; x_wconf 79' lang='lat' dir='ltr'><strong>Nec</strong></span> <span class='ocrx_word' id='word_1_560' title='bbox 1080 3664 1191 3716; x_wconf 59' lang='lat' dir='ltr'><strong>haec</strong></span> <span class='ocrx_word' id='word_1_561' title='bbox 1220 3663 1445 3716; x_wconf 86' lang='lat' dir='ltr'><strong>dicimus</strong></span> <span class='ocrx_word' id='word_1_562' title='bbox 1470 3661 1629 3713; x_wconf 82' lang='lat' dir='ltr'><strong>veluti</strong></span> <span class='ocrx_word' id='word_1_563' title='bbox 1659 3666 1903 3727; x_wconf 87' lang='lat' dir='ltr'><strong>putantes</strong></span> <span class='ocrx_word' id='word_1_564' title='bbox 1926 3670 2022 3709; x_wconf 85' lang='lat' dir='ltr'><strong>vos</strong></span> <span class='ocrx_word' id='word_1_565' title='bbox 2048 3655 2213 3723; x_wconf 86' lang='lat' dir='ltr'><strong>spinis</strong></span> 
     </span>
    </p>
   </div>
   <div class='ocr_carea' id='block_1_67' title="bbox 661 3733 2216 3823">
    <p class='ocr_par' dir='ltr' id='par_1_67' title="bbox 661 3733 2216 3823">
     <span class='ocr_line' id='line_1_67' title="bbox 661 3733 2216 3823; baseline -0.007 -18"><span class='ocrx_word' id='word_1_566' title='bbox 661 3733 875 3823; x_wconf 83' lang='lat' dir='ltr'><strong>plenos,</strong></span> <span class='ocrx_word' id='word_1_567' title='bbox 903 3753 998 3807; x_wconf 88' lang='lat' dir='ltr'><strong>sed</strong></span> <span class='ocrx_word' id='word_1_568' title='bbox 1026 3751 1273 3805; x_wconf 86' lang='lat' dir='ltr'><strong>timentes</strong></span> <span class='ocrx_word' id='word_1_569' title='bbox 1300 3764 1367 3803; x_wconf 91' lang='lat' dir='ltr'><strong>ne</strong></span> <span class='ocrx_word' id='word_1_570' title='bbox 1399 3748 1529 3801; x_wconf 85' lang='lat' dir='ltr'><strong>tales</strong></span> <span class='ocrx_word' id='word_1_571' title='bbox 1565 3742 1884 3801; x_wconf 81' lang='lat' dir='ltr'><strong>cﬂiciamini.</strong></span> <span class='ocrx_word' id='word_1_572' title='bbox 1926 3744 2108 3797; x_wconf 72' lang='lat' dir='ltr'><strong>Melius</strong></span> <span class='ocrx_word' id='word_1_573' title='bbox 2133 3733 2216 3796; x_wconf 61' lang='grc' dir='ltr'><strong>εει</strong></span> 
     </span>
    </p>
   </div>
   <div class='ocr_carea' id='block_1_68' title="bbox 664 3831 2105 3902">
    <p class='ocr_par' dir='ltr' id='par_1_68' title="bbox 664 3831 2105 3902">
     <span class='ocr_line' id='line_1_68' title="bbox 664 3831 2105 3902; baseline -0.01 -6"><span class='ocrx_word' id='word_1_574' title='bbox 664 3843 807 3896; x_wconf 84' lang='lat' dir='ltr'><strong>enim</strong></span> <span class='ocrx_word' id='word_1_575' title='bbox 832 3840 1012 3893; x_wconf 83' lang='lat' dir='ltr'><strong>verbis</strong></span> <span class='ocrx_word' id='word_1_576' title='bbox 1024 3852 1120 3892; x_wconf 89' lang='lat' dir='ltr'><strong>vos</strong></span> <span class='ocrx_word' id='word_1_577' title='bbox 1140 3846 1365 3897; x_wconf 85' lang='lat' dir='ltr'><strong>terrere,</strong></span> <span class='ocrx_word' id='word_1_578' title='bbox 1388 3851 1456 3889; x_wconf 87' lang='lat' dir='ltr'><strong>ue</strong></span> <span class='ocrx_word' id='word_1_579' title='bbox 1483 3837 1641 3889; x_wconf 81' lang='lat' dir='ltr'><strong>rebus</strong></span> <span class='ocrx_word' id='word_1_580' title='bbox 1664 3834 1793 3902; x_wconf 88' lang='lat' dir='ltr'><strong>ipsis</strong></span> <span class='ocrx_word' id='word_1_581' title='bbox 1816 3831 2054 3885; x_wconf 84' lang='lat' dir='ltr'><strong>deleatis.</strong></span> <span class='ocrx_word' id='word_1_582' title='bbox 2088 3850 2105 3881; x_wconf 74' lang='grc' dir='ltr'><strong>ι</strong></span> 
     </span>
    </p>
   </div>
   <div class='ocr_carea' id='block_1_69' title="bbox 738 3918 2214 3991">
    <p class='ocr_par' dir='ltr' id='par_1_69' title="bbox 738 3918 2214 3991">
     <span class='ocr_line' id='line_1_69' title="bbox 738 3918 2214 3991; baseline -0.009 -9"><span class='ocrx_word' id='word_1_583' title='bbox 738 3927 900 3982; x_wconf 74' lang='lat' dir='ltr'><strong>Vsus.</strong></span> <span class='ocrx_word' id='word_1_584' title='bbox 932 3926 984 3981; x_wconf 83' lang='lat'><strong>9.</strong></span> <span class='ocrx_word' id='word_1_585' title='bbox 1020 3953 1089 3964; x_wconf 93' lang='lat'><strong>—</strong></span> <span class='ocrx_word' id='word_1_586' title='bbox 1126 3923 1442 3991; x_wconf 76' lang='lat' dir='ltr'><strong>Conﬁdimus</strong></span> <span class='ocrx_word' id='word_1_587' title='bbox 1462 3933 1654 3983; x_wconf 71' lang='lat' dir='ltr'><strong>autem,</strong></span> <span class='ocrx_word' id='word_1_588' title='bbox 1675 3918 2010 3981; x_wconf 78' lang='lat' dir='ltr'><strong>dilectissimi,</strong></span> <span class='ocrx_word' id='word_1_589' title='bbox 2037 3920 2099 3969; x_wconf 83' lang='lat' dir='ltr'><strong>de</strong></span> <span class='ocrx_word' id='word_1_590' title='bbox 2128 3934 2214 3969; x_wconf 79' lang='lat' dir='ltr'><strong>ro-</strong></span> 
     </span>
    </p>
   </div>
   <div class='ocr_carea' id='block_1_70' title="bbox 669 4000 2214 4073">
    <p class='ocr_par' dir='ltr' id='par_1_70' title="bbox 669 4000 2214 4073">
     <span class='ocr_line' id='line_1_70' title="bbox 669 4000 2214 4073; baseline -0.011 -5"><span class='ocrx_word' id='word_1_591' title='bbox 669 4000 744 4068; x_wconf 84' lang='lat' dir='ltr'><strong>bis</strong></span> <span class='ocrx_word' id='word_1_592' title='bbox 775 4014 987 4068; x_wconf 74' lang='lat' dir='ltr'><strong>meliora</strong></span> <span class='ocrx_word' id='word_1_593' title='bbox 1012 4022 1058 4065; x_wconf 86' lang='lat' dir='ltr'><strong>et</strong></span> <span class='ocrx_word' id='word_1_594' title='bbox 1082 4012 1327 4064; x_wconf 75' lang='lat' dir='ltr'><strong>viciniora</strong></span> <span class='ocrx_word' id='word_1_595' title='bbox 1352 4008 1567 4073; x_wconf 83' lang='lat' dir='ltr'><strong>salutis,</strong></span> <span class='ocrx_word' id='word_1_596' title='bbox 1598 4007 1797 4061; x_wconf 84' lang='lat' dir='ltr'><strong>tametsi</strong></span> <span class='ocrx_word' id='word_1_597' title='bbox 1829 4008 1903 4058; x_wconf 84' lang='lat' dir='ltr'><strong>ita</strong></span> <span class='ocrx_word' id='word_1_598' title='bbox 1942 4005 2214 4073; x_wconf 87' lang='lat' dir='ltr'><strong>loquimur.</strong></span> 
     </span>
    </p>
   </div>
   <div class='ocr_carea' id='block_1_71' title="bbox 669 4091 2219 4169">
    <p class='ocr_par' dir='ltr' id='par_1_71' title="bbox 669 4091 2219 4169">
     <span class='ocr_line' id='line_1_71' title="bbox 669 4091 2219 4169; baseline -0.008 -15"><span class='ocrx_word' id='word_1_599' title='bbox 669 4104 805 4169; x_wconf 80' lang='lat' dir='ltr'><strong>Quia</strong></span> <span class='ocrx_word' id='word_1_600' title='bbox 846 4102 1032 4156; x_wconf 87' lang='lat' dir='ltr'><strong>beatus</strong></span> <span class='ocrx_word' id='word_1_601' title='bbox 1078 4098 1273 4153; x_wconf 79' lang='lat' dir='ltr'><strong>Paulus</strong></span> <span class='ocrx_word' id='word_1_602' title='bbox 1314 4113 1418 4151; x_wconf 90' lang='lat' dir='ltr'><strong>non</strong></span> <span class='ocrx_word' id='word_1_603' title='bbox 1461 4094 1644 4150; x_wconf 82' lang='lat' dir='ltr'><strong>habuit</strong></span> <span class='ocrx_word' id='word_1_604' title='bbox 1675 4094 1814 4147; x_wconf 87' lang='lat' dir='ltr'><strong>unde</strong></span> <span class='ocrx_word' id='word_1_605' title='bbox 1854 4107 1945 4145; x_wconf 86' lang='lat' dir='ltr'><strong>eos</strong></span> <span class='ocrx_word' id='word_1_606' title='bbox 1977 4091 2041 4143; x_wconf 87' lang='lat' dir='ltr'><strong>ad</strong></span> <span class='ocrx_word' id='word_1_607' title='bbox 2088 4104 2219 4157; x_wconf 89' lang='lat' dir='ltr'><strong>quos</strong></span> 
     </span>
    </p>
   </div>
   <div class='ocr_carea' id='block_1_72' title="bbox 671 4178 2221 4258">
    <p class='ocr_par' dir='ltr' id='par_1_72' title="bbox 671 4178 2221 4258">
     <span class='ocr_line' id='line_1_72' title="bbox 671 4178 2221 4258; baseline -0.008 -14"><span class='ocrx_word' id='word_1_608' title='bbox 671 4190 883 4258; x_wconf 87' lang='lat' dir='ltr'><strong>scripsit</strong></span> <span class='ocrx_word' id='word_1_609' title='bbox 904 4190 969 4240; x_wconf 87' lang='lat' dir='ltr'><strong>de</strong></span> <span class='ocrx_word' id='word_1_610' title='bbox 991 4196 1250 4255; x_wconf 65' lang='lat' dir='ltr'><strong>prasente</strong></span> <span class='ocrx_word' id='word_1_611' title='bbox 1272 4186 1531 4248; x_wconf 81' lang='lat' dir='ltr'><strong>laudaret,</strong></span> <span class='ocrx_word' id='word_1_612' title='bbox 1564 4184 1746 4251; x_wconf 81' lang='lat' dir='ltr'><strong>incipit</strong></span> <span class='ocrx_word' id='word_1_613' title='bbox 1772 4184 1850 4235; x_wconf 88' lang='lat' dir='ltr'><strong>eis</strong></span> <span class='ocrx_word' id='word_1_614' title='bbox 1874 4184 1939 4234; x_wconf 82' lang='lat' dir='ltr'><strong>de</strong></span> <span class='ocrx_word' id='word_1_615' title='bbox 1966 4196 2055 4249; x_wconf 83' lang='lat' dir='ltr'><strong>spe</strong></span> <span class='ocrx_word' id='word_1_616' title='bbox 2083 4178 2221 4232; x_wconf 85' lang='lat' dir='ltr'><strong>lutu-</strong></span> 
     </span>
    </p>
   </div>
   <div class='ocr_carea' id='block_1_73' title="bbox 672 4268 2219 4341">
    <p class='ocr_par' dir='ltr' id='par_1_73' title="bbox 672 4268 2219 4341">
     <span class='ocr_line' id='line_1_73' title="bbox 672 4268 2219 4341; baseline -0.007 -13"><span class='ocrx_word' id='word_1_617' title='bbox 672 4290 851 4328; x_wconf 86' lang='lat' dir='ltr'><strong>rorum</strong></span> <span class='ocrx_word' id='word_1_618' title='bbox 880 4275 1170 4341; x_wconf 72' lang='lat' dir='ltr'><strong>[medicare</strong></span> <span class='ocrx_word' id='word_1_619' title='bbox 1196 4273 1403 4326; x_wconf 88' lang='lat' dir='ltr'><strong>dicens:</strong></span> <span class='ocrx_word' id='word_1_620' title='bbox 1421 4268 1757 4335; x_wconf 73' lang='lat' dir='ltr'><strong>Con/idiotas,</strong></span> <span class='ocrx_word' id='word_1_621' title='bbox 1775 4268 1977 4334; x_wconf 80' lang='lat' dir='ltr'><strong>fratres,</strong></span> <span class='ocrx_word' id='word_1_622' title='bbox 2002 4268 2063 4319; x_wconf 84' lang='lat' dir='ltr'><strong>de</strong></span> <span class='ocrx_word' id='word_1_623' title='bbox 2084 4268 2219 4318; x_wconf 74' lang='lat' dir='ltr'><strong>vobis</strong></span> 
     </span>
    </p>
   </div>
   <div class='ocr_carea' id='block_1_74' title="bbox 675 4357 2212 4426">
    <p class='ocr_par' dir='ltr' id='par_1_74' title="bbox 675 4357 2212 4426">
     <span class='ocr_line' id='line_1_74' title="bbox 675 4357 2212 4426; baseline -0.007 -9"><span class='ocrx_word' id='word_1_624' title='bbox 675 4362 887 4417; x_wconf 67' lang='lat' dir='ltr'><strong>meliora</strong></span> <span class='ocrx_word' id='word_1_625' title='bbox 933 4372 980 4415; x_wconf 88' lang='lat' dir='ltr'><strong>et</strong></span> <span class='ocrx_word' id='word_1_626' title='bbox 1031 4362 1278 4415; x_wconf 64' lang='lat' dir='ltr'><strong>viciniora</strong></span> <span class='ocrx_word' id='word_1_627' title='bbox 1318 4360 1537 4421; x_wconf 84' lang='lat' dir='ltr'><strong>salutis,</strong></span> <span class='ocrx_word' id='word_1_628' title='bbox 1579 4358 1807 4426; x_wconf 80' lang='lat' dir='ltr'><strong>quamvis</strong></span> <span class='ocrx_word' id='word_1_629' title='bbox 1852 4359 1924 4409; x_wconf 85' lang='lat' dir='ltr'><strong>ita</strong></span> <span class='ocrx_word' id='word_1_630' title='bbox 1963 4357 2212 4408; x_wconf 82' lang='lat' dir='ltr'><strong>dicamus.</strong></span> 
     </span>
    </p>
   </div>
   <div class='ocr_carea' id='block_1_75' title="bbox 676 4447 2220 4519">
    <p class='ocr_par' dir='ltr' id='par_1_75' title="bbox 676 4447 2220 4519">
     <span class='ocr_line' id='line_1_75' title="bbox 676 4447 2220 4519; baseline -0.005 -14"><span class='ocrx_word' id='word_1_631' title='bbox 676 4452 836 4519; x_wconf 87' lang='lat' dir='ltr'><strong>Quasi</strong></span> <span class='ocrx_word' id='word_1_632' title='bbox 859 4452 1117 4505; x_wconf 87' lang='lat' dir='ltr'><strong>dixisset:</strong></span> <span class='ocrx_word' id='word_1_633' title='bbox 1140 4450 1349 4518; x_wconf 86' lang='lat' dir='ltr'><strong>Optima</strong></span> <span class='ocrx_word' id='word_1_634' title='bbox 1371 4449 1609 4515; x_wconf 59' lang='lat' dir='ltr'><strong>quaedam</strong></span> <span class='ocrx_word' id='word_1_635' title='bbox 1632 4447 1697 4500; x_wconf 90' lang='lat' dir='ltr'><strong>de</strong></span> <span class='ocrx_word' id='word_1_636' title='bbox 1718 4449 1866 4500; x_wconf 80' lang='lat' dir='ltr'><strong>vobis</strong></span> <span class='ocrx_word' id='word_1_637' title='bbox 1886 4447 2220 4511; x_wconf 75' lang='lat' dir='ltr'><strong>conﬁdimus,</strong></span> 
     </span>
    </p>
   </div>
   <div class='ocr_carea' id='block_1_76' title="bbox 676 4533 2221 4607">
    <p class='ocr_par' dir='ltr' id='par_1_76' title="bbox 676 4533 2221 4607">
     <span class='ocr_line' id='line_1_76' title="bbox 676 4533 2221 4607; baseline -0.005 -13"><span class='ocrx_word' id='word_1_638' title='bbox 676 4550 730 4594; x_wconf 87' lang='lat' dir='ltr'><strong>et</strong></span> <span class='ocrx_word' id='word_1_639' title='bbox 757 4556 873 4607; x_wconf 67' lang='lat' dir='ltr'><strong>quin</strong></span> <span class='ocrx_word' id='word_1_640' title='bbox 894 4539 1050 4592; x_wconf 85' lang='lat' dir='ltr'><strong>saluti</strong></span> <span class='ocrx_word' id='word_1_641' title='bbox 1072 4545 1260 4591; x_wconf 75' lang='lat' dir='ltr'><strong>vestra:</strong></span> <span class='ocrx_word' id='word_1_642' title='bbox 1284 4535 1591 4603; x_wconf 79' lang='lat' dir='ltr'><strong>pnollciant;</strong></span> <span class='ocrx_word' id='word_1_643' title='bbox 1621 4548 1724 4585; x_wconf 87' lang='lat' dir='ltr'><strong>non</strong></span> <span class='ocrx_word' id='word_1_644' title='bbox 1752 4534 1952 4600; x_wconf 79' lang='lat' dir='ltr'><strong>utique,</strong></span> <span class='ocrx_word' id='word_1_645' title='bbox 1977 4533 2115 4600; x_wconf 85' lang='lat' dir='ltr'><strong>quod</strong></span> <span class='ocrx_word' id='word_1_646' title='bbox 2136 4548 2221 4586; x_wconf 88' lang='lat' dir='ltr'><strong>su-</strong></span> 
     </span>
    </p>
   </div>
   <div class='ocr_carea' id='block_1_77' title="bbox 680 4622 2220 4696">
    <p class='ocr_par' dir='ltr' id='par_1_77' title="bbox 680 4622 2220 4696">
     <span class='ocr_line' id='line_1_77' title="bbox 680 4622 2220 4696; baseline -0.003 -16"><span class='ocrx_word' id='word_1_647' title='bbox 680 4629 859 4696; x_wconf 77' lang='lat' dir='ltr'><strong>perius</strong></span> <span class='ocrx_word' id='word_1_648' title='bbox 882 4628 990 4679; x_wconf 88' lang='lat' dir='ltr'><strong>dixi</strong></span> <span class='ocrx_word' id='word_1_649' title='bbox 1011 4627 1076 4679; x_wconf 90' lang='lat' dir='ltr'><strong>de</strong></span> <span class='ocrx_word' id='word_1_650' title='bbox 1092 4626 1317 4691; x_wconf 76' lang='lat' dir='ltr'><strong>reprobo</strong></span> <span class='ocrx_word' id='word_1_651' title='bbox 1338 4630 1480 4675; x_wconf 85' lang='lat' dir='ltr'><strong>terra</strong></span> <span class='ocrx_word' id='word_1_652' title='bbox 1502 4632 1556 4676; x_wconf 91' lang='lat' dir='ltr'><strong>et</strong></span> <span class='ocrx_word' id='word_1_653' title='bbox 1578 4622 1937 4676; x_wconf 77' lang='lat' dir='ltr'><strong>eombustiOne</strong></span> <span class='ocrx_word' id='word_1_654' title='bbox 1962 4624 2220 4690; x_wconf 75' lang='lat' dir='ltr'><strong>proxima,</strong></span> 
     </span>
    </p>
   </div>
   <div class='ocr_carea' id='block_1_78' title="bbox 652 4712 2225 4779">
    <p class='ocr_par' dir='ltr' id='par_1_78' title="bbox 652 4712 2225 4779">
     <span class='ocr_line' id='line_1_78' title="bbox 652 4712 2225 4779; baseline -0.007 -6"><span class='ocrx_word' id='word_1_655' title='bbox 652 4770 653 4773; x_wconf 44' lang='grc' dir='ltr'><strong>η</strong></span> <span class='ocrx_word' id='word_1_656' title='bbox 682 4734 784 4771; x_wconf 80' lang='lat' dir='ltr'><strong>non</strong></span> <span class='ocrx_word' id='word_1_657' title='bbox 810 4716 875 4769; x_wconf 89' lang='lat' dir='ltr'><strong>de</strong></span> <span class='ocrx_word' id='word_1_658' title='bbox 901 4715 1051 4768; x_wconf 81' lang='lat' dir='ltr'><strong>vobis</strong></span> <span class='ocrx_word' id='word_1_659' title='bbox 1077 4713 1177 4767; x_wconf 83' lang='lat' dir='ltr'><strong>hoc</strong></span> <span class='ocrx_word' id='word_1_660' title='bbox 1202 4713 1447 4776; x_wconf 83' lang='lat' dir='ltr'><strong>dicimus,</strong></span> <span class='ocrx_word' id='word_1_661' title='bbox 1463 4713 1585 4779; x_wconf 85' lang='lat' dir='ltr'><strong>quia</strong></span> <span class='ocrx_word' id='word_1_662' title='bbox 1615 4712 1831 4765; x_wconf 86' lang='lat' dir='ltr'><strong>meliora</strong></span> <span class='ocrx_word' id='word_1_663' title='bbox 1853 4714 1916 4765; x_wconf 88' lang='lat' dir='ltr'><strong>de</strong></span> <span class='ocrx_word' id='word_1_664' title='bbox 1941 4712 2087 4765; x_wconf 82' lang='lat' dir='ltr'><strong>vobis</strong></span> <span class='ocrx_word' id='word_1_665' title='bbox 2112 4726 2225 4763; x_wconf 68' lang='lat' dir='ltr'><strong>cre-</strong></span> 
     </span>
    </p>
   </div>
   <div class='ocr_carea' id='block_1_79' title="bbox 681 4802 2221 4871">
    <p class='ocr_par' dir='ltr' id='par_1_79' title="bbox 681 4802 2221 4871">
     <span class='ocr_line' id='line_1_79' title="bbox 681 4802 2221 4871; baseline -0.004 -13"><span class='ocrx_word' id='word_1_666' title='bbox 681 4806 873 4858; x_wconf 85' lang='lat' dir='ltr'><strong>dimus.</strong></span> <span class='ocrx_word' id='word_1_667' title='bbox 898 4803 1127 4857; x_wconf 81' lang='lat' dir='ltr'><strong>Adduxit</strong></span> <span class='ocrx_word' id='word_1_668' title='bbox 1158 4817 1363 4871; x_wconf 84' lang='lat' dir='ltr'><strong>quoque</strong></span> <span class='ocrx_word' id='word_1_669' title='bbox 1392 4804 1469 4856; x_wconf 83' lang='lat' dir='ltr'><strong>eis</strong></span> <span class='ocrx_word' id='word_1_670' title='bbox 1512 4802 1564 4855; x_wconf 89' lang='lat' dir='ltr'><strong>in</strong></span> <span class='ocrx_word' id='word_1_671' title='bbox 1602 4802 1909 4855; x_wconf 86' lang='lat' dir='ltr'><strong>memoriam</strong></span> <span class='ocrx_word' id='word_1_672' title='bbox 1939 4802 2221 4869; x_wconf 70' lang='lat' dir='ltr'><strong>praeterita,</strong></span> 
     </span>
    </p>
   </div>
   <div class='ocr_carea' id='block_1_80' title="bbox 684 4892 2227 4962">
    <p class='ocr_par' dir='ltr' id='par_1_80' title="bbox 684 4892 2227 4962">
     <span class='ocr_line' id='line_1_80' title="bbox 684 4892 2227 4962; baseline -0.003 -13"><span class='ocrx_word' id='word_1_673' title='bbox 684 4906 741 4949; x_wconf 89' lang='lat' dir='ltr'><strong>ut</strong></span> <span class='ocrx_word' id='word_1_674' title='bbox 766 4911 830 4947; x_wconf 77' lang='lat' dir='ltr'><strong>ex</strong></span> <span class='ocrx_word' id='word_1_675' title='bbox 859 4893 1143 4962; x_wconf 65' lang='lat' dir='ltr'><strong>praeteritis</strong></span> <span class='ocrx_word' id='word_1_676' title='bbox 1166 4908 1256 4946; x_wconf 86' lang='lat' dir='ltr'><strong>eos</strong></span> <span class='ocrx_word' id='word_1_677' title='bbox 1292 4893 1528 4946; x_wconf 85' lang='lat' dir='ltr'><strong>alliceret</strong></span> <span class='ocrx_word' id='word_1_678' title='bbox 1564 4894 1628 4947; x_wconf 87' lang='lat' dir='ltr'><strong>ad</strong></span> <span class='ocrx_word' id='word_1_679' title='bbox 1662 4894 1797 4946; x_wconf 87' lang='lat' dir='ltr'><strong>bona</strong></span> <span class='ocrx_word' id='word_1_680' title='bbox 1833 4906 2086 4961; x_wconf 67' lang='lat' dir='ltr'><strong>quaeque,</strong></span> <span class='ocrx_word' id='word_1_681' title='bbox 2109 4892 2227 4945; x_wconf 86' lang='lat' dir='ltr'><strong>ideo</strong></span> 
     </span>
    </p>
   </div>
   <div class='ocr_carea' id='block_1_81' title="bbox 686 4980 2224 5050">
    <p class='ocr_par' dir='ltr' id='par_1_81' title="bbox 686 4980 2224 5050">
     <span class='ocr_line' id='line_1_81' title="bbox 686 4980 2224 5050; baseline -0.001 -15"><span class='ocrx_word' id='word_1_682' title='bbox 686 4982 957 5050; x_wconf 64' lang='lat' dir='ltr'><strong>subiunxit</strong></span> <span class='ocrx_word' id='word_1_683' title='bbox 994 4994 1009 5032; x_wconf 90' lang='lat'><strong>:</strong></span> <span class='ocrx_word' id='word_1_684' title='bbox 1040 4980 1224 5049; x_wconf 76' lang='lat' dir='ltr'><strong>(Vsus.</strong></span> <span class='ocrx_word' id='word_1_685' title='bbox 1267 4980 1353 5049; x_wconf 84' lang='lat' dir='ltr'><strong>i0)</strong></span> <span class='ocrx_word' id='word_1_686' title='bbox 1385 4981 1505 5034; x_wconf 83' lang='lat' dir='ltr'><strong>Non</strong></span> <span class='ocrx_word' id='word_1_687' title='bbox 1542 4982 1675 5033; x_wconf 78' lang='lat' dir='ltr'><strong>enirn</strong></span> <span class='ocrx_word' id='word_1_688' title='bbox 1713 4982 1935 5049; x_wconf 81' lang='lat' dir='ltr'><strong>injustus</strong></span> <span class='ocrx_word' id='word_1_689' title='bbox 1964 4980 2128 5043; x_wconf 78' lang='lat' dir='ltr'><strong>Deus,</strong></span> <span class='ocrx_word' id='word_1_690' title='bbox 2170 4990 2224 5033; x_wconf 87' lang='lat' dir='ltr'><strong>ut</strong></span> 
     </span>
    </p>
   </div>
   <div class='ocr_carea' id='block_1_82' title="bbox 687 5068 2224 5138">
    <p class='ocr_par' dir='ltr' id='par_1_82' title="bbox 687 5068 2224 5138">
     <span class='ocr_line' id='line_1_82' title="bbox 687 5068 2224 5138; baseline 0.001 -18"><span class='ocrx_word' id='word_1_691' title='bbox 687 5068 1013 5122; x_wconf 74' lang='lat' dir='ltr'><strong>obliviscatur</strong></span> <span class='ocrx_word' id='word_1_692' title='bbox 1058 5068 1223 5135; x_wconf 82' lang='lat' dir='ltr'><strong>operis</strong></span> <span class='ocrx_word' id='word_1_693' title='bbox 1262 5068 1441 5132; x_wconf 76' lang='lat' dir='ltr'><strong>vestri,</strong></span> <span class='ocrx_word' id='word_1_694' title='bbox 1481 5078 1527 5121; x_wconf 82' lang='lat' dir='ltr'><strong>et</strong></span> <span class='ocrx_word' id='word_1_695' title='bbox 1553 5068 1835 5121; x_wconf 81' lang='lat' dir='ltr'><strong>dilectionis</strong></span> <span class='ocrx_word' id='word_1_696' title='bbox 1867 5086 2018 5138; x_wconf 84' lang='lat' dir='ltr'><strong>quam</strong></span> <span class='ocrx_word' id='word_1_697' title='bbox 2056 5081 2224 5122; x_wconf 83' lang='lat' dir='ltr'><strong>osten—</strong></span> 
     </span>
    </p>
   </div>
   <div class='ocr_carea' id='block_1_83' title="bbox 672 5156 2227 5226">
    <p class='ocr_par' dir='ltr' id='par_1_83' title="bbox 672 5156 2227 5226">
     <span class='ocr_line' id='line_1_83' title="bbox 672 5156 2227 5226; baseline 0.003 -19"><span class='ocrx_word' id='word_1_698' title='bbox 672 5158 833 5209; x_wconf 79' lang='lat' dir='ltr'><strong>distis</strong></span> <span class='ocrx_word' id='word_1_699' title='bbox 859 5158 912 5209; x_wconf 77' lang='lat' dir='ltr'><strong>in</strong></span> <span class='ocrx_word' id='word_1_700' title='bbox 940 5156 1140 5209; x_wconf 76' lang='lat' dir='ltr'><strong>nomine</strong></span> <span class='ocrx_word' id='word_1_701' title='bbox 1168 5157 1349 5225; x_wconf 74' lang='lat' dir='ltr'><strong>ipsius,</strong></span> <span class='ocrx_word' id='word_1_702' title='bbox 1382 5159 1468 5226; x_wconf 78' lang='lat' dir='ltr'><strong>qui</strong></span> <span class='ocrx_word' id='word_1_703' title='bbox 1492 5159 1813 5211; x_wconf 83' lang='lat' dir='ltr'><strong>utinistrastis</strong></span> <span class='ocrx_word' id='word_1_704' title='bbox 1840 5161 2029 5213; x_wconf 76' lang='lat' dir='ltr'><strong>sanctis</strong></span> <span class='ocrx_word' id='word_1_705' title='bbox 2056 5170 2102 5213; x_wconf 90' lang='lat' dir='ltr'><strong>et</strong></span> <span class='ocrx_word' id='word_1_706' title='bbox 2131 5163 2227 5211; x_wconf 77' lang='lat' dir='ltr'><strong>nti-</strong></span> 
     </span>
    </p>
   </div>
   <div class='ocr_carea' id='block_1_84' title="bbox 690 5244 2230 5312">
    <p class='ocr_par' dir='ltr' id='par_1_84' title="bbox 690 5244 2230 5312">
     <span class='ocr_line' id='line_1_84' title="bbox 690 5244 2230 5312; baseline 0.002 -18"><span class='ocrx_word' id='word_1_707' title='bbox 690 5246 935 5297; x_wconf 81' lang='lat' dir='ltr'><strong>nistratis.</strong></span> <span class='ocrx_word' id='word_1_708' title='bbox 960 5261 983 5293; x_wconf 71' lang='grc' dir='ltr'><strong>ι</strong></span> <span class='ocrx_word' id='word_1_709' title='bbox 1011 5244 1149 5301; x_wconf 75' lang='lat' dir='ltr'><strong>Ecce</strong></span> <span class='ocrx_word' id='word_1_710' title='bbox 1169 5246 1430 5312; x_wconf 78' lang='lat' dir='ltr'><strong>quomodo</strong></span> <span class='ocrx_word' id='word_1_711' title='bbox 1456 5246 1711 5299; x_wconf 79' lang='lat' dir='ltr'><strong>recreavit</strong></span> <span class='ocrx_word' id='word_1_712' title='bbox 1730 5248 1933 5301; x_wconf 80' lang='lat' dir='ltr'><strong>animas</strong></span> <span class='ocrx_word' id='word_1_713' title='bbox 1952 5260 2153 5307; x_wconf 82' lang='lat' dir='ltr'><strong>eorum.</strong></span> <span class='ocrx_word' id='word_1_714' title='bbox 2176 5256 2230 5298; x_wconf 86' lang='lat' dir='ltr'><strong>et</strong></span> 
     </span>
    </p>
   </div>
   <div class='ocr_carea' id='block_1_85' title="bbox 690 5332 2229 5400">
    <p class='ocr_par' dir='ltr' id='par_1_85' title="bbox 690 5332 2229 5400">
     <span class='ocr_line' id='line_1_85' title="bbox 690 5332 2229 5400; baseline 0.001 -16"><span class='ocrx_word' id='word_1_715' title='bbox 690 5332 1026 5395; x_wconf 80' lang='lat' dir='ltr'><strong>conlortavit.</strong></span> <span class='ocrx_word' id='word_1_716' title='bbox 1064 5334 1279 5400; x_wconf 74' lang='lat' dir='ltr'><strong>antiqua</strong></span> <span class='ocrx_word' id='word_1_717' title='bbox 1306 5334 1385 5387; x_wconf 83' lang='lat' dir='ltr'><strong>eis</strong></span> <span class='ocrx_word' id='word_1_718' title='bbox 1415 5336 1466 5386; x_wconf 86' lang='lat' dir='ltr'><strong>in</strong></span> <span class='ocrx_word' id='word_1_719' title='bbox 1498 5344 1726 5387; x_wconf 76' lang='lat' dir='ltr'><strong>mentem</strong></span> <span class='ocrx_word' id='word_1_720' title='bbox 1768 5348 2019 5387; x_wconf 79' lang='lat' dir='ltr'><strong>revocans</strong></span> <span class='ocrx_word' id='word_1_721' title='bbox 2052 5350 2065 5384; x_wconf 91' lang='lat'><strong>:</strong></span> <span class='ocrx_word' id='word_1_722' title='bbox 2106 5342 2229 5385; x_wconf 85' lang='lat' dir='ltr'><strong>tunc</strong></span> 
     </span>
    </p>
   </div>
   <div class='ocr_carea' id='block_1_86' title="bbox 693 5419 2230 5493">
    <p class='ocr_par' dir='ltr' id='par_1_86' title="bbox 693 5419 2230 5493">
     <span class='ocr_line' id='line_1_86' title="bbox 693 5419 2230 5493; baseline 0.001 -21"><span class='ocrx_word' id='word_1_723' title='bbox 693 5419 815 5473; x_wconf 72' lang='lat' dir='ltr'><strong>fecit</strong></span> <span class='ocrx_word' id='word_1_724' title='bbox 842 5434 957 5493; x_wconf 71' lang='lat' dir='ltr'><strong>eos,</strong></span> <span class='ocrx_word' id='word_1_725' title='bbox 992 5430 1049 5476; x_wconf 81' lang='lat' dir='ltr'><strong>ut</strong></span> <span class='ocrx_word' id='word_1_726' title='bbox 1073 5435 1176 5475; x_wconf 79' lang='lat' dir='ltr'><strong>non</strong></span> <span class='ocrx_word' id='word_1_727' title='bbox 1205 5421 1526 5474; x_wconf 68' lang='lat' dir='ltr'><strong>aestimarent</strong></span> <span class='ocrx_word' id='word_1_728' title='bbox 1551 5422 1786 5475; x_wconf 79' lang='lat' dir='ltr'><strong>oblivisci</strong></span> <span class='ocrx_word' id='word_1_729' title='bbox 1815 5423 1999 5483; x_wconf 84' lang='lat' dir='ltr'><strong>Deum,</strong></span> <span class='ocrx_word' id='word_1_730' title='bbox 2024 5429 2079 5474; x_wconf 89' lang='lat' dir='ltr'><strong>et</strong></span> <span class='ocrx_word' id='word_1_731' title='bbox 2099 5436 2230 5490; x_wconf 68' lang='lat' dir='ltr'><strong>pra!-</strong></span> 
     </span>
    </p>
   </div>
   <div class='ocr_carea' id='block_1_87' title="bbox 695 5508 2228 5578">
    <p class='ocr_par' dir='ltr' id='par_1_87' title="bbox 695 5508 2228 5578">
     <span class='ocr_line' id='line_1_87' title="bbox 695 5508 2228 5578; baseline 0.004 -21"><span class='ocrx_word' id='word_1_732' title='bbox 695 5508 849 5561; x_wconf 81' lang='lat' dir='ltr'><strong>terita</strong></span> <span class='ocrx_word' id='word_1_733' title='bbox 888 5510 1003 5578; x_wconf 64' lang='lat' dir='ltr'><strong>eius</strong></span> <span class='ocrx_word' id='word_1_734' title='bbox 1049 5508 1301 5563; x_wconf 75' lang='lat' dir='ltr'><strong>beneﬁcia</strong></span> <span class='ocrx_word' id='word_1_735' title='bbox 1330 5509 1381 5561; x_wconf 88' lang='lat' dir='ltr'><strong>in</strong></span> <span class='ocrx_word' id='word_1_736' title='bbox 1408 5522 1527 5572; x_wconf 87' lang='lat' dir='ltr'><strong>eos;</strong></span> <span class='ocrx_word' id='word_1_737' title='bbox 1557 5523 1772 5563; x_wconf 82' lang='lat' dir='ltr'><strong>necesse</strong></span> <span class='ocrx_word' id='word_1_738' title='bbox 1809 5518 1893 5563; x_wconf 88' lang='lat' dir='ltr'><strong>est</strong></span> <span class='ocrx_word' id='word_1_739' title='bbox 1934 5511 2074 5563; x_wconf 71' lang='lat' dir='ltr'><strong>enim</strong></span> <span class='ocrx_word' id='word_1_740' title='bbox 2110 5526 2228 5563; x_wconf 88' lang='lat' dir='ltr'><strong>eum</strong></span> 
     </span>
    </p>
   </div>
   <div class='ocr_carea' id='block_1_88' title="bbox 697 5598 2233 5667">
    <p class='ocr_par' dir='ltr' id='par_1_88' title="bbox 697 5598 2233 5667">
     <span class='ocr_line' id='line_1_88' title="bbox 697 5598 2233 5667; baseline 0.001 -18"><span class='ocrx_word' id='word_1_741' title='bbox 697 5609 936 5661; x_wconf 79' lang='lat' dir='ltr'><strong>peccare.</strong></span> <span class='ocrx_word' id='word_1_742' title='bbox 964 5598 1048 5651; x_wconf 83' lang='lat' dir='ltr'><strong>cui</strong></span> <span class='ocrx_word' id='word_1_743' title='bbox 1072 5612 1194 5667; x_wconf 86' lang='lat' dir='ltr'><strong>spes</strong></span> <span class='ocrx_word' id='word_1_744' title='bbox 1222 5598 1389 5651; x_wconf 82' lang='lat' dir='ltr'><strong>deerit</strong></span> <span class='ocrx_word' id='word_1_745' title='bbox 1422 5598 1612 5651; x_wconf 76' lang='lat' dir='ltr'><strong>futura.</strong></span> <span class='ocrx_word' id='word_1_746' title='bbox 1655 5599 1851 5652; x_wconf 77' lang='lat' dir='ltr'><strong>Deinde</strong></span> <span class='ocrx_word' id='word_1_747' title='bbox 1883 5602 2121 5653; x_wconf 81' lang='lat' dir='ltr'><strong>hortatur</strong></span> <span class='ocrx_word' id='word_1_748' title='bbox 2143 5614 2233 5651; x_wconf 86' lang='lat' dir='ltr'><strong>cos</strong></span> 
     </span>
    </p>
   </div>
   <div class='ocr_carea' id='block_1_89' title="bbox 2001 5757 2099 5773">
    <p class='ocr_par' dir='ltr' id='par_1_89' title="bbox 2001 5757 2099 5773">
     <span class='ocr_line' id='line_1_89' title="bbox 2001 5757 2099 5773; baseline 0 0"><span class='ocrx_word' id='word_1_749' title='bbox 2001 5757 2099 5773; x_wconf 54' lang='grc' dir='ltr'><strong>νου</strong></span> 
     </span>
    </p>
   </div>
   <div class='ocr_carea' id='block_1_90' title="bbox 2306 3210 2835 3273">
    <p class='ocr_par' dir='ltr' id='par_1_90' title="bbox 2306 3210 2835 3273">
     <span class='ocr_line' id='line_1_90' title="bbox 2306 3210 2835 3273; baseline -0.002 -10"><span class='ocrx_word' id='word_1_750' title='bbox 2306 3220 2412 3273; x_wconf 90' lang='lat' dir='ltr'><strong>tur,</strong></span> <span class='ocrx_word' id='word_1_751' title='bbox 2440 3210 2566 3267; x_wconf 90' lang='lat' dir='ltr'><strong>dum</strong></span> <span class='ocrx_word' id='word_1_752' title='bbox 2596 3210 2789 3263; x_wconf 88' lang='lat' dir='ltr'><strong>dicitur</strong></span> <span class='ocrx_word' id='word_1_753' title='bbox 2821 3228 2835 3262; x_wconf 87' lang='lat'><strong>:</strong></span> 
     </span>
    </p>
   </div>
   <div class='ocr_carea' id='block_1_91' title="bbox 2376 3298 3843 3370">
    <p class='ocr_par' dir='ltr' id='par_1_91' title="bbox 2376 3298 3843 3370">
     <span class='ocr_line' id='line_1_91' title="bbox 2376 3298 3843 3370; baseline 0.005 -17"><span class='ocrx_word' id='word_1_754' title='bbox 2376 3300 2531 3353; x_wconf 73' lang='lat' dir='ltr'><strong>Vsus.</strong></span> <span class='ocrx_word' id='word_1_755' title='bbox 2572 3298 2747 3351; x_wconf 76' lang='lat' dir='ltr'><strong>l3-l5.</strong></span> <span class='ocrx_word' id='word_1_756' title='bbox 2784 3327 2851 3337; x_wconf 88' lang='lat'><strong>——</strong></span> <span class='ocrx_word' id='word_1_757' title='bbox 2888 3299 3106 3352; x_wconf 68' lang='lat' dir='ltr'><strong>Abrahae</strong></span> <span class='ocrx_word' id='word_1_758' title='bbox 3134 3317 3348 3370; x_wconf 75' lang='lat' dir='ltr'><strong>namque</strong></span> <span class='ocrx_word' id='word_1_759' title='bbox 3370 3304 3667 3369; x_wconf 75' lang='lat' dir='ltr'><strong>promittens</strong></span> <span class='ocrx_word' id='word_1_760' title='bbox 3691 3302 3843 3361; x_wconf 85' lang='lat' dir='ltr'><strong>Deus.</strong></span> 
     </span>
    </p>
   </div>
   <div class='ocr_carea' id='block_1_92' title="bbox 2305 3388 3844 3461">
    <p class='ocr_par' dir='ltr' id='par_1_92' title="bbox 2305 3388 3844 3461">
     <span class='ocr_line' id='line_1_92' title="bbox 2305 3388 3844 3461; baseline 0.003 -21"><span class='ocrx_word' id='word_1_761' title='bbox 2305 3389 2545 3458; x_wconf 80' lang='lat' dir='ltr'><strong>quoniam</strong></span> <span class='ocrx_word' id='word_1_762' title='bbox 2573 3388 2821 3441; x_wconf 86' lang='lat' dir='ltr'><strong>neminem</strong></span> <span class='ocrx_word' id='word_1_763' title='bbox 2849 3388 3022 3441; x_wconf 75' lang='lat' dir='ltr'><strong>habuit</strong></span> <span class='ocrx_word' id='word_1_764' title='bbox 3058 3404 3149 3457; x_wconf 83' lang='lat' dir='ltr'><strong>per</strong></span> <span class='ocrx_word' id='word_1_765' title='bbox 3176 3406 3322 3458; x_wconf 77' lang='lat' dir='ltr'><strong>quem</strong></span> <span class='ocrx_word' id='word_1_766' title='bbox 3346 3391 3551 3459; x_wconf 82' lang='lat' dir='ltr'><strong>juraret</strong></span> <span class='ocrx_word' id='word_1_767' title='bbox 3581 3394 3844 3461; x_wconf 57' lang='lat' dir='ltr'><strong>majorem,</strong></span> 
     </span>
    </p>
   </div>
   <div class='ocr_carea' id='block_1_93' title="bbox 2298 3477 3844 3548">
    <p class='ocr_par' dir='ltr' id='par_1_93' title="bbox 2298 3477 3844 3548">
     <span class='ocr_line' id='line_1_93' title="bbox 2298 3477 3844 3548; baseline 0.002 -19"><span class='ocrx_word' id='word_1_768' title='bbox 2298 3478 2493 3547; x_wconf 81' lang='lat' dir='ltr'><strong>juraoit</strong></span> <span class='ocrx_word' id='word_1_769' title='bbox 2521 3494 2610 3548; x_wconf 73' lang='lat' dir='ltr'><strong>per</strong></span> <span class='ocrx_word' id='word_1_770' title='bbox 2637 3477 2971 3545; x_wconf 79' lang='lat' dir='ltr'><strong>semetipsum,</strong></span> <span class='ocrx_word' id='word_1_771' title='bbox 2992 3478 3163 3531; x_wconf 83' lang='lat' dir='ltr'><strong>dicens</strong></span> <span class='ocrx_word' id='word_1_772' title='bbox 3185 3494 3203 3530; x_wconf 89' lang='lat'><strong><em>:</em></strong></span> <span class='ocrx_word' id='word_1_773' title='bbox 3227 3478 3535 3532; x_wconf 83' lang='lat' dir='ltr'><strong>Benediccns</strong></span> <span class='ocrx_word' id='word_1_774' title='bbox 3560 3480 3844 3533; x_wconf 41' lang='lat' dir='ltr'><strong>benedicens</strong></span> 
     </span>
    </p>
   </div>
   <div class='ocr_carea' id='block_1_94' title="bbox 2309 3564 3844 3638">
    <p class='ocr_par' dir='ltr' id='par_1_94' title="bbox 2309 3564 3844 3638">
     <span class='ocr_line' id='line_1_94' title="bbox 2309 3564 3844 3638; baseline 0.003 -22"><span class='ocrx_word' id='word_1_775' title='bbox 2309 3576 2377 3628; x_wconf 88' lang='lat' dir='ltr'><strong>te,</strong></span> <span class='ocrx_word' id='word_1_776' title='bbox 2405 3574 2451 3617; x_wconf 88' lang='lat' dir='ltr'><strong>et</strong></span> <span class='ocrx_word' id='word_1_777' title='bbox 2485 3564 2830 3631; x_wconf 64' lang='lat' dir='ltr'><strong>multiplicans</strong></span> <span class='ocrx_word' id='word_1_778' title='bbox 2859 3564 3203 3633; x_wconf 79' lang='lat' dir='ltr'><strong>multiplicabo</strong></span> <span class='ocrx_word' id='word_1_779' title='bbox 3230 3575 3295 3619; x_wconf 86' lang='lat' dir='ltr'><strong>te.</strong></span> <span class='ocrx_word' id='word_1_780' title='bbox 3320 3566 3384 3618; x_wconf 80' lang='lat' dir='ltr'><strong>Et</strong></span> <span class='ocrx_word' id='word_1_781' title='bbox 3402 3566 3844 3638; x_wconf 79' lang='lat' dir='ltr'><strong>siclonganimiter</strong></span> 
     </span>
    </p>
   </div>
   <div class='ocr_carea' id='block_1_95' title="bbox 2311 3655 3847 3725">
    <p class='ocr_par' dir='ltr' id='par_1_95' title="bbox 2311 3655 3847 3725">
     <span class='ocr_line' id='line_1_95' title="bbox 2311 3655 3847 3725; baseline 0.002 -20"><span class='ocrx_word' id='word_1_782' title='bbox 2311 3655 2476 3722; x_wconf 80' lang='lat' dir='ltr'><strong>ferens</strong></span> <span class='ocrx_word' id='word_1_783' title='bbox 2515 3655 2726 3723; x_wconf 80' lang='lat' dir='ltr'><strong>adeptus</strong></span> <span class='ocrx_word' id='word_1_784' title='bbox 2765 3665 2835 3707; x_wconf 86' lang='lat' dir='ltr'><strong>est</strong></span> <span class='ocrx_word' id='word_1_785' title='bbox 2869 3655 3272 3724; x_wconf 83' lang='lat' dir='ltr'><strong>promissionem.</strong></span> <span class='ocrx_word' id='word_1_786' title='bbox 3307 3655 3435 3711; x_wconf 77' lang='lat' dir='ltr'><strong>Mira</strong></span> <span class='ocrx_word' id='word_1_787' title='bbox 3477 3668 3560 3713; x_wconf 82' lang='lat' dir='ltr'><strong>est</strong></span> <span class='ocrx_word' id='word_1_788' title='bbox 3598 3659 3847 3725; x_wconf 88' lang='lat' dir='ltr'><strong>sapientia</strong></span> 
     </span>
    </p>
   </div>
   <div class='ocr_carea' id='block_1_96' title="bbox 2312 3743 3847 3813">
    <p class='ocr_par' dir='ltr' id='par_1_96' title="bbox 2312 3743 3847 3813">
     <span class='ocr_line' id='line_1_96' title="bbox 2312 3743 3847 3813; baseline 0 -18"><span class='ocrx_word' id='word_1_789' title='bbox 2312 3743 2451 3795; x_wconf 85' lang='lat' dir='ltr'><strong>beati</strong></span> <span class='ocrx_word' id='word_1_790' title='bbox 2479 3743 2627 3795; x_wconf 86' lang='lat' dir='ltr'><strong>Pauli</strong></span> <span class='ocrx_word' id='word_1_791' title='bbox 2655 3760 2667 3793; x_wconf 86' lang='lat'>:</span> <span class='ocrx_word' id='word_1_792' title='bbox 2699 3757 2793 3810; x_wconf 88' lang='lat' dir='ltr'><strong>per</strong></span> <span class='ocrx_word' id='word_1_793' title='bbox 2818 3744 2963 3797; x_wconf 87' lang='lat' dir='ltr'><strong>vices</strong></span> <span class='ocrx_word' id='word_1_794' title='bbox 2984 3746 3127 3796; x_wconf 82' lang='lat' dir='ltr'><strong>enim</strong></span> <span class='ocrx_word' id='word_1_795' title='bbox 3153 3744 3397 3813; x_wconf 77' lang='lat' dir='ltr'><strong>laudibus</strong></span> <span class='ocrx_word' id='word_1_796' title='bbox 3420 3744 3623 3797; x_wconf 87' lang='lat' dir='ltr'><strong>extollit</strong></span> <span class='ocrx_word' id='word_1_797' title='bbox 3658 3759 3751 3797; x_wconf 77' lang='lat' dir='ltr'><strong>eos</strong></span> <span class='ocrx_word' id='word_1_798' title='bbox 3784 3743 3847 3796; x_wconf 85' lang='lat' dir='ltr'><strong>ad</strong></span> 
     </span>
    </p>
   </div>
   <div class='ocr_carea' id='block_1_97' title="bbox 2312 3833 3850 3905">
    <p class='ocr_par' dir='ltr' id='par_1_97' title="bbox 2312 3833 3850 3905">
     <span class='ocr_line' id='line_1_97' title="bbox 2312 3833 3850 3905; baseline 0.003 -22"><span class='ocrx_word' id='word_1_799' title='bbox 2312 3851 2445 3903; x_wconf 82' lang='lat' dir='ltr'><strong>quos</strong></span> <span class='ocrx_word' id='word_1_800' title='bbox 2471 3834 2690 3897; x_wconf 86' lang='lat' dir='ltr'><strong>scribit;</strong></span> <span class='ocrx_word' id='word_1_801' title='bbox 2715 3848 2810 3901; x_wconf 89' lang='lat' dir='ltr'><strong>per</strong></span> <span class='ocrx_word' id='word_1_802' title='bbox 2829 3834 2971 3905; x_wconf 79' lang='lat' dir='ltr'><strong>vices</strong></span> <span class='ocrx_word' id='word_1_803' title='bbox 3000 3833 3287 3887; x_wconf 86' lang='lat' dir='ltr'><strong>terroribus</strong></span> <span class='ocrx_word' id='word_1_804' title='bbox 3310 3833 3669 3887; x_wconf 88' lang='lat' dir='ltr'><strong>antecedentis</strong></span> <span class='ocrx_word' id='word_1_805' title='bbox 3691 3834 3850 3889; x_wconf 80' lang='lat' dir='ltr'><strong>histo-</strong></span> 
     </span>
    </p>
   </div>
   <div class='ocr_carea' id='block_1_98' title="bbox 2316 3920 3861 3983">
    <p class='ocr_par' dir='ltr' id='par_1_98' title="bbox 2316 3920 3861 3983">
     <span class='ocr_line' id='line_1_98' title="bbox 2316 3920 3861 3983; baseline -0.001 -8"><span class='ocrx_word' id='word_1_806' title='bbox 2316 3925 2407 3975; x_wconf 71' lang='lat' dir='ltr'><strong>ria:</strong></span> <span class='ocrx_word' id='word_1_807' title='bbox 2436 3929 2599 3975; x_wconf 86' lang='lat' dir='ltr'><strong>terret</strong></span> <span class='ocrx_word' id='word_1_808' title='bbox 2630 3936 2741 3983; x_wconf 87' lang='lat' dir='ltr'><strong>eos,</strong></span> <span class='ocrx_word' id='word_1_809' title='bbox 2783 3936 2850 3973; x_wconf 90' lang='lat' dir='ltr'><strong>ne</strong></span> <span class='ocrx_word' id='word_1_810' title='bbox 2876 3920 3112 3975; x_wconf 77' lang='lat' dir='ltr'><strong>infideles</strong></span> <span class='ocrx_word' id='word_1_811' title='bbox 3141 3928 3335 3982; x_wconf 80' lang='lat' dir='ltr'><strong>essent,</strong></span> <span class='ocrx_word' id='word_1_812' title='bbox 3364 3930 3420 3975; x_wconf 86' lang='lat' dir='ltr'><strong>et</strong></span> <span class='ocrx_word' id='word_1_813' title='bbox 3447 3922 3621 3975; x_wconf 87' lang='lat' dir='ltr'><strong>minus</strong></span> <span class='ocrx_word' id='word_1_814' title='bbox 3654 3921 3861 3976; x_wconf 85' lang='lat' dir='ltr'><strong>creduli-</strong></span> 
     </span>
    </p>
   </div>
   <div class='ocr_carea' id='block_1_99' title="bbox 2314 4012 3851 4082">
    <p class='ocr_par' dir='ltr' id='par_1_99' title="bbox 2314 4012 3851 4082">
     <span class='ocr_line' id='line_1_99' title="bbox 2314 4012 3851 4082; baseline 0.001 -17"><span class='ocrx_word' id='word_1_815' title='bbox 2314 4013 2650 4082; x_wconf 88' lang='lat' dir='ltr'><strong>promissioni</strong></span> <span class='ocrx_word' id='word_1_816' title='bbox 2698 4013 2824 4076; x_wconf 83' lang='lat' dir='ltr'><strong>Dei;</strong></span> <span class='ocrx_word' id='word_1_817' title='bbox 2868 4028 2961 4081; x_wconf 88' lang='lat' dir='ltr'><strong>per</strong></span> <span class='ocrx_word' id='word_1_818' title='bbox 3003 4014 3147 4065; x_wconf 89' lang='lat' dir='ltr'><strong>vices</strong></span> <span class='ocrx_word' id='word_1_819' title='bbox 3206 4026 3331 4065; x_wconf 88' lang='lat' dir='ltr'><strong>vero</strong></span> <span class='ocrx_word' id='word_1_820' title='bbox 3373 4025 3557 4065; x_wconf 88' lang='lat' dir='ltr'><strong>eorum</strong></span> <span class='ocrx_word' id='word_1_821' title='bbox 3605 4012 3851 4079; x_wconf 86' lang='lat' dir='ltr'><strong>exemplis</strong></span> 
     </span>
    </p>
   </div>
   <div class='ocr_carea' id='block_1_100' title="bbox 2317 4098 3851 4170">
    <p class='ocr_par' dir='ltr' id='par_1_100' title="bbox 2317 4098 3851 4170">
     <span class='ocr_line' id='line_1_100' title="bbox 2317 4098 3851 4170; baseline -0.003 -15"><span class='ocrx_word' id='word_1_822' title='bbox 2317 4105 2560 4155; x_wconf 82' lang='lat' dir='ltr'><strong>hortatur</strong></span> <span class='ocrx_word' id='word_1_823' title='bbox 2590 4103 2656 4154; x_wconf 92' lang='lat' dir='ltr'><strong>ad</strong></span> <span class='ocrx_word' id='word_1_824' title='bbox 2690 4100 2999 4170; x_wconf 84' lang='lat' dir='ltr'><strong>patientiam</strong></span> <span class='ocrx_word' id='word_1_825' title='bbox 3038 4109 3093 4153; x_wconf 89' lang='lat' dir='ltr'><strong>et</strong></span> <span class='ocrx_word' id='word_1_826' title='bbox 3118 4099 3293 4152; x_wconf 82' lang='lat' dir='ltr'><strong>ﬁdem.</strong></span> <span class='ocrx_word' id='word_1_827' title='bbox 3324 4098 3389 4151; x_wconf 78' lang='lat' dir='ltr'><strong>Et</strong></span> <span class='ocrx_word' id='word_1_828' title='bbox 3412 4106 3471 4151; x_wconf 91' lang='lat' dir='ltr'><strong>ut</strong></span> <span class='ocrx_word' id='word_1_829' title='bbox 3502 4098 3851 4169; x_wconf 82' lang='lat' dir='ltr'><strong>indubitanter</strong></span> 
     </span>
    </p>
   </div>
   <div class='ocr_carea' id='block_1_101' title="bbox 2318 4186 3849 4255">
    <p class='ocr_par' dir='ltr' id='par_1_101' title="bbox 2318 4186 3849 4255">
     <span class='ocr_line' id='line_1_101' title="bbox 2318 4186 3849 4255; baseline -0.003 -10"><span class='ocrx_word' id='word_1_830' title='bbox 2318 4194 2554 4254; x_wconf 74' lang='lat' dir='ltr'><strong>credant,</strong></span> <span class='ocrx_word' id='word_1_831' title='bbox 2576 4206 2680 4244; x_wconf 91' lang='lat' dir='ltr'><strong>non</strong></span> <span class='ocrx_word' id='word_1_832' title='bbox 2701 4192 2871 4244; x_wconf 89' lang='lat' dir='ltr'><strong>solum</strong></span> <span class='ocrx_word' id='word_1_833' title='bbox 2892 4190 3000 4242; x_wconf 83' lang='lat' dir='ltr'><strong>Deo</strong></span> <span class='ocrx_word' id='word_1_834' title='bbox 3021 4188 3243 4250; x_wconf 84' lang='lat' dir='ltr'><strong>dicente,</strong></span> <span class='ocrx_word' id='word_1_835' title='bbox 3266 4200 3448 4240; x_wconf 80' lang='lat' dir='ltr'><strong>verum</strong></span> <span class='ocrx_word' id='word_1_836' title='bbox 3471 4186 3849 4255; x_wconf 83' lang='lat' dir='ltr'><strong>ctiamjurante</strong></span> 
     </span>
    </p>
   </div>
   <div class='ocr_carea' id='block_1_102' title="bbox 2318 4277 3854 4351">
    <p class='ocr_par' dir='ltr' id='par_1_102' title="bbox 2318 4277 3854 4351">
     <span class='ocr_line' id='line_1_102' title="bbox 2318 4277 3854 4351; baseline 0 -18"><span class='ocrx_word' id='word_1_837' title='bbox 2318 4299 2411 4351; x_wconf 81' lang='lat' dir='ltr'><strong>per</strong></span> <span class='ocrx_word' id='word_1_838' title='bbox 2436 4281 2795 4348; x_wconf 79' lang='lat' dir='ltr'><strong>semetipsum.</strong></span> <span class='ocrx_word' id='word_1_839' title='bbox 2819 4280 2885 4333; x_wconf 77' lang='lat' dir='ltr'><strong>Et</strong></span> <span class='ocrx_word' id='word_1_840' title='bbox 2908 4277 3031 4351; x_wconf 79' lang='lat' dir='ltr'><strong>dum</strong></span> <span class='ocrx_word' id='word_1_841' title='bbox 3054 4279 3101 4331; x_wconf 90' lang='lat' dir='ltr'><strong>ei</strong></span> <span class='ocrx_word' id='word_1_842' title='bbox 3131 4277 3293 4329; x_wconf 88' lang='lat' dir='ltr'><strong>multa</strong></span> <span class='ocrx_word' id='word_1_843' title='bbox 3318 4286 3658 4346; x_wconf 86' lang='lat' dir='ltr'><strong>suppeterent</strong></span> <span class='ocrx_word' id='word_1_844' title='bbox 3682 4294 3854 4333; x_wconf 85' lang='lat' dir='ltr'><strong>exem-</strong></span> 
     </span>
    </p>
   </div>
   <div class='ocr_carea' id='block_1_103' title="bbox 2320 4360 3854 4439">
    <p class='ocr_par' dir='ltr' id='par_1_103' title="bbox 2320 4360 3854 4439">
     <span class='ocr_line' id='line_1_103' title="bbox 2320 4360 3854 4439; baseline -0.003 -16"><span class='ocrx_word' id='word_1_845' title='bbox 2320 4374 2402 4439; x_wconf 85' lang='lat' dir='ltr'><strong>pla</strong></span> <span class='ocrx_word' id='word_1_846' title='bbox 2431 4377 2753 4430; x_wconf 83' lang='lat' dir='ltr'><strong>sanctorum,</strong></span> <span class='ocrx_word' id='word_1_847' title='bbox 2778 4368 2866 4436; x_wconf 89' lang='lat' dir='ltr'><strong>qui</strong></span> <span class='ocrx_word' id='word_1_848' title='bbox 2889 4383 2983 4436; x_wconf 85' lang='lat' dir='ltr'><strong>per</strong></span> <span class='ocrx_word' id='word_1_849' title='bbox 3005 4360 3308 4434; x_wconf 85' lang='lat' dir='ltr'><strong>patientiam</strong></span> <span class='ocrx_word' id='word_1_850' title='bbox 3345 4367 3716 4422; x_wconf 71' lang='lat' dir='ltr'><strong>bmreditarent</strong></span> <span class='ocrx_word' id='word_1_851' title='bbox 3738 4381 3854 4434; x_wconf 90' lang='lat' dir='ltr'><strong>pro-</strong></span> 
     </span>
    </p>
   </div>
   <div class='ocr_carea' id='block_1_104' title="bbox 2322 4454 3855 4525">
    <p class='ocr_par' dir='ltr' id='par_1_104' title="bbox 2322 4454 3855 4525">
     <span class='ocr_line' id='line_1_104' title="bbox 2322 4454 3855 4525; baseline -0.003 -14"><span class='ocrx_word' id='word_1_852' title='bbox 2322 4460 2597 4513; x_wconf 88' lang='lat' dir='ltr'><strong>missiones</strong></span> <span class='ocrx_word' id='word_1_853' title='bbox 2619 4458 2732 4519; x_wconf 78' lang='lat' dir='ltr'><strong>Dei,</strong></span> <span class='ocrx_word' id='word_1_854' title='bbox 2762 4456 3023 4525; x_wconf 69' lang='lat' dir='ltr'><strong>praecipue</strong></span> <span class='ocrx_word' id='word_1_855' title='bbox 3050 4455 3218 4509; x_wconf 83' lang='lat' dir='ltr'><strong>ﬁdelis</strong></span> <span class='ocrx_word' id='word_1_856' title='bbox 3253 4454 3550 4519; x_wconf 75' lang='lat' dir='ltr'><strong>Abraham,</strong></span> <span class='ocrx_word' id='word_1_857' title='bbox 3592 4476 3611 4507; x_wconf 77' lang='grc' dir='ltr'><strong>ι</strong></span> <span class='ocrx_word' id='word_1_858' title='bbox 3649 4465 3855 4524; x_wconf 84' lang='lat' dir='ltr'><strong>propter</strong></span> 
     </span>
    </p>
   </div>
   <div class='ocr_carea' id='block_1_105' title="bbox 2319 4544 3853 4617">
    <p class='ocr_par' dir='ltr' id='par_1_105' title="bbox 2319 4544 3853 4617">
     <span class='ocr_line' id='line_1_105' title="bbox 2319 4544 3853 4617; baseline -0.002 -17"><span class='ocrx_word' id='word_1_859' title='bbox 2319 4548 2625 4617; x_wconf 76' lang='lat' dir='ltr'><strong>dignitatem</strong></span> <span class='ocrx_word' id='word_1_860' title='bbox 2657 4560 2894 4614; x_wconf 76' lang='lat' dir='ltr'><strong>persona:</strong></span> <span class='ocrx_word' id='word_1_861' title='bbox 2922 4559 3048 4604; x_wconf 72' lang='lat' dir='ltr'><strong>sure,</strong></span> <span class='ocrx_word' id='word_1_862' title='bbox 3073 4551 3129 4596; x_wconf 88' lang='lat' dir='ltr'><strong>et</strong></span> <span class='ocrx_word' id='word_1_863' title='bbox 3151 4550 3368 4610; x_wconf 88' lang='lat' dir='ltr'><strong>propter</strong></span> <span class='ocrx_word' id='word_1_864' title='bbox 3392 4545 3532 4613; x_wconf 86' lang='lat' dir='ltr'><strong>quod</strong></span> <span class='ocrx_word' id='word_1_865' title='bbox 3558 4544 3783 4598; x_wconf 81' lang='lat' dir='ltr'><strong>maxime</strong></span> <span class='ocrx_word' id='word_1_866' title='bbox 3807 4546 3853 4597; x_wconf 88' lang='lat' dir='ltr'><strong>in</strong></span> 
     </span>
    </p>
   </div>
   <div class='ocr_carea' id='block_1_106' title="bbox 2318 4628 3857 4702">
    <p class='ocr_par' dir='ltr' id='par_1_106' title="bbox 2318 4628 3857 4702">
     <span class='ocr_line' id='line_1_106' title="bbox 2318 4628 3857 4702; baseline -0.003 -14"><span class='ocrx_word' id='word_1_867' title='bbox 2318 4651 2382 4689; x_wconf 84' lang='lat' dir='ltr'><strong>eo</strong></span> <span class='ocrx_word' id='word_1_868' title='bbox 2406 4635 2543 4687; x_wconf 88' lang='lat' dir='ltr'><strong>istud</strong></span> <span class='ocrx_word' id='word_1_869' title='bbox 2571 4630 2853 4699; x_wconf 72' lang='lat' dir='ltr'><strong>contigerit</strong></span> <span class='ocrx_word' id='word_1_870' title='bbox 2888 4628 3092 4698; x_wconf 78' lang='lat' dir='ltr'><strong>[SuppL</strong></span> <span class='ocrx_word' id='word_1_871' title='bbox 3132 4630 3413 4701; x_wconf 84' lang='lat' dir='ltr'><strong>meminit].</strong></span> <span class='ocrx_word' id='word_1_872' title='bbox 3451 4651 3468 4681; x_wconf 77' lang='grc' dir='ltr'><strong>ι</strong></span> <span class='ocrx_word' id='word_1_873' title='bbox 3514 4630 3857 4702; x_wconf 78' lang='lat' dir='ltr'><strong>Quilongaui-</strong></span> 
     </span>
    </p>
   </div>
   <div class='ocr_carea' id='block_1_107' title="bbox 2319 4719 3855 4793">
    <p class='ocr_par' dir='ltr' id='par_1_107' title="bbox 2319 4719 3855 4793">
     <span class='ocr_line' id='line_1_107' title="bbox 2319 4719 3855 4793; baseline -0.001 -19"><span class='ocrx_word' id='word_1_874' title='bbox 2319 4724 2466 4775; x_wconf 72' lang='lat' dir='ltr'><strong>initer</strong></span> <span class='ocrx_word' id='word_1_875' title='bbox 2492 4722 2661 4793; x_wconf 74' lang='lat' dir='ltr'><strong>ferens</strong></span> <span class='ocrx_word' id='word_1_876' title='bbox 2685 4720 2894 4787; x_wconf 80' lang='lat' dir='ltr'><strong>adeptus</strong></span> <span class='ocrx_word' id='word_1_877' title='bbox 2916 4728 2986 4769; x_wconf 88' lang='lat' dir='ltr'><strong>est</strong></span> <span class='ocrx_word' id='word_1_878' title='bbox 3011 4720 3064 4769; x_wconf 87' lang='lat' dir='ltr'><strong>in</strong></span> <span class='ocrx_word' id='word_1_879' title='bbox 3086 4719 3208 4786; x_wconf 83' lang='lat' dir='ltr'><strong>[iliis</strong></span> <span class='ocrx_word' id='word_1_880' title='bbox 3235 4720 3343 4772; x_wconf 84' lang='lat' dir='ltr'><strong>suis</strong></span> <span class='ocrx_word' id='word_1_881' title='bbox 3359 4720 3735 4787; x_wconf 78' lang='lat' dir='ltr'><strong>promissiones,</strong></span> <span class='ocrx_word' id='word_1_882' title='bbox 3758 4736 3855 4773; x_wconf 86' lang='lat' dir='ltr'><strong>non</strong></span> 
     </span>
    </p>
   </div>
   <div class='ocr_carea' id='block_1_108' title="bbox 2324 4804 3857 4875">
    <p class='ocr_par' dir='ltr' id='par_1_108' title="bbox 2324 4804 3857 4875">
     <span class='ocr_line' id='line_1_108' title="bbox 2324 4804 3857 4875; baseline -0.003 -14"><span class='ocrx_word' id='word_1_883' title='bbox 2324 4810 2477 4861; x_wconf 81' lang='lat' dir='ltr'><strong>modo</strong></span> <span class='ocrx_word' id='word_1_884' title='bbox 2503 4806 2753 4874; x_wconf 61' lang='lat' dir='ltr'><strong>prasteriti</strong></span> <span class='ocrx_word' id='word_1_885' title='bbox 2784 4806 3056 4871; x_wconf 85' lang='lat' dir='ltr'><strong>temporis,</strong></span> <span class='ocrx_word' id='word_1_886' title='bbox 3086 4820 3202 4872; x_wconf 76' lang='lat' dir='ltr'><strong>qua:</strong></span> <span class='ocrx_word' id='word_1_887' title='bbox 3230 4804 3282 4858; x_wconf 90' lang='lat' dir='ltr'><strong>in</strong></span> <span class='ocrx_word' id='word_1_888' title='bbox 3303 4806 3494 4873; x_wconf 88' lang='lat' dir='ltr'><strong>popqu</strong></span> <span class='ocrx_word' id='word_1_889' title='bbox 3522 4805 3613 4860; x_wconf 84' lang='lat' dir='ltr'><strong>Dei</strong></span> <span class='ocrx_word' id='word_1_890' title='bbox 3639 4806 3857 4875; x_wconf 71' lang='lat' dir='ltr'><strong>impleta</strong></span> 
     </span>
    </p>
   </div>
   <div class='ocr_carea' id='block_1_109' title="bbox 2324 4891 3857 4964">
    <p class='ocr_par' dir='ltr' id='par_1_109' title="bbox 2324 4891 3857 4964">
     <span class='ocr_line' id='line_1_109' title="bbox 2324 4891 3857 4964; baseline -0.003 -14"><span class='ocrx_word' id='word_1_891' title='bbox 2324 4907 2464 4962; x_wconf 90' lang='lat' dir='ltr'><strong>sunt,</strong></span> <span class='ocrx_word' id='word_1_892' title='bbox 2500 4897 2669 4964; x_wconf 75' lang='lat' dir='ltr'><strong>magis</strong></span> <span class='ocrx_word' id='word_1_893' title='bbox 2713 4894 2872 4945; x_wconf 84' lang='lat' dir='ltr'><strong>etiam</strong></span> <span class='ocrx_word' id='word_1_894' title='bbox 2903 4894 2953 4945; x_wconf 90' lang='lat' dir='ltr'><strong>in</strong></span> <span class='ocrx_word' id='word_1_895' title='bbox 2994 4892 3226 4945; x_wconf 77' lang='lat' dir='ltr'><strong>futurum</strong></span> <span class='ocrx_word' id='word_1_896' title='bbox 3259 4895 3609 4961; x_wconf 87' lang='lat' dir='ltr'><strong>pronuntians</strong></span> <span class='ocrx_word' id='word_1_897' title='bbox 3643 4895 3695 4948; x_wconf 90' lang='lat' dir='ltr'><strong>in</strong></span> <span class='ocrx_word' id='word_1_898' title='bbox 3731 4891 3857 4945; x_wconf 82' lang='lat' dir='ltr'><strong>tilias</strong></span> 
     </span>
    </p>
   </div>
   <div class='ocr_carea' id='block_1_110' title="bbox 2328 4979 3857 5047">
    <p class='ocr_par' dir='ltr' id='par_1_110' title="bbox 2328 4979 3857 5047">
     <span class='ocr_line' id='line_1_110' title="bbox 2328 4979 3857 5047; baseline -0.003 -10"><span class='ocrx_word' id='word_1_899' title='bbox 2328 4986 2444 5037; x_wconf 80' lang='lat' dir='ltr'><strong>ﬁdei</strong></span> <span class='ocrx_word' id='word_1_900' title='bbox 2475 4983 2722 5043; x_wconf 70' lang='lat' dir='ltr'><strong>Abrahte;</strong></span> <span class='ocrx_word' id='word_1_901' title='bbox 2754 4980 2903 5046; x_wconf 72' lang='lat' dir='ltr'><strong>ctrjns</strong></span> <span class='ocrx_word' id='word_1_902' title='bbox 2927 4980 3018 5032; x_wconf 78' lang='lat' dir='ltr'><strong>lilii</strong></span> <span class='ocrx_word' id='word_1_903' title='bbox 3046 4987 3165 5032; x_wconf 87' lang='lat' dir='ltr'><strong>sunt</strong></span> <span class='ocrx_word' id='word_1_904' title='bbox 3194 4994 3327 5047; x_wconf 89' lang='lat' dir='ltr'><strong>quos</strong></span> <span class='ocrx_word' id='word_1_905' title='bbox 3355 4982 3565 5036; x_wconf 87' lang='lat' dir='ltr'><strong>bonitas</strong></span> <span class='ocrx_word' id='word_1_906' title='bbox 3586 4979 3681 5033; x_wconf 86' lang='lat' dir='ltr'><strong>Dei</strong></span> <span class='ocrx_word' id='word_1_907' title='bbox 3705 4980 3768 5033; x_wconf 86' lang='lat' dir='ltr'><strong>de</strong></span> <span class='ocrx_word' id='word_1_908' title='bbox 3787 4980 3857 5033; x_wconf 84' lang='lat' dir='ltr'><strong>la-</strong></span> 
     </span>
    </p>
   </div>
   <div class='ocr_carea' id='block_1_111' title="bbox 2325 5068 3853 5141">
    <p class='ocr_par' dir='ltr' id='par_1_111' title="bbox 2325 5068 3853 5141">
     <span class='ocr_line' id='line_1_111' title="bbox 2325 5068 3853 5141; baseline -0.001 -15"><span class='ocrx_word' id='word_1_909' title='bbox 2325 5074 2532 5141; x_wconf 85' lang='lat' dir='ltr'><strong>pidibus</strong></span> <span class='ocrx_word' id='word_1_910' title='bbox 2558 5072 2791 5141; x_wconf 65' lang='lat' dir='ltr'><strong>gentium</strong></span> <span class='ocrx_word' id='word_1_911' title='bbox 2825 5069 3125 5131; x_wconf 78' lang='lat' dir='ltr'><strong>suscitavit,</strong></span> <span class='ocrx_word' id='word_1_912' title='bbox 3164 5079 3217 5124; x_wconf 86' lang='lat' dir='ltr'><strong>et</strong></span> <span class='ocrx_word' id='word_1_913' title='bbox 3242 5069 3367 5123; x_wconf 78' lang='lat' dir='ltr'><strong>fecit</strong></span> <span class='ocrx_word' id='word_1_914' title='bbox 3393 5082 3485 5122; x_wconf 87' lang='lat' dir='ltr'><strong>eos</strong></span> <span class='ocrx_word' id='word_1_915' title='bbox 3516 5068 3583 5122; x_wconf 62' lang='lat' dir='ltr'><strong>in&quot;</strong></span> <span class='ocrx_word' id='word_1_916' title='bbox 3614 5068 3719 5123; x_wconf 76' lang='lat' dir='ltr'><strong>ﬁde</strong></span> <span class='ocrx_word' id='word_1_917' title='bbox 3742 5084 3853 5124; x_wconf 80' lang='lat' dir='ltr'><strong>esse</strong></span> 
     </span>
    </p>
   </div>
   <div class='ocr_carea' id='block_1_112' title="bbox 2329 5154 3859 5225">
    <p class='ocr_par' dir='ltr' id='par_1_112' title="bbox 2329 5154 3859 5225">
     <span class='ocr_line' id='line_1_112' title="bbox 2329 5154 3859 5225; baseline 0.001 -13"><span class='ocrx_word' id='word_1_918' title='bbox 2329 5160 2459 5212; x_wconf 75' lang='lat' dir='ltr'><strong>filios</strong></span> <span class='ocrx_word' id='word_1_919' title='bbox 2481 5160 2724 5213; x_wconf 78' lang='lat' dir='ltr'><strong>Abraine.</strong></span> <span class='ocrx_word' id='word_1_920' title='bbox 2760 5154 3169 5211; x_wconf 85' lang='lat' dir='ltr'><strong>Promissionem</strong></span> <span class='ocrx_word' id='word_1_921' title='bbox 3192 5154 3291 5210; x_wconf 83' lang='lat' dir='ltr'><strong>Del</strong></span> <span class='ocrx_word' id='word_1_922' title='bbox 3327 5165 3606 5225; x_wconf 84' lang='lat' dir='ltr'><strong>cooperata</strong></span> <span class='ocrx_word' id='word_1_923' title='bbox 3643 5168 3723 5213; x_wconf 87' lang='lat' dir='ltr'><strong>est</strong></span> <span class='ocrx_word' id='word_1_924' title='bbox 3753 5158 3859 5214; x_wconf 86' lang='lat' dir='ltr'><strong>lon-</strong></span> 
     </span>
    </p>
   </div>
   <div class='ocr_carea' id='block_1_113' title="bbox 2326 5242 3857 5317">
    <p class='ocr_par' dir='ltr' id='par_1_113' title="bbox 2326 5242 3857 5317">
     <span class='ocr_line' id='line_1_113' title="bbox 2326 5242 3857 5317; baseline 0.001 -18"><span class='ocrx_word' id='word_1_925' title='bbox 2326 5248 2607 5317; x_wconf 74' lang='lat' dir='ltr'><strong>ganimitas</strong></span> <span class='ocrx_word' id='word_1_926' title='bbox 2648 5244 2947 5307; x_wconf 84' lang='lat' dir='ltr'><strong>audientis,</strong></span> <span class='ocrx_word' id='word_1_927' title='bbox 2997 5253 3051 5298; x_wconf 90' lang='lat' dir='ltr'><strong>et</strong></span> <span class='ocrx_word' id='word_1_928' title='bbox 3097 5242 3454 5311; x_wconf 71' lang='lat' dir='ltr'><strong>exspectantis</strong></span> <span class='ocrx_word' id='word_1_929' title='bbox 3505 5246 3857 5302; x_wconf 63' lang='lat' dir='ltr'><strong>bare-ditatem</strong></span> 
     </span>
    </p>
   </div>
   <div class='ocr_carea' id='block_1_114' title="bbox 2328 5332 3860 5405">
    <p class='ocr_par' dir='ltr' id='par_1_114' title="bbox 2328 5332 3860 5405">
     <span class='ocr_line' id='line_1_114' title="bbox 2328 5332 3860 5405; baseline 0.001 -17"><span class='ocrx_word' id='word_1_930' title='bbox 2328 5336 2671 5405; x_wconf 79' lang='lat' dir='ltr'><strong>promissam;</strong></span> <span class='ocrx_word' id='word_1_931' title='bbox 2698 5347 2855 5400; x_wconf 82' lang='lat' dir='ltr'><strong>quam</strong></span> <span class='ocrx_word' id='word_1_932' title='bbox 2881 5334 3091 5402; x_wconf 81' lang='lat' dir='ltr'><strong>quidem</strong></span> <span class='ocrx_word' id='word_1_933' title='bbox 3112 5333 3479 5399; x_wconf 83' lang='lat' dir='ltr'><strong>pusillanimes</strong></span> <span class='ocrx_word' id='word_1_934' title='bbox 3500 5343 3566 5401; x_wconf 79' lang='lat' dir='ltr'><strong>et</strong></span> <span class='ocrx_word' id='word_1_935' title='bbox 3587 5332 3860 5390; x_wconf 84' lang='lat' dir='ltr'><strong>incredibi—</strong></span> 
     </span>
    </p>
   </div>
   <div class='ocr_carea' id='block_1_115' title="bbox 2328 5419 3858 5497">
    <p class='ocr_par' dir='ltr' id='par_1_115' title="bbox 2328 5419 3858 5497">
     <span class='ocr_line' id='line_1_115' title="bbox 2328 5419 3858 5497; baseline 0 -21"><span class='ocrx_word' id='word_1_936' title='bbox 2328 5426 2403 5477; x_wconf 88' lang='lat' dir='ltr'><strong>les</strong></span> <span class='ocrx_word' id='word_1_937' title='bbox 2426 5420 2539 5491; x_wconf 75' lang='lat' dir='ltr'><strong>{Sic</strong></span> <span class='ocrx_word' id='word_1_938' title='bbox 2563 5423 2686 5490; x_wconf 77' lang='lat' dir='ltr'><strong>ms.j</strong></span> <span class='ocrx_word' id='word_1_939' title='bbox 2717 5423 2892 5474; x_wconf 80' lang='lat' dir='ltr'><strong>verbis</strong></span> <span class='ocrx_word' id='word_1_940' title='bbox 2920 5419 3013 5473; x_wconf 85' lang='lat' dir='ltr'><strong>Dei</strong></span> <span class='ocrx_word' id='word_1_941' title='bbox 3049 5434 3153 5475; x_wconf 84' lang='lat' dir='ltr'><strong>non</strong></span> <span class='ocrx_word' id='word_1_942' title='bbox 3181 5420 3393 5477; x_wconf 74' lang='lat' dir='ltr'><strong>fuerunt</strong></span> <span class='ocrx_word' id='word_1_943' title='bbox 3413 5424 3614 5497; x_wconf 75' lang='lat' dir='ltr'><strong>adepti,</strong></span> <span class='ocrx_word' id='word_1_944' title='bbox 3637 5423 3729 5480; x_wconf 88' lang='lat' dir='ltr'><strong>sed</strong></span> <span class='ocrx_word' id='word_1_945' title='bbox 3756 5420 3858 5495; x_wconf 57' lang='lat' dir='ltr'><strong>plin</strong></span> 
     </span>
    </p>
   </div>
   <div class='ocr_carea' id='block_1_116' title="bbox 2334 5509 3859 5580">
    <p class='ocr_par' dir='ltr' id='par_1_116' title="bbox 2334 5509 3859 5580">
     <span class='ocr_line' id='line_1_116' title="bbox 2334 5509 3859 5580; baseline 0.003 -15"><span class='ocrx_word' id='word_1_946' title='bbox 2334 5513 2463 5565; x_wconf 86' lang='lat' dir='ltr'><strong>rima</strong></span> <span class='ocrx_word' id='word_1_947' title='bbox 2486 5511 2696 5566; x_wconf 79' lang='lat' dir='ltr'><strong>iiiorum</strong></span> <span class='ocrx_word' id='word_1_948' title='bbox 2727 5513 2778 5564; x_wconf 88' lang='lat' dir='ltr'><strong>in</strong></span> <span class='ocrx_word' id='word_1_949' title='bbox 2814 5511 3023 5564; x_wconf 85' lang='lat' dir='ltr'><strong>deserto</strong></span> <span class='ocrx_word' id='word_1_950' title='bbox 3055 5512 3211 5580; x_wconf 86' lang='lat' dir='ltr'><strong>periit</strong></span> <span class='ocrx_word' id='word_1_951' title='bbox 3239 5510 3539 5568; x_wconf 85' lang='lat' dir='ltr'><strong>multitudo.</strong></span> <span class='ocrx_word' id='word_1_952' title='bbox 3569 5513 3737 5580; x_wconf 55' lang='lat' dir='ltr'><strong>(Nam</strong></span> <span class='ocrx_word' id='word_1_953' title='bbox 3774 5509 3859 5569; x_wconf 58' lang='lat' dir='ltr'><strong>imo</strong></span> 
     </span>
    </p>
   </div>
   <div class='ocr_carea' id='block_1_117' title="bbox 2334 5598 3861 5666">
    <p class='ocr_par' dir='ltr' id='par_1_117' title="bbox 2334 5598 3861 5666">
     <span class='ocr_line' id='line_1_117' title="bbox 2334 5598 3861 5666; baseline -0.001 -16"><span class='ocrx_word' id='word_1_954' title='bbox 2334 5600 2475 5666; x_wconf 83' lang='lat' dir='ltr'><strong>pium</strong></span> <span class='ocrx_word' id='word_1_955' title='bbox 2503 5606 2601 5661; x_wconf 80' lang='lat' dir='ltr'><strong>est,</strong></span> <span class='ocrx_word' id='word_1_956' title='bbox 2642 5598 2749 5651; x_wconf 84' lang='lat' dir='ltr'><strong>Deo</strong></span> <span class='ocrx_word' id='word_1_957' title='bbox 2776 5598 3008 5665; x_wconf 70' lang='lat' dir='ltr'><strong>iurante,</strong></span> <span class='ocrx_word' id='word_1_958' title='bbox 3049 5614 3152 5653; x_wconf 87' lang='lat' dir='ltr'><strong>non</strong></span> <span class='ocrx_word' id='word_1_959' title='bbox 3199 5599 3442 5653; x_wconf 82' lang='lat' dir='ltr'><strong>credere!</strong></span> <span class='ocrx_word' id='word_1_960' title='bbox 3490 5598 3691 5654; x_wconf 71' lang='lat' dir='ltr'><strong>luerit</strong></span> <span class='ocrx_word' id='word_1_961' title='bbox 3741 5600 3861 5653; x_wconf 75' lang='lat' dir='ltr'><strong>enisi</strong></span> 
     </span>
    </p>
   </div>
  </div>
