4262 6224
349 334 515 403 tum

994 341 1397 403 assumas;
1436 368 1506 389 -—
1545 329 1783 403 EXI‘OS‘.
1827 325 1889 401 ix
1930 332 2139 401 crast.
2184 351 2239 399 ς..
2283 334 2494 402 pAi‘u-
2520 350 2842 403 .unuznn.

3400 352 3538 404 1063

346 482 436 532 νει*
470 461 819 533 stnnetipsum,
854 438 1267 531 quin‘hemlnem
1312 459 1485 516 habuit
1526 458 1899 531 majorenti'per
1928 468 1968 521 Λ
1999 463 2236 525 addidit,
2266 463 2486 515 dicens:
2518 462 2579 513 Et
2625 464 2933 515 incedentem
2987 481 3141 532 usque
3186 465 3254 515 ad
3302 465 3583 515 interiora.

345 568 492 618 quem
517 549 738 618 juraret.
770 549 963 602 Potest
986 546 1344 621 hic’persona,
1377 551 1427 603 in
1455 552 1555 604 hoc
1575 550 1897 616 juramento,

353 640 439 690 Dei
466 636 635 690 Patris
658 636 894 705 intelligi.
917 642 1009 706 qui
1036 640 1101 691 de
1120 637 1255 691 Filio
1276 639 1371 691 suo
1394 639 1563 691 eidem
1587 639 1901 707 patriarcha:

353 726 598 799 promisit
619 726 802 779 dicens
830 744 843 779 :
870 727 937 779 Et
963 728 1016 780 in
1035 728 1223 780 semine
1244 737 1335 778 tuo
1357 726 1711 779 benedicentur
1730 742 1901 777 omnes

351 826 519 882 gentes
543 812 692 884 (Cen.
726 833 868 877 xxvi,
890 816 963 884 ι).
988 815 1104 869 Non
1134 815 1264 868 dicit
1288 816 1339 868 in
1364 816 1675 877 seminibus,
1698 823 1759 868 ut
1780 816 1919 868 δρα-λ

354 913 436 957 tus
467 903 657 959 Paulus
686 907 738 958 in
764 905 863 959 alia
891 898 1217 957 demonstrat
1243 903 1464 971 epistola
1494 900 1747 972 (Galytu,
1780 904 1897 971 {6);

357 995 467 1057 sed,
499 996 549 1048 in
574 996 773 1047 semine
802 1003 925 1058 tuo,
956 994 1055 1047 hoc
1092 980 1173 1046 est
1193 1032 1207 1056 ,
1245 992 1475 1047 Christo.
1503 992 1654 1046 Jumt
1682 994 1819 1046 enim
1850 1003 1902 1045 et

357 1086 495 1137 idem
536 1084 779 1139 Christus
816 1084 867 1137 in
910 1082 1194 1151 Evangelio
1233 1083 1413 1137 dicens
1450 1100 1462 1135 :
1502 1084 1695 1145 Amen,
1733 1100 1899 1145 amen,

357 1175 470 1225 dico
500 1174 636 1227 vobis
663 1173 839 1243 (Joan.
885 1188 926 1235 ι,
964 1172 1073 1240 5i),
1110 1181 1166 1225 et
1202 1174 1313 1240 ipse
1351 1188 1448 1240 per
1492 1174 1743 1241 seipsnm.
1781 1176 1900 1241 quia

359 1276 457 1315 nec
488 1262 597 1330 ipse
622 1262 808 1315 habuit
836 1262 1110 1331 majorem,
1136 1276 1409 1330 perquem
1431 1261 1655 1328 iuraret.
1689 1263 1902 1316 Benedi-

358 1367 473 1403 τρια
495 1349 788 1402 benedicens
816 1361 881 1402 te.
919 1344 1028 1403 lloc
1062 1358 1175 1413 est,
1205 1350 1256 1402 in
1292 1349 1457 1404 stellis
1484 1350 1621 1409 coeli,
1653 1365 1749 1419 per
1774 1341 1905 1417 quas

359 1440 526 1493 sancti
553 1439 896 1508 designantur
921 1440 987 1493 de
1026 1438 1142 1507 ejus
1177 1434 1379 1493 semine
1414 1438 1683 1490 l'uturi.....
1728 1438 1905 1490 Multi-

357 1526 550 1595 plicans
575 1524 920 1594 multiplicabo
948 1536 1026 1589 te;
1067 1534 1120 1578 et
1154 1526 1254 1591 hoc
1291 1526 1344 1578 in
1384 1514 1542 1578 arena
1582 1526 1770 1585 maris,
1812 1542 1906 1595 per

360 1631 516 1683 quiam
539 1623 843 1685 peccatores
862 1613 1035 1683 populi
1059 1614 1197 1667 illius
1211 1614 1476 1682 designari
1500 1624 1733 1681 possunt.
1752 1614 1905 1669 [trn-

361 1718 464 1769 que
489 1704 630 1756 enim
666 1700 943 1755 Dominum
971 1700 1166 1754 dixisse
1194 1699 1407 1769 legitur,
1438 1701 1525 1753 ubi
1555 1702 1628 1753 ait
1665 1720 1677 1753 :
1721 1701 1783 1753 Et
1810 1702 1903 1753 erit

2004 551 2284 604 rclaminis.
2314 550 2624 618 Tempestas
2648 554 2787 605 enim
2818 563 2868 603 et
2900 554 3093 603 inultus
3120 553 3289 605 imber
3315 567 3546 603 conmm-

2002 650 2088 691 vet
2114 648 2311 700 ratem;
2341 640 2568 691 anchora
2596 647 2769 691 autem
2797 656 2899 691 non
2924 642 3179 708 permittit
3202 656 3315 691 eam
3342 640 3549 691 demer-

2004 730 2087 792 gi;
2117 728 2194 783 sic
2220 728 2380 779 etiam
2413 736 2590 778 nostra
2632 742 2752 793 spes
2775 768 2788 786 ,
2833 743 2989 793 quam
3018 730 3273 783 hahenms
3305 729 3458 779 lixam
3497 728 3546 777 in

2004 817 2258 885 interiora
2297 815 2587 871 velamiuis,
2622 815 2759 866 nulla
2790 814 3095 867 infidelitate
3124 818 3288 884 mergi
3324 818 3544 883 poterit.

2001 904 2044 955 si
2067 918 2189 956 cum
2217 896 2478 971 Propheta
2509 903 2767 955 veraciter
2793 903 3029 953 dicamus
3056 918 3067 952 :
3097 902 3247 954 Jacta
3283 906 3336 955 in
3367 903 3546 955 Domi-

2003 1006 2122 1042 num
2154 1005 2328 1042 curam
2358 998 2519 1051 tuam,
2550 1001 2594 1041 ct
2634 992 2737 1059 ipse
2781 1000 2828 1042 te
2873 994 3086 1042 cnutriet
3114 991 3280 1049 (Psal.
3308 990 3413 1051 ιξιν.
3435 993 3546 1057 εδ).

2003 1071 2085 1133 Si‘
2106 1082 2241 1134 hanc
2281 1095 2384 1133 non
2432 1080 2778 1141 haberemus,
2810 1083 3028 1133 omnino
3057 1084 3283 1135 demersi
3314 1096 3547 1141 eramus.

2005 1185 2105 1223 non
2137 1178 2341 1223 tantum
2372 1170 2422 1221 in
2452 1170 2805 1235 spiritalibus,
2830 1172 2920 1223 sed
2948 1171 3107 1246 etiam
3138 1172 3188 1222 in
3213 1172 3545 1230 carnalibus;

2003 1259 2124 1327 quia
2152 1259 2240 1325 qui
2268 1267 2404 1320 arat,
2433 1258 2600 1325 inquit
2621 1259 2919 1326 Apostolus,
2950 1261 2999 1311 in
3030 1276 3119 1327 spe
3142 1271 3276 1320 arat,
3304 1271 3355 1313 et
3378 1263 3551 1314 omnis

2004 1350 2152 1401 labor
2172 1356 2351 1400 noster
2374 1361 2467 1416 spe
2484 1349 2745 1401 mercedis
2771 1348 3050 1414 cujuslibet
3074 1350 3391 1402 consolatur.
3420 1349 3555 1418 Spes

2003 1452 2130 1491 vero
2156 1445 2397 1504 penetrat
2426 1434 2676 1489 interiora
2706 1436 3004 1500 velamiuis,
3029 1439 3150 1490 dum
3173 1439 3406 1491 coelestia
3435 1442 3552 1492 abs-

2004 1541 2105 1593 que.
2135 1526 2238 1578 ulla
2275 1525 2601 1579 dubitatione
2626 1526 2795 1579 credit
2820 1534 2871 1577 et
2900 1536 3070 1601 sperat
3097 1536 3147 1577 et
3176 1536 3315 1579 amat
3338 1567 3351 1586 ,
3384 1529 3555 1595 operi-

2005 1617 2206 1684 busque
2234 1616 2495 1674 ostendit.
2524 1625 2580 1667 ut
2620 1626 2760 1685 pote,
2807 1617 2930 1683 quid
2960 1618 3138 1670 credat
3161 1658 3172 1675 ,
3204 1619 3325 1684 quid
3357 1629 3551 1686 Spei-et.

2010 1703 2076 1755 lit
2106 1702 2389 1756 ﬁrmiorem
2420 1717 2566 1771 spem
2592 1703 2743 1755 nobis
2773 1704 3007 1763 adderet,
3038 1704 3304 1770 subjnnxit
3330 1721 3341 1756 :
3370 1692 3551 1770 (Vsus.

359 1768 527 1841 semen
554 1800 696 1841 tuum
723 1788 851 1841 sicut
876 1787 1033 1840 stella!
1052 1788 1183 1851 caeli,
1203 1768 1400 1841 etisicut
1422 1804 1600 1851 arena,
1621 1806 1735 1857 quw
1760 1803 1829 1841 est
1854 1791 1903 1841 in
1941 1768 1980 1822 υ
2006 1790 2095 1856 ‘20)
2150 1789 2248 1842 Ubi
2286 1768 2576 1859 pra'cursor
2602 1808 2693 1857 pro
2740 1791 2882 1843 nobis
2922 1768 3143 1843 introirit
3178 1790 3348 1849 Iesus,
3377 1768 3559 1844 scrini-

360 1881 529 1932 littore
554 1880 710 1933 maris
737 1877 887 1948 (Gen.
920 1894 1052 1941 xxn,
1085 1879 1191 1947 l7).

433 1971 591 2025 Vsus.
634 1969 716 2023 16.
754 2000 823 2010 -
862 1969 1105 2024 Homines
1143 1972 1279 2025 enim
1304 1988 1396 2041 per
1422 1973 1669 2041 majorem
1706 1974 1787 2025 sui
1816 1973 1907 2040 ju-

364 2068 500 2125 rant,
529 2068 576 2111 et
603 2048 767 2112 omnis
791 2058 1148 2111 controuersia
1174 2075 1347 2112 eorum
1386 2058 1503 2125 ﬁnis
1529 2061 1595 2111 ad
1633 2059 1907 2127 conﬁrma-

362 2147 548 2199 tionem
587 2155 659 2200 est
690 2146 1061 2216 juramentum.
1106 2145 1163 2200 Si
1193 2148 1351 2217 igitur
1377 2149 1646 2201 hominum
1686 2150 1737 2203 in
1771 2148 1911 2202 lutu-

366 2251 481 2288 rum
508 2236 826 2289 credendum
852 2243 961 2301 est,
987 2236 1051 2289 de
1089 2237 1281 2304 quibus
1315 2239 1510 2292 dicitur
1536 2254 1563 2291 a
1604 2238 1857 2309 propheza
1894 2259 1905 2292 :

367 2321 543 2375 Omnis
574 2322 723 2375 homo
760 2322 1000 2388 Mendax,
1033 2334 1230 2391 quanto
1275 2327 1444 2395 magis
1488 2324 1579 2379 Dei
1608 2328 1912 2395 jurameuto

364 2409 505 2461 credi
526 2408 703 2473 debet,
728 2408 816 2477 qui
837 2418 921 2464 est
939 2400 1161 2475 veritas,
1183 2413 1272 2481 qui
1299 2427 1397 2467 nec
1422 2412 1550 2477 lalli,
1578 2430 1672 2468 nec
1702 2418 1909 2470 mentiri

364 2498 570 2564 potat?
596 2482 897 2553 «illomines
923 2501 1055 2553 enim
1096 2518 1185 2570 per
1222 2503 1470 2571 majorem
1511 2506 1589 2555 sui
1620 2505 1825 2571 jurant,
1864 2516 1937 2573 ct~

366 2586 529 2637 omnis
555 2588 911 2640 controversia:
936 2604 1111 2641 eorum
1139 2588 1257 2656 linis
1285 2590 1352 2642 ad
1380 2591 1811 2658 conﬁn‘nationem
1839 2603 1911 2645 est

364 2670 745 2737 juramentunt;
774 2682 931 2742 prout
956 2674 1001 2728 si
1027 2673 1261 2732 diceret:
1285 2670 1360 2729 Ex
1385 2677 1485 2729 hoc
1507 2678 1727 2731 solvitur
1754 2682 1912 2734 tutius

367 2758 739 2813 controversia
771 2761 1110 2829 disceptatio,
1137 2777 1241 2816 non
1282 2765 1437 2817 unius
1472 2764 1783 2833 cujuslibet,
1823 2768 1913 2821 sed

366 2844 546 2897 totius.
590 2844 878 2913 Oportebat
925 2848 1138 2916 quidem
1185 2851 1299 2905 sine
1347 2849 1913 2926 juramentojrredere

368 2929 495 2995 Deo,
524 2952 543 2983 ι
597 2935 690 2987 sed
723 2931 907 3002 jurare
953 2936 1137 2999 Deum,
1181 2938 1325 2992 dicit.
1358 2934 1548 3008 (Vsus.
1576 2940 1678 3008 l7.)
1712 2941 1773 2993 In
1810 2960 1911 3011 quo

367 3019 711 3076 abundantius
732 3021 899 3076 solens
928 3023 1061 3077 Deus
1090 3027 1351 3079 ostendere
1370 3028 1781 3096 pollicitationem
1808 3034 1911 3087 Iur—

367 3108 601 3173 redibus,
641 3111 1140 3181 immobilitatemque
1179 3115 1380 3167 consilii
1416 3116 1527 3177 sui;
1568 3135 1586 3165 ι
1632 3129 1907 3186 propterea
1939 3108 1941 3123 ἶ

369 3198 527 3252 etiam
557 3202 713 3270 hujus
738 3204 1159 3271 repromissionis
1185 3209 1501 3262 mentionem
1528 3208 1679 3273 facit,
1706 3229 1820 3279 qua:
1846 3216 1909 3269 ad

369 3300 465 3337 nos
485 3300 761 3368 commune
791 3288 1015 3368 [Chrys..
1048 3295 1424 3365 communiter]
1450 3296 1584 3351 facta
1614 3310 1711 3352 est.
1745 3300 1911 3355 Inter-

366 3375 534 3437 posuit
546 3366 937 3441 jusjurandum.
956 3366 1213 3442 Quoniam
1232 3372 1370 3433 enim
1394 3385 1529 3449 apud
1554 3385 1790 3441 homines
1813 3390 1912 3443 hoc

370 3458 576 3543 videtur
602 3460 753 3543 fidele
780 3477 918 3525 esse,
949 3480 1066 3517 cum
1093 3453 1253 3535 θέε
1285 3468 1641 3534 juramentum
1679 3475 1913 3530 interfuit

359 3542 603 3613 '[llhrys.,
626 3542 946 3619 interfuerit]
970 3557 1342 3623 controversiis
1363 3574 1563 3611 eorum.
1582 3560 1690 3612 Non
1712 3565 1911 3630 :cquale

371 3639 451 3681 est
476 3631 737 3685 hominem
762 3638 855 3701 per
880 3652 937 3688 se
960 3637 1159 3703 jurare,
1183 3651 1233 3693 et
1262 3643 1453 3707 Deum;
1486 3636 1640 3697 homo
1665 3650 1802 3701 enim
1830 3653 1907 3703 sui

373 3726 687 3783 potestatem
715 3736 816 3775 non
844 3724 1030 3788 habet;
1064 3746 1080 3777 ι
1117 3728 1253 3781 Deus
1278 3739 1451 3785 autem
1480 3743 1787 3800 potestatem
1820 3739 1909 3791 ha-

372 3809 461 3861 bet
500 3812 732 3864 omnium
758 3826 895 3879 ‘ane
935 3825 1073 3870 sunt.
1109 3836 1126 3867 ι
1161 3819 1263 3873 Sed
1303 3824 1423 3889 quia
1470 3823 1793 3880 incredulum
1831 3840 1911 3881 est

371 3909 537 3961 genus
579 3897 893 3961 humanum,
933 3903 1304 3961 condescendit
1335 3893 1400 3963 ad
1438 3928 1564 3975 nos;
1608 3916 1739 3968 sicut
1770 3919 1907 3970 enim

365 3982 508 4047 jurat
537 3993 753 4051 propter
776 4002 890 4051 nos,
914 3992 1153 4057 quamvis
1182 3993 1446 4062 indignum
1468 3999 1513 4049 ei
1534 4001 1599 4051 sit
1622 4016 1721 4051 non
1745 4006 1904 4066 credi,

370 4070 521 4123 sicuti
550 4073 791 4138 superius
816 4074 1014 4128 dictum
1032 4086 1116 4131 est
1138 4097 1150 4130 :
1174 4089 1225 4133 et
1250 4082 1428 4137 didicit
1456 4100 1519 4137 ex
1551 4086 1633 4139 his
1656 4103 1768 4153 qua:
1790 4107 1908 4157 pas-

370 4173 460 4212 sus
485 4169 598 4224 est,
634 4163 877 4228 quoniam
919 4164 1157 4220 homines
1187 4170 1285 4223 hoc
1315 4182 1499 4239 putant
1538 4176 1763 4229 maxime
1792 4194 1907 4232 esse

371 4245 586 4312 dignum
625 4249 755 4310 lite,
790 4260 842 4302 ut
870 4249 1004 4321 [per]
1030 4257 1442 4321 experimentum
1470 4264 1587 4329 quis
1616 4271 1846 4319 transeat
1884 4289 1899 4319 ι

373 4331 436 4383 ad
462 4331 636 4384 iidem.

445 4418 597 4509 Vens.
635 4421 715 4482 l8,
746 4422 823 4475 l9.
846 4454 915 4463 —
935 4426 1002 4479 Ut
1028 4445 1119 4496 per
1143 4431 1272 4484 duas
1300 4450 1375 4485 res
1399 4436 1700 4503 immobiles,
1723 4444 1906 4509 quibus

370 4505 675 4573 impossibile
712 4521 781 4562 est
821 4516 1024 4567 mentiri
1062 4516 1255 4584 Deum,
1296 4521 1630 4589 fortissimum
1666 4505 1906 4583 solatium

369 4594 641 4661 habemus,
680 4600 768 4666 qui
808 4600 1127 4669 confugimus
1169 4607 1238 4657 ad
1286 4614 1554 4664 tenendam
1598 4618 1905 4684 prapositam

369 4700 525 4750 spem,
554 4700 708 4751 quam
729 4688 859 4741 sicut
886 4692 1161 4743 aneboram
1190 4694 1430 4752 habemus
1458 4704 1644 4757 animi:
1662 4715 1822 4760 tutam
1847 4726 1907 4761 ac

373 4770 594 4835 firmam.
634 4771 772 4826 Duas
814 4791 900 4830 res
922 4779 1052 4831 dixit
1079 4798 1090 4831 :
1121 4782 1210 4834 Dei
1240 4782 1411 4838 Patris
1444 4793 1817 4854 promissiones
1845 4797 1908 4849 de

377 4860 507 4913 Filio
536 4875 648 4924 suo,
678 4870 730 4915 et
770 4865 1050 4920 adventum
1090 4869 1205 4922 Filii
1245 4872 1295 4923 in
1346 4874 1483 4928 hunc
1528 4883 1779 4934 mundum
1814 4898 1908 4951 pro

373 4950 539 5002 salute
562 4961 763 5004 nostra.
790 4951 1063 5021 Proposita
1096 4974 1219 5011 vero
1246 4975 1365 5027 spes
1391 4964 1584 5017 veritas
1612 4978 1692 5020 est
1731 4950 1907 5023 rerum

373 5049 639 5104 gestarum
672 5058 787 5109 qua:
812 5045 1126 5111 patriarchis
1153 5054 1423 5113 promissa:
1451 5065 1573 5107 sunt
1596 5064 1648 5108 et
1673 5060 1906 5125 redditae,

374 5134 427 5176 ut
452 5142 513 5179 ex
545 5133 825 5183 transactis
865 5132 1038 5185 futura
1076 5136 1370 5191 credamus.
1401 5141 1566 5205 Quam
1608 5160 1751 5211 spem
1779 5148 1909 5200 sicut

374 5213 535 5264 ancho
562 5230 648 5263 am
729 5217 933 5283 inquit,
974 5223 1157 5273 anime
1191 5231 1349 5276 tutam
1376 5237 1421 5278 et
1452 5230 1674 5295 ﬁrmam.
1712 5250 1729 5281 ι
1765 5232 1911 5287 Sicut

377 5490 593 5543 navem;
628 5483 706 5534 sic
729 5499 781 5536 et
813 5482 943 5539 ﬁdes
973 5504 991 5536 ι
1018 5501 1108 5554 spe
1141 5491 1385 5547 roborata
1416 5496 1698 5551 introducit
1727 5515 1821 5555 nos
1857 5504 1907 5555 in

380 5580 549 5619 rerum
575 5574 819 5637 speciem,
851 5591 1006 5643 quam
1034 5578 1186 5631 modo
1208 5579 1307 5634 fide
1328 5592 1375 5635 et
1404 5599 1493 5652 spe
1518 5594 1769 5641 tenemus.
1792 5590 1908 5643 Ideo

2006 1880 2127 1929 dum
2150 1878 2376 1928 ordinem
2414 1877 2778 1928 Melchisedech
2803 1918 2816 1939 ,
2865 1886 2965 1930 ctc.
2999 1897 3016 1927 ι
3050 1878 3271 1946 Oportet
3299 1872 3475 1947 itaque
3505 1891 3560 1934 et

2008 1969 2370 2036 illosquorum
2395 1968 2624 2036 pontifex
2649 1976 2749 2027 est,
2775 1968 3021 2019 meliores
3044 1984 3159 2021 esse
3184 1984 3197 2019 :
3226 1977 3278 2022 et
3303 1955 3555 2036 quantum

2007 2066 2088 2108 est
2112 2057 2248 2107 inter
2267 2056 2440 2107 Aaron
2457 2064 2504 2107 et
2522 2054 2812 2116 Christum,
2835 2063 3038 2107 tantum
3060 2065 3136 2106 est
3168 2071 3272 2123 quo
3293 2057 3557 2109 lammodo

2011 2142 2151 2193 inter
2181 2140 2390 2193 .lndzeos
2434 2148 2487 2192 et
2520 2140 2866 2192 Christianos.
2900 2140 3184 2209 Superiora
3212 2144 3367 2194 etiam
3396 2152 3447 2195 ct
3477 2159 3558 2194 sa-

2008 2229 2205 2281 criﬁcia
2238 2228 2358 2279 talia
2388 2228 2630 2279 videlicet
2657 2227 2971 2289 oll'eramus,
3019 2243 3135 2295 qum.
3183 2229 3234 2281 in
3282 2230 3405 2281 illud
3434 2247 3554 2281 san-

2009 2317 2267 2367 etuarimn
2292 2315 2506 2368 eudeste
2532 2314 2707 2366 olli-rri
2734 2324 2971 2383 possunt,
2994 2332 3095 2367 non
3120 2315 3229 2382 jam
3254 2333 3383 2384 p-ru
3406 2321 3479 2369 les
3501 2329 3553 2370 et

2010 2407 2215 2469 bovem,
2245 2422 2347 2458 nun
2377 2406 2682 2480 sanguinem
2705 2414 2755 2457 et
2779 2408 3017 2476 adipem;
3048 2408 3221 2469 omnia
3247 2409 3356 2459 ha-c
3384 2409 3551 2461 soluti

2010 2502 2150 2555 sunt,
2182 2503 2236 2547 et
2276 2510 2373 2561 pro
2413 2495 2490 2545 eis
2526 2496 2883 2547 introduc-tum
2924 2507 3005 2549 est
3054 2500 3274 2550 rational
3299 2499 3363 2550 ile
3411 2500 3561 2549 olusc-

2008 2582 2208 2649 qnium.
2228 2580 2361 2646 Quid
2383 2590 2554 2633 autem
2586 2590 2662 2633 est
2696 2583 3005 2635 rationabile
3030 2586 3371 2653 obsequium?
3389 2586 3557 2640 Etiam

2010 2670 2147 2737 quod
2176 2684 2270 2737 per
2302 2670 2551 2730 animam,
2583 2670 2720 2736 quod
2766 2686 2861 2737 per
2904 2672 3147 2739 spiritum
3189 2662 3404 2725 ollertur
3434 2674 3556 2724 Dm.

2013 2756 2236 2822 Spiritus
2266 2765 2359 2816 est,
2386 2757 2572 2824 inquit,
2602 2756 2733 2808 Deus
2755 2770 2798 2808 et
2838 2776 2944 2817 eos,
2976 2761 3062 2810 ani
3093 2761 3310 2813 adorant
3338 2779 3467 2820 cum,
3511 2766 3560 2814 in

2010 2834 2193 2909 spiritu
2220 2851 2266 2893 ct
2317 2844 2524 2894 ueritate
2563 2856 2754 2910 Oportet
2796 2848 3015 2897 adorare
3051 2867 3067 2897 ι
3114 2848 3291 2914 (.Ionn.
3334 2866 3417 2908 Iv,
3448 2851 3555 2917 ‘25).

2010 2930 2144 2994 Quid
2173 2940 2251 2982 est
2280 2931 2439 2983 Deum
2473 2934 2523 2983 in
2554 2934 2738 2999 spiritu
2761 2951 2787 2984 ει
2809 2936 3001 2997 iurare,
3026 2938 3120 2988 nisi
3147 2938 3195 2989 ia
3225 2940 3482 2991 charitate
3511 2950 3565 2991 et

2014 3018 2113 3071 ﬁde.
2158 3017 2427 3086 perfecta,
2456 3030 2507 3072 et
2547 3037 2636 3087 spe
2668 3023 2717 3073 in
2742 3023 2958 3074 lubitatn
2983 3063 2995 3083 ,
3029 3035 3079 3076 et
3126 3029 3325 3079 sanctis
3374 3030 3561 3092 animi:

2014 3109 2329 3168 virtutibus,
2362 3124 2494 3175 quas
2524 3109 2803 3174 Apostolus
2841 3112 2891 3161 in
2934 3113 3034 3162 alio
3075 3114 3187 3166 loro
3230 3116 3563 3167 alumdauter

2012 3196 2320 3248 enumerat?
2575 3192 2582 3211 '

2606 3286 2827 3340 (lAl‘l'T
2868 3288 2969 3339 \‘ll.

2030 3380 2031 3383 η
2087 3392 2239 3444 Vens.
2272 3392 2320 3453 Ι,
2345 3391 2397 3443 9.
2428 3422 2496 3431 —
2526 3391 2624 3444 llic
2661 3398 2794 3444 enim
2840 3394 3200 3448 ,ιΙυΙι-Ιιὲιιίιιυτέι
3250 3413 3336 3450 ηπ
3384 3400 3555 3451 Solem

2012 3480 2248 3531 sacerdos
2280 3480 2556 3540 Alt'ssimi,
2586 3482 2675 3546 qui
2700 3482 2917 3558 ebriati!
2966 3484 3220 3535 .lbruham
3264 3502 3485 3551 regresso
3528 3506 3561 3539 ιι

2012 3566 2148 3617 caule
2193 3568 2445 3629 hostium,
2473 3578 2518 3619 et
2566 3570 2816 3620 beru-fixit
2861 3572 2922 3630 ei,
2964 3574 3046 3621 cui
3076 3574 3297 3625 decimus
3333 3578 3557 3626 omnium

2011 3656 2178 3707 dirisit
2212 3656 2489 3707 Abraham.
2535 3657 2771 3711 Tradunt
2818 3658 3019 3711 llehra-i
3073 3662 3208 3714 hunc
3239 3678 3354 3715 esse
3403 3646 3555 3724 Scin,

2013 3743 2237 3807 [u'imnm
2279 3743 2442 3795 lilium
2492 3742 2630 3805 Noe,
2676 3754 2728 3796 et
2770 3760 2833 3797 eo
2880 3756 3113 3813 tempore
3145 3765 3247 3814 quo
3284 3761 3433 3803 ortus
3478 3764 3562 3805 est

2010 3830 2275 3880 Abraham
2308 3831 2577 3884 ha‘.uisset
2603 3835 2933 3899 antiquitatis
2960 3852 3124 3887 annos
3170 3839 3421 3891 ducentos
3468 3858 3558 3892 no-

2012 3918 2239 3983 naginta.
2285 3917 2390 3969 Nec
2440 3929 2579 3971 esset
2624 3923 2813 3973 mirum
2858 3925 2900 3975 si
2943 3924 3323 3981 Melchisedech
3374 3932 3558 3983 victori

2010 4000 2273 4059 Abraham
2302 4007 2510 4059 obviam
2540 4011 2887 4075 processerit,
2913 4013 3046 4063 et'in
3082 4014 3419 4069 refectionem
3450 4029 3555 4071 tam

2011 4095 2174 4160 ipsius
2202 4112 2357 4163 quam
2388 4109 2736 4167 pugnatorum
2762 4100 2873 4165 ejus
2908 4118 3093 4169 panem
3124 4106 3405 4173 vinumque
3441 4123 3557 4175 pro-

2011 4182 2206 4251 tulerit,
2235 4193 2288 4236 et
2316 4183 2643 4238 benedixerit
2669 4190 2735 4249 ei,
2768 4191 2908 4255 quod
2935 4191 3176 4257 ahnepoti
3209 4210 3305 4246 suo
3323 4196 3441 4260 jure
3465 4212 3557 4263 pa-

2012 4271 2275 4325 ternitatis
2300 4272 2535 4335 dederit;
2558 4284 2609 4326 et
2640 4277 2871 4330 decimas
2904 4282 3092 4345 paeda:
3129 4290 3287 4348 atque
3326 4285 3557 4337 vie:ori.e

1942 4372 1983 4427 ῃ
2011 4361 2275 4427 acceperit
2298 4360 2365 4413 ab
2390 4376 2454 4415 eo
2473 4402 2487 4427 ,
2516 4364 2650 4415 sicut
2675 4366 2922 4419 sacerdos
2964 4370 3157 4420 excelsi
3188 4369 3308 4432 Dei,
3338 4374 3423 4438 qui
3459 4372 3556 4425 fuit

2008 4451 2165 4502 etiam
2195 4466 2283 4503 rex
2312 4450 2504 4504 Salem.
2533 4452 2706 4507 Salem
2738 4466 2911 4509 autem
2944 4473 3045 4511 non
3067 4498 3079 4520 ,
3111 4470 3165 4511 ut
3194 4460 3451 4529 Iosephus
3497 4476 3550 4517 et

2009 4547 2308 4592 nostrorum
2339 4540 2548 4608 plurimi
2589 4543 2931 4607 arbitrantur,
2966 4560 3082 4599 esse
3109 4546 3431 4612 Jerusalem;
3460 4568 3554 4603 no-

2008 4642 2126 4679 men
2158 4642 2222 4680 ex
2248 4626 2430 4682 Gnaeo
2460 4629 2783 4698 liebrzeoqne
2809 4636 3176 4701 «ompesitum,
3201 4639 3339 4705 quod
3368 4640 3552 4693 absur-

2006 4712 2127 4764 dum
2152 4728 2268 4766 esse
2296 4717 2585 4784 peregrina:
2616 4719 2805 4785 lingua:
2834 4720 3055 4772 mistura
3080 4723 3439 4778 demonstrat:
3463 4731 3555 4781 sed

2006 4800 2248 4867 oppidum
2276 4799 2426 4867 juxta
2459 4800 2838 4870 SchitOpholim
2881 4804 2993 4873 (Sic
3032 4807 3175 4873 ms.),
3206 4810 3343 4875 quod
3390 4827 3555 4880 usque

2008 4889 2160 4943 hodie
2189 4890 2478 4959 appellatur
2509 4891 2714 4954 Salem;
2759 4903 2812 4947 et
2851 4897 3145 4950 ostenditur
3186 4901 3255 4953 ibi
3296 4901 3549 4969 palatium

2009 4977 2410 5042 Melchisedech,
2463 4998 2526 5033 ex
2578 4985 2936 5051 magnitudine
2991 4989 3305 5052 ruinarum,
3354 4998 3549 5047 veteris

2006 5066 2181 5129 operis
2207 5068 2487 5121 ostendens
2510 5070 2965 5139 magnificentiam.
2993 5075 3068 5125 Ad
3096 5091 3252 5141 quam
3284 5080 3549 5134 civitatem

2008 5152 2165 5203 etiam
2197 5152 2384 5221 legitur
2411 5153 2571 5210 Jacob
2606 5158 2960 5221 descendisse,
3010 5176 3125 5227 qua:
3172 5161 3270 5217 luit
3318 5167 3367 5218 in
3410 5178 3548 5222 terra

2008 5241 2252 5296 Chanaan
2283 5244 2333 5295 in
2366 5246 2573 5313 regione
2601 5245 2829 5299 Sichem.
2857 5248 3304 5307 Considerandum
3341 5274 3549 5325 quoque

2007 5335 2119 5387 est,
2169 5327 2376 5395 quando
2420 5331 2643 5383 Ahraha:
2687 5348 2712 5382 a
2768 5335 2909 5387 cazde
2950 5336 3181 5389 hostium
3226 5349 3545 5406 revertenti.

2004 5427 2137 5479 quos
2166 5427 2469 5483 persecutus
2497 5429 2765 5489 estusque
2796 5422 2905 5474 Dan
2926 5464 2938 5483 ,
2986 5440 3087 5476 non
3132 5425 3182 5477 in
3220 5425 3301 5479 ria
3337 5428 3539 5482 Jerusa.

2008 5498 2128 5562 lem,
2154 5504 2244 5555 sed
2271 5507 2517 5575 oppidum
2538 5510 2838 5576 metropolis
2862 5512 3024 5582 686
3054 5512 3264 5568 Sichem
3288 5517 3337 5568 in
3363 5518 3548 5572 itinere.

2010 5592 2193 5655 fuerit,
2241 5595 2305 5648 de
2354 5613 2457 5664 quo
2509 5601 2557 5652 in
2606 5601 2886 5669 Evangelio
2924 5604 3175 5672 legimus;
3210 5606 3337 5659 Erat
3380 5622 3545 5662 autem
