4262 6212
656 316 657 319 ‘
700 334 835 390 nias
1366 331 1371 335 ·
1518 327 1928 388 ακτμλωικι
1965 329 2093 384 seu
2133 326 2399 382 ALCIJINI
2428 324 2706 381 opsum
2746 324 2919 379 mas
2946 323 3017 377 ιι.
3190 389 3195 393 ,
3731 325 3858 378 iaci

697 445 925 499 Joannes
954 445 1218 511 baptizata
1244 446 1299 512 in
1324 442 1478 497 Enen
1516 444 1672 511 juxta
1696 442 1891 504 Salius,
1928 442 2050 510 quia
2081 455 2232 510 aqua
2253 444 2305 499 Α
2417 434 2699 503 pracipuis
2722 434 2955 487 victoria:
2977 450 2991 485 :
3014 434 3106 501 qui
3136 432 3451 485 assimilatas
3470 441 3551 485 cst
3575 431 3706 486 Filio
3733 433 3824 486 Dei
3841 476 3857 497 ,

696 532 877 585 multa
897 542 1042 586 erant
1060 532 1153 583 ibi.
2057 574 2063 581 .
2331 521 2568 591 pontifex
2595 521 2767 575 factus
2793 522 2846 574 in
2870 530 3148 575 internum.
3180 521 3361 588 (Vitas.
3391 522 3467 591 5.)
3502 521 3766 587 Quomodo
3796 524 3861 575 de

772 618 929 672 Vna.
956 620 1010 671 5.
1029 616 1353 670 ---Priniuns
1376 616 1599 685 quidem,
1622 616 1745 686 quia
1770 617 2129 684 interpretatus
2158 623 2233 666 est
2330 608 2453 675 ﬁliis
2485 608 2605 661 Levi
2636 608 2975 661 sacerdotium
3003 607 3308 676 accipientes
3353 610 3650 663 ntandatum
3678 610 3858 665 habent

697 718 790 757 res
808 704 1034 774 iustitia!
1054 718 1072 755 :
1094 702 1280 755 deinde
1311 711 1359 754 et
1394 717 1482 753 res:
1521 699 1726 762 Solent,
1756 710 1862 754 etc.
2042 709 2228 767 parte,
2283 726 2295 777 -ν
2577 712 2775 749 sumere
2794 713 2833 767 να
2846 695 3039 765 popqu
3076 695 3351 748 secundum
3382 694 3575 765 legent,
3615 699 3669 750 id
3707 712 3803 761 est,
3825 718 3858 751 η

696 792 809 843 sine
834 798 1031 852 matre,
1053 790 1164 841 sine
1195 788 1519 856 genenlogia.
1565 803 1724 856 neque
1999 786 2229 847 dierum,
2329 786 2574 853 fratribus
2615 787 2754 848 suis,
2780 802 3069 855 quanquam
3093 795 3141 837 et
3179 780 3277 853 ipsi
3316 787 3531 839 exierint
3560 787 3632 839 de
3672 788 3855 840 lumbis

697 890 857 944 neque
871 877 1025 943 [ineat
1052 877 1166 927 vita
1181 874 1397 926 habens.
1417 872 1739 925 Assimilatas
1759 882 1929 924 autem
1953 869 2094 923 Filio
2113 870 2228 934 Dei,

694 970 866 1015 manet
891 963 1129 1016 sacculos
1166 963 1221 1013 in
1251 970 1566 1029 perpetuum.
1598 959 1800 1027 Smpius
1832 966 2007 1011 autem
2040 959 2231 1013 beatus
2262 948 2265 949 ν

582 1110 591 1115 α
696 1048 890 1102 Paulus
917 1049 1157 1107 eumdem
1180 1047 1558 1101 Melchisedech
1586 1045 1640 1100 in
1670 1054 1795 1116 typo
1815 1047 1918 1100 Dei
1941 1045 2229 1122 Salvatoris

648 1164 651 1167 ν
693 1135 998 1189 introducit.
1021 1133 1268 1198 Quamvis
1293 1148 1477 1187 omnes
1501 1146 1637 1201 pene
1661 1132 1827 1185 sancti
1846 1139 1901 1185 et
1916 1130 2229 1201 patriarcha:

693 1234 759 1277 ac
792 1220 1060 1289 prophetat
1102 1216 1297 1289 prioris
1340 1220 1595 1287 temporis
1631 1219 1689 1271 in
1726 1218 1905 1286 aliqua
1949 1220 2228 1293 reﬁguras

690 1310 1051 1378 expresserim
1093 1306 1383 1364 Salvatoris
1418 1325 1433 1363 :
1475 1311 1563 1364 hic
1614 1318 1792 1367 tamen
1848 1309 2228 1366 llelchisedech

693 1398 1094 1468 specialius.‘qui
1116 1415 1216 1453 non
1233 1399 1332 1453 fuit
1350 1400 1415 1452 de
1433 1413 1624 1467 genere
1634 1398 1951 1482 intimorum,
1967 1399 2021 1452 in
2044 1407 2225 1469 typum

691 1487 964 1555 princessit
991 1486 1274 1540 sacerdotii
1315 1485 1415 1539 Fili
1443 1474 1780 1553 Dei,dequo
1803 1486 1998 1547 dicitur
2039 1487 2094 1538 in
2135 1501 2225 1540 cu

690 1574 901 1628 Pssimo
929 1592 940 1626 :
975 1573 1052 1626 Tu
1078 1590 1130 1627 es
1157 1573 1393 1627 sacerdos
1420 1572 1474 1624 in
1496 1581 1738 1624 cternum
1770 1572 2046 1625 secundum
2080 1569 2225 1624 ordi-

691 1678 807 1715 nent
834 1660 1219 1714 lelcltisedecli.
1246 1658 1494 1713 Ordinem
1516 1666 1689 1712 autem
1714 1658 1828 1735 ejus
1852 1658 2030 1712 multis
2055 1659 2225 1713 modis

2330 873 2565 953 Δίπαια.
2594 891 2618 925 ι
2647 873 2814 927 Tanta
2836 872 3029 941 quippe
3045 880 3127 925 cst
3146 871 3421 926 saccrlotii
3443 869 3774 937 excellentia,
3797 885 3854 928 ut

2316 960 2483 1013 etiam
2494 959 2588 1027 qui
2612 958 2811 1013 similes
2828 967 3007 1015 essent
3025 974 3055 1011 a
3076 959 3514 1028 progenitoribus.
3536 969 3588 1013 et
3609 961 3851 1016 eumdem

2605 1046 3012 1114 progenitorem,
3034 1043 3210 1098 tamen
3240 1046 3404 1111 multo
3430 1040 3652 1114 amplius
3680 1047 3858 1101 melioo

2324 1145 2413 1184 res
2438 1129 2677 1201 [iudicati
2698 1129 2842 1201 sunt]
2867 1147 2898 1184 a
2922 1131 3175 1184 fratribus
3211 1132 3352 1205 suis,
3383 1149 3400 1181 ι
3421 1132 3517 1199 qui
3561 1135 3855 1186 sacerdotio

2321 1216 2466 1288 digni
2479 1206 2807 1279 adiciuntur:
2826 1219 2985 1275 veluti
3010 1217 3185 1272 Aaron
3200 1220 3337 1272 inter
3357 1220 3500 1273 vivos
3513 1235 3574 1274 ac
3596 1231 3850 1281 mortuos,

2322 1316 2380 1361 ut
2402 1307 2494 1367 Dei
2518 1310 2650 1365 iram
2670 1296 3075 1379 placaretqua:
3109 1319 3412 1373 exarserat,
3446 1319 3588 1364 stare
3629 1306 3849 1379 legitur;

2318 1396 2457 1462 quod
2484 1402 2757 1463 propterea
2782 1382 2848 1447 ex
2872 1394 3062 1466 populo
3086 1394 3260 1448 facere
3281 1403 3506 1463 poterat,
3528 1394 3650 1449 licet
3669 1411 3854 1452 omnes

2320 1495 2482 1533 unum
2508 1474 2766 1553 haberent
2785 1472 3191 1550 progenitorem.
3228 1500 3248 1531 ε
3284 1480 3509 1537 Proinde
3546 1484 3656 1551 ipse
3684 1484 3854 1538 Abra-

2317 1566 2440 1619 ham
2474 1564 2629 1631 nullo
2657 1569 2811 1631 modo
2845 1569 3153 1638 alienigene
3194 1567 3428 1624 decimas
3461 1571 3720 1635 dedisset,
3748 1574 3849 1626 nisi

2317 1646 2576 1720 plurimus
2602 1661 2663 1705 et
2684 1654 3126 1721 super-excellens
3164 1654 3279 1723 eius
3317 1665 3470 1709 esset.
3493 1658 3681 1720 honor,
3715 1679 3733 1711 ι
3763 1661 3849 1713 cui

660 1738 664 1742 ’
690 1748 1137 1814 interpretamur;
1157 1746 1296 1815 quod
1319 1744 1463 1799 solus
1478 1756 1534 1799 et
1554 1762 1646 1798 rex
1671 1733 1849 1809 fuerit,
1870 1755 1928 1800 et
1952 1748 2218 1810 sacerdos,
2251 1736 2294 1792 Β
2308 1737 2551 1790 deﬁnias
2573 1733 2880 1809 θιιίέῑπωιι
2900 1738 3077 1802 ’ἁπαν
3104 1741 3172 1803 de
3202 1756 3307 1809 Quo
3330 1742 3540 1811 placere
3565 1748 3847 1813 comperis-

688 1843 747 1888 et
772 1842 893 1887 ante
915 1833 1369 1887 circumcisionem
1408 1829 1620 1886 functus
1661 1833 1985 1897 sacerdotio,
2014 1844 2075 1889 ut
2114 1852 2220 1890 non

690 1933 874 1991 gentes
890 1940 956 1979 ex
976 1919 1190 1988 ludatis,
1212 1925 1305 1979 sed
1326 1921 1492 1978 Judzei
1512 1941 1579 1979 ex
1607 1927 1848 1993 gentibus
1870 1929 2222 1983 sacerdotium

689 2015 1019 2082 acceperint;
1047 2027 1218 2082 neque
1243 2020 1435 2068 unctus
1454 2013 1571 2068 oleo
1596 2011 1951 2079 sacerdotali,
1976 2021 2035 2069 ut
2059 2014 2221 2085 Moysi

618 2158 619 2161 η
690 2109 951 2168 ριτιεωρω
975 2100 1331 2163 constituunt;
1360 2098 1450 2152 sed
1473 2098 1589 2153 oleo
1614 2099 1979 2155 exsultationis
2011 2111 2064 2155 et
2104 2100 2221 2167 ﬁdei

689 2188 943 2253 patritam;
976 2201 1145 2255 neque
1162 2186 1340 2241 carnis
1356 2193 1413 2239 et
1434 2187 1704 2255 sanguinis
1725 2187 1967 2241 victimas
1986 2189 2225 2242 immola-

687 2270 842 2334 verit,
869 2279 922 2323 et
944 2271 1221 2323 brutorum
1241 2260 1495 2339 sanguine
1513 2270 1818 2324 animalium
1837 2270 2023 2324 dextra
2041 2287 2223 2325 susce-

685 2357 855 2426 perit;
883 2357 975 2411 sed
1011 2371 1145 2425 pane
1176 2366 1233 2410 et
1261 2357 1386 2410 vino
1421 2357 1649 2435 siinplici
1690 2348 1931 2426 puroque
1966 2359 2223 2435 sacriﬁcio

686 2441 886 2498 Christi
930 2444 1251 2499 dedicaverit
1298 2445 1612 2499 sacerdotio.
1648 2444 1757 2500 Nec
1794 2454 1969 2501 tamen
2003 2445 2220 2502 creden-

688 2532 814 2586 dnm
840 2540 921 2587 est
946 2533 1087 2601 quod
1114 2534 1213 2587 iste
1240 2531 1622 2588 Melchisedech
1652 2534 1767 2588 sine
1799 2544 1954 2604 patre
1981 2534 2074 2588 aut
2108 2537 2221 2590 sine

686 2628 855 2673 matre
876 2627 1037 2683 esset,
1057 2618 1198 2687 quod
1220 2614 1464 2673 Christus
1478 2632 1695 2687 quoque
1712 2614 1996 2689 secundum
2020 2630 2220 2675 utram-

672 2721 788 2774 que
813 2714 1055 2783 naturam
1079 2712 1133 2758 et
1158 2690 1358 2772 patrem
1384 2704 1581 2758 habeat
1604 2711 1660 2781 et
1680 2706 1900 2783 matrem
1931 2723 1943 2757 :
1973 2706 2221 2785 sedquod

688 2794 862 2848 subito
887 2782 1252 2848 introducatur
1281 2793 1333 2846 in
1360 2791 1584 2857 Genesi,
1610 2796 1907 2849 occurrisse
1938 2782 2218 2850 Abrabzea

687 2882 829 2935 «ede
868 2881 1099 2935 hostium
1143 2870 1453 2942 revertenti.
1494 2888 1549 2934 et
1596 2896 1695 2935 nec
1736 2890 1888 2937 antea
1914 2898 2011 2936 nec
2037 2889 2217 2951 postea

686 2967 798 3035 ejus
822 2982 1010 3023 nomen
1037 2968 1117 3020 vel
1148 2965 1446 3037 genealogia
1485 2969 1782 3021 inveniatur
1816 2971 2087 3037 scriptum.
2129 2969 2219 3021 Af-

2319 1833 2418 1879 set.
2454 1844 2471 1875 ι
2504 1824 2797 1882 Ostendcns
2838 1827 2997 1880 etiam
3051 1828 3475 1886 incircumcisum
3522 1836 3845 1886 sacerdotem

2319 1914 2579 1970 sacerdoti
2622 1904 3266 1991 circumcisomulto'esse
3298 1918 3674 1974 sublimiorem.
3703 1920 3844 1986 Quo-

2320 2002 2620 2079 modoergo
2639 2002 2744 2073 hnc
2762 2004 3020 2077 ostendit?
3035 2004 3168 2069 Quia
3184 2007 3299 2079 ipse
3323 2006 3450 2061 Levi
3473 2007 3701 2078 [Chrgs.,
3725 2011 3846 2080 quia

2316 2090 2365 2145 ei
2404 2088 2531 2147 Levi
2568 2092 2798 2146 decimas
2840 2082 3077 2162 dedit],i
3106 2107 3168 2147 ex
3200 2110 3305 2162 quo
3327 2097 3656 2149 sacerdotale
3681 2112 3847 2166 genus

2317 2166 2492 2234 ortum
2518 2187 2626 2239 est,
2656 2176 2946 2233 decimatus
2972 2188 3053 2233 est
3080 2181 3131 2234 in
3158 2180 3346 2235 lumbis
3368 2184 3718 2253 progenitoris
3742 2188 3842 2239 sui.

2344 2330 2349 2337 ,
2383 2266 2544 2335 687
2582 2265 2739 2319 Vsus.
2767 2265 2913 2319 6-!0.
2950 2296 3020 2307 --
3054 2266 3215 2337 Cujus
3238 2266 3247 2273 ³
3260 2264 3431 2322 autem
3463 2272 3717 2339 generatio
3744 2289 3847 2325 non

2317 2364 2685 2408 annumeratur
2718 2354 2772 2406 in
2796 2356 2900 2419 eis,
2936 2356 3157 2409 decimas
3182 2357 3395 2433 sumpsit
3423 2355 3533 2428 [ab]
3567 2358 3844 2422 Abraham,

2316 2442 2543 2504 ethunc,
2566 2442 2657 2510 qui
2696 2442 2911 2494 habebat
2956 2438 3390 2515 repromissioncs,
3421 2444 3695 2497 benedixit.
3727 2445 3848 2498 Sine

2319 2531 2426 2583 ulla
2462 2540 2632 2583 autem
2660 2531 3056 2584 contradictione
3093 2526 3228 2600 quod
3266 2528 3433 2586 minus
3472 2544 3546 2586 est
3582 2551 3615 2586 a
3654 2535 3849 2602 majore

2319 2619 2415 2690 [Ita
2440 2620 2605 2683 Cod.;
2639 2620 2760 2690 leg.,
2791 2638 2823 2673 a
2851 2620 3081 2692 meliore]
3096 2606 3430 2689 benedicitur.
3456 2622 3545 2678 ille
3566 2632 3738 2677 autem
3758 2627 3846 2691 qui

2316 2711 2429 2764 sine
2452 2712 2755 2781 genealogis
2796 2718 2900 2774 est,
2931 2711 2982 2763 in
3020 2700 3283 2769 Abraham
3312 2714 3598 2767 decimatas
3624 2723 3706 2768 est
3740 2729 3846 2768 non

2317 2795 2484 2851 solum
2508 2798 2654 2861 Levi,
2680 2813 2861 2852 verum
2888 2800 3048 2852 etiam
3070 2808 3127 2853 et
3140 2801 3253 2868 ipse
3276 2800 3475 2871 Aaron,
3504 2802 3595 2869 qui
3617 2802 3849 2855 decimas

2316 2886 2517 2941 solebat
2543 2888 2786 2956 accipere
2809 2902 2838 2939 a
2858 2886 3069 2954 populo,
3089 2894 3143 2940 et
3166 2902 3261 2954 per
3282 2903 3403 2942 eum
3429 2903 3584 2942 omne
3607 2890 3850 2943 sacerdo-

2318 2973 2447 3025 tium
2473 2972 2780 3027 Levitlcum.
2823 2972 2927 3025 Nec
2967 2974 3068 3027 hoc
3090 2966 3225 3027 loco
3242 2983 3539 3030 'contentus
3563 2986 3648 3030 est
3682 2977 3863 3038 stare,

688 3031 865 3109 firmat
891 3064 1069 3109 autem
1100 3031 1254 3123 hujus
1279 3031 1520 3122 exemplo
1543 3046 1822 3129 Apestolus
1838 3097 1851 3119 ,
1884 3031 2020 3124 quod
2043 3057 2215 3110 AarOu
2243 3031 2286 3088 Ε
2316 3059 2406 3113 sed
2436 3058 2607 3115 adhuc
2632 3060 2816 3128 majori
2838 3061 3034 3115 honore
3056 3060 3308 3115 exaltavit
3331 3079 3473 3127 eum,
3509 3064 3602 3133 qui
3629 3031 3848 3117 alterius

686 3143 1054 3207 sacerdotium,
1079 3145 1129 3197 id
1150 3152 1252 3209 est,
1276 3144 1446 3211 populi
1473 3137 1768 3197 ludmorum
1807 3152 1860 3197 et
1903 3138 2215 3215 principium

686 3230 925 3283 habuerit
945 3241 1002 3285 et
1018 3229 1202 3296 ﬁnem;
1228 3216 1602 3283 Melchisedech
1624 3238 1817 3293 autem,
1838 3232 1893 3283 id
1907 3241 2006 3295 est,
2023 3233 2215 3286 Christi

687 3318 937 3371 Ecclesiae
961 3319 1310 3372 sacerdotium
1332 3327 1385 3371 et
1410 3320 1460 3372 in
1489 3320 1814 3387 praeteritum
1835 3328 1889 3374 et
1910 3320 2215 3381 inlaturum

688 3412 943 3458 internum
987 3406 1073 3459 sit.
1117 3405 1212 3458 llic
1258 3420 1391 3459 vero
1426 3403 1801 3460 Melchisedech
1846 3408 2219 3475 interpretatur

689 3509 779 3547 rex
803 3494 1042 3561 iustitia.
1076 3512 1095 3544 ι
1128 3493 1257 3558 Quis
1276 3504 1357 3550 est
1380 3509 1535 3548 verus
1556 3508 1645 3548 rex
1663 3482 1900 3563 justitire,
1921 3490 2020 3550 nisi
2043 3498 2218 3552 Domi-

689 3596 788 3634 nus
815 3590 993 3635 noster
1019 3578 1172 3634 lesus
1208 3580 1489 3634 Christus?
1508 3581 1709 3635 Deinde
1746 3597 1839 3635 rex
1877 3582 2051 3637 Salem
2078 3625 2092 3648 ,
2118 3586 2218 3639 hoc

686 3676 788 3730 est,
818 3682 908 3721 rex
934 3668 1099 3735 pacis,
1125 3667 1261 3735 quod
1288 3669 1516 3735 pertinet
1544 3669 1610 3720 ad
1636 3665 1923 3733 Christum.
1946 3670 2047 3726 Iste
2074 3688 2217 3726 nam-

687 3768 792 3821 que
810 3768 907 3807 nos
922 3751 1096 3820 justas
1117 3752 1307 3823 effecit,
1335 3753 1620 3824 pacificans
1644 3759 1821 3810 omnia
1843 3774 1959 3827 qua:
1990 3762 2042 3815 in
2071 3764 2217 3817 cadis

688 3846 809 3891 sunt
835 3848 887 3892 et
914 3853 1030 3907 (ποτε
1058 3840 1109 3892 in
1139 3840 1313 3902 terris,
1351 3860 1369 3891 ι
1399 3842 1486 3908 qui
1520 3841 1663 3895 solus
1685 3851 1770 3896 est
1797 3860 1889 3899 rex
1921 3845 2139 3913 iustitia:
2162 3859 2216 3903 et

687 3927 834 3994 pacis
862 3926 1114 3980 Dominus
1133 3942 1311 3980 noster
1334 3928 1491 3982 Iesus
1514 3929 1757 3983 Christus
1773 3971 1788 3995 ,
1812 3933 1900 3999 qui
1930 3935 2214 3987 semiudum

606 4022 611 4033 ‘
688 4012 1016 4067 divinitatem
1044 4013 1157 4066 sine
1180 4014 1349 4075 initio,
1378 4014 1492 4066 sine
1508 4016 1653 4078 line,
1693 4032 1783 4070 rex
1826 4026 1908 4071 est
1943 4022 2216 4087 sempiter-

688 4113 807 4158 nus,
837 4113 902 4151 ex
925 4107 1121 4151 artemo
1140 4099 1300 4152 Pater
1326 4100 1492 4170 [Leg.,
1512 4096 1700 4175 Patre]
1737 4115 1965 4161 internus
1984 4150 1997 4171 ,
2028 4125 2213 4177 quam-

687 4185 769 4237 vis
788 4200 851 4237 ex
880 4186 1148 4252 temporali
1176 4196 1341 4242 matre
1362 4194 1659 4259 temporalis
1677 4206 1833 4249 esset.
1862 4214 1880 4246 ι
1910 4198 2056 4252 Sicut
2075 4203 2212 4255 enim

691 4272 842 4325 istius
872 4271 1246 4328 Melchisedech
1272 4290 1374 4330 non
1402 4277 1623 4346 legimus
1655 4282 1859 4335 initium
1907 4286 1987 4337 vel
2021 4285 2208 4351 linem,

690 4360 743 4411 in
775 4360 1046 4427 Scriptura
1066 4401 1080 4423 ,
1108 4371 1388 4429 propterea
1418 4368 1557 4431 quod
1580 4383 1682 4419 non
1708 4379 1792 4423 est
1818 4374 2071 4439 Scriptum
2088 4416 2102 4437 ,
2137 4376 2214 4428 sic

691 4465 794 4502 non
810 4451 1053 4502 novimus
1068 4450 1182 4503 Filii
1197 4451 1288 4503 Dei
1315 4453 1517 4507 initium
1542 4458 1621 4508 vel
1651 4458 1825 4519 tinem,
1842 4462 1963 4526 quia
1994 4476 2095 4514 non
2120 4452 2213 4517 ha?-

691 4536 798 4589 bet.
814 4538 880 4589 Et
891 4538 943 4589 in
955 4538 1055 4591 hoc
1066 4547 1145 4591 est
1158 4540 1462 4603 similitudo,
1476 4545 1614 4611 quod
1643 4560 1737 4597 nec
1758 4546 1913 4609 illius,

693 4625 897 4678 initium
924 4626 1003 4679 vel
1038 4618 1159 4681 ﬁnis
1181 4629 1398 4697 legatur.
1425 4630 1565 4683 Illius
1606 4633 1840 4698 quidem,
1864 4637 1983 4702 quia
2009 4654 2109 4692 non
2132 4649 2215 4694 est

692 4716 975 4784 scriptum;
1004 4716 1155 4771 istius
1182 4727 1378 4783 autem,
1402 4722 1521 4787 quia
1556 4722 1770 4775 omnino
1793 4739 1893 4777 non
1918 4736 2017 4779 est.
2048 4747 2064 4778 ι

760 4804 917 4856 Vens.
944 4803 995 4853 ι.
1018 4833 1083 4842 -
1105 4804 1379 4857 Intuemini
1401 4819 1619 4874 quantus
1643 4810 1711 4861 sit
1741 4811 1848 4869 hic,
1879 4813 1961 4864 cui
1992 4814 2213 4868 decimas

693 4890 833 4943 dedit
872 4891 935 4941 de
980 4892 1247 4958 praecipuis
1295 4894 1547 4946 Abraham
1589 4899 1902 4962 patriarcha.
1948 4900 2216 4956 Convertit

695 4978 869 5045 itaque
901 4991 1194 5029 sermonem
1221 4979 1287 5031 ad
1310 4995 1400 5033 eos
1428 4981 1515 5047 qui
1540 4983 1829 5049 gloriantur
1861 5002 1916 5039 se
1943 4987 2075 5044 filios
2100 5006 2215 5046 esse

693 5066 937 5129 Abrahae,
951 5064 1080 5119 etde
1103 5066 1303 5134 origine
1326 5067 1437 5134 ejus
1459 5070 1779 5124 nobilitatem
1793 5066 1980 5128 eorum
2002 5078 2217 5133 descen-

695 5154 856 5217 disse,
877 5168 1033 5222 quem
1057 5152 1244 5207 divinis
1272 5156 1506 5210 exaltare
1536 5156 1772 5213 laudibus
1793 5166 2137 5226 contendunt,
2162 5177 2214 5219 et

696 5243 746 5292 in
770 5241 1049 5309 Evangelio
1068 5253 1186 5292 eum
1210 5242 1427 5297 Domino
1450 5250 1790 5314 praeposuisse
1811 5251 2019 5320 legitur.
2041 5256 2213 5309 dicen-

696 5336 809 5378 tes:
846 5328 1088 5396 Nunquid
1138 5336 1193 5377 tu
1237 5330 1401 5395 major
1441 5348 1492 5383 es
1529 5343 1673 5400 patre
1715 5347 1887 5389 nostro
1923 5337 2216 5395 Abraham?

697 5415 853 5472 Quasi
899 5414 1129 5476 diceret,
1174 5426 1326 5481 quem
1373 5432 1465 5471 vos
1512 5415 2214 5483 excellentiorem‘omnihus

696 5504 987 5564 wstrmatis,
1010 5503 1092 5556 hic
1112 5505 1338 5558 deeimas
1360 5506 1609 5562 oll‘ercbat
1627 5511 2021 5579 Melchisedech,
2042 5529 2092 5569 et
2115 5521 2211 5572 hoc

2314 3150 2523 3217 generis
2548 3148 2667 3214 fuit,
2696 3150 2913 3204 dicens:
2938 3139 3020 3204 Et
3046 3169 3191 3217 eum,
3214 3154 3302 3221 qui
3331 3154 3544 3225 habebat
3578 3158 3846 3224 repromis-

2311 3240 2498 3302 siones,
2528 3238 2798 3291 benedixit.
2842 3258 2861 3289 ‹
2895 3238 3136 3293 Ostendit
3172 3250 3228 3294 et
3263 3243 3703 3297 honorabiliorem
3729 3260 3847 3301 esse

2314 3326 2457 3393 illum
2484 3342 2549 3379 ex
2572 3327 2834 3379 communi
2868 3327 3101 3385 omnium
3123 3325 3342 3395 judicio,
3377 3338 3424 3381 et
3450 3332 3560 3384 sine
3594 3330 3700 3383 ulla
3720 3348 3843 3385 con-
3876 3338 3879 3339 '

2312 3414 2635 3476 tradictione,
2659 3414 2848 3481 inquit,
2878 3414 2983 3485 hoc
3005 3424 3107 3479 est,
3142 3416 3385 3473 omnibus
3411 3417 3527 3470 luce
3552 3419 3746 3473 clarius
3768 3420 3845 3471 vi-
3917 3478 3920 3481 Α

2313 3505 2469 3557 detur
2492 3504 2632 3569 quod
2652 3503 2826 3556 minus
2851 3520 2881 3556 a
2902 3504 3101 3573 majore
3120 3506 3465 3573 benedicitur.
3491 3508 3717 3565 Proinde
3735 3526 3845 3566 tue-

2312 3594 2410 3646 lior
2433 3601 2512 3647 est
2538 3600 2688 3663 typus
2726 3586 2919 3647 Christi
2944 3596 3101 3649 etiam
3138 3598 3318 3666 coqui
3340 3599 3714 3666 promissiones
3750 3602 3844 3655 ha-
3936 3670 3945 3675 _

2311 3683 2485 3737 liehat.
2524 3703 2542 3735 ι
2571 3683 2701 3748 Quis
2722 3693 2822 3749 est,
2842 3686 2929 3754 qui
2949 3675 3063 3739 sirit
3084 3687 3112 3738 l
3145 3686 3235 3741 ille
3256 3690 3417 3756 etiam
3443 3690 3532 3756 qni
3552 3692 3838 3744 secundum

2310 3777 2551 3829 ordinem
2596 3776 2977 3830 Melchiselech
3012 3777 3185 3829 laetus
3218 3751 3329 3831 est/
3323 3779 3571 3833 sacerdos
3608 3781 3661 3832 in
3680 3790 3841 3833 teter-

2310 3882 2454 3918 num.
2488 3863 2776 3917 Secundum
2801 3865 3029 3917 ordinem
3060 3865 3456 3932 Melchisedech,
3485 3868 3621 3940 [qui]
3664 3879 3839 3940 typum

2310 3951 2447 4017 gerit
2464 3950 2726 4017 pontificis
2745 3954 2930 4014 nostri,
2944 3953 3034 4020 qui
3050 3954 3385 4021 semetipsum
3405 3956 3594 4009 obtulit
3614 3958 3839 4012 hostiam

2312 4036 2418 4089 Deo
2441 4038 2731 4106 placentem
2757 4055 2771 4101 ;
2808 4053 2910 4091 non
2934 4054 3000 4092 ex
3026 4039 3340 4093 necessitate
3371 4041 3621 4108 qualibet,
3653 4045 3744 4097 sed
3771 4059 3837 4098 ex

2310 4124 2576 4179 voluntate
2609 4126 2835 4193 propria
2878 4127 3155 4193 potestatis
3198 4124 3407 4196 [SuppL
3444 4122 3837 4198 excellentiam]

2312 4214 2566 4281 designat.
2597 4214 2685 4281 qui
2716 4212 2844 4268 nihil
2876 4215 3030 4267 morti
3071 4214 3288 4279 debuit;
3327 4215 3522 4269 idcirco
3556 4216 3840 4283 pontiﬁcali

2314 4294 2575 4353 sacriﬁcio
2599 4302 2678 4352 sui
2701 4302 2937 4369 corporis
2961 4304 3193 4355 omnium
3218 4303 3386 4356 abluit
3401 4313 3636 4370 peccata.
3656 4304 3677 4374 (
3684 4306 3837 4359 Vens.

2316 4388 2399 4449 11,
2434 4384 2540 4455 12.)
2571 4385 2627 4438 Si
2650 4404 2767 4456 ergo
2784 4390 3148 4441 consummatio
3170 4405 3260 4456 per
3294 4374 3629 4445 sacerdtiiium
3660 4392 3843 4447 Leviti-

2314 4490 2427 4525 rum
2446 4482 2553 4525 erat
2580 4472 2813 4542 (populus
2849 4476 2981 4526 enim
3008 4474 3099 4527 sub
3126 4476 3235 4544 ipso
3270 4474 3426 4544 legem
3462 4476 3693 4545 accepit),
3719 4480 3844 4547 quid

1943 4565 2039 4602 nec
2065 4551 2214 4607 ίεῑίῐιε
2306 4565 2480 4619 adhuc
2496 4567 2831 4617 necessarium
2850 4574 2921 4617 est
2941 4568 3214 4620 secundum
3236 4568 3463 4621 ordinem
3481 4567 3841 4635 lelcltisedeclt

2314 4652 2473 4703 alium
2492 4666 2693 4718 surgere
2718 4651 3057 4715 sacerdotem,
3083 4665 3129 4707 et
3164 4672 3264 4708 non
3300 4655 3573 4708 secundum
3614 4659 3842 4712 ordinem

2318 4738 2490 4789 Aaron
2529 4737 2674 4789 dici?
2703 4737 2969 4792 Translata
3006 4742 3137 4794 enim
3164 4742 3448 4794 sacerdotio
3473 4746 3699 4812 corporis
3727 4744 3840 4807 (Sic

2313 4821 2462 4889 ms.),
2486 4839 2679 4875 necesse
2704 4834 2870 4886 est,ut
2893 4836 2941 4879 et
2960 4826 3081 4894 legis
3106 4826 3370 4881 translatio
3396 4829 3510 4898 fiat.
3538 4849 3556 4877 ι
3586 4830 3683 4883 Hic
3698 4830 3838 4884 enim

2315 4910 2497 4978 incipit
2540 4912 2743 4965 Veteris
2782 4912 3017 4979 Nov-ique
3050 4912 3364 4969 Testamenti
3394 4916 3716 4971 diderentias
3752 4931 3840 4970 os-

2314 4997 2547 5058 tendere,
2578 5016 2597 5047 ι
2626 4998 2835 5051 dicens:
2861 4996 2918 5050 Si
2944 5001 3083 5053 enim
3114 5005 3497 5064 consummatio,
3520 5004 3572 5057 id
3596 5011 3696 5068 est,
3718 5019 3838 5073 per-

2314 5081 2487 5143 fectio.
2514 5100 2603 5151 per
2638 5084 2975 5137 sacerdotium
3021 5087 3294 5141 Leviticum
3322 5087 3440 5155 fuit,
3470 5078 3592 5158 quid
3620 5107 3836 5147 necesse

2315 5174 2409 5228 fuit
2435 5177 2593 5229 alium
2612 5191 2830 5246 surgere
2848 5180 3217 5235 sacerdotem?
3251 5179 3382 5234 Nam
3410 5179 3581 5234 Aaron
3609 5183 3835 5249 primum

2313 5271 2427 5328 post
2471 5263 2637 5333 legem
2682 5265 2856 5319 datam
2894 5267 3216 5321 sacerdotem
3245 5269 3308 5323 de
3336 5272 3474 5326 tribu
3516 5273 3639 5326 Levi
3684 5286 3833 5334 esse,

2313 5349 2439 5401 nulli
2465 5349 2675 5410 dubium
2704 5362 2783 5405 est
2806 5371 2817 5403 :
2858 5355 2975 5406 ideo
3002 5358 3349 5412 sacerdotium
3370 5375 3475 5426 quo
3499 5360 3707 5414 functus
3732 5369 3837 5424 est,

2314 5436 2598 5490 Leviticunt
2643 5440 2931 5493 nominavit
2972 5446 3343 5499 sacerdotium.
3387 5445 3501 5509 Quo
3544 5448 3839 5502 sacerdotio

2314 5523 2543 5577 Levitico
2571 5526 2734 5579 multo
2762 5527 2943 5580 melior
2971 5528 3345 5585 Melchisedech
3376 5534 3425 5584 iu
3448 5534 3629 5587 ordine
3654 5549 3837 5589 sacer-
