4262 6234
455 399 469 449 ι
482 398 583 450 ι’ξιῖΰ

1131 389 1527 444 ΕΧίἰϐΙ-ΤῘΚΞΛ.
1572 418 1635 425 -
1674 385 1910 440 EXPOS.
1953 384 2016 436 IN
2058 381 2266 435 EPIST.
2309 384 2363 433 5.
2402 380 2598 434 PALLI
2633 381 2720 431 Al)
2761 378 2954 430 llEUlt.

3500 374 3631 427 Η»εεῖ

448 511 607 560 dotali
636 502 807 556 factus
833 510 934 563 εει,
981 500 1068 566 qui
1114 508 1292 567 typum
1322 497 1539 565 gerebat
1566 493 1856 547 sacerdotis
1894 508 1985 543 no-
2015 498 2057 550 Α
2089 489 2433 546 immanitate,
2475 486 2727 539 mediator
2757 486 2893 536 inter
2924 483 3086 533 Deum
3116 492 3165 533 et
3201 481 3455 536 homines.
3489 499 3624 536 scm-

448 595 580 658 stri,
623 590 676 645 id
710 599 793 644 est
826 587 1031 641 Domini
1075 584 1366 639 Salvatoris
1393 582 1591 636 mundi.
1643 579 1986 648 Nequaquam
2024 622 2027 623 ν

448 683 590 737 enim
636 678 884 738 dixisset,
924 674 1198 727 secundum
1236 673 1465 724 ordinem
1515 668 1902 730 Melchisedech,
1947 667 1990 720 si

412 760 413 763 Ἴ
450 771 577 837 illud
601 769 953 826 sacerdotium
978 767 1152 819 Aaron
1183 766 1370 822 melius
1396 772 1555 825 esset,
1582 764 1680 815 sub
1704 778 1809 829 quo
1829 776 1993 830 popu-

450 858 533 916 lus
556 842 856 912 intimorum
885 855 1051 922 legem
1080 861 1400 919 susceperat.
1432 850 1487 902 Si
1519 851 1677 917 igitur
1712 848 1991 901 sacerdotii

454 934 729 1011 translatio
757 951 855 1004 est,
883 956 1097 994 necesse
1116 948 1197 991 est
1221 940 1378 991 etiam
1403 939 1535 1007 legis
1555 953 1669 990 esse
1698 936 1995 989 translatio-

350 1020 357 1031 ’
455 1049 612 1088 nem:
654 1045 821 1099 neque
864 1029 1004 1083 enim
1034 1026 1492 1095 potestsacerdos
1529 1025 1642 1080 sine
1683 1033 1996 1077 testamento

452 1140 570 1178 esse
600 1132 654 1176 et
678 1122 793 1174 sine
813 1120 945 1187 lege,
968 1127 1023 1171 et
1049 1117 1163 1168 sine
1189 1114 1484 1184 praeceptis.

524 1252 681 1304 Vens.
715 1248 796 1307 15,
830 1246 911 1298 li.
956 1274 1024 1285 —
1066 1243 1131 1296 In
1156 1259 1257 1311 quo
1285 1243 1417 1294 enim
1448 1240 1598 1311 [hac]
1628 1241 1870 1292 dicuntur
1890 1278 1903 1301 ,
1932 1239 1995 1291 de
2034 1245 2041 1253 '

454 1344 558 1395 alia
584 1341 719 1393 tribu
745 1348 841 1401 est,
867 1339 930 1389 de
952 1353 1051 1407 quo
1076 1335 1246 1389 nullus
1272 1335 1459 1386 altario
1479 1344 1662 1401 priesto
1684 1334 1800 1399 fuit.
1829 1331 1995 1384 Mani-

454 1434 638 1500 festum
660 1439 732 1481 est
758 1428 890 1480 enim
928 1424 1064 1494 quod
1090 1440 1151 1476 ea:
1171 1422 1311 1474 Juda
1334 1434 1477 1473 ortus
1515 1430 1585 1472 est
1622 1420 1870 1471 Dominus
1899 1435 1993 1471 uo-

454 1531 557 1573 ster
579 1531 599 1568 :
634 1518 689 1570 in
714 1533 813 1584 qua
848 1514 981 1566 tribu
1008 1511 1133 1564 nihil
1155 1511 1218 1562 de
1247 1510 1591 1562 sacerdotibus
1618 1508 1817 1575 Moyses
1849 1507 1994 1559 locu-

455 1623 538 1664 tus
563 1620 657 1664 est.
701 1609 766 1663 In
803 1624 903 1676 quo
946 1606 1109 1668 enim,
1152 1604 1255 1665 ait,
1289 1604 1339 1655 id
1367 1614 1469 1665 est,
1499 1603 1691 1668 dequo
1718 1602 1828 1653 lucc
1857 1600 1995 1652 dicta

455 1708 592 1759 sunt,
613 1697 889 1749 Dominum
916 1692 1117 1747 scilicet
1137 1691 1441 1759 significans
1455 1689 1801 1743 Salvatorem.
1822 1705 1838 1736 ι
1861 1687 1996 1739 Dum

2092 592 2186 645 per
2213 578 2392 645 vivens
2416 574 2481 626 ad
2510 572 2944 640 interpellandum
2972 586 3066 639 pro
3092 570 3259 622 nolis.

2162 666 2319 717 Vnus.
2358 664 2439 724 18.
2475 664 2552 716 l9.
2575 692 2641 700 ——
2668 660 2967 728 Reprobatia
2995 657 3198 725 quidem
3223 658 3279 724 [it
3305 658 3635 725 pra'redeutis

2091 753 2344 814 mandati,
2364 760 2567 821 propter
2584 750 2931 817 inﬁrmitatem
2955 748 3063 815 ejus
3088 758 3135 799 et
3156 745 3479 801 inutilitatem
3500 748 3630 815 ejus.

2096 842 2242 894 Nihil
2286 844 2418 892 enim
2461 842 2513 891 in
2552 839 2830 905 perfectum
2874 838 3090 887 adduxit
3122 835 3220 887 lex.
3263 855 3280 883 ‹
3310 834 3445 900 Quid
3471 836 3631 898 enim,

2094 929 2221 980 nihil
2248 928 2440 995 profuit
2471 926 2593 978 lex?
2620 924 2822 977 Profuit
2848 924 3105 991 siquidem
3130 940 3142 984 ;
3175 924 3265 976 sed
3296 924 3424 977 nihil
3452 926 3635 997 adhoc

2093 1016 2287 1083 profuit
2315 1057 2327 1077 ,
2366 1023 2422 1066 ut
2460 1013 2725 1081 perfectas
2764 1011 3226 1078 facere'potuisset
3268 998 3557 1065 servientes
3583 1014 3634 1065 in

2094 1120 2190 1156 ca:
2228 1106 2424 1157 ideirco
2466 1103 2579 1171 ejus
2625 1101 2922 1169 rept-oliatio
2954 1100 3071 1163 fuit,
3118 1108 3176 1153 ut
3210 1100 3395 1169 gratim
3423 1088 3659 1154 daretur

2094 1190 2256 1254 locus,
2300 1191 2422 1242 dum
2452 1190 2685 1249 veniret,
2734 1189 2783 1239 in
2828 1200 2932 1253 qua
2970 1185 3220 1254 perfectio
3262 1187 3432 1239 fieret.
3484 1186 3639 1241 L'tilis

2093 1281 2283 1347 quippe
2313 1279 2409 1331 fuit
2430 1279 2535 1339 les,
2566 1278 2655 1329 sed
2682 1277 2782 1327 illis
2801 1276 2888 1343 qui
2919 1275 3072 1328 fidem
3096 1274 3391 1338 habuerunt
3413 1276 3463 1328 in
3486 1274 3636 1330 Cltri-
3712 1283 3717 1287 “

2092 1375 2193 1425 sto,
2236 1381 2338 1417 non
2371 1365 2471 1415 illis
2496 1364 2583 1431 qui
2616 1372 2778 1415 totam
2820 1377 2982 1428 spem,
3007 1376 3155 1413 suam
3185 1362 3237 1414 in
3267 1376 3382 1414 eam
3427 1362 3635 1417 firmas-

2093 1464 2239 1507 sent:
2286 1453 2603 1505 Introductio
2632 1450 2994 1513 veromelioris
3022 1450 3149 1515 spei,
3179 1464 3271 1515 per
3291 1464 3444 1515 quam
3465 1453 3637 1517 prori-

2093 1558 2291 1594 mamus
2322 1541 2388 1591 ad
2416 1540 2597 1591 Deum.
2624 1539 2802 1607 (γης.
2823 1537 2936 1605 ‘20.)
2962 1536 3026 1588 Et
3047 1547 3293 1604 quantum
3318 1545 3389 1587 cst
3413 1554 3513 1589 nou
3532 1539 3639 1589 sine

2088 1627 2453 1697 jurejurando.
2485 1626 2585 1678 Alii
2613 1626 2814 1693 quidem
2841 1625 2949 1677 sine
2976 1625 3323 1694 jurejurando
3351 1628 3637 1679 sacerdotes

2097 1717 2217 1783 {acti
2276 1725 2411 1768 sum.
2453 1714 2791 1773 lntroductio,
2850 1714 3040 1780 inquit,
3076 1713 3307 1765 melioris
3345 1718 3475 1781 spei.
3537 1715 3636 1767 lla-

455 1790 509 1843 id
537 1785 844 1840 translatum
870 1790 952 1835 est
975 1777 1528 1871 sacerdotium,_simul
1551 1784 1604 1829 et
1626 1784 1995 1871 testam-cntum
2030 1801 2070 1858 υ
2097 1777 2211 1855 inm
2230 1794 2421 1871 (Ιηίρρε
2446 1810 2500 1855 et
2526 1803 2609 1855 lex
2650 1816 2794 1868 Spem
2816 1841 2828 1859 ν
3004 1815 3108 1852 mm
3137 1801 3310 1852 mpm
3349 1777 3641 1868 gwmgm

456 1876 764 1929 translatum
793 1880 875 1925 est
898 1888 913 1935 ;
954 1887 1057 1923 non
1081 1877 1256 1922 autem
1280 1867 1464 1921 ordine
1500 1864 1880 1925 tantummodo,
1904 1880 1994 1916 ne-

453 1980 558 2033 que
582 1963 877 2033 praeceptis,
902 1960 994 2014 sed
1016 1961 1177 2012 etiam
1202 1954 1363 2010 tribu.
1397 1954 1685 2023 Oportebat
1705 1954 1916 2021 quippe,
1942 1962 1998 2005 ut

452 2057 615 2111 etiam
662 2051 878 2125 [tribus]
926 2058 1236 2104 mutaretur.
1278 2048 1345 2101 Et
1378 2050 1643 2115 quomodo
1686 2045 1998 2099 translatum

453 2152 539 2197 est
562 2141 911 2197 sacerdotium
934 2152 1000 2191 ex
1022 2136 1160 2189 tribu
1184 2136 1251 2189 ad
1270 2135 1484 2198 tribum,
1508 2135 1574 2187 de
1597 2133 1907 2187 sacerdotali
1930 2131 1996 2185 ad

456 2230 717 2299 regalem?
741 2228 807 2282 Ut
830 2228 1013 2281 eadem
1038 2225 1150 2294 ipsa
1174 2225 1245 2279 sit
1263 2234 1317 2277 et
1338 2225 1531 2291 regalis
1553 2232 1608 2276 et
1633 2222 1994 2276 sacerdotalis.

456 2320 528 2375 Et
542 2321 748 2374 intuere
774 2318 1110 2387 mysterium:
1134 2317 1303 2383 primo
1329 2314 1427 2367 fuit
1445 2313 1619 2379 regale
1643 2312 1997 2366 sacerdotium

459 2406 835 2469 Melchisedech
860 2404 1143 2457 secundum
1164 2401 1591 2468 consequentiam
1614 2398 1773 2465 hujus
1793 2413 1995 2452 sermo-

461 2470 581 2558 nis';
617 2481 905 2548 secundum
931 2492 1091 2545 etiam
1111 2488 1211 2542 fuit
1238 2487 1561 2541 sacerdotale
1590 2487 1641 2539 in
1663 2487 1871 2547 Aaron;
1893 2493 1997 2538 ter-

460 2584 590 2635 tium
616 2580 855 2651 [ϐῆναι.
884 2580 963 2632 sic
989 2576 1183 2646 etiam]
1215 2576 1312 2639 fuit
1351 2576 1404 2628 in
1441 2574 1653 2628 Christo
1684 2575 1872 2626 iterum
1916 2588 1999 2626 re-

460 2674 596 2742 gate,
625 2672 715 2740 qui
756 2680 871 2724 erat
916 2684 1004 2721 rex
1042 2680 1281 2734 semper;
1328 2664 1577 2718 sacerdos
1618 2672 1791 2716 autem
1829 2662 2000 2715 factus

459 2771 561 2824 est,
582 2761 793 2831 quando
821 2772 1033 2811 carnem
1059 2755 1310 2823 suscepit,
1338 2752 1548 2823 quando
1570 2752 1885 2807 sacriﬁcium
1906 2754 1999 2805 ob-

462 2849 599 2902 tulit.
652 2849 809 2901 Vides
861 2845 1203 2899 mutationem
1256 2842 1484 2895 rerum?
1537 2840 1663 2905 Qua:
1716 2840 1857 2893 enim
1903 2854 2001 2906 per

462 2934 857 2989 translationem
899 2933 1039 2986 facta
1066 2940 1215 2993 sunt,
1246 2931 1359 2993 haec
1384 2930 1546 2985 veluti
1582 2945 1648 2984 ex
1674 2944 1849 2983 rerum
1874 2944 2001 2983 con-

2093 1895 2232 1948 enim
2265 1894 2397 1945 bene
2422 1890 2690 1959 placentes
2708 1899 2762 1941 et
2786 1890 2951 1956 legem
2978 1889 3070 1941 Dei
3092 1891 3449 1943 custodientes
3476 1894 3639 1959 possi-

2094 1981 2219 2034 dere
2264 1991 2494 2043 terram;
2538 1979 2668 2033 nihil
2709 1994 3063 2031 :ermnnosum
3091 1981 3232 2046 pati,
3276 1995 3527 2048 prospere
3565 1984 3649 2035 vi-

2093 2081 2240 2131 vere,
2271 2069 2409 2120 sicut
2434 2068 2631 2121 dictum
2657 2075 2769 2118 est:
2814 2064 2916 2127 Qui
2942 2066 3115 2133 fecerit
3141 2083 3254 2119 eam
3275 2107 3290 2131 ,
3330 2069 3450 2122 viret
3480 2073 3533 2121 in
3557 2086 3641 2122 ea.

2094 2154 2193 2209 llic
2219 2164 2393 2207 autem
2416 2167 2706 2221 speramus,
2729 2154 2852 2220 quia
2879 2153 3161 2219 placentes,
3185 2155 3485 2224 evangelica
3507 2171 3641 2223 pne—

2096 2254 2243 2314 cepta
2273 2245 2664 2305 custodientes;
2705 2259 2806 2293 non
2835 2251 3032 2293 terram
3068 2243 3371 2310 possidere,
3418 2245 3509 2299 sed
3535 2260 3642 2300 cm-

2096 2332 2224 2385 lum.
2259 2330 2419 2400 Magis
2444 2339 2618 2383 autem
2643 2329 2803 2398 (quod
2832 2329 2967 2381 malo
2995 2328 3161 2381 multo
3187 2329 3376 2384 melius
3398 2333 3500 2401 est)
3523 2347 3641 2402 spe.
3660 2324 3677 2331 1

2097 2435 2276 2473 ramus
2305 2420 2529 2487 proximi
2561 2419 2667 2495 Deo
2710 2419 3032 2479 consistere,
3065 2419 3130 2470 ad
3160 2418 3328 2488 ipsum
3358 2428 3640 2487 paternum

2097 2512 2283 2564 solium
2306 2510 2668 2578 pervenire,ct
2690 2508 2989 2560 ministrare
3016 2508 3062 2560 ei
3091 2523 3209 2560 cum
3236 2508 3455 2575 angelis.
3479 2528 3505 2559 Δι
3531 2508 3643 2562 lloc.

2098 2593 2272 2653 autem
2302 2597 2673 2655 sacerdotium,
2704 2611 2798 2663 per
2823 2595 2959 2662 quod
3001 2596 3136 2647 hanc
3164 2594 3383 2663 gloriam
3428 2609 3641 2663 posses-

2096 2692 2207 2742 suri
2233 2704 2433 2752 sumus,
2463 2703 2564 2740 non
2593 2688 2696 2740 erit
2722 2689 2835 2740 sine
2854 2687 3217 2755 jurejurando,
3240 2696 3296 2741 ut
3318 2687 3523 2747 firmam
3547 2688 3641 2744 Dei

2098 2777 2499 2848 promissionem
2543 2775 2842 2835 credamus,
2885 2776 3007 2842 quia
3049 2775 3161 2827 inec
3201 2776 3378 2829 omnia
3409 2777 3560 2830 nobis
3588 2777 3640 2830 in

2097 2865 2231 2919 Filio
2257 2865 2471 2935 preprio
2493 2864 2754 2934 promisit,
2785 2878 2940 2937 quem
2965 2877 3062 2929 pro
3089 2864 3238 2915 nobis
3264 2864 3509 2918 omnibus
3528 2874 3641 2918 tra-
3732 2890 3733 2893 η

2100 2954 2253 3017 didit,
2282 2962 2342 3006 ut
2382 2968 2477 3022 per
2517 2944 2637 3006 eum
2673 2944 2785 3005 hac
2808 2950 2984 3004 omnia
3018 2949 3225 3019 [SuppL
3258 2951 3411 3018 forte.
3442 2953 3640 3023 hahea-

464 3025 661 3078 stantia
690 3022 917 3094 [Chrys.,
946 3036 1014 3075 ex
1048 3036 1225 3074 rerum
1251 3018 1649 3089 consequentia]
1675 3020 1827 3089 quasi
1863 3034 1993 3074 nova

2100 3040 2263 3112 mus],
2289 3041 2355 3094 de
2380 3018 2486 3108 quo
2512 3040 2710 3093 dictum
2730 3046 2849 3090 est:
2878 3036 2954 3089 Tu
2978 3018 3036 3089 es
3054 3018 3292 3091 sacerdos
3320 3040 3375 3092 in
3395 3020 3640 3094 mei-num

461 3113 635 3167 adire
654 3113 918 3169 sidentur.
949 3131 968 3164 ι

531 3243 689 3299 Vsus.
714 3242 898 3296 15-17.
922 3272 994 3283 --
1020 3240 1087 3295 Et
1110 3240 1330 3309 amplius
1357 3240 1526 3292 adhuc
1556 3238 1883 3305 manifestum
1902 3248 1998 3304 est,

463 3331 507 3385 si
524 3329 802 3385 secundum
826 3330 1056 3381 ordinem
1090 3314 1703 3399 [Leggsimilitudinem]
1737 3325 2003 3379 Melchise-

462 3418 587 3472 dech
615 3427 900 3485 exsurgeret
927 3417 1058 3469 alius
1086 3402 1353 3491 sacerdos,
1380 3416 1467 3481 qui
1495 3430 1593 3466 non
1622 3413 1899 3465 secundum
1929 3412 2002 3464 le-

462 3521 573 3573 gem
599 3505 830 3557 mandati
856 3505 1078 3556 carnalis
1118 3504 1284 3577 factus
1300 3543 1314 3565 ,
1353 3502 1441 3554 sed
1466 3502 1741 3553 secundum
1769 3502 1999 3553 virtutem

464 3594 576 3645 rita!
598 3590 901 3644 insolubilis.
935 3588 1258 3643 Coutestatur
1283 3590 1434 3649 enim,
1474 3588 1714 3655 quoniam
1751 3597 1803 3638 tu
1831 3603 1883 3639 es
1917 3603 2001 3640 sa-

463 3676 641 3732 cerdos
672 3679 726 3730 in
750 3687 995 3736 wternum
1030 3675 1304 3729 secundum
1338 3675 1567 3726 ordinem
1610 3671 1994 3724 Melchisedech.

466 3754 666 3817 Novam
691 3762 861 3833 [Cod.,
891 3762 1158 3832 Nostram]
1187 3763 1287 3815 hoc
1319 3762 1433 3815 loco
1461 3761 1808 3814 differentiam
1848 3760 1998 3812 insti-

468 3851 565 3903 tnit
596 3850 735 3905 inter
761 3848 1111 3903 sacerdotium
1141 3847 1359 3918 [Aaron]
1393 3858 1447 3901 et
1473 3848 1823 3902 sacerdotium
1851 3847 1998 3899 Chri-
2036 3842 2039 3846 ’

464 3932 566 3998 sti;
599 3935 721 4002 quia
754 3933 879 3986 illud
908 3933 1135 3994 carnale,
1166 3933 1266 3986 hoc
1285 3947 1407 3986 vero
1427 3934 1693 4000 spiritale;
1718 3933 1842 3985 illud
1867 3943 1998 3986 tem-

465 4021 665 4091 porale.
686 4022 788 4075 hoc
812 4036 939 4075 vero
964 4028 1219 4074 mtcrnum
1244 4028 1345 4074 est.
1384 4019 1521 4073 Dicit
1542 4020 1683 4073 enim
1716 4021 1781 4074 de
1824 4035 1997 4073 sacer-

401 4116 409 4126 '
464 4108 610 4162 dotio
622 4109 805 4183 Aaron
828 4126 840 4160 :
862 4107 1147 4161 "secundum
1172 4107 1330 4183 legens
1365 4107 1594 4160 mandati
1621 4106 1861 4160 carnalis.
1888 4107 1995 4160 Lex

464 4177 658 4263 quippe
677 4196 766 4248 illa
788 4208 855 4249 ex
879 4195 1042 4249 multa
1061 4204 1213 4264 parte
1230 4177 1468 4250 carnalis
1492 4204 1644 4260 erat;
1683 4196 1734 4250 in
1764 4197 1994 4251 circum-

464 4283 663 4337 cisione
686 4284 892 4347 carnis,
923 4284 978 4337 in
1007 4285 1345 4338 mundatione
1389 4286 1594 4350 carnis,
1634 4286 1688 4339 in
1725 4286 1913 4340 hostiis
1940 4296 1994 4340 et

463 4369 819 4429 oblationibus
837 4370 1152 4433 carnalibus,
1165 4370 1231 4423 'in
1258 4370 1575 4425 discretione
1598 4373 1854 4437 ciborum,
1883 4374 1994 4428 Ilie-

463 4470 605 4522 rum,
641 4466 952 4527 temporum,
980 4459 1140 4513 etiam
1156 4467 1213 4512 et
1236 4442 1289 4514 in
1312 4460 1672 4524 retributione,
1693 4464 1885 4530 quibus
1902 4465 1994 4518 be-

463 4538 846 4600 Ha‘ciontibus
864 4555 918 4599 et
934 4546 1105 4614 legem
1124 4548 1541 4603 custodientibus
1556 4562 1659 4618 pax
1672 4558 1727 4603 ει
1738 4545 1995 4605 securitas

464 4641 521 4688 et
548 4635 867 4702 praepedt”
889 4644 945 4689 et
970 4636 1180 4707 frugum
1204 4638 1525 4693 abundantia
1559 4647 1617 4693 et
1638 4642 1783 4710 regni
1810 4650 1994 4709 poten-

466 4722 539 4773 tia
578 4720 832 4789 promissa
867 4730 969 4783 est,
999 4720 1129 4791 quae
1151 4718 1330 4778 Omnia
1370 4732 1542 4778 morte
1565 4723 1793 4780 ﬁnienda
1817 4735 1989 4781 erant.

465 4807 570 4862 Sed
593 4823 697 4861 non
725 4809 797 4862 ita
816 4810 1167 4865 sacerdotium
1182 4811 1399 4876 Christi,
1420 4812 1559 4881 quod
1581 4814 1868 4869 scandam
1891 4816 1994 4868 vir-

464 4890 1271 4950 mﬁminwlubiﬂsest.c
1310 4896 1440 4964 Quis
1479 4907 1561 4953 est
1601 4887 1704 4955 isto
1740 4903 1987 4957 sacerdos

464 4980 624 5035 om
650 4982 764 5037 Non
787 4983 992 5047 Aaron;
1017 4984 1261 5051 non'ipse
1289 4984 1991 5059 www.msod

464 5063 571 5131 ille,
595 5070 749 5137 ωιαι
774 5068 864 5126 Ille
886 5071 1265 5127 Melchisedech
1288 5080 1471 5141 typum
1506 5078 1739 5145 gerebat.
1770 5076 1845 5130 De
1884 5093 1990 5146 quo

392 5189 404 5205 .
464 5157 577 5225 ipse
598 5155 737 5211 Deus
762 5156 918 5211 Pater
928 5158 1268 5237 jnnjurando
1289 5167 1543 5214 testatur:
1577 5162 1654 5217 Tu
1674 5180 1730 5218 es
1751 5165 1987 5218 sacerdos

462 5239 796 5299 iam
838 5245 1117 5301 secundum
1155 5249 1387 5302 ordinent
1430 5245 1816 5305 ldcﬂsodxh.
1877 5251 1989 5306 Hoc

453 5331 571 5393 est,
593 5345 699 5386 non
728 5332 1050 5402 tanporalis,
1075 5347 1246 5403 neque
1268 5337 1425 5390 ﬁnem
1444 5337 1661 5402 habens,
1689 5342 1782 5394 sed
1804 5355 1991 5409 secun-

464 5420 587 5474 dum
605 5425 896 5491 pueritiam
921 5424 1209 5480 insolubilis
1226 5427 1389 5492 vita;
1432 5446 1454 5479 ι
1487 5427 1652 5481 vitam
1674 5444 1800 5484 vero
1824 5430 1879 5485 in
1908 5446 1991 5488 se-

358 5594 367 5601 .
430 5506 1991 5601 ‘ipsobabensinsolnbllran,qnamvisadtempusmortnns

464 5602 605 5646 esset
628 5608 825 5659 mrito;
863 5604 1041 5652 tamen
1084 5600 1138 5653 in
1178 5599 1431 5655 mu
1472 5601 1744 5658 divinitate
1770 5602 1896 5658 vivit
1934 5618 1991 5661 et

775 5685 1041 5747 Panos.
1084 5690 1149 5751 C.

2026 3112 2076 3178 Ε
2099 3126 2378 3184 secundum
2402 3126 2630 3177 ordinem
2656 3122 3044 3177 Melchisedech.

2165 3226 2324 3279 Vens.
2353 3223 2615 3277 22—24.—
2630 3220 2693 3273 In
2722 3230 2920 3273 tantum
2942 3219 3163 3275 melioris
3182 3226 3468 3284 testamenti
3489 3243 3641 3294 spon-

2095 3336 2182 3373 sor
2207 3318 2372 3386 factus
2400 3324 2471 3369 est
2500 3314 2671 3367 Iesus.
2708 3311 2775 3365 Et
2802 3312 2893 3365 alii
2919 3312 3123 3381 quidem
3159 3314 3330 3382 plures
3363 3309 3487 3385 [arti
3520 3331 3639 3370 sunt

2096 3406 2400 3464 sacerdotes,
2428 3403 2620 3455 idcirco
2652 3400 2791 3468 quod
2826 3410 2987 3452 morte
3016 3404 3404 3469 prohiberentur
3439 3424 3640 3475 parma-

2096 3504 2247 3544 nere:
2285 3491 2366 3541 hic
2387 3498 2558 3540 autem
2582 3504 2661 3550 eo,
2692 3488 2828 3556 quod
2854 3498 3056 3540 maneat
3085 3490 3136 3541 in
3162 3501 3427 3554 a'ternum,
3459 3499 3640 3564 sempi-

2097 3589 2293 3632 ternum
2322 3579 2468 3649 habet
2496 3578 2858 3630 sacerdotium.
2894 3596 2913 3627 ι
2958 3578 3099 3631 Duas
3119 3581 3267 3647 ponit
3294 3572 3636 3649 differentias,

2094 3670 2217 3737 quia
2243 3647 2358 3720 noti
2373 3668 2530 3720 habet
2551 3666 2709 3719 ﬁnem
2737 3668 2987 3721 sacerdos
3022 3678 3233 3732 noster,
3265 3648 3405 3726 sicut
3432 3647 3635 3743 legalis.

2094 3754 2205 3806 lloc
2234 3761 2410 3805 autem
2455 3750 2581 3805 facit
2622 3766 2687 3804 ex
2734 3766 2957 3819 persona
2985 3753 3200 3819 Christi,
3239 3759 3327 3825 qui
3356 3752 3637 3827 ingressus,

2097 3840 2293 3907 inquit,
2336 3838 2612 3891 secundum
2637 3840 2867 3891 virtutem
2905 3842 3019 3893 rita:
3043 3843 3347 3897 insolubilis.
3384 3864 3403 3895 ι
3433 3847 3500 3900 Et
3536 3849 3635 3903 hoc

2089 3928 2432 3997 jurejurando
2461 3935 2712 3989 testatur,
2759 3924 2897 3981 sicut
2932 3944 3090 3997 supra
3118 3932 3312 3985 dictum
3352 3944 3452 3988 est.
3486 3937 3637 3991 Sicut

2093 4017 2181 4070 ille
2210 4024 2502 4085 permanet,
2532 4017 2603 4071 ita
2628 4018 2787 4070 etiam
2813 4027 2866 4071 et
2884 4019 2967 4071 lex
2988 4034 3144 4088 quam
3174 4024 3368 4087 attulit,
3391 4042 3633 4095 perman-

2092 4118 2217 4156 sura
2242 4113 2360 4167 est;
2403 4106 2455 4157 in
2485 4120 2587 4173 qua
2614 4115 2697 4160 est
2734 4122 2860 4160 vera
2909 4116 3244 4177 peccatorum
3277 4113 3517 4169 remissio
3536 4156 3551 4179 ,
3581 4128 3634 4171 ει

2091 4198 2355 4256 perpetua:
2382 4192 2650 4259 perceptio
2674 4193 2875 4257 gratim.
2912 4211 2931 4241 ι
2963 4194 3020 4246 Si
3052 4197 3195 4249 enim
3224 4197 3310 4251 illa
3338 4202 3484 4268 prior
3510 4219 3607 4276 pro

2090 4288 2208 4347 pter
2237 4280 2647 4335 imbecillitatem
2674 4282 2772 4340 sui.
2802 4297 2919 4350 qum
2948 4284 3079 4339 nihil
3109 4287 3173 4339 ad
3202 4288 3493 4355 perfectum
3528 4288 3597 4347 du
3625 4326 3633 4334 -

2091 4383 2212 4423 cere
2238 4369 2486 4438 potuerit,
2513 4370 2723 4423 exclusa
2752 4380 2849 4430 est,
2896 4373 2994 4426 ista
3028 4390 3181 4437 vero,
3213 4391 3371 4445 quam
3396 4383 3629 4450 pontifex

2092 4469 2310 4524 magnus
2338 4456 2532 4519 attulit,
2558 4458 2718 4519 valet,
2749 4467 2805 4512 et
2829 4459 2981 4513 fortis
3003 4470 3105 4524 est,
3133 4474 3189 4517 ει
3218 4474 3412 4520 manet.
3441 4468 3627 4525 Osten—

2088 4541 2165 4595 dit
2203 4551 2379 4596 antem
2427 4544 2527 4597 hoc
2568 4559 2633 4597 es
2665 4546 2933 4613 pontiﬁce.
2976 4548 3290 4613 Quomodo?
3326 4542 3457 4619 Quia
3494 4574 3633 4613 unus

2086 4636 2187 4681 est.
2235 4628 2349 4682 Non
2383 4631 2523 4683 enim
2566 4646 2703 4684 unus
2747 4641 2923 4694 esset,
2969 4636 3068 4688 nisi
3107 4648 3248 4693 esset
3294 4642 3623 4701 immortalis.

2087 4718 2235 4771 Sicut
2274 4718 2414 4774 enim
2452 4718 2606 4773 multi
2645 4720 2945 4779 sacerdotes
2991 4723 3042 4776 in
3086 4724 3201 4795 lege
3236 4728 3471 4797 fuerunt,
3500 4738 3623 4802 quia

2088 4806 2336 4860 mortales
2366 4806 2607 4872 fuerunt,
2652 4810 2729 4865 sic
2753 4827 2919 4874 unus,
2957 4816 3079 4883 quia
3124 4816 3436 4875 immortalis
3458 4839 3624 4894 usque,

2093 4894 2197 4959 hic.
2229 4894 2331 4961 Qui
2372 4897 2424 4949 in
2466 4906 2668 4952 tantum
2704 4901 2935 4954 melioris
2964 4904 3265 4957 testamenti
3300 4920 3523 4977 sgonsor
3546 4912 3625 4969 fa-

2091 4992 2207 5038 ctus
2224 4992 2336 5078 est,
2366 4987 2650 5040 secundum
2671 4989 2810 5055 quod
2827 4988 3059 5055 iuratum
3084 5000 3167 5045 est
3193 4994 3259 5047 de
3286 5010 3351 5049 eo
3368 5038 3383 5062 ,
3414 5015 3624 5071 semper

2089 5084 2212 5123 eum
2238 5084 2356 5125 esse
2387 5087 2717 5127 mansurum.
3612 5092 3615 5095 λ

2158 5176 2317 5231 Vsus.
2344 5175 2431 5233 25.
2460 5208 2530 5219 -
2558 5176 2703 5264 Unde
2725 5191 2774 5235 et
2807 5183 3007 5238 salvan
3042 5187 3096 5241 in
3120 5200 3419 5258 perpessu
3458 5206 3622 5264 potest

2088 5264 2383 5319 accedentes
2402 5282 2493 5335 per
2514 5263 2835 5339 mum.»
2861 5271 2931 5325 ad
2952 5271 3137 5339 om,
3163 5293 3361 5347 semper
3396 5263 3533 5338 vim
3551 5286 3622 5341 ad

2084 5349 2509 5420 interpellandum
2538 5371 2632 5422 pro
2669 5358 2760 5411 eis.
2795 5357 3018 5415 Intueris
3043 5362 3165 5430 quia
3209 5364 3275 5417 de
3310 5380 3376 5419 eo
3414 5370 3505 5435 qui
3531 5386 3621 5427 so-

2087 5436 2315 5491 cundum
2351 5453 2575 5513 carnem
2600 5450 2684 5497 est
2710 5444 2811 5498 ista
2855 5446 2999 5500 dicit.
3046 5448 3264 5511 Quando
3298 5452 3439 5504 enim
3483 5457 3622 5511 sicut

2086 5522 2317 5591 pontifex
2356 5534 2458 5590 est,
2496 5534 2625 5609 tunq
2662 5532 2823 5586 etiam
2858 5532 3186 5602 interpellat;
3232 5555 3252 5587 ι
3284 5537 3407 5604 quia
3445 5555 3510 5594 ex
3554 5555 3616 5597 ea

2086 5620 2271 5666 natura
2306 5626 2407 5681 qua
2434 5614 2671 5682 pontifex
2694 5626 2809 5683 ost,
2858 5619 3154 5690 interpellat
3196 5638 3294 5691 pro
3332 5626 3458 5679 suis.
3489 5628 3617 5693 Quis
