4154 6256
505 406 511 413 ⁸
575 343 701 399 ςςοετ
1431 336 1488 390 Β.
1530 337 1587 389 F.
1629 333 1847 391 ALBINI
1887 331 2013 417 εει]
2050 330 2142 384 Ala

2240 330 2318 385 [Nl
2368 326 2644 387 OPERUM
2681 326 2855 381 PARS
2890 324 2950 379 II.
3233 369 3242 375 .
3482 275 3490 287 Ἰ
3526 353 3537 357 -
3634 322 3764 376 {068

575 460 657 507 est
698 448 787 517 qui
834 436 1160 514 interpellat,
1210 444 1312 497 nisi
1354 443 1597 497 humans:
1627 452 1829 499 natura:
1857 429 2118 496 divinitati
2148 442 2191 500 Δ
2219 450 2441 493 cuntur:
2484 439 2657 493 Talem
2682 440 2925 492 habemus
2953 436 3261 507 pontiﬁcem,

577 536 718 590 illius
738 531 1063 601 conjunctio,
1086 545 1240 599 quam
1261 539 1481 599 paterno
1503 530 1633 584 solio
1652 526 1886 593 advexit,
1912 540 2123 599 semper

578 622 728 677 vivus
751 628 807 675 et
834 621 898 676 ad
935 618 1241 675 salvandum
1280 618 1517 673 idoneus.
1546 616 1649 671 Alii
1674 632 1801 672 vero
1827 614 2125 685 pontiﬁces,

578 715 704 787 quia
728 729 937 785 semper
960 729 1066 768 non
1090 719 1262 775 erant,
1302 726 1513 781 semper
1552 727 1655 765 non
1698 700 2121 779 interpellabant.

579 802 696 859 Non
737 801 906 856 solum
949 800 1003 854 in
1048 799 1147 853 hac
1172 800 1279 852 vita
1312 797 1480 851 salvat
1516 812 1612 864 per
1652 795 2124 865 interpellationem

548 920 552 924 -
580 890 924 949 humanitatis
956 903 1066 943 sum
1086 929 1104 962 ρ
1140 886 1231 942 sed
1278 888 1436 941 etiam
1470 886 1521 939 in
1567 886 1803 941 futurum
1831 885 2090 955 gloriﬁcat
2110 924 2125 950 ,

584 982 709 1037 dum
741 978 915 1035 tradet
950 991 1170 1047 regnum
1206 975 1313 1029 Deo
1354 974 1533 1038 Patri,
1562 980 1615 1027 et
1640 975 1896 1043 perducet
1918 981 2129 1028 sanctos

587 1070 653 1125 ad
695 1070 1220 1137 visionem'pateruat
1254 1063 1563 1131 maiestatis.
1596 1062 1804 1133 (Vens.
1828 1061 1940 1133 26.)
1989 1061 2030 1113 Τ
2031 1061 2145 1115 alis.

584 1155 966 1217 enim'dccebat,
995 1162 1049 1207 ut
1079 1152 1219 1205 nobis
1253 1160 1380 1204 esset
1414 1150 1664 1219 pontifex,
1695 1158 1903 1202 sanctus
1928 1187 1941 1211 ,
1978 1148 2128 1200 inno-

539 1314 544 1318 _
585 1262 726 1311 cens,
756 1243 1073 1315 impollutus,
1102 1227 1393 1310 segregatus
1419 1256 1450 1291 a
1472 1238 1844 1308 peccatoribus,
1880 1246 1927 1288 et
1962 1234 2131 1289 excel-

585 1333 694 1388 sior
718 1332 850 1386 cretis
884 1331 1081 1399 "factus.
1119 1327 1260 1382 Talis
1286 1328 1445 1381 etiam
1477 1326 1579 1380 illis
1606 1326 1784 1379 decuit
1819 1337 1935 1377 esse
1960 1322 2133 1392 ponti-

590 1422 698 1484 fex,
731 1421 795 1483 de
822 1420 1011 1489 quibus
1041 1419 1151 1489 ipse
1184 1418 1296 1470 ait:
1335 1415 1460 1468 Jam
1500 1432 1600 1468 non
1641 1414 1810 1466 dicam
1846 1428 1929 1465 vos
1964 1426 2132 1464 servos

590 1514 678 1567 sed
703 1514 926 1576 amicos,
967 1511 1090 1579 quia
1135 1509 1305 1563 omnia
1331 1492 1644 1577 quiscunque
1683 1505 1856 1559 audivi
1900 1522 1932 1557 a
1978 1502 2135 1557 Patre

590 1620 724 1666 meo,
758 1610 878 1657 nata
908 1600 1003 1667 feci
1035 1599 1171 1668 vobis
1211 1597 1385 1669 (Joan.
1436 1612 1523 1660 xv,
1571 1595 1680 1664 l5).
1710 1594 1968 1648 Videlicet
1996 1592 2135 1647 servi

591 1690 805 1761 legales,
851 1687 1124 1757 pontiﬁces
1167 1685 1465 1738 habuerunt
1500 1682 1769 1745 mortales,
1805 1689 2133 1750 peccatores,

3375 434 3466 499 qui
3553 432 3691 488 sedet
3716 437 3769 484 δι.

2223 529 2432 584 dextera
2458 529 2591 583 sedis
2618 527 2986 597 magnitudinis
3009 526 3061 577 in
3090 523 3259 586 culis,
3285 533 3579 577 sanctorum
3620 522 3769 575 mini-

2223 628 2329 673 ster
2352 628 2399 672 et
2425 617 2743 671 tabernaculi
2764 614 3053 687 ueritquod
3077 611 3192 681 ﬁxit
3218 612 3381 675 Deus,
3400 621 3447 665 et
3474 628 3574 665 non
3600 610 3773 663 homo.

2224 707 2376 775 Quod
2399 704 2577 775 itaque
2601 706 2706 758 ait:
2737 702 3031 773 Capitulum
3052 702 3105 755 in
3124 702 3202 755 his
3222 716 3336 772 qua:
3359 700 3497 773 dicta
3529 707 3667 759 sunt,
3695 696 3773 750 si-
3860 712 3875 721 ί

2224 796 2441 871 gniﬁcat
2470 795 2667 864 aliquid
2693 808 2958 849 summum
2984 799 3038 847 et
3063 805 3312 860 magnum
3333 830 3349 853 ,
3390 789 3539 858 quasi
3568 800 3774 857 pra-cc-

2226 885 2399 940 dentis
2422 876 2793 952 disputationis
2821 878 3206 959 recapitulatio,
3235 878 3301 932 ad
3345 892 3457 932 rem
3485 877 3653 945 ipsam
3679 874 3805 943 de—g

2227 973 2427 1029 ducens
2450 970 2767 1026 auditorem.
2817 966 2992 1022 Talem
3032 968 3297 1029 habemus,
3337 967 3537 1034 inquit,
3566 964 3778 1034 pontiﬁ-

2228 1078 2355 1126 cem,
2400 1060 2490 1131 qui
2524 1054 2660 1114 sedet
2687 1056 2755 1112 ad
2786 1059 3045 1112 dexteram
3078 1055 3402 1127 majestatis;
3441 1055 3656 1109 humilia
3683 1069 3778 1107 ex-

2230 1150 2405 1214 celsis,
2436 1150 2663 1203 humana
2690 1146 3284 1207 divintscoltmiscens,
3329 1144 3571 1198 eumdem
3614 1143 3779 1215 Deum

2230 1238 2532 1303 ostendens,
2566 1252 2725 1309 quem
2753 1245 2808 1291 et
2830 1235 3171 1306 pontiﬁcem;
3212 1248 3308 1287 nec
3343 1229 3503 1285 alium
3546 1245 3662 1285 esse
3685 1232 3781 1298 qui

2232 1328 2383 1383 sedet
2421 1328 2489 1381 ad
2529 1322 2951 1399 dextemngei,
2999 1325 3102 1378 nisi
3145 1338 3265 1378 eum
3300 1322 3391 1390 qui
3422 1329 3507 1374 est
3553 1321 3819 1374 minister,

2234 1428 2525 1473 sanctorum
2549 1427 2596 1471 et
2617 1414 2954 1479 tabernaculi,
2968 1413 3107 1484 quod
3126 1413 3241 1483 ﬁxit
3261 1413 3400 1465 Deus
3420 1420 3471 1463 et
3488 1426 3589 1463 non
3608 1410 3781 1462 homo.

2235 1506 2347 1564 Hoc
2392 1504 2790 1561 tabernaculum
2820 1505 3008 1557 anima:
3052 1511 3177 1557 sunt
3208 1507 3511 1555 sanctarum
3532 1538 3549 1562 ,
3591 1497 3786 1567 quibus

2234 1604 2432 1649 aeterna
2456 1595 2649 1664 gaudia
2691 1594 2977 1654 ministrat,
3003 1599 3058 1645 et
3087 1590 3328 1645 velamen
3363 1588 3484 1643 θα)ιί
3502 1628 3516 1651 ,
3545 1587 3782 1655 pontifex
3880 1592 3883 1593 '

2234 1698 2481 1754 magnus.
2514 1682 2616 1748 Qui
2644 1682 2780 1736 sedet
2806 1682 2873 1735 ad
2898 1682 3163 1734 dexteram
3187 1680 3472 1748 majestatis
3500 1680 3555 1730 in
3575 1676 3785 1730 excelsis

592 1752 690 1848 prvo
714 1752 1010 1845 semetipsis
1028 1774 1347 1838 ollerentes;
1379 1773 1469 1826 lilii
1498 1787 1623 1825 vero
1642 1780 1696 1825 et
1716 1771 1871 1824 amici
1896 1771 1987 1824 Dei
2006 1785 2136 1839 pon-
2167 1752 2214 1813 Β
2239 1752 2429 1831 Patris.
2462 1775 2595 1829 Dum
2617 1775 2800 1829 audies
2826 1775 3067 1828 eumdem
3100 1774 3281 1828 sedere
3308 1788 3337 1826 a
3366 1772 3568 1826 dextris
3597 1770 3709 1833 Dei,
3729 1780 3786 1823 ct

592 1866 788 1922 tificem
814 1867 1010 1919 habent
1033 1863 1385 1917 immortalem
1402 1902 1416 1925 ,
1453 1872 1771 1931 segregatum
1798 1878 1830 1913 a
1856 1860 2136 1929 peccatori-

595 1957 710 2019 bus,
740 1955 792 2008 id
819 1962 923 2018 est,
965 1954 1233 2022 prioribus
1261 1952 1647 2015 sacerdotibus,
1686 1951 1776 2019 qui
1806 1958 1945 2004 esset
1988 1950 2138 2003 inno-

596 2053 724 2094 cens
748 2047 800 2094 et
823 2048 1078 2101 sanctus;
1126 2055 1143 2088 t
1178 2037 1452 2100 Innocens,
1489 2038 1611 2104 quia
1640 2037 2136 2105 sinemalignitate,

596 2129 736 2197 quod
766 2128 893 2183 dicit
917 2126 1215 2203 Propheta:
1258 2125 1367 2179 Nec
1408 2126 1557 2179 dolus
1598 2120 1827 2179 inventus
1854 2136 1927 2179 est
1966 2126 2019 2179 in
2054 2142 2140 2179 ore

597 2217 708 2284 ejus
733 2215 913 2287 (Isaia
934 2231 1051 2280 Llll,
1079 2215 1154 2287 9).
1190 2234 1208 2266 ι
1240 2214 1483 2279 Sanctus,
1504 2205 1627 2282 quia
1659 2215 1713 2267 in
1738 2214 1884 2267 omni
1907 2214 2141 2269 bonitate

594 2302 762 2374 689
784 2300 1457 2371 praeeipuus.,lmpallutus,
1484 2301 1607 2369 quia
1644 2300 1777 2361 nihil
1812 2300 1997 2354 habuit
2021 2314 2143 2369 pee-

601 2392 725 2446 cati.
755 2388 1019 2444 Excelsior
1045 2389 1181 2443 cretis
1209 2389 1399 2457 factus,
1428 2389 1551 2457 quia
1578 2390 1801 2442 adorant
1818 2403 1939 2442 eum
1958 2402 2144 2442 omnes

598 2479 772 2549 angeli
798 2478 907 2532 Dei.
939 2478 1119 2548 (Vens.
1147 2477 1256 2549 27.)
1282 2476 1392 2541 Qui
1417 2494 1518 2531 non
1541 2478 1689 2531 habet
1723 2478 1947 2547 quotidie
1970 2492 2144 2530 ncces-

600 2569 823 2630 sitatem,
850 2567 1276 2637 quemadmodum
1302 2566 1608 2630 sacerdotes,
1637 2565 1779 2635 prius
1808 2558 2148 2633 prosuisde-

597 2656 739 2711 tictis
763 2656 955 2709 hostias
978 2655 1181 2721 oﬁ'erre,
1208 2653 1390 2706 deinde
1411 2668 1503 2722 pro
1522 2651 1730 2721 populi:
1750 2653 1845 2705 hoc
1869 2652 2000 2704 enim
2026 2651 2145 2720 fecit

601 2743 755 2800 semel
783 2744 1003 2812 seipsum
1032 2741 1308 2810 offerendo.
1356 2757 1378 2789 ‹
1419 2729 1515 2793 llic
1547 2741 1688 2794 enim
1731 2736 2148 2809 magnitudinem

602 2831 850 2887 sacriﬁcii
877 2831 1130 2894 ostendit,
1160 2830 1401 2897 quamvis
1426 2828 1552 2881 illud
1583 2842 1748 2881 unum
1773 2836 1952 2913 esset;
1989 2835 2046 2881 et
2070 2827 2148 2881 sic

606 2922 841 2977 oblatum
865 2920 1056 2981 sullicit
1080 2920 1133 2973 in
1172 2920 1587 2989 sempiternum;
1630 2926 1682 2969 et
1716 2923 1921 2971 tantum
1948 2931 2151 2985 praeva-

606 3012 725 3077 luit,
761 3020 1015 3081 quantum
1050 3016 1241 3063 caetera
1268 3010 1443 3061 omnia
1490 3022 1593 3061 non
1630 3006 2058 3075 prmvaluerunt;
2097 3014 2151 3062 et

608 3102 748 3171 quod
768 3098 1042 3163 offerebat,
1058 3113 1160 3152 non
1180 3113 1277 3167 pro
1296 3112 1353 3151 se
1371 3096 1646 3159 offerebat,
1662 3096 1751 3151 sed
1772 3111 1868 3165 pro
1888 3095 2099 3165 populo.
2122 3115 2141 3147 ι

610 3190 720 3245 Nec
743 3190 883 3245 enim
917 3190 1018 3242 hoc
1044 3201 1141 3255 pro
1163 3187 1355 3253 populo
1378 3186 1615 3254 quotidie
1647 3185 1970 3239 offerendum
1995 3175 2147 3250 erat;

611 3279 705 3335 sed
729 3286 890 3331 tantae
910 3276 1206 3330 sanctitatis
1231 3284 1287 3328 et
1313 3276 1531 3329 honoris
1564 3276 1700 3344 apud
1729 3274 1891 3329 Deum
1927 3275 2026 3328 fuit
2052 3277 2152 3331 hoc

613 3367 954 3430 sacriﬁcium,
981 3373 1039 3418 ut
1066 3364 1229 3421 semel
1254 3364 1488 3419 oblatum
1517 3364 1567 3417 in
1596 3355 2156 3433 aeternumprol'uisset

616 3455 811 3528 populo
833 3455 947 3511 Dei.
1247 3448 1254 3455 ’
1984 3470 1989 3471 ί

685 3546 843 3599 Vens.
876 3543 966 3598 28.
989 3571 1063 3583 —
1088 3541 1193 3596 Lea:
1215 3544 1349 3596 enim
1377 3543 1605 3595 homines
1630 3542 1888 3609 constituit
1918 3536 2155 3600 sacerdo-

621 3647 694 3691 tes
720 3624 1071 3704 inﬁrmitatem
1112 3636 1382 3699 habentes;
1418 3643 1700 3704 propterea
1724 3649 1820 3703 pro
1846 3640 1917 3689 se
1941 3636 2079 3689 sicut
2103 3642 2160 3690 et

620 3738 715 3793 pro
732 3723 925 3792 populo
951 3738 1161 3791 semper
1184 3722 1491 3777 oll‘erehant.
1521 3722 1623 3777 Iste
1651 3731 1825 3777 autem
1847 3730 1950 3776 tam
1970 3731 2159 3791 potens

2240 1866 2543 1920 ministrare
2574 1864 2795 1927 sanctis,
2829 1880 2848 1913 α
2892 1865 3076 1917 sedere
3101 1873 3275 1916 autem
3301 1862 3571 1935 dignitatis
3595 1861 3783 1914 divitiae

2238 1964 2352 2018 est,
2390 1952 2694 2007 ministrare
2721 1965 2849 2007 vero
2878 1949 3252 2005 misericordia:
3287 1950 3463 2003 mutue
3500 1958 3554 2002 et
3591 1949 3787 2002 amoris

2240 2045 2416 2113 magni
2438 2057 2595 2111 quem
2617 2042 2768 2096 nobis
2789 2041 3061 2109 impendit.
3090 2059 3109 2092 s
3138 2039 3376 2095 Hirabile
3400 2044 3785 2091 sacramentum

2240 2142 2323 2187 est
2345 2133 2586 2186 eumdem
2616 2131 2800 2186 sedere
2829 2130 2880 2183 in
2908 2129 3197 2185 divinitatis
3223 2129 3410 2197 gloria,
3432 2142 3588 2195 quem
3611 2140 3785 2193 perar-

2242 2229 2453 2275 cutores
2480 2220 2535 2273 in
2565 2233 2724 2275 cruce
2762 2217 3077 2287 pendentem
3104 2216 3379 2278 viderunt;
3410 2215 3461 2266 in
3499 2230 3603 2281 qua
3630 2227 3786 2265 cruce

2242 2307 2504 2375 passionis
2532 2306 2674 2359 illius
2693 2345 2708 2369 ,
2738 2304 3057 2359 ministratio
3079 2311 3164 2357 est
3187 2301 3375 2356 salutis
3408 2309 3644 2363 nostra;
3682 2301 3781 2354 hoc

2243 2396 2383 2448 enim
2408 2401 2611 2463 gestum
2644 2382 2945 2457 credimus;
2986 2393 3086 2447 hoc
3109 2392 3262 2446 nobis
3287 2390 3353 2443 ad
3379 2389 3600 2443 salutem
3622 2386 3781 2455 proli-

2244 2500 2366 2539 cere
2390 2485 2650 2538 novimus.
2681 2482 2794 2537 Sed.
2812 2482 2941 2550 quid
2964 2481 3194 2535 carnalis
3220 2494 3370 2535 mens
3391 2479 3622 2532 humana
3648 2476 3787 2530 acsti-

2248 2580 2357 2627 met
2381 2573 2435 2625 in
2460 2586 2548 2635 eo,
2580 2572 2719 2641 quod
2746 2570 2978 2625 dicitur:
3006 2570 3202 2625 Sedere
3227 2584 3346 2623 eum
3372 2584 3401 2621 a
3431 2568 3634 2635 dextris
3660 2566 3788 2618 Dei?

2246 2654 2629 2715 Condescendit
2661 2660 2802 2713 enim
2824 2644 3006 2713 saneta
3027 2657 3313 2725 Scriptura
3346 2664 3544 2709 nostra:
3567 2652 3787 2705 inﬁmi-

2250 2748 2366 2811 tati,
2388 2756 2686 2816 nostrznque
2712 2745 3093 2805 consuetudini,
3119 2752 3380 2813 quatenus
3421 2739 3684 2815 imbecilla
3713 2741 3820 2793 ia-z

2250 2844 2545 2892 strueretur
2563 2836 2895 2899 humanitas,
2919 2834 3127 2903 quando
3155 2838 3321 2901 usque
3354 2832 3420 2886 ad
3443 2831 3585 2885 illam
3614 2845 3786 2885 secre-

2251 2934 2359 2978 tam
2406 2924 2627 2993 gloriam
2670 2923 2961 2977 divinitatis
3006 2920 3178 2993 [Cod.‘,
3213 2919 3481 2991 divinitas]
3523 2920 3789 2974 hominum

2249 3026 2353 3066 non
2382 3019 2588 3085 poterat
2630 3012 2924 3079 pervenire.
2965 3012 3131 3079 igitur
3166 3011 3352 3065 victori
3395 3010 3563 3073 Filio,
3603 3016 3660 3062 et
3696 3022 3791 3076 per

2250 3109 2485 3156 sanetam
2513 3102 2924 3155 incarnationem
2970 3102 3131 3154 totius
3164 3098 3346 3153 mundi
3386 3097 3786 3166 triumphatori,

2247 3198 2367 3259 post
2393 3189 2792 3244 resurrectionis
2820 3189 3037 3259 gloriam
3067 3187 3391 3248 honorabilis
3416 3201 3694 3242 consessus
3713 3184 3792 3239 ol-

2248 3278 2438 3342 fertur,
2468 3286 2647 3346 utper
2672 3274 2813 3331 hunc
2843 3277 2998 3331 situm
3038 3266 3291 3345 suscepta:
3313 3274 3655 3330 humanitatis
3677 3273 3787 3346 glo-

2249 3368 2330 3420 ria
2359 3366 2657 3420 deelaretur
2680 3382 2692 3417 :
2726 3362 2847 3420 nam
2874 3366 2976 3419 hoc
2998 3366 3161 3420 verbo
3186 3366 3378 3428 sedere,
3409 3364 3532 3417 illud
3556 3362 3789 3431 designa-

2184 3506 2189 3511 .
2251 3466 2359 3522 tur,
2384 3464 2442 3511 ut
2469 3463 2627 3524 caput
2651 3464 2889 3525 nostrum
2914 3456 3156 3523 Christus
3175 3455 3240 3508 ad
3264 3453 3438 3507 Patris
3459 3464 3791 3523 eugnosceref

2253 3554 2339 3600 tur
2385 3546 2654 3600 dexteram
2703 3543 3046 3609 collocatum,
3082 3543 3132 3598 id
3166 3550 3283 3606 est,
3316 3542 3506 3596 divina:
3551 3541 3790 3609 majesta-

2254 3636 2322 3690 tis
2354 3623 2727 3689 sublimitatem
2745 3673 2760 3697 ,
2808 3633 2860 3686 in
2907 3630 3012 3701 qua
3042 3628 3449 3774 ,pdrtefonendi
3478 3638 3620 3693 sunt,
3647 3629 3732 3697 qui
3760 3643 3790 3680 a

2254 3722 2489 3774 perﬁdis.
2535 3720 2769 3774 eiusdem
2817 3719 3106 3774 Salvatoris
3151 3736 3203 3773 ιιι
3244 3735 3395 3774 nere.
3436 3725 3789 3774 segregantur.

2252 3722 2489 3791 perﬁdis,
2535 3720 2769 3787 ejusdem
2817 3719 3106 3775 Salvatoris
3151 3719 3395 3782 munere,
3436 3725 3789 3789 segregantur.

617 3820 720 3877 est,
748 3819 807 3866 ut
832 3811 992 3866 semel
1013 3811 1221 3866 oblatus
1244 3827 1352 3866 sua:
1373 3813 1548 3867 carnis
1567 3813 1847 3877 sacrificio,
1875 3813 2007 3867 nihil
2026 3827 2160 3881 opus
2257 3810 2440 3879 (Vens.
2472 3810 2548 3879 '5.)
2582 3808 2761 3863 Omnis
2790 3810 2923 3862 enim
2947 3800 3174 3879 pontifex
3196 3810 3264 3863 ad
3289 3811 3565 3879 oﬁ'erenda
3585 3828 3794 3865 munera

617 3909 735 3957 erat
753 3902 997 3970 cuiquam
1022 3901 1345 3954 credentium
1378 3902 1495 3970 plus
1522 3899 1713 3954 offerre
1747 3915 1843 3967 pro
1875 3915 1958 3953 eo.
1982 3899 2159 3953 Sermo
2256 3909 2304 3951 et
2330 3899 2522 3952 hostias
2556 3899 2919 3955 constituitur:
2957 3900 3091 3952 unde
3124 3914 3322 3952 necesse
3365 3909 3436 3951 est
3470 3909 3519 3951 et
3547 3900 3679 3952 hunc
3703 3900 3795 3953 ha-

620 4000 793 4043 autem
822 3988 1195 4057 jurisjurandi,
1233 3989 1322 4065 qui
1366 3996 1476 4056 post
1516 3985 1675 4055 legem
1719 3996 1824 4049 est,
1869 3985 2065 4039 Filium
2106 3987 2160 4038 in
2260 3990 2373 4043 bere
2400 3990 2594 4059 aliquid
2629 3990 2766 4060 quod
2791 3990 2995 4056 cierat.
3029 3988 3311 4052 Ponti-lices
3342 4004 3469 4042 vero
3498 3990 3691 4064 veteris
3712 3990 3795 4044 in-

623 4056 867 4129 teternum
886 4074 1184 4142 perfectum.
1213 4062 1309 4127 llic
1345 4075 1505 4127 etiam
1528 4073 1646 4128 Filii
1671 4089 1863 4129 nomen
1888 4076 1955 4129 ad
1978 4076 2161 4145 distin-
2259 4056 2539 4134 strnmenti
2569 4056 2694 4132 stati
2722 4086 2843 4132 sunt
2880 4077 3065 4147 legalia
3096 4077 3288 4133 oﬂ'erre
3314 4092 3555 4140 munera,
3597 4056 3795 4131 hostias

623 4163 849 4216 οιίοηθω
876 4175 1170 4222 δεποτυῐηο
1196 4159 1528 4229 (ιιιίΐυθνυηι
1555 4161 1608 4213 in
1636 4161 1767 4231 1980a
1796 4161 2023 4231 Ροείῑιιῐη
2049 4168 2159 4228 €31;
2260 4184 2356 4238 pro
2386 4170 2513 4241 suis,
2547 4168 2683 4223 sicut
2719 4168 2960 4236 superius
2992 4169 3157 4232 dixit,
3186 4167 3271 4221 vel
3295 4169 3454 4221 etiam
3494 4181 3594 4235 pro
3624 4166 3795 4234 populi

624 4250 746 4320 quia
773 4250 907 4303 servi
938 4248 1132 4302 inﬁrmi
1159 4246 1400 4302 luerunt:
1426 4251 1536 4303 sive
1556 4251 1678 4317 quia
1702 4258 2026 4318 peccatores,
2052 4251 2163 4317 sive
2261 4240 2513 4325 peccatis,
2546 4256 2696 4310 Unde
2727 4268 2947 4312 necesse
2972 4240 3066 4308 est
3102 4253 3425 4309 salvatorem
3465 4262 3702 4307 nostrum
3734 4253 3797 4307 in

626 4338 747 4405 quia
774 4336 1024 4426 mortales
1048 4344 1218 4426 erant.
1249 4335 1316 4387 Et
1340 4336 1486 4426 hunc
1504 4336 1709 4426 Filium
1733 4334 2023 4417 perlectum
2046 4351 2163 4423 esse
2194 4368 2242 4426 ο
2264 4344 2450 4397 diebus
2473 4343 2649 4396 carnis
2674 4356 2784 4397 suae
2806 4342 3003 4423 aliquid
3040 4344 3234 4397 habere
3271 4343 3335 4396 ad
3353 4341 3677 4425 oll‘erendum
3702 4355 3799 4409 pro

630 4423 977 4487 demonstrat,
1010 4424 1133 4492 quia
1168 4437 1376 4495 semper
1414 4424 1559 4485 vivit,
1590 4433 1644 4478 et
1667 4416 1875 4493 semper
1902 4426 2015 4479 sine
2040 4416 2164 4495 pee-

629 4521 750 4567 cato
775 4519 874 4566 est.
904 4511 1198 4580 Utrumque
1218 4509 1484 4581 apostolus
1510 4510 1603 4574 ait,
1634 4518 1688 4565 et
1725 4511 1945 4566 mirillee
1977 4527 2164 4569 conso-

624 4597 768 4650 latur
794 4597 1083 4663 audientes,
1107 4606 1161 4651 et
1185 4597 1460 4651 minaciter
1484 4606 1647 4651 terret
1664 4588 2013 4669 negligentes:
2043 4615 2166 4657 con-

636 4682 837 4738 solatur
864 4683 1041 4747 in'eo,
1060 4683 1181 4751 quia
1207 4685 1279 4738 ait
1304 4684 1675 4745 :Sacerdotem
1698 4686 1805 4757 [Ita
1835 4687 1972 4752 θοὰ,
1995 4705 2167 4742 corru-

634 4769 738 4843 pte]
772 4772 948 4841 magni
979 4770 1181 4840 potam
1218 4773 1476 4828 sacriﬁcio
1511 4774 1792 4843 p‘roximati
1816 4784 1957 4827 sunt.
1985 4776 2170 4840 Terret

526 4880 534 4888 ·
633 4863 688 4915 in
712 4873 798 4927 eo,
822 4873 890 4914 ne
913 4866 1170 4930 peccent;
1210 4862 1330 4928 quia
1371 4858 1499 4916 illud
1538 4859 1855 4915 sacrificium
1902 4878 2170 4930 nunquam

635 4965 730 5016 pro
748 4949 982 5019 peccatis
1008 4949 1199 5003 iterum
1221 4948 1451 5001 oblatum
1476 4952 1596 5005 erit.
1633 4968 1650 5013 ᾳ
1684 4950 1798 5004 Non
1820 4960 1902 5005 est
1924 4953 2064 5007 aliud
2087 4967 2172 5007 sa-

638 5034 936 5115 criﬁcium;
973 5048 1136 5089 unum
1160 5051 1286 5090 vero
1322 5050 1420 5089 nos
1450 5039 1730 5105 purgavit;
1766 5049 1887 5107 post
1912 5042 2011 5097 hoc
2032 5042 2171 5113 judi-

640 5127 780 5181 cium
812 5126 934 5199 erit.
957 5125 1233 5207 Quotquot
1261 5130 1515 5199 redempti
1556 5118 1758 5210 sumus,
1777 5118 1885 5210 isto
1917 5136 2173 5191 sacriﬁcio

641 5227 1043 5282 per-maneamus
1069 5204 1464 5289 [custodientes]
1498 5204 1905 5293 generositatem
1941 5233 2172 5279 nostram

641 5301 1048 5355 «honorem,
1160 5342 1163 5343 ν
1329 5330 1336 5339 -
1450 5299 1465 5306 ’

1211 5430 1431 5488 CAPUT
1470 5432 1595 5488 VIII.

718 5559 866 5613 Vm
902 5560 947 5619 l.
977 5562 1029 5615 ‘1.
1056 5550 1124 5601 -νὲ
1147 5560 1434 5631 Capitulum
1472 5552 1639 5617 autem
1682 5526 1831 5640 super
1862 5583 1921 5621 ea
1958 5585 2069 5638 quis
2097 5570 2175 5621 di-

2263 4431 2452 4486 nobis:
2501 4431 2625 4485 dum
2663 4430 2718 4484 in
2764 4420 3081 4497 sempiterna
3131 4420 3423 4484 divinitatis
3459 4440 3568 4484 mae
3607 4437 3795 4483 natura

2262 4540 2366 4579 non
2406 4525 2589 4578 habuit
2618 4524 2760 4592 quod
2793 4520 3038 4586 otl‘erret,
3075 4516 3304 4606 'sumpsit
3336 4537 3403 4575 ex
3447 4521 3602 4576 nobis
3638 4520 3800 4591 690

2264 4613 2405 4681 quod
2430 4626 2529 4679 pro
2554 4611 2708 4666 nobis
2731 4609 2920 4665 oderre
2945 4612 3219 4679 potuisset,
3256 4611 3307 4664 id
3335 4617 3438 4675 est,
3459 4625 3672 4667 carnem
3699 4611 3801 4665 hu-

2267 4714 2497 4754 manam.
2541 4697 2676 4764 Quid
2716 4707 2826 4754 tam
2862 4708 3049 4767 aptum
3093 4690 3443 4755 immolationl
3477 4715 3639 4769 quam
3675 4713 3800 4765 eam
3882 4754 3885 4757 λ

2268 4786 2506 4841 mortalis
2533 4801 2627 4855 pro
2652 4787 2999 4842 mortalibus?
3036 4787 3102 4840 Et
3125 4787 3253 4857 quid
3277 4796 3386 4842 tam
3421 4790 3673 4843 mundum
3704 4800 3802 4855 pro

2267 4877 2582 4931 mundandis
2603 4878 2746 4930 vitiis
2789 4876 3101 4939 mortalibus
3127 4892 3286 4946 quam
3326 4877 3442 4933 sine
3470 4877 3579 4932 ulla
3606 4883 3798 4932 conta-

2268 4964 2421 5039 gione
2446 4962 2674 5020 carnalis
2693 4951 3129 5032 concupiscentia:
3164 4980 3292 5020 caro
3315 4972 3441 5018 nata
3460 4964 3710 5031 inutero,
3733 4977 3800 5019 ex

2268 5062 2421 5108 utero
2442 5050 2723 5121 virginali?
2758 5052 2821 5105 Et
2840 5054 2965 5121 quid
3000 5064 3107 5107 tam
3132 5061 3283 5122 grate
3316 5051 3497 5108 oﬂ'erri
3527 5061 3583 5121 et
3608 5053 3799 5121 susdpi

2266 5141 2435 5207 possit
2473 5154 2633 5219 quam
2662 5154 2786 5195 caro
2814 5140 3063 5196 sacriﬁcii
3102 5142 3305 5207 nostri,
3339 5156 3535 5210 corpus
3558 5141 3800 5199 omentum

2272 5195 2422 5299 led.
2450 5267 2465 5291 ,
2491 5195 2768 5300 Pallectum]
2814 5195 3106 5285 sacerdotis
3848 5252 3851 5253 ν

2273 5314 2509 5379 Quatuor
2536 5303 2936 5372 consideraniur
2962 5317 3016 5371 in
3054 5321 3197 5373 omni
3227 5318 3525 5375 sacriﬁcio:
3562 5318 3649 5373 cui
3674 5314 3802 5374 οσο-

2273 5412 2441 5468 ratur,
2476 5419 2507 5460 a
2534 5391 2639 5473 quo
2677 5404 2959 5471 offeratur,
2998 5408 3129 5477 quid
3157 5399 3443 5472 oneratur,
3484 5422 3584 5477 pro
3616 5407 3803 5477 quibus
3824 5396 3837 5407 ’

2272 5491 2543 5549 oll'eratur.
2568 5493 2709 5563 Ergo
2746 5509 2845 5549 nec
2868 5496 3025 5550 alicui
3052 5494 3367 5550 sacriﬁcium
3409 5495 3657 5559 debetur,
3704 5491 3804 5546 nisi

2272 5578 2369 5635 soli
2395 5594 2518 5634 vero
2542 5580 2667 5636 Deo.
2697 5579 2920 5637 Proinde
2948 5580 3181 5651 pontifex
3206 5589 3385 5637 noster
3404 5595 3501 5652 pro
3528 5580 3805 5641 nobis,»
