4154 6220
327 381 454 438 I069

1011 379 1408 438 EXEGETICA.
1450 412 1518 422 --
1554 380 1789 435 EXPOS.
1828 378 1892 432 LV
1935 376 2144 431 EPIST.
2185 375 2240 430 S.
2282 369 2478 429 PAULI
2515 375 2604 427 AD
2639 371 2836 428 MED“.

3367 371 3497 424 {O70

321 493 597 561 metipsum
629 491 903 556 oderehat,
935 493 1074 546 idem
1134 493 1380 548 sacerdos
1434 500 1486 546 et
1514 491 1850 545 sacriﬁcium.
1885 493 1931 546 Α
1957 495 2110 553 aptus
2135 486 2346 539 secundi
2372 484 2670 538 testamenti
2697 499 2709 542 ;
2749 484 2883 534 sicut
2921 496 3012 546 per
3032 479 3348 548 Prom-ctam
3376 480 3501 534 dicit

393 579 549 635 Vens.
575 579 629 643 ι,
655 580 707 633 5.
733 611 794 618 —
830 579 888 634 Si
911 597 1029 649 ergo
1049 590 1175 633 esset
1211 597 1362 648 super
1388 589 1599 641 terram,
1618 579 1718 630 nec
1745 572 1864 645 ergo

321 679 449 724 esset
476 671 745 724 sacerdos:
776 687 891 723 eum
917 664 1083 724 eisent
1109 670 1196 739 qui
1225 670 1465 737 oﬁ‘errent
1490 667 1768 721 secundum
1794 665 1865 718 le-

323 775 432 827 gem
461 775 693 822 munera,
714 759 802 828 qui
822 757 1102 828 exemplari
1125 767 1173 810 et
1201 757 1392 810 umbra:
1416 757 1702 809 deserviunt
1723 755 1868 808 ca'le-

324 852 498 902 stiu‘m.
529 849 584 903 Si
619 851 777 919 igitur
805 858 946 903 esset
967 845 1210 902 terrenus
1233 847 1490 917 pontifex,
1511 847 1648 900 sicut
1668 846 1864 907 Aaron.

326 951 428 989 non
473 947 616 990 esset
657 937 837 1003 utique
885 937 962 992 sic
1009 937 1258 994 sacerdos
1296 935 1584 989 secundum
1627 921 1866 986 ordinem

327 1021 708 1077 Melchisedech
730 1023 781 1075 in
804 1032 1080 1077 aeternum.
1101 1023 1278 1076 Aaron
1297 1023 1487 1099 quippe
1508 1032 1745 1074 mortuus
1765 1028 1867 1082 est,

323 1121 378 1164 et
402 1126 508 1165 non
533 1121 614 1165 est
636 1113 912 1167 sacerdos:
934 1113 1179 1168 Christus
1201 1127 1327 1166 vero
1348 1113 1471 1180 quia
1493 1112 1626 1165 vivit
1644 1112 1696 1164 in
1719 1119 1870 1164 aster-

327 1215 475 1262 uum,
507 1202 754 1255 sacerdos
787 1210 870 1256 est
890 1201 1243 1270 sempiternus
1267 1219 1280 1253 :
1321 1216 1424 1254 non
1449 1201 1571 1254 talis
1591 1199 1774 1268 quales
1795 1199 1868 1251 illi

329 1286 542 1341 fuerunt
567 1289 657 1357 qui
680 1289 958 1358 exemplari
983 1299 1030 1342 et
1051 1290 1243 1342 umbra:
1270 1290 1555 1343 deserriunt
1575 1288 1867 1342 calestium.

270 1404 279 1410 -
326 1375 524 1428 Omnes
551 1391 680 1449 vero
711 1377 1014 1430 sacerdotes
1043 1378 1095 1430 in
1123 1377 1237 1445 lege
1267 1375 1536 1429 constituti
1574 1375 1873 1442 exemplare

327 1473 382 1516 et
409 1464 688 1517 umbratile
715 1465 1068 1517 sacerdotium
1094 1464 1346 1533 gerebant
1366 1463 1684 1524 cmlestium,
1700 1461 1750 1514 id
1771 1470 1872 1533 est,

325 1552 666 1618 spiritalium,
698 1553 1055 1621 signiﬁcantes
1081 1557 1264 1606 verum
1291 1561 1346 1606 et
1377 1552 1750 1621 sempiternum
1785 1566 1872 1604 sa-

328 1641 622 1693 cerdotium
659 1640 879 1694 Christi.
929 1641 1111 1696 Nonne
1146 1642 1310 1696 altare
1341 1641 1526 1712 [Cod.,
1567 1642 1732 1702 altera
1757 1640 1766 1708 ι
1795 1650 1879 1694 cst

328 1727 545 1781 caeleste
574 1727 703 1781 ﬁdes
744 1737 946 1791 nostra,
988 1731 1038 1781 in
1069 1745 1174 1798 quo
1197 1730 1470 1787 oﬁ'erimus
1497 1731 1730 1797 quotidie
1759 1744 1875 1782 ora-

1968 571 2255 625 Dominus:
2296 570 2428 623 Ecce
2455 572 2562 622 dies
2584 570 2799 630 renieat,
2830 569 2949 619 dicit
2989 566 3258 629 Dominus,
3295 575 3345 618 et
3380 583 3502 618 con-

1965 660 2229 713 summabo
2249 675 2401 728 super
2425 659 2631 710 domum
2663 656 2826 709 Israel
2863 666 2914 709 et
2955 672 3108 723 super
3134 656 3340 708 domum
3365 657 3508 709 Iuda

1966 758 2322 802 testamentum
2367 763 2549 800 norum
2594 745 2722 814 (Jer.
2767 733 2914 804 xxii.
3103 744 3282 812 (Vnus.
3321 746 3394 814 9.)
3440 745 3506 802 Et

1967 854 2066 889 non
2101 837 2378 889 secundum
2410 846 2762 888 testamentum
2793 835 2928 902 quod
2963 834 3058 900 [cei
3083 835 3314 902 patribus
3335 849 3506 886 eorum

1965 925 2018 977 in
2046 925 2150 988 die,
2197 939 2298 993 qua
2324 923 2631 992 apprehendi
2662 939 2869 974 manum
2916 939 3088 975 eorum
3109 961 3124 984 ,
3164 931 3217 973 ut
3246 923 3508 1000 educerem

1966 1030 2049 1065 eos
2073 1011 2136 1065 de
2156 1023 2291 1065 terra
2319 1011 2562 1080 .Eggpti,
2598 1013 2840 1080 quoniam
2868 1013 2964 1078 ipsi
2997 1028 3098 1063 non
3127 1022 3513 1076 permanserunt

1970 1103 2020 1153 in
2050 1110 2348 1152 testamento
2370 1115 2503 1161 meo,
2537 1109 2582 1151 et
2607 1115 2698 1167 ego
2735 1099 2932 1167 neglexi
2953 1116 3062 1158 eos,
3089 1100 3211 1150 dicit
3241 1098 3508 1151 Dominus.

1971 1187 2067 1241 llic
2093 1195 2268 1240 autem
2290 1186 2517 1241 discrcte
2544 1185 2746 1252 posuit,
2789 1186 2855 1238 dc
2880 1201 2984 1253 quo
3011 1186 3210 1239 dictum
3236 1194 3338 1247 est,
3377 1187 3513 1254 quod

1971 1292 2072 1327 non
2091 1282 2478 1342 permanserunt
2505 1276 2558 1326 in
2587 1284 2884 1326 testamento
2907 1290 3035 1325 meo.
3077 1275 3208 1327 Dum
3239 1274 3370 1327 dixit
3397 1294 3406 1324 :
3450 1274 3515 1326 In

1969 1362 2070 1423 die,
2095 1378 2195 1430 qua
2225 1361 2534 1429 apprehendi
2562 1377 2768 1412 manum
2797 1361 3025 1425 illorum,
3059 1372 3110 1414 ut
3139 1363 3400 1415 educerem
3431 1381 3514 1416 eos

1971 1449 2035 1502 de
2062 1459 2198 1501 terra
2227 1447 2473 1516 ngypti;
2512 1449 2575 1501 dc
2601 1442 2713 1516 lege
2739 1448 2838 1502 huc
2867 1449 2998 1500 dixit
3018 1447 3192 1517 [Cod.,
3226 1465 3328 1502 non
3362 1450 3518 1510 dixit,

1971 1535 2229 1607 mendose]
2255 1536 2363 1588 lata
2409 1537 2461 1588 in
2508 1547 2684 1588 monzc
2730 1535 2908 1598 Sinai,
2936 1552 3051 1604 qua:
3088 1539 3518 1605 quinquagesima

1957 1623 2058 1680 'dic
2078 1626 2206 1691 data
2234 1638 2352 1679 esse
2382 1633 2608 1688 constat,
2638 1627 2688 1678 iu
2716 1611 2828 1694 ἳιυτι
2859 1641 2958 1678 non
2995 1639 3397 1695 permanserunt
3425 1643 3519 1696 pa—

1977 1722 2085 1767 tres
2112 1728 2318 1790 eorum,
2349 1712 2438 1766 sed
2463 1712 2702 1766 fecerunt
2726 1714 2944 1765 vitulum
2974 1715 3022 1765 in
3056 1714 3226 1768 llorch
3255 1725 3305 1776 et
3336 1717 3520 1768 adora-

333 1815 549 1868 tiones?
587 1834 607 1864 .
643 1816 782 1869 Nihil
814 1831 938 1871 vero
968 1819 1166 1872 habens
1184 1820 1416 1872 carnalis
1439 1817 1708 1880 sacriﬁcii,
1737 1817 1876 1885 quod
1910 1801 1951 1857 Β
1979 1813 2170 1854 verum
2199 1801 2349 1871 ίιιιιάο,
2373 1799 2484 1853 Non
2513 1801 2654 1852 enim
2689 1801 2753 1852 de
2789 1801 2874 1852 ίιιο
2899 1801 3034 1868 quod
3075 1803 3310 1869 patribus
3337 1817 3520 1854 00mm

331 1903 385 1954 in
415 1904 620 1957 cineres
664 1906 960 1959 resolvatur
981 1947 994 1971 ,
1036 1921 1137 1961 nec
1174 1909 1227 1960 in
1260 1907 1404 1961 fumo
1437 1916 1742 1966 cxtensetur
1767 1907 1874 1977 [Ita

333 1993 461 2049 Cod.
483 2014 500 2060 ;
529 1998 680 2064 forte,
707 2000 1062 2070 extenuetur],
1088 2000 1260 2053 neciu
1289 2014 1511 2068 vapores
1535 1998 1874 2053 diﬁ‘undatur.

335 2084 458 2139 Περ
502 2102 628 2139 vero
673 2089 932 2142 sacriﬁcia
980 2090 1120 2143 clara
1164 2096 1215 2142 et
1259 2088 1527 2143 festiviora
1560 2089 1876 2143 elliciuntur.

333 2174 605 2238 Quomodo
638 2177 872 2231 cmlestia
901 2194 1004 2231 non
1044 2178 1313 2232 celebrant
1354 2176 1612 2232 sacriﬁcia
1640 2218 1653 2240 ,
1692 2177 1884 2244 quibus

335 2262 565 2314 dicitur:
598 2265 819 2332 Accipite
845 2265 1094 2335 Spiritum
1122 2276 1395 2319 sanctum:
1432 2282 1647 2339 quorum
1679 2267 1884 2319 remise-

337 2353 448 2404 ritis
474 2363 701 2420 peccata,
727 2356 1057 2408 remittuntur
1081 2358 1150 2410 eis
1175 2375 1192 2420 ;
1228 2367 1274 2409 et
1299 2374 1516 2426 quorum
1551 2358 1880 2421 retinueritis,

339 2448 674 2496 retenta-sunt
701 2426 878 2511 (ioan.
911 2461 1100 2508 XXVIII,
1122 2445 1251 2516 23)?
1284 2467 1300 2496 i
1337 2446 1532 2500 Horum
1557 2447 1695 2499 cnim
1725 2447 1884 2499 sacri-

341 2526 600 2591 ﬁciorum,
629 2517 804 2583 omnia
851 2532 1070 2586 Levitici
1111 2534 1390 2587 sacerdotii
1445 2533 1704 2587 sacriﬁcia
1735 2535 1882 2602 signa

341 2613 589 2669 fuerunt:
633 2616 765 2680 Quia
796 2619 877 2670 lex
903 2637 992 2687 per
1016 2619 1226 2687 Moysen
1249 2621 1370 2671 data
1396 2630 1504 2683 est;
1535 2621 1708 2689 gratia
1738 2631 1784 2671 et
1808 2637 1885 2673 re-

343 2706 466 2756 ritas
481 2723 570 2774 per
587 2705 765 2759 Iesum
779 2707 1035 2760 Christum
1059 2710 1194 2777 facta
1216 2719 1287 2762 est
1313 2711 1486 2779 (Joan.
1513 2729 1551 2773 l,
1573 2711 1676 2779 l7).
1708 2711 1886 2779 gSicut

342 2806 649 2858 responsum
687 2804 767 2846 est
797 2793 980 2862 Moysi,
1010 2811 1130 2862 cum
1158 2808 1549 2851 consummaret
1579 2800 1884 2852 tabernacu-

343 2879 448 2932 lum
480 2898 492 2931 :
531 2879 678 2944 Vide,
705 2883 895 2950 inquit,
926 2886 1097 2936 omnia
1124 2883 1279 2951 faa'to
1301 2886 1576 2937 secundum
1607 2885 1885 2954 exemplar,

343 2968 478 3032 quod
521 2967 612 3018 tibi
654 2979 910 3020 ostensum
958 2979 1030 3022 est
1077 2972 1130 3023 in
1163 2982 1329 3024 monte
1375 2972 1566 3041 (Exod.
1613 2990 1738 3033 xxv,
1777 2973 1884 3042 40).

341 3051 602 3116 Quoniam
631 3055 840 3107 auditus
864 3057 1039 3109 minus
1072 3066 1226 3125 aptus
1261 3073 1376 3111 esse
1403 3059 1609 3112 videtur
1643 3060 1707 3112 ad
1733 3059 1890 3111 disci-

346 3141 542 3208 plinam
588 3143 1015 3211 percipiendam,
1064 3161 1222 3213 quam
1264 3147 1443 3209 visus;
1484 3162 1588 3200 non
1633 3147 1774 3198 enim
1815 3148 1888 3198 ita

348 3231 524 3283 animo
541 3233 970 3306 commendamus
990 3248 1314 3300 quarcunque
1342 3235 1604 3297 audimus,
1627 3235 1891 3303 quomodo

349 3316 435 3370 illa
463 3333 580 3385 qua:
609 3317 722 3385 ipso
751 3320 865 3370 visu
888 3321 1224 3387 percipimus.
1264 3320 1437 3375 i-ldeo
1468 3321 1624 3374 dicit:
1671 3320 1812 3384 Vide,
1836 3332 1894 3374 ut

349 3409 524 3465 omnia
552 3407 716 3461 facias
745 3410 881 3461 sicut
921 3410 1010 3461 tibi
1042 3411 1090 3462 in
1133 3419 1310 3463 monte
1348 3410 1761 3486 demonstratum
1789 3421 1908 3466 ρει..

351 3497 456 3549 Sed
487 3498 571 3550 hic
599 3499 761 3564 qumri
789 3508 982 3564 potest,
1027 3500 1107 3574 de]
1141 3501 1331 3566 quibus
1377 3500 1630 3564 dixisset:
1684 3500 1892 3562 Omnia,

1975 1893 2262 1961 proposuit.
2291 1891 2447 1962 691
2486 1892 2536 1945 id
2566 1902 2647 1946 est
2674 1893 2960 1957 Abraham,
2991 1894 3134 1946 Isaac
3165 1903 3217 1947 et
3242 1893 3421 1948 Jacnh.
3461 1897 3524 1948 Et

1975 1997 2160 2036 omnes
2189 1981 2280 2035 ﬁlii
2311 1981 2452 2043 ﬁdei,
2479 1981 2567 2033 ﬁlii
2597 1981 2862 2034 Abraham
2893 1983 2993 2034 dici
3025 1993 3261 2049 possunt,
3295 1985 3431 2036 sicut
3458 1967 3524 2037 do

1969 2071 2091 2145 ipso
2126 2071 2346 2123 Domino
2374 2071 2424 2122 in
2453 2070 2734 2140 Erangclio
2760 2071 3042 2123 scribitur:
3087 2071 3211 2122 Dico
3240 2083 3406 2124 autem
3435 2089 3522 2125 ro-

1979 2158 2074 2220 bis,
2113 2157 2249 2226 quod
2286 2146 2460 2226 potens
2490 2167 2561 2210 est
2589 2157 2724 2210 Deus
2761 2158 2823 2208 de
2857 2156 3108 2224 lapidibus
3137 2158 3245 2210 istis
3279 2161 3528 2211 suscitare

1978 2245 2112 2310 ﬁlios
2137 2245 2356 2297 Abraha-
2379 2243 2587 2313 (Matth.
2615 2259 2700 2306 ttt,‘
2720 2243 2792 2310 9).
2818 2244 2882 2295 lit
2904 2244 3003 2296 hoc
3025 2253 3106 2297 est
3130 2251 3524 2306 testamentum,

1980 2333 2122 2400 quod
2146 2330 2534 2384 consummabit
2560 2331 2715 2393 Deus,
2744 2331 2793 2383 id
2825 2338 2925 2391 cst,
2955 2331 3192 2398 perﬁciet
3217 2347 3374 2399 super
3408 2348 3525 2386 om-

1983 2433 2076 2472 ucs
2102 2428 2304 2486 gentes,
2343 2426 2400 2469 ut
2447 2419 2746 2485 quicunque
2790 2418 3110 2472 crediderint
3152 2419 3202 2472 in
3234 2419 3527 2479 Christum.

1982 2506 2072 2559 ﬁlii
2095 2505 2339 2578 Abrahm,
2356 2505 2641 2558 secundum
2664 2505 2951 2572 spiritalem
2973 2507 3383 2574 generationem,
3403 2525 3524 2562 vere

1983 2595 2107 2647 sint.
2142 2594 2323 2663 (Vens.
2359 2593 2562 2660 10-12.)
2591 2593 2724 2656 Quia
2759 2593 2852 2644 hoc
2886 2603 2957 2645 est
3003 2603 3354 2647 testamentum
3392 2598 3527 2663 quod

1984 2682 2249 2748 disponam
2275 2681 2452 2732 domi
2481 2679 2645 2731 Israel
2671 2690 2781 2747 post
2805 2679 2909 2732 dies
2931 2681 3067 2744 illos,
3090 2682 3212 2734 dicit
3243 2683 3488 2747 Dominus
3514 2699 3528 2732 :

1986 2766 2168 2826 Danda
2197 2766 2328 2833 leges
2365 2782 2504 2817 meas
2528 2767 2580 2817 in
2615 2775 2804 2818 mentes
2832 2782 3004 2819 eorum
3034 2777 3078 2818 et
3111 2769 3161 2818 in
3186 2768 3422 2820 cordibus
3451 2785 3532 2820 co-

1986 2871 2100 2905 rum
2141 2851 2510 2924 superscribam
2553 2871 2659 2906 eas.
2691 2855 2760 2907 Et
2801 2872 2886 2908 ero
2919 2857 2988 2909 eis
3025 2857 3077 2909 in
3122 2857 3306 2920 Deum,
3349 2868 3396 2908 et
3440 2859 3533 2924 ipsi

1987 2951 2136 2994 erunt
2163 2943 2287 2994 mihi
2314 2945 2367 2994 in
2405 2943 2667 3012 populum.
2709 2943 2775 2995 Et
2813 2961 2912 2996 non
2959 2945 3153 2997 docebit
3196 2949 3535 3015 unusquisque

1985 3031 2275 3097 proximum
2296 3047 2470 3094 suum,
2489 3041 2538 3082 et
2560 3034 2903 3116 unusquisque
2922 3033 3133 3099 [latrem
3158 3051 3305 3086 stmm
3329 3037 3498 3087 dicens
3519 3051 3535 3084 :

1917 3109 1959 3167 C
1991 3117 2247 3186 Cognosce
2299 3119 2462 3171 Deum
2516 3119 2657 3188 [AL
2709 3109 3318 3191 Dominum]:quoniam
3367 3141 3536 3176 omnes

1989 3211 2146 3261 scient
2177 3225 2254 3260 me
2278 3226 2308 3260 a
2337 3210 2531 3260 minore
2560 3227 2716 3278 usque
2738 3211 2806 3261 ad
2835 3211 3102 3278 majorem.
3129 3211 3262 3275 Quia
3289 3215 3538 3281 propitius

1988 3313 2074 3348 ero
2108 3297 2460 3364 iniquitatibus
2491 3313 2688 3359 eorum,
2711 3308 2756 3349 et
2786 3308 2992 3365 peccata
3015 3314 3188 3350 eorum
3220 3315 3319 3351 non
3350 3315 3539 3352 memo-

1993 3387 2144 3437 rabor
2165 3385 2403 3452 amplius.
2429 3386 2493 3438 Et
2517 3387 2602 3439 hic
2626 3401 2812 3454 magna
2835 3387 3080 3440 distantia
3110 3397 3190 3440 est
3212 3387 3351 3440 imer
3371 3388 3537 3457 legem

1990 3485 2044 3528 et
2073 3476 2260 3545 legem,
2297 3477 2437 3528 inter
2466 3475 2796 3545 Scripturam
2825 3485 2879 3528 et
2902 3475 3254 3543 Scripturam,
3288 3477 3424 3531 inter
3458 3478 3541 3530 lit-

351 3585 463 3637 sive
489 3586 551 3638 de
576 3586 898 3638 tabernaculi
935 3572 1359 3650 constructione;
1396 3588 1503 3640 sive
1537 3589 1600 3641 de
1631 3588 1816 3640 hostiis
1843 3597 1890 3640 et

1982 3573 2159 3618 teram
2183 3565 2511 3632 eggratiam.
2544 3563 2674 3616 Nam
2701 3565 2873 3617 littera
2895 3565 3022 3633 legis
3051 3567 3245 3633 scripta
3269 3578 3347 3619 est
3378 3568 3428 3619 in
3461 3557 3543 3620 ta-

353 3673 648 3736 sacriﬁciis,
678 3688 793 3739 qua:
823 3673 874 3724 in
900 3687 962 3725 eo
992 3673 1216 3725 oblaturi
1241 3673 1447 3725 essent?
1475 3675 1564 3726 sed
1587 3675 1650 3726 de
1672 3683 1895 3741 utroque

355 3764 542 3815 melius
565 3764 892 3830 intelligitur.
926 3763 1107 3832 (Vens.
1140 3765 1214 3833 6.)
1260 3783 1276 3813 ι
1324 3765 1476 3816 Nunc
1506 3775 1675 3816 autem
1718 3758 1895 3816 melius

355 3850 564 3901 sortitus
596 3858 667 3900 est
696 3850 1054 3913 ministerium,
1073 3861 1265 3919 quanto
1290 3861 1338 3902 et
1363 3852 1584 3906 melioris
1612 3852 1896 3904 testamenti

354 3939 606 3991 mediator
623 3947 717 4001 est,
735 3939 871 4006 quod
898 3940 1187 3992 melioribus
1217 3941 1684 4009 repromissionibus
1708 3942 1900 3993 sancti-

357 4029 566 4091 ﬁcatum
596 4027 692 4098 [lta
722 4027 850 4081 Cod.
878 4047 892 4092 ;
932 4028 1024 4092 aL,
1065 4030 1338 4100 sancitum]
1368 4040 1460 4082 est.
1489 4030 1666 4091 Vides,
1707 4023 1896 4097 inquit,

355 4124 552 4182 quanto
577 4115 762 4169 melior
791 4111 947 4188 [hac]
977 4119 1063 4170 illa
1092 4119 1464 4174 celebratione.
1512 4117 1781 4186 Siquidem
1811 4117 1899 4170 illa

355 4203 624 4270 exemplar
650 4212 702 4256 et
729 4202 896 4257 forma
920 4222 935 4269 ;
971 4206 1071 4259 ista
1093 4221 1219 4259 vero
1245 4206 1464 4270 veritas,
1501 4227 1518 4256 ι
1551 4207 1686 4260 sicut
1708 4207 1902 4260 dicitur

357 4290 410 4340 in
438 4289 721 4358 Evangelia
745 4307 757 4341 ε
781 4290 905 4343 λιιι
927 4308 1014 4359 per
1047 4291 1254 4359 Moysen
1276 4293 1400 4345 data
1435 4302 1531 4356 est,
1555 4294 1723 4361 gratia
1748 4302 1797 4346 et
1822 4309 1902 4346 ue-

358 4379 484 4431 ritas
524 4394 614 4444 per
648 4378 823 4430 Iesum
863 4377 1120 4431 Christum
1164 4379 1302 4447 facta
1347 4389 1440 4432 est.
1487 4380 1560 4432 De
1599 4395 1702 4448 qua
1730 4380 1896 4449 gratia

359 4465 738 4536 subsequenter
764 4468 852 4522 hic
876 4467 1138 4537 signiﬁcat
1171 4468 1477 4538 Apostolus,
1507 4469 1718 4522 dicens:
1749 4468 1899 4544 Quod

359 4557 412 4608 in
474 4557 766 4611 melioribus
832 4557 1305 4627 repromissionibus
1368 4557 1743 4625 sanctiﬁcatum
1805 4567 1898 4612 est.

359 4643 566 4708 Quanto
594 4644 809 4697 meliora
846 4656 968 4699 sunt
992 4645 1228 4700 caelestia
1268 4636 1513 4707 terrenis,
1540 4655 1733 4700 aeterna
1765 4655 1899 4700 tem-

359 4733 654 4802 poralibus;
697 4744 841 4787 tanto
867 4736 1089 4790 melioris
1116 4745 1190 4790 est
1213 4736 1462 4790 mediator
1485 4737 1731 4790 sacerdos
1752 4734 1903 4789 Chri-

359 4830 473 4876 stus
502 4823 639 4877 Deus
665 4822 968 4876 testamenti.
991 4841 1008 4872 ι
1033 4823 1318 4876 Transiens
1338 4822 1403 4876 de
1429 4821 1566 4877 loco.
1594 4826 1648 4876 et
1671 4836 1702 4874 a
1721 4833 1902 4874 sacer-.

361 4909 504 4973 dote,
522 4917 577 4962 et
604 4924 633 4963 a
652 4907 940 4971 sacriﬁcio,
973 4914 1097 4962 tunc
1114 4908 1330 4962 demum
1356 4915 1409 4962 et
1430 4907 1728 4962 testamenti
1751 4905 1898 4961 ditl’e-

361 4995 586 5047 rentlam
622 4995 788 5064 ponit.
836 4994 932 5049 llic
959 5002 1135 5048 autem
1163 4994 1228 5047 ad
1258 4994 1447 5049 emtum
1489 5010 1586 5050 nos
1611 4995 1900 5066 elevans,et

362 5084 667 5146 ostendens,
713 5085 836 5153 quia
863 5099 961 5152 pro
989 5082 1328 5139 tabernamlo
1365 5083 1557 5137 emtum
1585 5085 1840 5139 habemus
1875 5108 1894 5140 ι

363 5173 417 5226 in
444 5171 882 5242 promissionlbus
907 5171 1021 5226 Dei.

432 5260 591 5316 Vens.
626 5259 682 5322 'l,
706 5260 756 5314 8.
784 5287 852 5296 —
879 5257 1018 5311 Nam
1049 5259 1094 5312 si
1130 5259 1265 5314 illud
1301 5260 1441 5327 prius
1473 5259 1624 5330 culpa
1655 5271 1902 5326 must,

363 5333 468 5402 non.
519 5350 694 5421 utique
741 5348 952 5402 secundi
995 5346 1138 5402 locus
1185 5349 1543 5418 inquireretur.
1596 5347 1905 5420 Vituperaus

365 5433 500 5488 enim
523 5435 606 5488 eos
632 5435 756 5488 dicit
777 5448 795 5484 :
825 5435 935 5490 Hoc
967 5443 1070 5499 est,
1092 5436 1133 5489 si
1165 5435 1508 5508 inculpabiles
1531 5447 1708 5492 essent
1724 5439 1904 5495 obser-

365 5531 577 5578 vatores
615 5525 720 5587 sui,
750 5540 1018 5596 nunquam
1061 5525 1274 5583 saeundi
1318 5525 1465 5583 locus
1501 5526 1903 5596 relinqueretur.

365 5610 472 5666 Sed
494 5614 613 5680 quia
643 5614 768 5668 illud
794 5629 895 5668 non
921 5613 1030 5667 fuit‘
1051 5614 1363 5681 perfectum,
1390 5615 1634 5670 inventus
1665 5625 1745 5669 est
1765 5615 1909 5681 locus

1994 3652 2130 3704 bulis
2151 3652 2390 3719 lapideis,
2419 3667 2550 3719 quas
2578 3652 2783 3720 Moyses
2807 3654 2916 3720 ipse
2941 3651 3117 3720 fregit,
3146 3655 3268 3706 dum
3298 3655 3425 3707 vidit
3450 3671 3543 3724 po-

1993 3739 2172 3807 pulum
2211 3747 2334 3792 ante
2359 3740 2577 3791 vitulum
2607 3739 2870 3791 ludentem
2899 3757 2910 3790 :
2951 3741 3118 3808 gratia
3151 3757 3274 3795 vero
3311 3744 3429 3796 data
3464 3756 3544 3797 est

1997 3829 2047 3879 in
2071 3827 2227 3880 corda
2249 3827 2573 3882 credentium
2604 3843 2697 3894 per
2717 3827 2970 3894 Spiritum
2992 3837 3251 3891 sanctum,
3268 3844 3361 3897 per
3379 3848 3540 3899 quem

1996 3917 2227 3970 charitas
2269 3916 2455 3971 diﬁ‘usa
2493 3926 2572 3969 cst
2617 3917 2669 3968 in
2704 3917 2949 3970 cordibus
2994 3917 3342 3970 credentium.
3392 3919 3540 3983 Quod

1996 4019 2122 4058 vero
2152 4006 2203 4057 in
2235 4005 2409 4056 littera
2438 4005 2633 4057 latebat
2657 4013 2711 4056 et
2735 4005 3007 4070 legebatur
3035 4019 3062 4056 a
3090 4007 3282 4073 populo
3313 4022 3406 4074 per
3434 4024 3543 4060 ma-

1998 4094 2280 4162 gistrorum
2313 4093 2640 4155 traditiones,
2661 4093 2760 4145 hoc
2781 4093 3007 4160 Spiritus
3029 4105 3241 4148 sanctus
3261 4097 3544 4150 adveniens-

1999 4183 2221 4236 docebat
2248 4182 2530 4252 apostolos.
2563 4182 2627 4234 Et
2660 4183 2759 4235 hoc
2785 4184 3022 4250 estquod
3047 4183 3120 4234 ait
3145 4184 3405 4252 Propheta
3433 4204 3442 4236 :
3475 4186 3542 4239 Et

1999 4287 2099 4323 non
2127 4271 2325 4323 docebit
2351 4270 2694 4337 unusquisque
2722 4270 3010 4336 proximum
3031 4286 3178 4322 suum
3207 4282 3251 4325 et
3274 4276 3544 4339 unusquis-

1998 4374 2094 4426 que
2120 4358 2329 4426 fratrem
2355 4375 2526 4421 suum,
2551 4360 2721 4412 dicens
2745 4373 2762 4408 .'
2803 4357 3058 4426 Cognosce
3088 4359 3360 4414 Dominum
3384 4379 3400 4424 ;
3435 4379 3543 4415 ont-

1927 4423 1978 4480 D
2003 4463 2088 4500 nes
2109 4447 2240 4499 enim
2261 4434 2417 4500 scient
2439 4463 2516 4500 me
2535 4465 2565 4499 a
2588 4448 2780 4500 minore
2799 4463 2955 4515 usque
2975 4448 3043 4499 ad
3068 4447 3312 4515 majorem
3332 4464 3507 4500 eorum
3527 4464 3542 4498 :

2002 4536 2139 4589 sicut
2174 4536 2226 4588 in
2269 4535 2552 4604 Evangelio
2580 4536 2644 4589 de
2673 4535 2892 4592 Domino
2917 4534 3143 4604 legitur:
3180 4533 3320 4588 Tunc
3344 4537 3546 4604 aperuit

1999 4625 2102 4677 illis
2125 4641 2348 4687 sensum,
2369 4636 2422 4677 ut
2440 4625 2772 4694 intelligerent
2794 4622 3084 4691 Scripturas
3107 4623 3254 4695 (Luc.
3273 4640 3417 4688 xxiv,
3432 4625 3542 4689 ιδ).

2001 4710 2184 4778 (Vsus.
2236 4711 2345 4779 l3.)
2393 4707 2619 4765 Dicenda
2665 4722 2836 4765 autem
2878 4729 3061 4766 novum
3103 4713 3336 4767 reterarit
3376 4714 3542 4782 prius.

2003 4795 2153 4862 Quod
2195 4807 2366 4849 autem
2405 4799 2705 4867 antiquetur
2735 4807 2783 4851 et
2820 4797 3062 4858 senescit,
3093 4812 3248 4866 prope
3286 4798 3545 4852 interitum

2001 4893 2094 4936 est.
2127 4901 2144 4932 ε
2173 4883 2443 4940 Sumensa
2464 4885 2722 4953 Propheta
2744 4883 2986 4939 ﬁduciam
3014 4882 3227 4946 Paulus,
3245 4885 3467 4955 amplius
3493 4885 3547 4938 in

2002 4970 2128 5024 illud
2171 4980 2541 5027 testamentum
2589 4973 2880 5034 invehitur,
2930 4973 3202 5027 commode
3238 4973 3546 5035 ostendens,

2003 5061 2252 5127 quoniam
2305 5071 2482 5115 nostra
2518 5076 2658 5115 nunc
2700 5047 2929 5123 florenti
2967 5061 3052 5114 illa
3098 5068 3304 5114 vetusta
3341 5071 3544 5116 suntet

2007 5164 2168 5219 prope
2194 5151 2467 5205 interitum
2497 5167 2510 5201 :
2553 5169 2572 5203 ι
2615 5151 2719 5204 Sed
2745 5149 3082 5205 renovabitur
3107 5151 3246 5206 slcut
3269 5150 3443 5223 aquila
3464 5151 3548 5218 ju-

2008 5247 2196 5294 ventus
2220 5246 2422 5302 nostra,
2448 5238 2490 5291 si
2529 5237 2602 5291 ad
2634 5237 2832 5295 fontem
2873 5239 2992 5294 vita:
3017 5241 3320 5303 currimus;
3357 5237 3404 5292 si
3439 5237 3550 5292 aliis

2008 5333 2062 5378 et
2088 5328 2269 5382 oculos
2299 5327 2364 5381 ad
2391 5325 2554 5382 solem
2573 5327 2792 5398 iustitia:
2818 5328 3166 5384 extendimus.

2599 5477 2821 5533 CAPUT
2857 5478 2945 5534 IX.

2091 5618 2247 5671 V'Etts.
2286 5617 2332 5676 l,
2364 5615 2416 5667 2.
2447 5644 2512 5656 -ο
2548 5616 2738 5669 Habuit
2765 5618 2964 5685 quidem
3003 5619 3140 5683 prius
3160 5612 3551 5682 justiﬁcatione:
