4154 6244
388 332 517 386 1073

378 450 592 511 peccata
637 440 850 495 carnis:
880 440 964 492 hic
999 439 1213 507 sanguis
1251 438 1450 492 Christi
1479 439 1645 493 abluit
1685 446 1905 507 peccata
1931 441 1980 501 Δ
2003 453 2139 492 rum
2156 438 2423 494 hominum
2458 436 2816 494 testimonium
2861 451 3042 491 verum
3066 444 3169 492 est.
3211 436 3269 491 Si
3314 435 3534 491 duorum
3624 456 3627 457 '
3702 444 3705 447 ‘

375 530 612 600 spiritus.
663 528 765 593 Qui
809 535 1001 581 aterna
1045 527 1385 597 redemptione
1435 527 1639 582 inuenta
1681 527 1906 582 introivit

374 619 528 675 semel
558 620 613 672 in
632 626 832 679 sancta,
851 617 907 671 id
930 624 1035 680 est,
1064 616 1275 679 omium,
1303 623 1363 670 ut
1387 618 1602 671 assith
1629 610 1793 671 vultui
1812 618 1908 673 Dei

376 723 474 778 pro
512 708 685 761 nobis.
721 704 873 771 Quod
918 705 1050 763 dixit
1096 714 1288 758 eterna
1315 706 1653 775 redemptione
1677 706 1905 771 inventa,

376 795 609 850 ostendit
648 795 703 849 in
727 794 995 863 prioribus
1012 792 1359 847 sacriﬁciiset
1383 794 1637 863 legalibus
1658 810 1910 861 θέει-εωθ-

375 886 480 941 niis
498 900 605 939 non
636 898 753 938 esse
790 891 1044 937 aeternam
1081 881 1513 950 redemptionem.
1565 881 1746 960 (Vens.
1774 883 1907 960 λδ.)

375 973 436 1029 Si
459 974 595 1027 enim
629 971 837 1040 sanguis
859 970 1117 1024 hircorum
1140 979 1188 1023 et
1213 980 1482 1025 taurorum
1506 980 1554 1025 et
1581 952 1708 1026 cinis
1735 952 1907 1025 vitula:

373 1077 610 1131 aspersus
662 1060 953 1129 inquinatos
1014 1059 1301 1125 sanctificat
1372 1059 1441 1111 ad
1496 1060 1909 1112 emundationem

374 1150 609 1223 [carnis].
636 1150 842 1215 Quanto
866 1150 1028 1217 magis
1069 1150 1278 1217 sanguis
1295 1148 1529 1235 “Christi,
1555 1149 1643 1219 qui
1676 1165 1768 1235 per
1788 1146 1909 1235 Opi.

372 1240 528 1292 ritum
545 1246 779 1292 sanctum
798 1236 1121 1305 semetipsum
1161 1234 1342 1289 obtulit
1366 1234 1753 1287 iramaculatum
1777 1234 1906 1287 Deo.

1068 330 1463 385 EXEGETICA.
1485 362 1552 370 —
1573 332 1817 389 exeos.
1849 332 1913 386 1N
1951 310 2182 391 EPIST.-
2205 333 2260 386 s.
2296 332 2493 387 mnu
2526 331 2614 386 AD
2650 331 2842 387 essu.

3404 330 3539 386 1074

2004 527 2360 581 testimonium
2384 542 2490 581 non
2510 536 2592 582 est
2616 525 2986 595 spernendum,
3019 533 3215 594 quanto
3232 526 3402 596 magis
3429 524 3535 580 Pa;

2004 618 2103 671 tris
2126 624 2179 671 et
2197 616 2340 681 Filii,
2365 617 2524 670 etiam
2546 605 3061 684 etSpiritns-sancti,
3084 616 3149 669 de
3166 629 3271 684 quo
3285 614 3489 673 dicitur
3516 634 3531 668 ι

2006 706 2105 760 Ille
2140 706 2489 759 testimonium.
2504 704 2728 775 perhibet
2763 704 2826 757 de
2878 720 2977 757 me.
3014 703 3082 756 Et
3127 701 3194 757 de
3232 701 3482 772 apostolis
3520 717 3533 750 :

2002 792 2075 849 Et
2099 809 2186 846 vos
2220 792 2420 861 quidem
2446 792 2792 845 testimonium
2813 791 3084 860 perhibetis
3111 790 3175 844 de
3200 806 3299 854 me,
3326 790 3448 859 quia
3472 790 3536 843 ab

2002 881 2150 934 initio
2180 896 2376 934 mecum
2424 879 2545 934 estis
2579 869 2759 951 (Joan.
2811 893 2869 945 ν,
2922 878 3035 951 56).
3081 896 3101 929 s
3155 878 3211 933 in
3256 877 3543 933 oﬁ'ensione

2003 968 2195 1038 quippe
2214 982 2456 1032 eramus,
2475 967 2611 1022 mori
2650 982 2757 1022 nos
2784 969 3079 1038 oportebat.
3118 987 3138 1020 ι
3177 967 3319 1023 Misit
3345 967 3549 1021 Filium
3644 1012 3650 1018 .

2004 1073 2157 1112 suum
2185 1056 2382 1110 factum
2404 1070 2472 1111 ex
2493 1056 2737 1120 muliere,
2773 1058 2865 1125 qui
2884 1056 3018 1112 mori
3047 1055 3303 1124 potuisset
3325 1069 3425 1124 pro
3453 1056 3549 1109 (ιε-ρ

2004 1145 2263 1199 bitoribus
2309 1144 2522 1208 mortis;
2568 1144 2656 1212 qui
2683 1153 2921 1199 mortuus
2948 1154 3029 1198 est
3056 1160 3153 1213 pro
3188 1144 3339 1199 nobis
3363 1143 3554 1198 debita

2007 1236 2205 1308 [Forte,
2230 1228 2405 1291 debita
2428 1235 2602 1306 nobis]
2626 1244 2813 1289 morte.
2846 1253 2881 1287 ε
2898 1234 3086 1289 Eﬁ’ecit
3114 1249 3212 1289 nos
3255 1234 3441 1304 dignos
3461 1242 3539 1287 te.

378 1346 396 1377 ι
434 1328 490 1382 Si
525 1328 667 1381 enim
690 1340 935 1409 carnem,
967 1325 1160 1394 inquit,
1202 1326 1377 1393 potuit
1400 1326 1655 1385 mundare
1696 1324 1910 1394 sanguis
1971 1327 2250 1380 istamenti
2274 1336 2328 1380 et
2347 1326 2670 1380 hzereditatis
2693 1324 2987 1395 promissae,
3016 1323 3130 1379 Hoc
3153 1322 3310 1380 modo
3330 1321 3537 1407 ﬁrmum

374 1426 666 1479 taurorum,
695 1414 860 1468 multo
884 1413 1323 1481 amplius-anima:
1348 1413 1754 1468 sordem.diluet
1781 1426 1906 1465 sano

371 1505 489 1573 guis
520 1503 738 1558 Christi.
768 1501 845 1556 Ne
873 1503 1015 1556 enim
1041 1503 1260 1555 audiens
1284 1501 1593 1569 sanctificat,
1620 1500 1907 1570 perfectam

371 1604 486 1645 esse
507 1591 825 1646 ablutionem
839 1598 1064 1644 aestimet
1086 1590 1228 1658 quis,
1254 1604 1378 1645 mox
1405 1591 1673 1660 subiungit
1693 1605 1908 1644 causam

371 1678 678 1733 differentia:
717 1679 899 1733 dicens
926 1696 938 1730 :
974 1678 1076 1743 Qui
1112 1695 1201 1747 per
1226 1677 1475 1748 Spiritum
1494 1678 1652 1748 693
1676 1688 1909 1731 sanctum

2004 1414 2202 1469 factum
2239 1422 2322 1468 est
2370 1421 2761 1468 testamentum.
2789 1414 2847 1467 In
2877 1422 3080 1467 tantum
3118 1413 3221 1467 fuit
3264 1401 3541 1483 peccatum

2003 1511 2263 1570 nostrum,
2299 1516 2358 1561 ut
2405 1507 2596 1561 salvari
2639 1520 2744 1561 non
2779 1507 3036 1575 potuisset
3088 1505 3390 1573 aliquando,
3437 1504 3542 1559 nisi

2005 1596 2307 1666 unigenitus
2336 1595 2502 1650 Filius
2546 1595 2639 1649 Dei
2680 1610 2779 1663 pro
2804 1594 2956 1648 nobis
2982 1600 3293 1647 moreretur.
3347 1611 3366 1643 ι
3392 1590 3544 1656 Quod

2008 1699 2133 1739 vero
2157 1684 2232 1736 ait
2269 1684 2534 1737 inﬁrmum
2564 1698 2681 1737 esse
2718 1690 3122 1746 testamentum,
3150 1681 3359 1735 vivente
3384 1687 3542 1734 testa-

371 1770 691 1836 semetipsum
720 1767 899 1819 obtulit
918 1766 1305 1820 immaculatum
1356 1766 1465 1820 Deo
1492 1784 1509 1819 :
1540 1768 1641 1821 hoc
1686 1775 1788 1831 est,
1820 1782 1905 1821 sa—
1934 1755 1978 1812 Β
2008 1780 2139 1837 tore,
2168 1773 2270 1826 hoc
2292 1772 2558 1841 signiﬁcat
2576 1773 2716 1839 quod
2742 1772 2977 1839 quandiu
3002 1771 3144 1824 vivit
3177 1778 3417 1835 testator,
3441 1782 3543 1838 po-,
3589 1813 3606 1823 .

264 1876 275 1883 ι
371 1855 627 1909 oriﬁcium
660 1854 1071 1907 immaculatum.
1101 1854 1228 1906 Erat
1246 1854 1438 1921 quippe
1461 1855 1713 1907 mundum
1733 1871 1763 1907 a
1783 1868 1905 1923 pec-

369 1943 501 1997 catis
520 1944 620 1995 hoc
644 1941 985 2004 sacriﬁcium,
1010 1941 1112 1994 hoc
1134 1948 1235 2003 est,
1262 1955 1356 2009 per
1379 1941 1635 2009 Spiritum
1657 1949 1898 1994 sanctum

368 2038 641 2093 aeternum,
672 2044 775 2082 non
804 2044 897 2097 per
924 2028 1119 2097 ignem,
1149 2044 1250 2082 non
1274 2042 1371 2098 per
1410 2028 1509 2081 alia
1540 2029 1797 2102 quaedam.

440 2120 508 2173 Et
528 2120 792 2173 mundabit
812 2119 1174 2173 conscientiam
1191 2128 1419 2172 nostram
1440 2118 1503 2170 ab
1520 2120 1753 2191 operibus
1769 2134 1905 2191 mor-

368 2208 468 2261 tuis
488 2208 567 2260 ad.
580 2207 900 2260 serviendum
937 2206 1044 2259 Dea
1068 2207 1273 2259 viventi.
1301 2207 1443 2260 Bene
1470 2191 1602 2260 dixit
1632 2189 1696 2259 ab
1735 2189 1905 2275 operi-

369 2297 460 2349 bus
496 2298 752 2357 mortuis;
782 2297 825 2348 si
855 2297 974 2362 quis
999 2298 1139 2348 enim
1179 2298 1426 2364 tangebat
1461 2306 1750 2361 mortuum,
1793 2297 1907 2364 pol-

368 2383 609 2437 luebatur
640 2400 654 2435 z
693 2382 758 2435 Et
792 2382 877 2436 hic
904 2382 949 2435 si
984 2382 1102 2451 quis
1152 2384 1385 2451 tetigerit
1430 2396 1571 2449 opus
1614 2391 1899 2445 mortuum,

367 2474 755 2529 contaminatur
794 2488 890 2547 per
918 2473 1313 2527 conscientiam.
1360 2471 1531 2540 Opera
1555 2480 1760 2525 mortua
1783 2480 1906 2525 sunt

367 2571 601 2630 peccata.
650 2560 750 2625 Qui
775 2562 910 2614 enim
952 2562 1168 2629 tetigerit
1211 2562 1393 2629 picem,
1447 2560 1795 2629 inquinabitur
1838 2558 1904 2613 ab

367 2669 448 2715 es,
490 2654 566 2706 sic
593 2654 682 2720 qui
705 2668 800 2719 per
826 2654 1188 2719 paenitentiam
1222 2652 1431 2709 ablutus
1460 2661 1541 2708 est
1566 2656 1632 2707 ab
1658 2653 1905 2721 operibus

370 2744 610 2807 mortuis,
636 2742 680 2796 si
702 2744 883 2796 eadem
907 2744 1098 2797 iterum
1120 2744 1248 2813 agit,
1272 2745 1420 2812 pejus
1439 2746 1900 2798 contaminabitur.

274 2838 282 2847 ‘
371 2834 521 2888 Sicut
548 2834 736 2888 Petrus
764 2834 1034 2901 apostolus
1064 2851 1075 2885 :
1110 2832 1265 2887 Canis
1298 2850 1525 2887 reversus
1564 2820 1913 2886 ad'vomitum

370 2922 455 2994 (Il
505 2922 647 2976 Petr.
694 2940 755 2987 ιι,
809 2924 919 2992 22),
957 2925 1042 2977 ita
1077 2926 1167 2994 qui
1211 2926 1366 2979 iterat
1410 2924 1682 2978 stultitiam
1730 2937 1900 2981 suam.

368 3016 447 3067 Ad
492 3015 831 3077 serviendum,
881 3015 1067 3083 inquit,
1101 3015 1209 3069 Deo
1246 3016 1449 3069 viventi.
1480 3015 1575 3067 Hic
1604 3011 1903 3066 manifestat

366 3102 489 3170 quia
522 3117 682 3171 opera
724 3110 932 3157 mortua
991 3103 1245 3156 habentes
1291 3118 1392 3155 non
1444 3110 1666 3170 possunt
1701 3100 1902 3153 servire

366 3204 492 3243 vero
520 3197 573 3243 et
596 3190 716 3243 vivo
756 3189 886 3252 Deo,
928 3189 1049 3256 quia
1076 3188 1164 3243 illa
1190 3196 1397 3251 mortua
1432 3198 1553 3243 sunt
1577 3198 1629 3242 et
1658 3187 1808 3241 falsa.
1838 3187 1905 3239 Et

368 3277 557 3331 merito
597 3276 773 3331 nullus
811 3291 974 3344 opera
1018 3286 1225 3331 mortua
1253 3278 1453 3331 habens
1479 3273 1769 3345 ingreditur
1793 3275 1899 3330 hic.

368 3367 422 3421 Si
473 3368 613 3422 enim
655 3383 775 3422 eum
821 3368 911 3435 qui
952 3376 1145 3435 Corpus
1196 3374 1459 3421 mortuum
1490 3367 1748 3437 tangebat,
1799 3382 1902 3420 non

365 3459 643 3531 oportebat
687 3457 888 3511 intrare
918 3457 970 3511 in
1018 3456 1293 3524 templum,
1345 3466 1542 3524 quanto
1585 3457 1752 3523 magis
1780 3470 1903 3509 eum

364 3546 454 3614 qui
491 3560 653 3613 Opera
680 3553 887 3599 mortua
925 3544 1127 3613 [habet]
1167 3560 1270 3598 non
1292 3552 1466 3612 potest
1492 3545 1694 3597 intrare
1722 3544 1773 3595 in
1796 3556 1904 3596 εω-

364 3634 507 3689 lum?
558 3634 759 3688 Mortua
788 3617 981 3701 quippe
1029 3640 1150 3685 sunt
1177 3633 1353 3686 omnia
1391 3646 1548 3699 opera
1597 3646 1720 3698 qua:
1738 3631 1901 3683 vitam

363 3740 469 3779 non
496 3726 711 3778 habent.
734 3743 751 3775 ι
781 3722 961 3791 (Vens.
986 3720 1195 3789 15-17.)
1222 3720 1290 3773 Et
1312 3721 1425 3779 ideo
1451 3719 1582 3773 Novi
1607 3719 1900 3773 Testamen-

363 3815 405 3867 ti
426 3815 677 3866 mediator
718 3822 813 3874 est,
837 3821 891 3864 ut
920 3822 1081 3864 morte
1106 3812 1467 3874 intercedente,
1488 3811 1542 3863 in
1564 3810 1902 3879 redemptione

362 3916 540 3955 earum
578 3900 1080 3969 prmricationum,
1105 3914 1219 3967 qua:
1252 3909 1395 3951 erant
1437 3900 1532 3953 sub
1556 3902 1725 3968 priore
1748 3910 1900 3956 testa-

362 4000 532 4043 mento
561 3978 969 4055 repromissiones
996 3976 1271 4056 accipiant,
1292 3988 1381 4056 qui
1404 3990 1566 4042 vocati
1588 4000 1728 4052 sunt,
1754 4000 1902 4044 teter-

361 4094 442 4131 na:
463 4077 798 4131 hereditatis.
817 4066 877 4129 ’Π
882 4076 930 4130 bi
956 4076 1090 4129 enim
1134 4068 1487 4127 testamentum
1527 4085 1623 4139 est,
1648 4091 1786 4131 mors
1815 4092 1902 4129 ne-

360 4182 497 4219 cesse
523 4175 597 4219 est
638 4165 916 4218 intercedat
956 4164 1231 4218 testatoris.
1269 4162 1642 4216 Testamentum
1684 4164 1819 4217 enim
1847 4164 1900 4216 in

334 4241 577 4307 'mortuis
626 4252 984 4319 conﬁrmatum
1042 4261 1136 4315 est,
1187 4250 1415 4319 alioquin
1458 4236 1693 4304 nondum,
1745 4250 1901 4314 valet,

360 4345 480 4395 dum
526 4334 769 4411 vivit‘qui
799 4349 1011 4393 testatus
1038 4348 1130 4392 est.
1168 4359 1183 4387 ι
1217 4338 1479 4393 Fortassis
1518 4341 1657 4395 enim
1684 4348 1899 4410 possent

361 4433 534 4495 multi,
569 4433 656 4499 qui
686 4431 945 4483 inﬁrmius
978 4428 1341 4483 adiciebantur
1382 4444 1449 4483 ex
1478 4433 1711 4499 eoquod
1748 4447 1893 4485 mor-

363 4531 483 4575 tuus
515 4530 596 4575 est
637 4521 900 4582 Christus,
937 4518 1167 4571 maxime
1192 4531 1295 4569 non
1322 4517 1537 4571 credere
1580 4521 1893 4587 promissio-

360 4626 454 4665 nes
482 4610 614 4676 ejus.
644 4609 840 4663 Paulus
868 4608 1027 4677 igitur
1060 4621 1125 4660 ex
1153 4606 1478 4660 abundantia
1515 4606 1617 4661 hoc
1642 4610 1811 4675 ponit,
1841 4617 1895 4664 et

359 4698 597 4775 exempla
641 4712 707 4751 ex
746 4698 1009 4751 communi
1037 4710 1311 4779 assumens
1358 4698 1738 4752 consuetudine
1766 4692 1896 4753 dicit

360 4772 513 4856 quasi
540 4784 801 4840 dubitanti
831 4785 979 4838 cordi
1015 4772 1383 4855 responderet;
1420 4794 1699 4855 propterea
1736 4788 1894 4855 igitur

358 4876 636 4943 oportebat
666 4871 1019 4927 conﬁteri.....
1050 4866 1173 4942 quia
1201 4891 1326 4939 non,
1354 4872 1585 4947 [Chrys.,
1619 4878 1895 4945 oportebat

358 4964 642 5020 conﬁdere.
670 4963 877 5030 Quare?
902 4962 1033 5028 Quia
1060 4979 1184 5027 non,
1206 4965 1334 5036 etc.]
1360 4967 1657 5029 viventibus
1683 4974 1896 5021 testato-

356 5053 651 5115 ribus,ised
680 5054 926 5120 mortuis,
962 5062 1089 5107 tunc
1124 5052 1276 5109 ﬁrma
1310 5064 1437 5109 sunt
1479 5065 1815 5124 testamenta,
1841 5065 1897 5111 et

356 5140 718 5196 fortitudinem
770 5145 1071 5213 accipinnt._
1109 5142 1505 5198 Testamentum
1564 5148 1705 5201 enim
1750 5148 1894 5201 circa

358 5232 698 5286 novissimum
729 5232 867 5286 diem
908 5234 969 5287 ﬁt
999 5232 1351 5289 delunctionis
1376 5248 1392 5285 :
1414 5234 1468 5286 in
1504 5234 1660 5288 simul
1682 5235 1889 5310 [testes]

357 5323 513 5378 debet
556 5324 753 5388 habere
778 5330 1172 5379 testamentum.
1202 5324 1429 5378 Adverto
1452 5337 1573 5379 eum
1592 5323 1851 5381 dicentem
1876 5344 1888 5379 :

357 5409 469 5477 Ego
490 5429 627 5478 sum,
648 5411 1101 5482 quitestimoniunt
1126 5414 1365 5480 prohibeo
1409 5412 1472 5465 de
1496 5428 1706 5482 metpso,
1732 5426 1778 5468 et
1816 5426 1891 5469 te-

262 5516 265 5521 '
355 5500 649 5554 stimonium
684 5501 905 5569 perhibet
959 5501 1021 5553 de
1074 5515 1172 5561 me,
1222 5504 1311 5570 qui
1366 5503 1501 5555 misit
1564 5518 1642 5554 me
1710 5502 1885 5570 (Joan.

358 5605 445 5656 xx,
476 5588 579 5661 18).
614 5610 631 5642 ι
666 5592 733 5645 Et
756 5594 807 5645 in
839 5592 951 5661 lege
975 5599 1144 5645 vestra
1171 5589 1469 5665 [scriptum]
1491 5602 1589 5655 est,
1613 5594 1731 5661 quia
1760 5596 1888 5648 duo-

2003 1867 2106 1912 test
2127 1859 2408 1913 immutare
2432 1859 2765 1923 sententiam,
2797 1867 2852 1913 et
2877 1859 3009 1913 alios
3035 1867 3194 1927 atque
3214 1859 3351 1915 alios
3376 1861 3542 1915 addu-

2002 1961 2125 2002 cere
2144 1948 2381 2002 haeredes
2406 1949 2461 2001 in
2488 1949 2850 2012 hzereditatem
2884 1964 3051 2003 suam.
3611 2014 3619 2021 .

2076 2026 2230 2100 Vsus.
2267 2036 2349 2089 l8.
2376 2064 2448 2075 —
2482 2032 2626 2089 Unde
2657 2052 2746 2089 nec
2777 2038 2997 2106 primum
3043 2037 3245 2105 quidem
3279 2038 3392 2092 sine
3420 2052 3544 2092 san-

2001 2127 2155 2195 guine
2188 2126 2479 2179 dedicatum
2503 2135 2593 2179 est.
2641 2144 2662 2176 s
2701 2126 2865 2191 Unde,
2897 2128 3049 2191 dixit,
3078 2144 3167 2181 nec
3202 2125 3421 2197 primum
3470 2136 3544 2181 te-

2002 2221 2319 2269 stamentum
2344 2214 2453 2267 sine
2475 2216 2724 2282 sanguine
2749 2214 3037 2281 dedicatum
3068 2226 3168 2279 est,
3199 2216 3251 2269 id
3299 2225 3401 2279 est,
3454 2216 3544 2267 lir-

2002 2318 2144 2357 mum
2173 2286 2369 2357 factum
2404 2309 2503 2365 est,
2540 2303 2843 2355 roboratum
2863 2310 2962 2356 est.
2989 2300 3136 2367 Quod
3171 2309 3346 2355 autem
3389 2302 3539 2364 dixit,

2001 2392 2154 2453 unde,
2180 2391 2283 2444 tale
2304 2400 2406 2452 est,
2451 2390 2605 2457 quale
2632 2390 2679 2445 si
2704 2390 2926 2453 diceret,
2956 2397 3231 2458 propterea
3264 2388 3540 2456 oportebat

2003 2479 2298 2533 testamenti
2314 2479 2698 2532 solemnitatem
2712 2479 2960 2546 compleri
2976 2480 3133 2532 etiam
3157 2493 3251 2545 per
3272 2486 3494 2532 mortem
3516 2496 3535 2527 ι

2000 2567 2217 2623 Christi.
2276 2566 2457 2635 (Vens.
2508 2566 2712 2635 19-22.)
2757 2558 3248 2635 Lecto'enim‘ontni
3294 2566 3544 2618 mandato

2002 2656 2123 2724 legis
2139 2673 2171 2708 a
2182 2652 2363 2723 Hoyse
2376 2657 2609 2709 universo
2624 2654 2829 2724 populo,
2844 2656 3142 2723 accipientes
3168 2653 3265 2725 [lla
3284 2653 3412 2708 Cod.
3437 2654 3539 2723 leg.

2001 2742 2277 2819 accipiens]
2305 2744 2602 2813 sanguinem
2628 2744 2898 2799 vitulorum
2921 2754 2968 2797 et
2992 2745 3252 2801 hircorum
3270 2759 3384 2797 cum
3406 2759 3541 2812 aqua

2000 2839 2047 2883 et
2094 2830 2217 2884 lana
2260 2834 2495 2885 coccinea
2529 2842 2576 2885 et
2600 2834 2833 2903 hyssopo,
2863 2834 3027 2902 ipsum
3053 2850 3249 2904 quoque
3275 2833 3461 2887 librum
3488 2843 3537 2886 et

2000 2936 2199 2972 omnem
2237 2919 2479 2989 papulum
2508 2924 2739 2990 aspersit,
2790 2923 2963 2977 dicens
3016 2941 3033 2977 :
3080 2924 3180 2977 Hic
3208 2932 3281 2978 est
3320 2925 3541 2993 sanguis

2000 3008 2310 3069 testamenti,
2359 3007 2493 3076 quod
2535 3009 2793 3062 mandavit
2836 3010 2904 3062 ad
2934 3027 3016 3063 vos
3051 3011 3204 3065 Deus.
3234 3012 3409 3064 Etiam
3454 3021 3538 3064 ta-

2003 3094 2328 3147 bernaculum
2375 3103 2423 3148 et
2455 3097 2625 3171 omnia
2655 3113 2773 3150 vasa
2818 3097 3083 3151 ministerii
3108 3101 3356 3168 sanguine
3401 3100 3541 3153 simi-

2000 3182 2117 3236 liter
2162 3186 2377 3253 aspersit
2405 3202 2424 3238 :
2451 3188 2514 3239 et‘
2548 3189 2718 3246 omnia
2741 3203 2864 3257 pene
2907 3184 2960 3240 in
2981 3189 3227 3257 sanguine
3269 3188 3535 3241 mandavit

2000 3276 2279 3328 secundum
2305 3276 2498 3346 legem;
2541 3286 2594 3331 et
2616 3278 2725 3331 sine
2752 3279 3013 3349 sanguinis
3044 3274 3290 3350 e/fusion'e
3316 3295 3415 3333 non
3442 3279 3541 3347 fuit

2003 3362 2171 3433 [Leg.,
2199 3381 2300 3417 non
2326 3366 2406 3435 ﬁt]
2445 3366 2691 3423 remissio.
2720 3366 2856 3434 Quid
2901 3378 2981 3421 cst
3026 3368 3165 3435 quod
3209 3368 3342 3422 liber
3376 3376 3541 3434 etpo-
3616 3416 3622 3421 .

2000 3455 2154 3522 pulus
2192 3461 2259 3506 et
2295 3455 2689 3507 tabernaculum
2712 3458 2971 3523 sanguine
3012 3472 3260 3525 aspersus
3288 3465 3390 3520 est,
3437 3458 3539 3510 uisi
3584 3461 3597 3477 ‘

1999 3540 2265 3607 pretiosus
2306 3542 2522 3608 sanguis
2542 3538 2747 3595 Christi:
2766 3542 3055 3613 Salvatoris
3083 3545 3250 3598 nostri
3272 3546 3337 3599 ab
3362 3546 3537 3605 initio.

2001 3630 2092 3683 illo
2136 3625 2442 3694 Schemate,‘
2463 3626 2845 3700 praenuntiatus
2890 3633 3007 3686 est?
3047 3624 3231 3697 Quare
3263 3632 3531 3700 hyssopo?

2000 3716 2270 3786 Hyssopus
2314 3719 2455 3771 enim
2492 3718 2654 3772 herba
2692 3719 2907 3773 humilis
2942 3726 3022 3773 est
3051 3727 3103 3773 et
3137 3720 3188 3772 in
3212 3718 3376 3787 petris
3416 3732 3538 3771 nas-

1999 3822 2125 3862 cens
2156 3821 2169 3859 :
2206 3807 2479 3860 humilitas
2524 3806 2722 3861 Christi
2755 3808 3082 3877 signiﬁcatur
3120 3822 3213 3885 per
3246 3808 3381 3861 hanc
3409 3808 3541 3860 her-

2000 3898 2123 3952 bam
2149 3903 2202 3950 et
2242 3895 2511 3959 fortitudo,
2537 3911 2641 3964 qua
2684 3896 2934 3949 interiora
2983 3904 3165 3973 nostra
3222 3888 3533 3963 purgantur.

2000 3987 2133 4041 Nam
2160 3988 2260 4041 hoc
2291 4002 2484 4057 genere
2512 3987 2690 4041 herba:
2713 3986 3019 4056 pulmonum
3058 3985 3186 4055 vitia
3212 3985 3423 4055 purgari
3448 4000 3535 4039 so-

1995 4060 2128 4130 lent.
2155 4076 2327 4142 Quare
2364 4076 2587 4144 aquam?
2609 4074 2852 4130 Ostendit
2878 4073 3533 4129 mundatiOnem'futuram

1998 4180 2094 4233 per
2122 4179 2313 4231 aquam
2339 4165 2605 4232 baptismi.
2630 4164 2802 4229 Quare
2840 4165 2959 4221 lana
2985 4164 3271 4221 coccinea?
3301 4163 3371 4217 Ut
3413 4162 3539 4216 reti-

1998 4259 2149 4305 neret
2192 4252 2519 4319 sanguinem.
2550 4250 2802 4306 Ostendit
2836 4252 2938 4304 hoc
2981 4252 3097 4305 loco
3137 4252 3278 4304 idem
3324 4266 3442 4305 esse
3476 4262 3531 4305 et

2003 4354 2195 4407 aquam
2217 4348 2269 4393 et
2289 4336 2617 4408 sanguinem,
2644 4337 2806 4409 69‘.
2823 4339 3083 4408 Baptisma
3110 4338 3269 4392 etiam
3293 4348 3547 4395 nostrum.

1924 4399 1975 4457 θ
2000 4399 2226 4501 [ϐ’ἠνυέη
2248 4399 2507 4499 baptisma
2550 4399 2858 4501 enirn-ejus]
2885 4399 3062 4500 passio
3108 4427 3221 4497 ejus
3256 4436 3358 4493 est,
3412 4428 3531 4484 ideo

2000 4520 2134 4573 idem
2157 4519 2352 4574 Paulus
2374 4518 2502 4574 dicit
2523 4520 2628 4574 alio
2648 4519 2763 4574 loco
2785 4538 2797 4573 :
2821 4518 3110 4589 Consepulti
3128 4520 3260 4573 enim
3278 4517 3397 4575 estis
3416 4533 3531 4571 cum

1996 4609 2084 4662 illo
2122 4610 2176 4661 in
2217 4610 2463 4685 baptisnto
2490 4608 2659 4681 (Rom.
2686 4626 2759 4672 vr,
2798 4609 2873 4679 4).
2899 4610 3048 4675 Quod
3076 4624 3203 4663 vero
3223 4609 3319 4673 ait,
3344 4602 3530 4679 [quod]

1996 4699 2109 4751 sine
2142 4699 2412 4767 sanguinis
2448 4698 2699 4753 effusione
2728 4714 2832 4753 non
2870 4698 3032 4753 fuerit
3056 4700 3317 4764 remissio,
3366 4711 3531 4767 quare

1996 4790 2096 4843 hoc
2128 4788 2295 4842 dixit?
2323 4789 2455 4856 Quia
2486 4790 2539 4842 in
2562 4788 2860 4856 illisplena
2882 4804 2987 4842 non
3011 4788 3111 4843 fuit
3136 4790 3397 4852 remissio,
3435 4786 3528 4840 sed

1996 4877 2126 4930 semi
2163 4877 2337 4944 plena,
2363 4880 2417 4931 in
2447 4879 2670 4940 minima,
2694 4885 2873 4949 parte;
2923 4895 3065 4934 nunc
3098 4890 3272 4934 autem
3318 4880 3401 4932 hic
3428 4886 3525 4938 est,

1994 4949 2183 5030 inquit,
2210 4966 2417 5032 sanguis
2439 4965 2552 5017 novi
2590 4967 2897 5031 testamenti,
2936 4969 3023 5036 qui
3047 4984 3138 5037 pro
3164 4967 3306 5021 nobis
3331 4967 3526 5033 (παίω

1994 5063 2065 5107 est
2113 5055 2167 5107 in
2210 5057 2555 5109 remissionem
2589 5068 2927 5123 peccatorum.
2968 5060 3097 5126 Quis
3138 5070 3220 5114 est
3257 5060 3389 5113 liber
3433 5060 3525 5128 qui

1995 5158 2240 5213 aspersus
2266 5156 2349 5200 est
2370 5146 2619 5214 sanguine
2646 5147 2889 5214 mystico,
2912 5157 2967 5203 et
2994 5165 3111 5218 qua:
3139 5158 3260 5204 sunt
3276 5162 3402 5201 vasa
3427 5129 3525 5201 un:

1994 5237 2204 5300 ctionis,
2256 5245 2309 5291 et
2346 5238 2485 5305 quod
2529 5234 2941 5302 tabernaculum,
2984 5241 3084 5294 nisi
3126 5238 3379 5308 populus?
3419 5236 3525 5304 Ipsi

1994 5326 2133 5379 enim
2164 5333 2285 5380 sunt
2311 5326 2464 5388 liber,
2489 5339 2632 5388 vasa,
2669 5335 2724 5381 et
2760 5314 3174 5383 tabernaculum.
3202 5327 3323 5382 ldeo
3346 5324 3527 5379 Domi-

1996 5429 2093 5469 nus
2155 5416 2282 5469 dicit
2326 5432 2373 5487 »ε
2426 5412 2731 5470 Inhabitabo
2787 5418 2841 5470 in
2903 5417 3025 5481 ξιιὶι,
3093 5396 3149 5471 εί
3196 5414 3523 5469 inambulabo

1994 5503 2078 5561 (II
2108 5503 2224 5557 Cor.
2257 5520 2328 5564 vr,
2386 5501 2491 5572 l5).
2522 5502 2635 5558 Sed
2656 5514 2767 5560 tota
2800 5490 2938 5561 illius
2964 5506 3168 5560 Veteris
3203 5505 3522 5560 Testamenti

1994 5596 2085 5647 fuit
2118 5594 2404 5663 corporalis
2430 5596 2729 5660 mundatio;
2775 5612 2910 5650 nunc
2940 5610 3063 5648 vero
3092 5596 3341 5665 spiritalis
3367 5605 3443 5649 cst
3467 5597 3520 5648 in
