4154 6240
539 368 542 370 -
638 327 773 380 40τῦ

1474 323 1532 376 Β.
1573 323 1633 378 F.
1675 324 1895 378 ALBlNl
1934 319 2074 392 SEU,
2099 319 2369 376 ALCUINI
2399 323 2677 380 OPERUM
2717 323 2890 378 PARS
2925 323 2986 377 ιι.

3695 328 3823 382 Ιοτῧ

639 452 840 522 salino,
867 437 1149 516 sanguinis.
1161 434 1375 487 Christi.
1407 434 1526 487 Ideo
1555 431 1719 488 dicit:
1747 432 1846 486 Hic
1871 445 1944 488 est
1970 434 2178 502 unguis
2207 436 2252 491 Δ
2279 425 2530 497 ﬂuebant,
2577 433 2714 487 sicut
2742 436 2795 487 in
2822 433 3041 488 Actibus
3064 435 3436 510 Apostolorum
3469 437 3662 505 tegitur
3683 440 3819 508 (Act.

642 513 757 580 novi
795 513 1083 579 testamenti
1135 525 1190 575 in
1238 523 1580 576 remissionem
1619 533 1938 591 peccatorum
1985 520 2175 589 (lare.

642 632 751 678 xiv,
779 614 891 682 25).
929 631 949 663 ς
998 611 1058 666 lu
1097 612 1202 666 illis
1227 612 1487 680 siquidem
1525 599 1586 664 in.
1618 612 1897 678 superﬁcie
1935 609 2180 680 asperge-

639 705 796 759 batur
821 713 876 757 et
924 702 1118 764 iterum
1158 701 1457 772 dilueliatur
1477 715 1752 768 aspersus;
1814 715 1987 768 neque
2038 700 2179 753 enim

641 800 949 848 cruentatus
977 805 1186 858 semper
1210 788 1582 858 deambulabat
1606 789 1828 856 populus
1857 806 1872 841 :
1904 789 1957 842 in
2004 790 2180 842 anima

639 893 769 933 vero
793 894 896 932 non
922 880 997 931 ita
1030 887 1135 941 est,
1155 878 1247 931 scd
1270 877 1369 944 ipsi
1388 866 1632 930 essentia:
1666 877 2042 929 commisectur
2061 890 2180 929 san-

640 969 774 1036 guis,
821 967 1010 1022 fortem
1051 966 1197 1019 illam
1242 965 1442 1018 faciens
1462 973 1518 1018 et
1543 965 1814 1027 mundam,
1855 973 1911 1018 et
1944 964 2009 1017 ad
2038 963 2180 1018 illam

627 1056 1046 1111 incnarrabilem
1077 1055 1517 1124 pulchritudinem
1562 1054 1878 1121 perducens.
1917 1073 1935 1104 ι
1961 1053 2183 1121 Propter

637 1147 740 1199 hoc
763 1147 882 1215 agni
905 1146 1102 1200 occisio
1127 1144 1246 1206 fuit,
1287 1153 1340 1197 et
1383 1144 1600 1212 sanguis
1625 1141 1738 1210 ejus
1763 1143 2182 1210 snperliminari—

635 1233 742 1287 bus
770 1233 1160 1288 liberandorum
1204 1232 1397 1293 illitus;
1426 1239 1640 1299 propter
1669 1229 1770 1284 hoc
1813 1231 1977 1283 etiam
2003 1229 2180 1283 omnia

636 1321 894 1375 sacriﬁcia
925 1322 1120 1374 veteris
1177 1319 1480 1372 testamenti
1509 1317 1774 1386 leguntur,
1797 1325 1855 1369 ut
1881 1317 1990 1370 hoc:
2016 1331 2180 1370 unum

635 1410 956 1463 sacriﬁcium
1015 1409 1314 1477 designaret
1359 1405 1559 1477 [Forte,
1615 1403 2026 1476 designaretur],
2085 1420 2182 1472 per

632 1501 773 1570 quod
798 1516 918 1555 vera
945 1512 1027 1555 est
1050 1501 1290 1554 remissio
1315 1508 1674 1569 peccatorum,
1701 1507 1756 1552 et
1769 1499 2042 1552 mundatio
2065 1498 2180 1552 ani-

633 1605 734 1642 mae
759 1589 821 1642 in
847 1598 1124 1643 mternum.

705 1680 861 1731 Vens.
892 1679 1076 1732 25-24.
1108 1709 1175 1718 -—
1213 1679 1426 1732 Necesse
1472 1689 1546 1732 est
1579 1694 1699 1746 ergo
1728 1676 2040 1745 exemplaria
2063 1678 2178 1744 qui-

2279 534 2339 582 n,
2383 519 2466 588 5),.
2511 519 2598 575 die
2655 530 2839 576 sancto
2890 517 3264 584 Pentecosten,
3329 524 3542 592 quando
3595 525 3825 594 Spiritus

2278 617 2491 662 sanctus
2511 609 2666 664 datus
2685 620 2768 663 est
2789 611 3040 680 apostolis
3061 611 3113 664 in
3133 613 3377 666 omnibus
3398 614 3590 683 linguis
3609 616 3824 686 loquen-

2279 696 2438 758 tibus,
2468 699 2827 760 constituisse,
2865 707 2923 751 ut
2949 713 3014 752 ex
3040 699 3264 755 diversis
3296 702 3537 768 mnibus
3561 707 3740 759 mundi
3767 717 3825 762 et

2278 783 2494 840 caeleste
2537 783 2748 841 audisse
2786 787 3099 841 miraculum
3147 798 3203 842 et
3245 790 3458 844 vidisse.
3512 809 3530 841 ι
3564 792 3669 848 Sed
3699 796 3825 850 huic

2280 871 2475 941 templo
2502 879 2670 926 totum
2693 876 2938 942 apposuit
2967 876 3160 930 caelum
3206 877 3415 939 Paulus,
3464 888 3518 934 et
3543 896 3646 934 non
3689 884 3826 938 hanc

2278 959 2445 1012 solam
2495 959 2844 1016 diderentiam
2893 965 3142 1027 ostendit,
3191 968 3283 1020 sed
3307 969 3470 1021 etiam
3515 970 3821 1038 pontiﬁcem

2279 1063 2546 1118 magnum,
2577 1059 2635 1103 ut
2678 1053 2892 1106 assistat
2930 1054 3094 1107 vultui
3124 1055 3214 1108 Dei
3262 1056 3480 1126 (Sensus
3511 1062 3820 1130 corruptus).

2244 1139 2249 1145 '
2279 1135 2504 1190 Proinde
2533 1153 2637 1191 non
2661 1151 2726 1191 ex
2752 1141 2887 1194 caelo
2916 1149 3141 1205 tantum,
3169 1144 3261 1196 sed
3285 1145 3445 1198 etiam
3487 1161 3553 1200 ex
3583 1148 3824 1216 ingressu

2279 1241 2392 1280 rem
2419 1229 2853 1308 venerabilioretn
2884 1229 3028 1284 facit.
3057 1231 3171 1286 Non
3197 1235 3339 1286 enim
3370 1236 3700 1303 simpliciter,
3721 1239 3825 1292 sic-

2280 1317 2337 1364 ut
2383 1312 2500 1376 hic,
2545 1328 2642 1382 per
2683 1316 2831 1384 signa
2855 1319 3116 1384 quaedam,
3154 1339 3172 1371 ι
3227 1322 3319 1374 sed
3350 1323 3448 1390 ipsi
3495 1324 3829 1384 Dcoassistit

2277 1412 2489 1468 semper
2520 1401 2674 1454 vivus
2723 1402 2788 1456 ad
2837 1405 3274 1472 interpellandum
3310 1424 3408 1477 pro
3457 1412 3628 1464 nobis.
3665 1430 3684 1462 ι
3741 1412 3826 1466 ln-

2279 1496 2447 1551 tuere,
2473 1498 2686 1557 quantae
2719 1490 3058 1548 diderentizc!
3104 1511 3244 1564 smpe
3270 1507 3325 1551 et
3369 1499 3564 1562 semel;
3620 1501 3673 1553 in
3705 1506 3827 1556 san-

2277 1579 2434 1646 guine
2466 1580 2657 1643 alieno,
2693 1590 2748 1634 et
2789 1584 2839 1636 in
2882 1586 3139 1654 sanguine
3168 1590 3403 1657 proprio.
3448 1589 3662 1643 Iultum
3697 1607 3825 1660 ergo

2277 1668 2517 1722 interest.
2539 1669 2656 1737 ipse
2677 1680 2732 1724 et
2753 1672 3092 1740 sacriﬁcium,
3120 1685 3174 1729 et
3213 1678 3479 1742 sacerdos,
3500 1689 3555 1733 et
3576 1681 3762 1735 hostia.
3797 1701 3817 1733 ι

629 1769 742 1821 dem
765 1768 1044 1822 caelestium
1072 1770 1152 1822 liis
1181 1769 1420 1821 mandari
1440 1787 1458 1824 :
1488 1770 1598 1836 ipsa
1624 1743 1792 1821 autem
1824 1743 2044 1819 caelestia
2071 1743 2166 1818 me-

2343 1755 2665 1825 695Vns.
2679 1757 3175 1832 26-28.—Alioquin
3187 1765 3447 1833 oportebat
3464 1768 3825 1839 eunrfrequen-

629 1858 848 1910 tioribus
875 1859 1056 1911 hostiis
1100 1868 1255 1926 quam
1281 1859 1412 1910 istis.
1457 1855 1588 1919 Non
1615 1857 1748 1920 enim
1771 1856 1834 1919 in
1865 1853 2180 1921 manufestis

627 1947 819 1997 sanctis
855 1944 984 2015 [Αιη
1032 1947 1087 1998 in
1139 1945 1438 2011 manufacta
1486 1942 1689 2012 sancta]
1745 1942 1900 1995 Iesus
1952 1941 2178 1993 introivit

603 2035 944 2105 (exemplaria
991 2050 1227 2087 verorum
1256 2050 1275 2086 :
1303 2033 1393 2086 sed
1421 2034 1474 2085 in
1508 2033 1675 2102 ipsum
1705 2032 1903 2093 ccelum,
1939 2041 1992 2083 ut
2014 2046 2167 2100 appa-

626 2133 738 2177 reat
775 2141 909 2175 nunc
939 2123 1101 2176 vultui
1126 2122 1220 2176 Dei
1247 2139 1340 2190 pro
1365 2123 1527 2175 nobis.
1555 2121 1830 2187 Quomodo
1855 2115 2177 2189 exemplaria

626 2222 749 2266 sunt
769 2229 974 2273 eorum.
1006 2228 1122 2281 qua:
1147 2214 1198 2266 in
1220 2213 1370 2266 emlis
1389 2214 1546 2265 sunt?
1565 2211 1815 2265 Caelestia
1837 2211 2052 2280 quidem
2079 2224 2179 2263 no—

625 2302 849 2357 minavit
876 2303 1011 2355 hanc
1041 2303 1522 2356 conversationem
1563 2309 1822 2363 nostram,
1859 2297 2020 2366 cujus
2049 2311 2179 2350 con-

629 2391 946 2442 versationis
973 2389 1244 2458 esemplar
1272 2389 1371 2442 fuit
1395 2397 1449 2442 et
1484 2387 1831 2456 signiﬁcatio,
1855 2398 2180 2455 quascunque

627 2479 910 2545 gerebatur
943 2478 997 2530 in
1031 2479 1193 2535 veteri
1235 2486 1568 2532 testamento.
1602 2478 1750 2532 Unde
1774 2485 1827 2532 et
1852 2475 2175 2548 Apostolus:

628 2563 957 2619 Conrersatio
1013 2577 1186 2619 nostra
1235 2568 1290 2620 in
1339 2567 1478 2620 caelis
1518 2577 1590 2620 est
1643 2565 1858 2636 (Philip.
1919 2579 2002 2628 ιιι,
2061 2564 2176 2633 20),

632 2673 652 2705 ι
694 2654 752 2707 in
780 2648 943 2710 ’caalis
969 2669 1094 2724 ergo
1122 2663 1250 2709 sunt
1288 2656 1411 2716 ista,
1435 2670 1554 2732 qua:
1588 2661 1770 2708 nostra
1795 2661 1940 2716 sunt,
1966 2661 2020 2706 ct
2066 2653 2180 2706 hac

627 2758 810 2804 nostra
829 2751 1090 2812 ccelestia,
1116 2744 1361 2819 quamvis
1381 2748 1434 2802 in
1457 2757 1598 2802 terra
1624 2746 1977 2802 celebrentur.
2009 2765 2028 2796 ι
2052 2743 2180 2810 Qua:

625 2849 711 2895 est
753 2840 858 2891 ista
897 2840 1240 2894 conversatio
1269 2837 1491 2892 nostra?
1520 2835 1644 2890 limo
1685 2843 1766 2889 est
1801 2848 1924 2887 vera
1951 2832 2180 2902 philoso-

627 2927 772 2994 phia,
819 2942 977 2995 quam
1006 2927 1256 2980 Christus
1301 2926 1496 2985 docuit,
1547 2939 1706 2991 quam
1743 2922 1968 2991 apostoli
2013 2921 2178 2975 secuti

625 3025 767 3076 sunt,
814 3030 933 3082 qua:
979 2998 1127 3069 ducit
1178 3015 1245 3068 ad
1287 3013 1543 3068 emlestia.
1584 3012 1732 3067 Unde
1763 3021 1818 3064 et
1847 3009 2128 3079 Apostolus
2161 3028 2173 3062 :

2279 1854 2358 1899 ter
2385 1845 2493 1915 pati
2521 1847 2584 1898 ab
2610 1850 2807 1918 origine
2833 1853 3053 1904 mundi:
3080 1869 3214 1907 nunc
3243 1864 3414 1908 autem
3443 1857 3597 1910 semel
3620 1859 3680 1910 in
3709 1875 3824 1910 con-

2275 1935 2612 1988 summatione
2653 1937 2960 1992 sceculorum
2981 1979 2995 2001 ,
3021 1940 3090 1992 ad
3115 1941 3494 1996 destitutionem
3518 1947 3711 2013 peccati
3739 1962 3827 2014 per

2277 2022 2496 2073 hostiam
2515 2039 2661 2075 suam
2685 2027 2942 2093 apparuit.
2962 2025 3027 2079 Et
3041 2030 3469 2097 quemadmodum
3490 2042 3733 2085 statutum
3754 2043 3827 2084 est

2275 2111 2471 2164 homini
2496 2113 2651 2166 semel
2676 2117 2826 2178 mori,
2858 2128 2971 2186 post
3011 2119 3106 2170 hoc
3143 2129 3316 2172 autem
3344 2120 3603 2188 judicium
3628 2135 3645 2170 :
3672 2123 3744 2174 sic
3779 2131 3828 2173 et

2277 2196 2512 2253 Christus
2538 2203 2694 2254 semel
2729 2205 2929 2259 oblatus
2971 2217 3045 2260 est
3081 2208 3149 2260 ad
3178 2208 3455 2262 multon
3479 2211 3828 2263 exhauriendo

2276 2297 2513 2354 peccata;
2539 2291 2764 2344 secundo
2784 2290 3046 2362 apparebit
3069 2297 3179 2349 sine
3198 2307 3404 2366 peccato
3423 2298 3826 2365 exspectantibus

2276 2393 2329 2429 se
2364 2377 2432 2429 ad
2458 2379 2696 2446 salutem.
2724 2382 2967 2438 Christus
3001 2400 3130 2439 vero
3165 2400 3354 2455 passus
3392 2397 3506 2451 est,
3547 2395 3825 2455 postquam

2278 2469 2441 2523 multa
2488 2481 2642 2526 erant
2693 2481 2928 2542 peccata.
2963 2476 3151 2531 Merito
3193 2487 3318 2531 tunc
3370 2479 3646 2547 apparuit,
3689 2479 3824 2546 quod

2277 2560 2440 2613 etiam
2464 2561 2587 2616 alibi
2609 2564 2736 2619 dicit
2759 2580 2773 2617 :
2803 2564 2904 2620 Ubi
2931 2567 3210 2621 abundavit
3233 2579 3496 2638 peccatum
3513 2571 3827 2639 superabun-

2279 2647 2418 2701 davit
2457 2653 2625 2722 gratia
2651 2653 2819 2724 (Rom.
2848 2672 2909 2720 τ,
2926 2656 3037 2728 20).
3072 2656 3129 2711 Si
3156 2659 3320 2712 semel
3345 2659 3556 2715 oblatus
3581 2676 3686 2720 neu
3714 2658 3825 2714 sui-

2281 2736 2465 2793 ﬁceret
2507 2745 2742 2797 omnium
2790 2746 2845 2800 in
2887 2762 2946 2802 se
2987 2748 3316 2802 credentium
3358 2761 3580 2818 peccata
3623 2753 3823 2806 exhau-

2281 2824 2406 2890 rire,
2436 2831 2756 2896 oportuisset
2783 2849 2904 2890 eum
2933 2836 3123 2904 saepius
3147 2837 3258 2905 pati
3297 2838 3366 2891 ab
3392 2839 3599 2907 origine
3625 2841 3820 2901 mundi,

2279 2916 2420 2980 quod
2465 2933 2532 2970 ne
2579 2919 2757 2998 ﬁeret,
2808 2924 2972 2978 semel
3033 2925 3086 2978 in
3138 2919 3593 2981 consummatione
3645 2929 3825 2986 mundi

2278 3002 2573 3068 passus-est
2599 3010 2667 3061 ad
2687 3012 2964 3065 multorum
2987 3015 3333 3069 exhaurienda
3365 3028 3593 3086 peccata.
3617 3037 3635 3068 ι
3657 3019 3825 3085 Quam

628 3106 837 3158 Primus
878 3107 1031 3158 homo
1069 3105 1131 3158 de
1164 3114 1300 3156 terra
1348 3114 1600 3166 terrenus,
1631 3101 1889 3155 secundus
1933 3101 1998 3153 de
2045 3099 2169 3153 caelo
2196 3082 2242 3144 C
2270 3096 2552 3152 multorum
2599 3110 2654 3155 et
2701 3119 2804 3157 non
2852 3107 3120 3167 omnium?
3163 3107 3293 3173 Quia
3340 3082 3448 3164 non
3493 3082 3813 3164 omnes'creo

623 3194 836 3247 caelestis
875 3193 928 3264 (I
981 3192 1100 3246 Cor.
1155 3209 1244 3255 sv,
1291 3192 1402 3259 Π).
1440 3191 1623 3257 Qualis
1671 3195 1934 3250 terrenus,
1969 3187 2100 3241 tales
2119 3194 2174 3240 et

629 3285 826 3336 terreni
863 3301 876 3334 :
911 3293 963 3336 et
989 3282 1162 3350 qualis
1191 3281 1446 3344 cmlestis,
1468 3279 1601 3331 tales
1637 3287 1690 3331 et
1717 3278 1981 3339 cmlestes,
2009 3295 2027 3326 ί
2065 3275 2174 3328 Με-

622 3374 862 3436 lioribus,
890 3373 1081 3442 inquit,
1107 3370 1376 3438 sacriﬁciis
1407 3364 1564 3440 quam
1586 3369 1694 3422 lucc
1728 3377 1864 3425 sunt.
1890 3365 2040 3431 Quod
2064 3380 2174 3418 me-

624 3461 728 3514 lius
775 3472 874 3523 est,
929 3463 1068 3514 bono
1104 3461 1282 3526 aliquo
1333 3459 1540 3514 melius.
1596 3457 1738 3512 Bona
1786 3471 1910 3525 ergo
1961 3455 2173 3509 fuerunt

621 3549 863 3616 exempla
911 3548 1140 3619 [ωτι-ψη
1197 3548 1435 3615 exempla
1486 3545 1711 3614 eorum].
1755 3561 1872 3613 qua:
1915 3545 1968 3598 in
2023 3544 2173 3597 caelis

621 3646 770 3701 sunt;
818 3657 836 3688 ι
874 3638 966 3690 sed
998 3639 1107 3705 ipsa
1143 3636 1378 3690 ccelestia
1422 3636 1584 3706 longe
1620 3635 1886 3690 excellunt
1935 3634 2172 3703 exempla

622 3735 947 3788 sanctorum,
976 3727 1168 3794 quibus
1213 3723 1596 3794 signiﬁcantur.
1629 3742 1647 3774 ι
1683 3723 1742 3776 Si
1777 3720 1905 3808 ergo
1928 3723 2174 3777 cmlestes

622 3833 807 3870 sumus
839 3832 958 3880 nos,
989 3825 1042 3892 et
1067 3825 1272 3869 tantum
1301 3816 1621 3868 sacriﬁcium
1650 3815 1827 3882 adepti
1863 3829 2066 3877 sumus,
2109 3815 2173 3868 ti-

623 3921 862 3960 meamus
907 3918 1218 3973 permanere
1249 3905 1484 3967 interra.
1518 3903 1648 3958 Esse
1671 3911 1850 3963 autem
1877 3902 1929 3955 in
1956 3912 2094 3955 terra
2120 3913 2173 3955 et

623 4011 728 4049 non
766 4009 884 4049 esse
930 3994 1320 4062 quodammodo
1347 3993 1609 4054 videmur,
1639 3991 1764 4044 dum
1807 3986 2078 4044 voluntate
2119 3991 2170 4042 in

621 4085 758 4139 cmlo
783 4099 984 4143 sumus,
1008 4083 1130 4134 licet
1163 4095 1383 4148 corpore
1405 4081 1455 4132 in
1479 4080 1661 4133 terris.
1691 4079 1745 4132 Si
1773 4094 1900 4148 ergo
1940 4094 2037 4131 nos
2063 4079 2145 4130 ani

622 4187 710 4226 mo
747 4172 1228 4238 appropinquemus
1282 4169 1410 4230 Deo,
1469 4167 1522 4220 in
1588 4167 1724 4221 cmlo
1779 4183 1978 4220 sumus.
2037 4166 2173 4232 Quid

623 4262 762 4314 enim
807 4261 936 4314 mihi
979 4275 1104 4312 cura
1149 4268 1230 4310 est
1265 4257 1477 4328 caelum,
1523 4273 1642 4310 cum
1693 4257 1844 4309 video
1893 4256 2170 4308 Dominum

623 4350 760 4411 emli,
811 4362 930 4399 cum
953 4361 1050 4412 ego
1097 4344 1296 4397 eﬂieior
1353 4333 1578 4397 caelum?
1641 4344 1930 4408 Veniemus,
1981 4345 2169 4412 inquit,

619 4438 731 4507 Ego
771 4445 825 4488 et
872 4436 1046 4497 Pater,
1105 4445 1151 4486 et
1210 4435 1524 4485 mansionem
1564 4433 1703 4501 apud
1753 4449 1868 4485 eum
1922 4434 2168 4499 faciemus

619 4529 798 4596 (Joan.
845 4541 953 4586 siv,
977 4524 1086 4592 25).
1120 4522 1322 4577 Casium
1351 4521 1563 4589 quidem
1593 4537 1687 4589 per
1732 4536 1788 4574 se
1817 4536 2060 4574 serenmn
2087 4530 2170 4574 est

619 4627 674 4670 et
701 4614 986 4676 mundum;
1021 4628 1123 4666 non
1167 4613 1217 4664 in
1249 4612 1443 4671 hieme,
1483 4626 1588 4664 non
1619 4611 1672 4662 in
1713 4619 1868 4663 nocte
1909 4618 2165 4664 mutatur.

541 4699 544 4703 ’
619 4704 848 4757 Proinde
907 4711 960 4755 et
1005 4715 1121 4763 nos,
1178 4711 1348 4766 neque
1395 4699 1447 4750 in
1493 4697 1919 4752 tribulationibus
1966 4699 2166 4761 smculi,

620 4806 790 4859 neque
819 4791 870 4841 in
912 4788 1319 4841 adversitatibns
1350 4786 1540 4838 diaboli
1579 4785 1678 4838 hoc
1723 4787 1831 4853 pati
1869 4787 2167 4846 timeamus,

620 4884 712 4936 sed
743 4893 1048 4935 maneamus
1088 4875 1409 4930 immaculati
1459 4883 1514 4929 et
1559 4876 1758 4928 mundi.
1794 4893 1814 4927 s
1856 4875 2022 4927 Habet
2057 4876 2174 4942 qui-

623 4973 745 5026 dem
785 4969 974 5024 cmlum
1008 4965 1204 5028 solem;
1235 4965 1524 5018 habeamus
1549 4971 1602 5018 et
1645 4978 1741 5016 nos
1782 4962 2049 5017 Christum
2079 4978 2170 5017 so-

622 5062 724 5115 lem
743 5059 981 5129 justitiaz,
1012 5071 1221 5122 semper
1250 5055 1510 5108 lucentem
1533 5057 1585 5108 in
1614 5055 1862 5109 cordibus
1883 5056 2097 5109 nostris.

694 5150 854 5202 Vsus.
882 5148 968 5200 25.
1010 5177 1077 5188 ——-
1106 5146 1284 5214 Neque
1324 5155 1378 5197 ut
1417 5162 1550 5213 sirpe
1599 5149 1781 5215 σπου-αι
1823 5150 2166 5215 semetipsum,

621 5232 1048 5309 quemadmodum
1075 5235 1302 5301 pontifex
1329 5234 1488 5286 intrat
1539 5235 1591 5283 in
1619 5246 1796 5287 sancta
1829 5250 1917 5302 per
1941 5236 2165 5302 singulos

621 5345 783 5381 annos
813 5328 865 5378 in
894 5327 1140 5394 sanguine
1174 5325 1358 5376 alieno.
1395 5324 1652 5392 Superius
1675 5325 1826 5387 dixit,
1855 5328 2165 5393 exeMplan'a

625 5430 876 5475 nerorum,
906 5413 1223 5482 exemplaria
1262 5414 1436 5465 omnia
1487 5415 1796 5474 nominans;
1858 5415 1968 5467 haec
2003 5417 2163 5469 etiam

626 5521 766 5566 vera,
799 5519 914 5571 qua:
957 5503 1118 5555 intrat
1141 5501 1394 5570 pontifex.
1431 5501 1538 5555 Hoc
1568 5518 1694 5557 vero
1718 5519 1880 5558 unum
1915 5506 2163 5572 templum

628 5593 720 5646 fuit
744 5594 792 5644 in
819 5603 925 5644 toto
949 5593 1138 5649 mundo
1154 5593 1523 5653 venerabilius,
1549 5594 1611 5645 ad
1629 5595 1766 5660 quod
1789 5593 2016 5661 undique
2041 5610 2163 5648 cnn-

2202 4402 2252 4462 υ

2273 3185 2422 3236 dunt.
2451 3187 2554 3241 Pro
2595 3192 2838 3245 omnibus
2884 3203 3124 3248 mortuus
3162 3204 3272 3260 est,
3295 3197 3397 3250 hoc
3439 3205 3544 3261 est,
3569 3207 3822 3269 quantum

2270 3271 2324 3329 in
2357 3273 2468 3340 ipso
2507 3284 2605 3329 est.
2650 3276 2775 3344 Ejus
2817 3274 3068 3334 momenti
3096 3291 3178 3335 est
3213 3285 3370 3338 unius
3399 3300 3544 3340 mors
3589 3284 3810 3356 [Chrgs.,

2270 3359 2387 3426 ejus
2411 3367 2663 3419 momenti
2704 3378 2784 3422 est
2809 3371 2894 3422 illa
2929 3371 3113 3441 mors],
3137 3375 3289 3443 cujus
3311 3377 3565 3430 momenti
3594 3385 3676 3430 est
3701 3391 3822 3429 οων

2273 3450 2418 3504 nium
2460 3453 2706 3519 perditio.
2734 3456 2848 3510 Non
2873 3460 3016 3512 enim
3060 3464 3292 3516 omnium
3336 3474 3553 3531 peccata
3584 3465 3820 3531 abstulit,

2270 3549 2487 3609 propter
2526 3545 2665 3611 quod
2692 3548 2910 3603 credere
2949 3550 3251 3606 noluerunt.
3273 3572 3290 3604 ι
3325 3553 3587 3608 Statutum
3629 3557 3818 3625 quippe

2271 3640 2344 3681 est
2371 3633 2604 3686 omnibus
2632 3636 2786 3688 semel
2826 3641 2976 3702 mori,
3001 3649 3054 3693 et
3081 3651 3201 3709 post
3235 3651 3459 3696 mortem
3497 3631 3818 3712 iudicabitur

2272 3721 2636 3789 unusquisque
2670 3726 2960 3779 secundum
2992 3730 3181 3801 merita
3226 3745 3339 3784 sua.
3365 3729 3455 3784 Sic
3497 3743 3552 3784 et
3582 3731 3827 3785 Christus

2272 3808 2433 3862 semel
2466 3821 2705 3865 mortuus
2728 3822 2809 3866 est
2830 3830 2927 3882 pro
2954 3819 3188 3884 peccatis
3217 3819 3430 3884 alienis;
3460 3828 3515 3873 et
3543 3821 3662 3875 ideo
3699 3822 3829 3890 quia-

2274 3898 2585 3961 voluntarie,
2623 3909 2675 3954 et
2709 3918 2812 3957 non
2840 3909 3137 3963 necessarie
3163 3918 3408 3964 mortuus
3441 3920 3544 3964 est.
3581 3911 3825 3966 Secundo

2271 3986 2462 4054 quippe
2498 3989 2723 4044 adventu
2757 3995 3020 4061 apparebit
3041 3998 3150 4049 sine
3176 4007 3381 4066 peccato
3414 3997 3609 4064 (omnis
3628 3997 3829 4064 quippe

2273 4078 2442 4132 hostia
2471 4094 2566 4146 pro
2594 4093 2814 4149 peccato
2840 4085 3034 4139 dicitur
3060 4085 3386 4155 peccatum);
3415 4102 3520 4140 non
3548 4087 3692 4140 enim
3713 4087 3818 4140 erit

2273 4173 2398 4218 tunc
2443 4166 2612 4220 hostia
2649 4185 2745 4237 pro
2781 4181 3026 4239 peccato;
3065 4174 3186 4240 quia
3223 4183 3498 4242 peccatum
3542 4189 3645 4229 non
3683 4175 3815 4239 erit,

2272 4254 2362 4305 scd
2379 4251 2616 4319 justitia;
2644 4259 2753 4310 sive
2795 4259 2861 4310 in.
2875 4262 3294 4315 remuneratione
3312 4259 3601 4328 justorum,
3625 4263 3736 4316 sive
3759 4261 3825 4316 in

2274 4343 2622 4400 retributione
2649 4355 3006 4413 peccatorum.

2872 4477 3093 4532 CAPUT
3133 4479 3198 4533 X.

2347 4607 2498 4658 Vens.
2540 4608 2586 4657 i.
2612 4637 2680 4645 —
2708 4605 2949 4660 Umbram
2994 4610 3128 4662 enim
3170 4610 3375 4663 habens
3395 4610 3480 4662 lea:
3523 4609 3822 4676 futurorum

2272 4699 2536 4760 bonorum,
2570 4716 2670 4752 non
2695 4702 2856 4769 ipsam
2881 4703 3153 4772 imaginem
3179 4720 3369 4756 rerum.
3407 4721 3426 4753 ι
3455 4704 3564 4760 [loc
3590 4716 3690 4769 est,
3711 4721 3813 4759 non

2273 4786 2437 4852 ipsam
2478 4788 2774 4843 veritatem.
2819 4791 3102 4860 Usquequo
3141 4792 3283 4845 enim
3327 4794 3487 4848 veluti
3531 4795 3585 4848 in
3612 4795 3815 4865 pictura

2277 4875 2496 4942 aspiciat
2517 4878 2635 4946 quis
2663 4878 2976 4931 lineamenta
3013 4881 3340 4946 umbrarum,
3366 4882 3668 4952 signiﬁcans
3688 4882 3822 4951 quid?

2275 4966 2489 5036 pingere
2515 4967 2660 5029 velit,
2691 4967 2874 5020 umbra
2901 4970 3138 5036 quaedam
3181 4978 3284 5034 est,
3310 4979 3364 5025 et
3388 4985 3494 5024 non
3524 4971 3730 5040 imago:
3764 4972 3808 5026 si

2275 5056 2415 5107 enim
2452 5055 2610 5108 ﬂores
2658 5056 2796 5122 ipsos
2824 5058 2944 5126 quis
2973 5059 3209 5114 colorum
3249 5060 3542 5124 intinxerit,
3570 5069 3624 5114 et
3650 5062 3810 5130 impo-

2275 5146 2440 5196 suerit
2473 5160 2628 5212 super
2673 5145 3009 5210 lineamenta,
3042 5157 3167 5200 tunc
3205 5149 3379 5218 imago
3411 5148 3654 5205 ellicitur.
3686 5150 3813 5205 Tale

2275 5233 2517 5299 quiddam
2536 5241 2651 5286 erat
2670 5235 2827 5287 etiam
2845 5236 2949 5297 lex,
2969 5234 3151 5287 umbra
3166 5237 3422 5291 veritatis.
3436 5259 3452 5289 ι
3474 5238 3811 5306 Persi-quies

2273 5336 2433 5372 annos
2458 5323 2647 5372 eisdem
2683 5325 2805 5390 ipsis
2831 5325 3029 5385 hostiis,
3052 5341 3178 5393 quas
3200 5327 3422 5394 o/I'erunt
3451 5327 3809 5390 indesinenter,

2274 5427 2529 5478 nunquam
2566 5423 2725 5480 potest
2770 5415 3061 5468 accedentes
3105 5418 3352 5484 perfectos
3393 5416 3562 5483 facere
3581 5429 3601 5466 .’
3627 5415 3810 5483 (Vm.

2271 5499 2383 5565 2-4)
2427 5500 2664 5569 Alioquin
2712 5516 2985 5556 cessassent
3026 5505 3209 5571 offerre
3251 5503 3379 5575 [Αι.,
3413 5504 3633 5577 μίγεννῆ
3658 5523 3671 5557 :
3698 5507 3813 5561 ideo

2270 5591 2405 5656 quod
2436 5591 2628 5644 nullam
2657 5591 2891 5646 hal'cmes
2915 5595 3046 5645 ultra
3077 5595 3435 5652 consr'cnticm
3458 5599 3650 5665 peccati
3705 5593 3819 5648 culo
