4262 6234
479 352 608 408 1077

476 479 609 518 tores
633 457 784 512 semei
817 456 1074 514 mandati;
1101 453 1188 504 sed
1217 455 1269 504 in
1309 452 1433 520 ipsis
1473 441 1884 502 commemoratio
1913 457 2024 510 pec—

479 543 824 615 catorum'per
851 543 1079 612 singulos
1109 557 1272 594 annos
1313 540 1391 608 fit.
1423 533 1744 605 Impossibile
1773 544 1845 586 est
1888 530 2021 583 enim

479 637 727 707 sanguine
785 644 1051 686 taurorum
1117 638 1163 681 et
1217 628 1477 680 hircorum
1532 623 1726 691 auferri
1793 628 2021 688 peccatu.

488 751 504 778 ι
545 705 659 783 lina
705 733 817 788 est,
865 721 1065 790 inquit,
1109 719 1209 771 ista
1240 716 1445 778 hostia;
1491 711 1590 766 illa:
1637 717 1814 764 autem
1852 705 2028 758 multm

484 825 625 871 sunt.
655 815 937 881 Propterea
966 809 1106 863 enim
1138 820 1237 860 nec
1261 803 1429 857 fortes
1456 809 1638 864 erant,
1666 799 1789 868 quia
1830 792 2026 848 multus.

490 908 620 974 Quid
661 913 838 959 autem
881 917 1014 970 Opus
1049 909 1165 952 erat
1194 881 1393 958 multis,
1435 893 1522 946 dic
1563 891 1723 952 mihi,
1759 902 1863 951 una
1891 883 2031 940 suill-

489 995 691 1052 ciente?
713 993 939 1047 Proinde
962 987 1101 1058 quod
1130 986 1306 1042 multa:
1335 993 1388 1038 et
1417 996 1625 1051 semper
1654 978 2030 1036 offerebantur,

486 1085 718 1140 ostendit
743 1092 1147 1149 nunquameos
1189 1073 1422 1144 purgari.
1452 1072 1608 1134 Sicut
1633 1070 1774 1124 enim
1805 1064 2036 1120 medica—

489 1181 745 1235 mentum,
771 1168 983 1238 quando
1006 1165 1164 1220 fuerit
1190 1163 1325 1217 forte
1349 1170 1403 1215 et
1427 1160 1614 1214 salutis
1639 1157 1844 1221 elﬁcax,
1866 1163 1920 1209 et
1948 1169 2038 1206 vae

490 1264 605 1317 lens
644 1267 885 1315 cunctam
919 1253 1270 1310 valetudinem
1309 1249 1583 1318 repellere,
1613 1246 1776 1302 semel
1820 1241 2037 1311 imposi-

493 1361 604 1405 tum
635 1357 803 1402 totum
844 1344 1133 1416 [cperatur.
1163 1340 1224 1402 Si.
1256 1354 1383 1411 ergo
1413 1336 1575 1393 semel
1611 1333 1916 1403 impositum
1955 1338 2037 1383 to-

492 1437 626 1509 tum]
649 1426 924 1507 operatum
952 1431 1130 1493 fuerit,
1156 1425 1389 1482 ostendit
1413 1424 1531 1492 ejus
1549 1424 1824 1485 virtutem,
1849 1427 1909 1474 ut
1932 1433 2038 1473 non

493 1507 714 1581 ulterius
758 1528 1068 1593 apponatur.
1111 1516 1210 1589 [Et
1237 1517 1340 1570 hoc
1377 1522 1460 1568 est
1503 1509 1620 1582 ejus
1644 1526 1801 1579 opus,
1836 1517 1894 1562 ut
1929 1507 2040 1576 jam

496 1635 600 1673 non
637 1610 974 1685 apponatur.]
1017 1609 1074 1663 Si
1118 1622 1245 1662 vero
1275 1617 1481 1672 semper
1522 1600 1823 1670 apponitur,
1873 1597 2045 1650 mani-

1147 298 1548 399 EXEGBTICA.
1588 373 1655 382 --
1693 334 1931 393 EXPOS.
1974 333 2038 386 LV
2077 330 2288 385 EPIST.
2329 328 2383 382 S.
2424 325 2620 381 PAULI
2659 325 2748 379 AD
2784 323 2982 378 HEBR.

3529 310 3663 365 £078

2126 439 2333 506 generis
2360 436 2544 504 legalia
2565 434 2822 488 sacriﬁcia
2849 449 2951 486 non
2975 437 3258 501 potuerunt
3283 430 3526 498 expiare;
3551 427 3671 480 Cor-

2124 543 2218 595 pus
2265 534 2436 578 autem
2481 523 2667 592 optasti
2697 523 2836 575 mihi.
2867 521 2976 575 Hoc
3019 535 3084 573 ex
3119 532 3345 589 persona
3391 516 3524 570 dixit
3562 515 3675 582 ejus

2127 615 2215 682 qui
2247 627 2440 680 corpus
2459 610 2690 678 suscepit
2717 618 2911 662 nostrae
2933 606 3295 670 mortalitatis,
3320 612 3379 659 ut
3403 619 3502 673 pro
3525 604 3677 658 nobis

2128 700 2347 753 haberet
2376 698 2504 767 quid
2547 695 2779 750 offerret.
2824 695 2966 747 Tunc
2994 695 3105 747 diri
3134 708 3152 744 :
3183 692 3317 746 Ecce
3345 693 3506 745 venio.
3543 689 3678 767 Dum

2130 799 2339 858 tempus
2378 765 2500 852 fuit,
2531 797 2590 841 ut
2630 788 2800 841 ablata
2830 798 3009 840 essent
3034 787 3208 854 signa,
3246 792 3300 838 et
3328 783 3526 837 veritas
3557 765 3682 849 pro-

2131 882 2292 933 missa
2320 881 2545 942 veniret,
2573 889 2694 931 tunc
2719 878 2856 930 dixi:
2883 876 3012 930 Ecce
3036 877 3197 930 venio.
3229 876 3323 929 llla
3356 875 3553 936 ablata,
3573 875 3686 927 haec

2134 966 2364 1039 impleta.
2393 967 2494 1022 Ubi
2523 976 2647 1020 sunt
2684 966 2945 1021 sacriﬁcia
2972 964 3307 1019 Judaaorum?
3337 963 3685 1016 Transierunt

2133 1067 2186 1112 et
2213 1074 2316 1112 non
2345 1066 2468 1112 sunt
2489 1054 2555 1108 "in
2585 1055 2819 1109 Ecclesia
2850 1053 3080 1119 Christi;
3122 1055 3246 1122 quia
3293 1042 3438 1106 venit
3481 1051 3568 1104 ille
3600 1051 3687 1118 qui
3717 1090 3727 1117 ,

2137 1149 2462 1218 ﬁgurabatur
2501 1145 2602 1199 illis
2635 1143 2931 1205 sacriﬁci-is,
2961 1142 3025 1204 de
3063 1142 3244 1209 quoin
3279 1141 3465 1208 capite,
3495 1140 3606 1192 sive
3636 1137 3689 1189 in

2136 1236 2367 1305 capitulo
2391 1233 2510 1287 libri
2550 1233 2796 1300 scriptum
2825 1239 2918 1284 est.
2945 1228 3106 1296 Cujus
3146 1228 3300 1281 libri?
3326 1227 3520 1295 Utique
3543 1222 3692 1278 Psal-

2137 1326 2280 1388 terii,
2306 1324 2396 1377 ubi
2426 1321 2656 1376 dicitur:
2685 1321 2875 1373 Beatus
2905 1320 2981 1372 vir
3000 1318 3088 1387 qui
3114 1334 3213 1370 non
3247 1316 3368 1369 abiit
3398 1316 3450 1369 in
3480 1312 3690 1368 consilio

2124 1415 2406 1484 impiorum
2426 1421 2516 1478 ,-et
2550 1411 2603 1464 in
2649 1411 2727 1463 uia
2757 1419 3081 1479 peccatorum
3119 1424 3222 1459 non
3249 1407 3416 1470 stetit,
3445 1416 3492 1459 et
3531 1423 3584 1458 tn
3608 1389 3695 1457 ea-

2140 1503 2318 1558 thedra
2353 1500 2652 1572 pestilentia:
2682 1515 2783 1551 non
2822 1497 2980 1560 sedit,
3009 1496 3095 1548 sed
3133 1495 3185 1547 in
3225 1494 3330 1562 lege
3367 1493 3574 1546 Domini
3610 1509 3694 1544 uo—

2138 1597 2311 1648 luntas
2343 1595 2454 1663 ejus
2479 1591 2647 1663 (Psal.
2678 1608 2716 1655 l,
2746 1590 2818 1662 ι).
2871 1590 2972 1655 Qui
3022 1588 3257 1658 psalmus
3295 1585 3555 1654 capitu‘lus
3583 1583 3694 1655 [Ita

497 1666 982 1762 ἔδειυῖιῖτὶεάἰοίυῶ
1027 1708 1110 1753 est
1136 1697 1312 1751 minus
1347 1666 1474 1747 illud
1506 1666 1848 1760 praevaluisse
1875 1687 2041 1741 medi—
2069 1756 2109 1762 _
2141 1681 2296 1752 Cod.]
2328 1682 2448 1736 libri
2489 1681 2650 1733 totius
2677 1680 2872 1733 dicitur
2895 1694 2923 1731 a
2953 1677 3302 1746 quibusdam;
3332 1666 3452 1728 ideo
3478 1672 3695 1744 etApo-

496 1756 816 1850 camentum.
843 1789 1047 1856 Quippe
1067 1786 1237 1839 virtus
1261 1756 1596 1836 illiusest—ut
1618 1769 1784 1834 semel
1813 1790 2044 1845 appona-
2069 1756 2116 1814 Β
2144 1773 2320 1840 stolus
2338 1771 2424 1824 hic
2452 1771 2581 1824 dicit
2606 1787 2618 1823 :
2651 1767 2716 1821 In
2745 1767 2911 1836 capite
2941 1765 3058 1820 libri
3095 1765 3343 1832 scriptum
3370 1772 3444 1815 est
3490 1761 3552 1815 de
3594 1777 3694 1820 me,

498 1896 583 1939 tur
617 1891 672 1937 et
711 1897 817 1936 non
858 1879 1165 1945 frequenter
1197 1893 1209 1927 :
1245 1873 1324 1928 sic
1354 1872 1516 1926 etiam
1544 1869 1652 1924 hic.
1677 1857 1796 1932 Qua
1835 1867 2043 1920 ratione

497 1972 697 2026 eisdem
741 1965 1016 2023 sacriﬁciis
1058 1955 1269 2030 semper
1308 1956 1665 2013 curabautur?
1705 1953 1762 2006 Si
1807 1951 2048 2006 enimah

498 2059 745 2113 omnibus
789 2063 967 2110 essent
1015 2049 1225 2106 liberati
1271 2046 1537 2118 peccatis,
1580 2054 1912 2110 nequaquam
1938 2054 2052 2110 per

501 2145 735 2214 singulos
761 2144 872 2198 dies
895 2140 1108 2196 offerret
1127 2138 1249 2209 quis
1273 2131 1796 2203 sacriﬁcia.Prointle
1817 2141 2050 2183 comme-

503 2233 728 2288 moratio
756 2230 959 2300 peccati
1003 2228 1126 2292 fuit,
1164 2242 1270 2282 non
1298 2224 1580 2286 absolutio,
1601 2242 1619 2273 ι
1650 2220 1776 2290 quia
1821 2217 2055 2287 quotidie

503 2324 700 2379 eisdem
729 2320 1092 2390 purgabantur
1121 2315 1311 2369 hostiis
1333 2311 1585 2367 etiam‘et
1612 2311 1711 2379 ipsi
1754 2308 2055 2388 sacerdotes

504 2423 560 2469 et
598 2411 822 2483 p0pulus
866 2407 1137 2480 paritem
1168 2406 1222 2458 ln
1261 2403 1475 2474 Christo
1514 2416 1543 2455 e
1580 2398 1848 2454 contrario
1891 2393 2054 2450 semel

506 2503 681 2558 oblata
705 2510 788 2556 est
829 2499 1022 2562 hostia,
1063 2505 1252 2567 potens
1293 2495 1362 2549 ad
1389 2493 1614 2547 salutem
1659 2489 2050 2557 sempiternam.

497 2591 642 2663 Quid
679 2605 810 2660 ergo
836 2589 965 2642 nos?
1001 2586 1185 2639 Nonne
1213 2599 1308 2652 per
1347 2581 1582 2652 singulos
1607 2581 1719 2635 dies
1751 2574 2058 2631 offerimus?

507 2677 1049 2744 Oll'erimusquidem,
1079 2671 1173 2728 sed
1206 2672 1272 2726 ad
1302 2669 1722 2725 recordationem
1754 2665 2056 2720 faciendam

511 2770 699 2823 mortis
725 2770 857 2835 ejus.
886 2766 950 2820 Et
974 2780 1078 2818 una
1103 2771 1188 2818 est
1211 2765 1325 2818 haec
1346 2760 1538 2823 hostia,
1569 2774 1671 2812 non
1697 2759 1891 2810 multae.
1919 2755 2062 2819 Quo-

510 2859 666 2914 modo
693 2860 794 2910 una
819 2865 918 2919 est,
941 2848 996 2910 et
1029 2869 1132 2919 non
1159 2852 1368 2907 multae?
1397 2849 1530 2916 Quia
1555 2847 1721 2902 semel
1751 2845 1926 2918 oblata
1955 2851 2056 2898 est.

433 3015 435 3017 ι
511 2948 601 3000 Illa
642 2937 817 3000 oblata
846 2951 928 2998 est
955 2943 1007 2995 in
1037 2950 1220 2995 sancta
1246 2946 1579 3001 sanctorum;
1609 2937 1711 2989 hoc
1750 2937 1927 2988 autem
1972 2929 2062 2985 saé

513 3039 772 3095 oriﬁcium
791 3033 1061 3103 exemplar
1082 3032 1222 3085 illius
1240 3039 1343 3093 est,
1361 3030 1588 3096 idipsum
1609 3025 1758 3097 [Ms.,
1777 3026 1843 3079 ad
1865 3021 2059 3094 ipsum]

515 3143 725 3198 semper
752 3125 1056 3182 offerimus:
1088 3137 1186 3176 nec
1226 3134 1365 3173 nunc
1410 3118 1620 3187 quidem
1661 3118 1820 3171 alium
1866 3128 2062 3183 agnum

516 3231 652 3276 cras,
695 3214 857 3268 alium
901 3211 1086 3275 hodie,
1134 3208 1228 3264 sed
1271 3221 1480 3276 semper
1538 3205 1785 3273 idipsum.
1829 3203 2063 3256 Proinde

444 3360 449 3365 ,
509 3319 682 3360 unum
720 3308 807 3356 est
851 3301 952 3354 hoc
999 3296 1316 3363 sacriﬁcium
1359 3312 1372 3348 :
1419 3294 1649 3362 alioquin
1691 3294 1791 3347 hac
1839 3293 2061 3356 ratione,

517 3391 766 3463 quoniam
793 3389 845 3443 in
881 3386 1060 3441 multis
1084 3385 1214 3439 locis
1240 3381 1476 3448 oﬂ'ertur,
1506 3381 1655 3435 multi
1682 3379 1881 3434 Christi
1908 3381 2064 3434 sunt?

520 3482 859 3550 Nequaquam
883 3479 1019 3533 :sed
1061 3493 1199 3532 unus
1238 3476 1430 3544 ubique
1467 3483 1547 3528 est
1577 3473 1837 3533 Christus,
1880 3478 1934 3524 et
1981 3471 2066 3524 hic

519 3571 706 3640 plenus
745 3569 977 3621 existens
1015 3576 1067 3619 et
1095 3566 1203 3619 illic
1232 3565 1436 3632 plenus,
1471 3577 1633 3615 unum
1675 3574 1887 3628 corpus.
1916 3557 2067 3612 Sicut

519 3660 662 3712 enim
679 3655 770 3727 qui
793 3656 985 3724 ubique
997 3653 1150 3708 oll'ert
1170 3647 1398 3723 [Cltrys.,
1411 3646 1671 3717 oﬂ'ertur],
1692 3661 1852 3716 unum
1875 3657 2068 3712 corpus

521 3753 633 3810 est,
656 3753 716 3817 et
737 3761 843 3801 non
876 3744 1039 3798 multa
1065 3733 1318 3811 corpora;
1351 3741 1423 3794 ita
1449 3739 1607 3802 etiam
1637 3745 1690 3791 et
1715 3752 1876 3790 unum
1904 3733 2068 3788 sacri-

469 3828 473 3833 “
526 3837 722 3890 ﬁcium.
763 3833 1002 3888 Pontifex
1043 3841 1218 3886 autem
1252 3841 1430 3886 noster
1456 3831 1544 3884 ille
1571 3836 1672 3894 est,
1703 3828 1792 3898 qui
1839 3826 2068 3881 hostiam

525 3923 868 3978 mandantem
905 3937 1001 3991 nos
1044 3921 1250 3975 obtulit.
1288 3920 1461 3989 ipsam
1499 3918 1768 3972 offerimus
1806 3927 1860 3970 et
1908 3932 2065 3979 nunc,

525 4026 642 4081 quae
668 4010 830 4081 696
859 3997 983 4064 tunc
1020 4007 1193 4064 oblata
1223 4008 1435 4083 quidem
1463 4006 1700 4061 consumi
1742 4020 1847 4057 non
1873 4004 2064 4073 potest.

525 4103 638 4157 Hoc
683 4111 858 4157 autem
886 4102 1027 4172 quod
1073 4115 1168 4155 nos
1207 4101 1450 4163 facimus,
1480 4099 1532 4151 in
1561 4096 2071 4151 commemoratione

529 4193 587 4246 ﬁt
612 4189 752 4262 ejus,
770 4195 910 4263 quod
940 4192 1133 4247 factum
1162 4200 1264 4246 est.
1288 4189 1401 4244 Hoc
1425 4190 1566 4243 enim
1591 4188 1766 4259 facite,
1793 4187 1993 4255 inquit,
2018 4187 2073 4238 in

528 4299 691 4336 meam
717 4281 1247 4334 commemorationem
1289 4275 1437 4348 (Luc.
1471 4275 1626 4346 xm).
1653 4274 1766 4328 Non
1805 4275 1947 4328 aliud
1983 4286 2071 4327 sa—

2146 1871 2200 1914 ut
2235 1859 2421 1927 faciant
2469 1857 2604 1910 Deus
2642 1854 2951 1908 voluntatem
2979 1861 3141 1904 tuam.
3174 1850 3288 1903 Hoc
3326 1857 3430 1913 est,
3464 1845 3605 1916 quod
3645 1847 3696 1898 in

2147 1948 2432 2017 Evangelia
2458 1945 2650 2000 dicitur
2675 1962 2686 1994 ε
2716 1943 2838 1996 Non
2872 1938 3229 2007 eeni,'inquit,
3262 1939 3429 2007 facere
3467 1935 3699 1990 volunta-

2148 2047 2248 2089 tem
2278 2051 2462 2096 meam,
2488 2032 2575 2086 sed
2613 2030 2923 2108 voluntatem
2950 2029 3086 2098 ejus,
3109 2026 3195 2096 qui
3223 2026 3360 2079 misit
3401 2042 3480 2078 me
3516 2025 3697 2094 (Joan.

2149 2138 2224 2185 γι,
2251 2121 2360 2192 38).
2392 2119 2574 2186 Aufert
2614 2118 2858 2186 primum,
2901 2126 2958 2168 ut
3002 2131 3215 2182 sequens
3254 2122 3470 2168 statuat.
3509 2114 3564 2167 ω
3592 2123 3701 2174 est,

2151 2210 2381 2280 primum
2432 2212 2838 2269 testamentum,
2883 2202 3024 2272 quod
3066 2202 3232 2270 Moysi
3288 2202 3469 2254 datum
3514 2208 3596 2253 est
3645 2200 3699 2258 in

2153 2279 2331 2352 monte
2355 2296 2525 2350 Sinai.
2545 2293 2620 2348 Ut
2632 2286 2856 2363 sequens
2880 2299 3104 2354 statuat;
3125 2291 3232 2344 hoc
3254 2297 3336 2344 est
3363 2279 3703 2356 Evangelium

2153 2387 2292 2457 quod
2317 2401 2414 2456 per
2434 2385 2706 2438 Christum
2734 2382 2952 2438 allatum
2977 2391 3080 2447 cst,
3106 2381 3315 2434 ﬁrmum
3345 2384 3566 2433 statuat.

2224 2497 2384 2550 Vsus.
2416 2493 2503 2547 10.
2528 2521 2600 2556 -έ
2622 2489 2687 2544 In
2719 2507 2825 2560 qua
2867 2489 3126 2543 uoluntate
3168 2487 3480 2554 sanctiﬁcati
3525 2502 3704 2540 simius
3771 2545 3775 2548 _

2153 2602 2244 2657 per
2266 2583 2571 2638 oblationem
2589 2580 2828 2652 corporis
2854 2579 3046 2632 Christi
3068 2576 3103 2630 Ι
3106 2595 3195 2631 esu
3223 2578 3396 2629 semel.
3418 2575 3543 2630 Haec
3563 2574 3712 2630 obla—

2158 2677 2234 2729 tio
2267 2673 2431 2730 semel
2471 2672 2647 2726 oblata
2683 2678 2783 2734 est,
2814 2669 2905 2724 sed
2940 2683 3148 2736 semper
3173 2673 3359 2736 potens
3385 2674 3467 2721 est
3495 2666 3708 2720 abluere

2157 2779 2342 2819 omnes
2374 2762 2654 2817 credentes
2678 2768 2732 2814 et
2762 2774 2947 2813 omnes
2977 2767 3221 2826 aptantes
3247 2756 3302 2810 in
3340 2770 3403 2810 ea
3432 2755 3707 2814 mundari;

2160 2852 2278 2905 ideo
2332 2850 2633 2919 subjunxit,
2679 2857 2731 2902 et
2771 2848 2975 2916 plenius
3022 2860 3288 2914 exponens
3342 2846 3482 2900 idem
3527 2847 3711 2898 beatus

2158 2929 2351 2994 Paulus
2395 2940 2646 2992 virtutem
2693 2936 2851 3002 hujus
2897 2936 3082 2990 hostia:
3119 2954 3131 2986 :
3179 2937 3361 3005 (Vsus.
3408 2935 3592 3006 11-13)
3649 2935 3712 2987 Et

2166 3029 2328 3084 omnis
2350 3027 2554 3098 quidem
2576 3024 2813 3084 sacerdos
2833 3032 3018 3092 prtesto
3035 3033 3143 3089 est,
3153 3023 3377 3092 quotidie
3392 3025 3712 3087 ministram,

2165 3130 2214 3176 et
2252 3119 2452 3174 easdem
2475 3133 2608 3187 sirpe
2637 3117 2853 3184 oierens
2896 3115 3109 3178 hostias,
3149 3129 3264 3183 qua:
3296 3129 3558 3183 nunquam
3597 3130 3708 3182 pos-

2161 3220 2281 3265 sunt
2326 3208 2532 3277 auferre
2573 3215 2813 3275 peccata;
2839 3204 2935 3258 °ltic
2969 3213 3138 3257 autent
3173 3218 3330 3254 unam
3357 3216 3449 3270 pro
3489 3202 3712 3269 peccatis

2164 3303 2382 3370 oﬂ'erens
2424 3297 2643 3352 hostiam
2687 3297 2741 3349 in
2768 3303 3127 3364 sempiternum
3166 3292 3303 3344 sedet
3344 3290 3411 3344 ad
3455 3290 3716 3343 dexteram

2164 3391 2281 3454 Dei,
2313 3391 2385 3455 ,de
2426 3398 2610 3440 ca'tero
2647 3390 2965 3453 exspectans,
3009 3385 3170 3436 donec
3216 3392 3479 3452 ponantur
3525 3382 3718 3436 inimici

2163 3479 2292 3548 ejus
2320 3475 2595 3530 scabellum
2638 3474 2822 3542 pedum
2849 3473 2981 3548 ejus.
3028 3489 3045 3520 t
3074 3470 3284 3545 Priores
3313 3471 3456 3524 enim
3490 3470 3720 3525 ostendit

2167 3545 2377 3620 inutilcs
2409 3580 2527 3619 esse
2560 3563 2761 3617 hostias
2790 3562 2856 3615 ad
2891 3545 3146 3633 integram
3178 3558 3596 3621 mundationem,
3616 3551 3720 3610 'setl

2164 3657 2388 3712 formam
2418 3655 2586 3725 magis
2610 3668 2701 3706 eas
2727 3667 2866 3716 esse,
2891 3660 2945 3704 et
2971 3650 3136 3709 multo
3161 3648 3337 3703 minus
3361 3646 3557 3699 habere
3581 3661 3596 3698 :
3626 3647 3720 3699 sed
3762 3665 3764 3668 ·
3861 3657 3863 3660 ·

2167 3749 2291 3818 quia
2333 3746 2649 3800 occurrebat
2687 3744 2735 3796 ei
2759 3742 2959 3818 adhuc,
3007 3740 3057 3792 id
3099 3745 3204 3800 est,
3232 3737 3277 3790 si
3319 3734 3501 3789 formze
3544 3744 3718 3796 erant,

2167 3835 2427 3907 quomodo
2469 3832 2691 3886 veritate
2720 3829 2964 3882 veniente
3009 3841 3113 3880 non
3152 3823 3516 3885 cessaverunt,
3543 3834 3715 3889 neque

2165 3928 2554 3985 discesserunt,
2602 3912 2719 3976 sed"
2740 3919 2913 3972 adhuc
2946 3912 3314 3983 celebrantur?
3359 3913 3546 3966 Adhuc
3591 3926 3716 3981 ergo

2169 4013 2280 4086 [de]
2323 4013 2409 4067 his
2443 4002 2558 4081 agit
2604 4008 2838 4081 [Chrys.,
2866 4004 2977 4059 Hoc
3009 3999 3137 4086 ergo
3161 4003 3244 4057 his
3281 4001 3409 4073 ait],
3438 4001 3736 4070 ostendens

2171 4105 2295 4172 quia
2327 4103 2440 4172 jam
2468 4115 2571 4155 non
2603 4098 2961 4158 celebrantur,
2995 4077 3168 4160 neque
3207 4090 3349 4144 velut
3372 4089 3585 4156 formas;
3616 4105 3735 4149 non

2171 4189 2312 4242 enim
2338 4203 2430 4242 eas
2455 4183 2804 4252 acceptabiles
2829 4183 2990 4234 habet
3016 4181 3173 4232 Deus.
3191 4198 3215 4229 δ
3249 4179 3315 4230 Et
3357 4179 3462 4232 hoc
3503 4179 3602 4233 soli
3629 4180 3724 4234 ha-

2172 4279 2321 4340 bent,
2364 4276 2455 4346 qni
2495 4289 2704 4343 semper
2746 4271 2966 4340 Spiritui
2997 4276 3180 4340 sancto
3219 4268 3548 4322 restiterunt.
3577 4268 3719 4333 Qua-

528 4371 812 4433 criﬁcium,
846 4370 982 4423 sicut
1007 4367 1272 4437 pontifex;
1305 4368 1398 4422 sed
1439 4361 1610 4436 ipsum
1656 4381 1866 4434 semper
1893 4365 2070 4420 oll‘eri-
2098 4386 2150 4445 ι)
2172 4375 2389 4435 propter
2416 4362 2724 4432 prophetico
2759 4359 3058 4413 testimonio
3085 4357 3355 4426 redarguit
3381 4370 3472 4410 eos
3501 4355 3680 4414 dicens
3705 4373 3719 4408 :

532 4477 685 4516 mus:
717 4459 883 4530 magis
910 4467 1086 4514 autem
1131 4457 1550 4512 recordationem
1590 4455 1836 4520 sacriﬁcii
1877 4470 2072 4526 opera-

533 4569 669 4607 mur.
690 4572 709 4604 ι

604 4641 763 4694 Vens.
795 4641 907 4695 5-9.
947 4671 1016 4682 —
1044 4634 1166 4695 Ideo
1208 4637 1495 4709 ingrediens
1533 4638 1586 4688 in
1615 4635 1863 4688 mundum
1907 4635 2029 4688 dicit
2057 4653 2080 4693 τ

537 4729 772 4783 Hostiam
795 4739 842 4782 et
865 4729 1169 4783 oblationem
1199 4727 1426 4797 ndluisti,
1470 4741 1650 4793 corpus
1681 4733 1850 4776 autem
1885 4725 2075 4793 optasti

482 4870 493 4878 .
532 4821 690 4885 mihi;
719 4819 1129 4872 holocautomata
1152 4828 1198 4870 et
1234 4804 1326 4887 pro
1369 4825 1571 4884 peccato
1614 4829 1714 4865 non
1745 4813 1834 4864 tibi
1872 4812 2084 4880 placue-

537 4921 672 4964 runt.
716 4909 856 4977 Tunc
895 4908 1025 4970 dixi,
1050 4922 1161 4959 ecce
1197 4889 1368 4968 venio;
1393 4894 1448 4955 in
1475 4904 1636 4970 capite
1675 4901 1792 4951 libri
1831 4898 2071 4966 scripruin

534 5013 606 5056 est
633 5003 696 5056 de
724 5017 840 5057 me:
867 5001 933 5056 Ut
965 5002 1185 5070 facerem
1219 4998 1530 5050 voluntatem
1558 5005 1721 5052 tuam,
1749 4988 1885 5043 Deus
1910 4975 2074 5054 metu,

536 5092 693 5143 uolui.
726 5086 973 5159 Superius
1015 5091 1230 5142 dicens:
1262 5086 1396 5151 Quia
1435 5085 1602 5136 hostia
1647 5093 1691 5133 et
1720 5078 1998 5132 oblationes
2027 5086 2080 5130 et

539 5179 951 5231 ltolocautomata
980 5195 1072 5246 pro
1097 5178 1298 5246 peccato
1327 5172 1562 5234 noluisti,
1601 5162 1690 5220 nec
1727 5167 1918 5235 placita
1955 5175 2074 5218 sunt

539 5269 628 5319 tibi
651 5283 764 5336 qua?
793 5265 1068 5319 secundum
1091 5265 1249 5332 legem
1272 5263 1575 5329 offeruntur.
1605 5256 1744 5308 Tunc
1765 5255 1875 5307 dixi
1900 5267 1918 5304 .'
1947 5252 2076 5305 Ecce

540 5356 701 5414 renio,
726 5362 777 5404 ut
807 5353 1016 5420 faciam,
1045 5349 1201 5410 Deus,
1230 5349 1534 5400 voluntatem
1557 5348 1716 5396 tuam.
1742 5341 1927 5394 Ahlata
1956 5345 2078 5392 sunt

542 5443 688 5506 signa
732 5439 1120 5508 promittentis,
1151 5438 1271 5505 quia
1316 5435 1548 5487 exhibita
1592 5441 1672 5486 est
1713 5431 1911 5482 veritas
1958 5442 2078 5495 pro-

544 5529 721 5581 missa.
751 5529 868 5580 Ideo
894 5529 996 5581 ait:
1034 5525 1457 5579 Ilolocautomata
1485 5531 1531 5572 et
1563 5519 1816 5586 sacriﬁcia
1848 5516 2076 5575 noluisti,

549 5631 726 5684 corpus
748 5624 912 5668 autem
934 5624 1118 5681 aptam
1146 5611 1294 5676 milii;
1320 5611 1418 5668 hoc
1440 5617 1540 5671 est,
1566 5615 1834 5675 peccatum
1863 5592 2077 5657 humani

2175 4454 2609 4509 Holocautomata
2631 4462 2677 4504 et
2705 4467 2797 4520 pro
2823 4458 3030 4521 peccato
3057 4447 3284 4502 noluisti.
3317 4465 3335 4496 ί
3355 4446 3430 4503 De
3454 4445 3596 4503 nullo
3615 4446 3722 4500 alio

2174 4545 2277 4600 nisi
2307 4546 2373 4600 de
2407 4543 2618 4599 Christo
2644 4542 2744 4596 hoc
2771 4541 2982 4594 dicitur.
3013 4538 3077 4591 Et
3105 4537 3231 4605 quid
3267 4536 3460 4592 mirum
3489 4536 3534 4589 si
3582 4551 3722 4590 nunc

2174 4650 2280 4687 non
2309 4641 2391 4685 est
2412 4616 2656 4684 voluntas
2689 4629 2784 4682 Dei
2815 4628 2867 4680 in
2893 4626 3143 4692 sanguine
3167 4625 3436 4682 hircorum
3466 4631 3519 4675 et
3547 4608 3720 4678 tauro-

2175 4735 2315 4781 rum,
2346 4718 2469 4771 dum
2495 4732 2590 4784 per
2614 4715 2920 4784 prophetam
2949 4711 3137 4766 Isaiam
3165 4710 3358 4764 dicitur
3384 4729 3394 4762 :
3426 4709 3551 4776 Quis
3583 4728 3722 4780 qua!—

2172 4808 2286 4861 sivit
2311 4807 2419 4859 luet:
2450 4804 2513 4859 de
2539 4805 2774 4857 manibus
2814 4800 2987 4854 vestris
3029 4797 3207 4870 (Isaia
3229 4816 3271 4865 1,
3301 4799 3424 4870 ην
3450 4801 3581 4853 Dum
3609 4801 3720 4865 btet:

2172 4895 2409 4966 noluisti,
2451 4904 2577 4947 tunc
2623 4892 2732 4944 dixi
2768 4904 2785 4940 .°
2819 4887 2952 4942 Ecce
2986 4889 3164 4954 venio;
3208 4889 3261 4943 in
3307 4905 3408 4957 qua
3458 4889 3720 4942 voluntate

2173 4978 2301 5038 salvi
2324 4984 2450 5039 facti
2477 4999 2687 5055 sumust
2701 4980 2972 5046 Quomodo
2995 4980 3126 5034 salvi
3155 4981 3278 5050 facti
3302 4979 3594 5050 sumustld
3616 4989 3718 5040 est,

2174 5091 2266 5142 per
2285 5073 2589 5126 oblationem
2621 5069 2844 5138 corporis
2866 5067 2993 5122 Iesu
3027 5070 3198 5122 semel.
3233 5069 3298 5122 Et
3330 5067 3490 5121 omnis
3519 5066 3718 5136 quidem

2173 5162 2412 5216 sacerdos
2431 5169 2616 5232 prmsto
2637 5167 2708 5211 est
2726 5157 2951 5227 quotidie
2974 5159 3288 5210 ministrans.
3314 5156 3608 5209 Ministrare
3629 5172 3718 5208 au-
3759 5191 3763 5196 ι

2180 5262 2284 5304 tem
2314 5251 2630 5303 famulorum
2675 5254 2783 5309 est;
2814 5246 2999 5300 sedere
3026 5262 3152 5300 vero
3187 5246 3550 5305 dominorum;
3583 5243 3721 5297 unde

2176 5339 2229 5392 et
2263 5339 2390 5394 dicit
2418 5356 2428 5390 :
2464 5336 2617 5390 Sedet
2658 5335 2724 5385 ad
2752 5335 3013 5387 dea-teram
3054 5334 3165 5387 Dei.
3199 5333 3526 5400 Quapropter
3566 5347 3719 5385 unam

2179 5429 2393 5496 offerens
2433 5425 2686 5488 hostiam,
2718 5415 3070 5494 qum‘salvare
3100 5432 3270 5492 potest
3301 5422 3350 5474 in
3385 5428 3719 5487 perpetuum,

2177 5514 2312 5568 sedet
2342 5513 2408 5564 ad
2437 5512 2696 5563 dexteram
2742 5513 2938 5574 Patris,
2980 5515 3040 5563 de
3075 5521 3254 5563 cartero
3283 5518 3599 5575 exspectans,
3629 5509 3719 5560 do-
3752 5503 3754 5505 ’

2180 5597 2266 5654 nec
2289 5607 2544 5667 ponantur
2566 5594 2756 5651 inimici
2778 5600 2886 5664 ejus
2918 5596 3189 5650 scabellmn
3226 5594 3409 5662 pedum
3454 5595 3581 5658 ejus.
3619 5593 3714 5656 Qui
