4154 6288
571 286 707 345 1079

1396 282 1452 334 il.
1493 282 1550 334 F.
1593 280 1810 334 ALBINI
1850 279 1976 334 SEU
2015 277 2284 332 ALCUINI
2321 276 2599 332 OPERUM
2634 274 2807 332 PARS
2844 278 2902 331 ll.

3615 284 3745 339 lUSU

563 397 911 456 sunt'inimici
936 395 1084 463 ejus?
1108 394 1271 449 ,ιιιάωὶ
1302 396 1503 449 scilicet
1526 404 1578 448 et
1605 408 1787 447 omnes
1813 391 2097 453 inﬁdeles,»
2134 399 2178 450 Λ
2208 390 2377 455 Quam
2422 392 2763 458 praeparavit,
2814 390 3015 459 inquit,
3049 399 3101 444 ct
3135 402 3229 460 per
3268 370 3427 461 quam
3473 395 3583 465 ipse
3617 414 3749 465 per—

563 489 654 557 qui
685 488 737 541 in
767 487 853 540 die
874 486 1057 554 iudicii
1082 485 1362 539 damnandi
1390 493 1515 538 sunt
1547 485 1613 537 ab
1637 498 1720 537 eo.
1760 502 1776 532 ι
1808 482 1873 535 Et
1908 482 1993 535 hic
2025 482 2106 534 ni-

562 579 831 631 mietatem
853 576 1101 643 potentia:
1122 573 1411 647 signiﬁcat;
1438 589 1540 626 non
1566 574 1720 633 dixit,
1741 569 2103 638 subjiciuntur;

562 666 654 719 sed
681 675 739 717 ut
763 674 1022 733 ponantur
1053 664 1149 716 sub
1179 664 1396 730 pedibus
1422 664 1554 731 ejus.
1584 662 1697 714 Non
1732 662 1887 730 igitur
1913 660 2105 715 allicia-

562 766 763 817 murex
811 762 1031 804 numero
1072 750 1422 803 inimicorum.
1453 750 1566 803 Non
1592 751 1730 802 enim
1752 749 1847 803 soli
1875 749 2103 811 inimici,

561 838 651 907 qui
678 828 937 900 inﬁdeles,
958 847 1109 899 sunt;
1138 838 1229 890 scd
1248 837 1407 889 etiam
1434 837 1523 904 qui
1546 838 1654 889 vita
1677 836 1943 889 immunda
1966 835 2104 903 pleni

559 935 700 980 sunt.
720 912 1018 980 Prudentia
1047 936 1216 977 autem
1247 928 1417 979 carnis
1461 926 1667 978 inimica
1696 934 1771 976 est
1816 924 1868 976 in
1896 922 2103 976 Deum:

559 1012 660 1081 legi
703 1012 838 1064 enim
886 1029 987 1065 non
1031 996 1337 1080 subjicitur,
1385 1028 1474 1067 nec
1520 1012 1655 1065 enim
1700 1020 1862 1080 potest
1913 1009 2100 1079 (Rom.

559 1116 652 1155 vtn
674 1140 690 1165 ,
722 1100 795 1171 6).
992 1136 993 1139 η
1582 1169 1589 1175 ⁸

624 1189 786 1261 697
812 1190 969 1245 Vens.
998 1190 1179 1244 N—IB.
1198 1220 1268 1232 —
1290 1190 1407 1244 Una
1432 1192 1567 1244 enim
1590 1190 1844 1243 o‘blationc
1871 1206 2107 1243 consum-

559 1277 714 1330 marit
742 1278 793 1331 in
814 1278 1172 1345 sempiternum
1198 1279 1561 1346 sancti/iectas.
1584 1278 1911 1333 Contestatur
1937 1289 2106 1330 autent

561 1364 703 1417 nobis
726 1373 773 1417 et
804 1364 1029 1433 Spiritus
1057 1375 1283 1429 sanctus.
1322 1364 1603 1436 Postquam
1634 1367 1768 1419 enim
1794 1366 1960 1419 dixit:
1997 1363 2107 1415 lloc

558 1463 633 1507 est
661 1463 833 1506 autem
876 1462 1264 1517 testamentum,
1302 1455 1442 1523 quod
1487 1454 1708 1507 testabor
1745 1449 1811 1505 ad
1841 1452 1955 1505 illos
1996 1461 2108 1521 post

559 1540 668 1596 dies
708 1543 844 1605 illos,
869 1545 992 1597 dicit
1024 1544 1312 1597 Dominus:
1343 1542 1527 1596 Danda
1563 1543 1694 1610 leges
1725 1558 1861 1594 meas
1904 1542 1956 1595 in
1998 1558 2109 1593 cor-

557 1628 708 1683 dibus
734 1646 932 1694 eorum,
956 1640 1003 1683 et
1032 1632 1084 1682 in
1113 1629 1362 1682 mentibus
1388 1645 1563 1681 eorum
1592 1629 1963 1696 superscribam
1990 1645 2074 1680 eas
2091 1645 2107 1687 ;

559 1729 607 1771 ct
633 1727 838 1787 peccata
865 1734 1037 1771 eorum
1063 1727 1109 1770 et
1138 1717 1457 1785 iniquitatem
1481 1732 1653 1768 eorum
1676 1716 1786 1783 jam
1815 1732 1913 1767 non
1945 1732 2105 1768 recor-
2143 1702 2184 1760 Β

561 1806 727 1858 dabor
747 1807 986 1875 tnuplius.
1025 1805 1153 1859 Vera
1193 1805 1287 1875 [Ita
1316 1805 1465 1868 (ΖοιΙά
1494 1805 1595 1874 leg.
1626 1824 1635 1855 :
1669 1804 1785 1874 ΓΜ]
1817 1814 1985 1858 autent
2017 1808 2106 1856 ho-
2160 1838 2164 1848 ι

564 1914 673 1949 rum
728 1898 985 1958 remissio,
1022 1897 1133 1964 jam
1189 1912 1288 1946 non
1331 1895 1519 1946 oblatio
1568 1911 1659 1962 pro
1710 1904 1933 1961 peccato.
1994 1894 2107 1946 l'na

558 1986 751 2052 quippe
771 1985 965 2036 oblatio
988 1984 1224 2051 corporis
1237 1982 1430 2037 Christi
1457 1982 1715 2049 perfectos
1738 1981 1891 2036 faciet
1916 1983 2109 2035 sancti-

564 2074 765 2133 licatos,
788 2088 904 2140 qntc
929 2072 1295 2125 remissionem
1320 2072 1576 2141 integram
1602 2072 1721 2125 facit
1750 2081 2104 2139 peccatorum.

498 2226 503 2235 _
562 2160 673 2215 Hoc
713 2169 887 2213 autem
922 2168 976 2213 ct
1002 2176 1067 2213 ex
1100 2160 1400 2213 testimonio
1427 2160 1667 2225 probavit
1696 2160 2003 2228 prophetico
2032 2160 2108 2212 di-

562 2264 688 2304 cens
710 2265 723 2301 :
750 2249 1077 2302 Contcstatur
1102 2258 1273 2301 autem
1303 2249 1443 2300 nobis
1474 2246 1695 2316 Spiritus
1721 2257 1927 2300 sanctus
1952 2260 1969 2295 :
1998 2244 2109 2297 Hoc

561 2354 634 2398 est
668 2338 846 2396 autem
877 2350 1265 2401 testamentum,
1309 2338 1444 2406 quod
1491 2336 1715 2390 testabor
1745 2336 1812 2387 ad
1843 2335 1955 2388 illos
1998 2346 2108 2403 post

563 2433 669 2484 dies
715 2431 853 2491 illos,
883 2431 1004 2481 dicit
1034 2429 1277 2480 Dominus
1302 2444 1318 2478 :
1346 2426 1528 2478 Danda
1575 2427 1707 2494 leges
1748 2441 1885 2477 meas
1914 2424 1964 2476 in
1995 2441 2109 2476 cor-

563 2520 712 2572 dibus
753 2535 946 2571 eorum.
982 2516 1095 2571 Non
1128 2518 1219 2575 ita,
1253 2524 1309 2567 ut
1349 2516 1545 2583 scripta
1584 2513 1679 2566 fuit
1708 2513 1789 2565 lex
1835 2512 1886 2564 in
1918 2512 2110 2563 tabulis

562 2613 814 2679 lapideis;
847 2611 939 2664 sed
980 2611 1033 2663 in
1063 2609 1254 2663 tabulis
1294 2608 1469 2661 cordis
1497 2606 1795 2661 carnalibus
1836 2613 2111 2671 pcipetua-

565 2702 684 2753 liter
710 2700 975 2753 scribebat
1006 2698 1165 2751 illam.
1197 2697 1323 2762 Qua:
1359 2703 1440 2747 cst
1485 2696 1580 2748 ista
1630 2694 1731 2753 lex,
1763 2710 1878 2761 quae
1914 2694 1964 2744 in
1992 2707 2109 2745 cor-

563 2792 716 2843 dibus
743 2788 1069 2857 singulorum
1096 2788 1290 2852 scripta
1314 2788 1429 2838 est?
1456 2784 1651 2851 Utique
1674 2784 1935 2845 Charitas;
1969 2790 2023 2834 ut
2048 2799 2109 2833 ea

564 2892 684 2945 qua)
725 2878 970 2930 nolumus
994 2876 1146 2928 nobis
1174 2874 1302 2934 ﬁeri,
1338 2874 1487 2925 alteri
1537 2888 1638 2924 non
1670 2870 1951 2932 faciamus;
1998 2870 2110 2923 lucc

563 2978 640 3021 est
668 2983 783 3035 qua:
809 2966 1027 3034 cooperit
1076 2964 1449 3016 multitudinem
1478 2973 1801 3030 peccatorum
1830 2960 2031 3025 (Jacob.
2057 2976 2107 3022 v,

564 3057 652 3117 ‘20)
679 3072 691 3106 ε
717 3055 852 3108 sicut
875 3054 927 3105 in
956 3051 1236 3118 Evangelia
1262 3051 1455 3102 dicitur
1479 3067 1490 3099 :
1524 3047 1709 3100 Omnia
1738 3062 1852 3115 qute
1878 3045 2026 3098 vultis
2057 3058 2109 3097 ut

566 3146 758 3214 faciant
799 3144 932 3197 robis
962 3143 1211 3205 homines,
1252 3142 1360 3193 ha’c
1403 3141 1577 3193 cadent
1624 3150 1669 3192 et
1711 3157 1793 3192 ros
1824 3139 1974 3206 facite
2012 3139 2111 3191 illis

566 3234 778 3305 (Matth.
806 3234 1044 3299 “1.12).
1077 3232 1406 3298 Quapropter
1445 3245 1550 3285 non
1590 3238 1672 3283 est
1717 3244 1931 3282 necesse
1979 3245 2111 3296 quo-

566 3325 695 3378 tidie
732 3320 1006 3375 sacriﬁciis
1041 3318 1363 3388 quotidianis
1400 3326 1653 3386 purgare,
1685 3316 1819 3384 sicut
1866 3315 1918 3369 in
1948 3317 2113 3369 veteri

566 3416 700 3483 lege.

638 3504 794 3555 Vens.
824 3501 1005 3555 19-21.
1022 3498 1360 3550 —Habentes
1384 3496 1554 3564 itaque
1580 3495 1766 3563 fratres
1786 3494 2027 3560 ﬁduciam
2059 3495 2111 3547 in

566 3591 777 3644 introitu
804 3598 1096 3643 sanctorum
1123 3590 1175 3639 in
1200 3586 1445 3655 sanguine
1471 3584 1685 3647 Christi,
1715 3602 1866 3654 quant
1895 3586 2110 3639 initiavit

567 3682 708 3734 nobis
756 3682 883 3733 riam
925 3696 1106 3733 noram
1139 3688 1187 3730 et
1216 3679 1455 3729 viventem
1483 3694 1573 3745 per
1613 3678 1867 3749 velamen,
1910 3680 1962 3730 id
2004 3690 2109 3743 est,

570 3786 771 3823 carnem
811 3786 977 3828 suam,
1003 3778 1049 3818 ει
1089 3767 1400 3817 sacerdotem
1437 3782 1673 3833 magnum
1715 3783 1867 3834 Sllpc’l’
1904 3769 2109 3820 άοιηιιιη

573 3860 681 3911 Dei.
730 3860 825 3911 llic
868 3858 1095 3911 ostendit
1125 3857 1426 3909 distantiam
1465 3857 1727 3925 pontificis
1777 3866 1830 3909 et
1869 3859 2111 3911 sacerdo-

569 3950 657 4011 tis,
683 3958 735 4001 et
768 3949 1075 4007 hostiarum,
1100 3955 1153 3998 et
1179 3946 1516 4003 tabernaculi,
1543 3952 1594 3996 et
1623 3947 1920 3997 testamenti
1949 3955 1999 3999 ct
2031 3961 2111 3999 rc-

566 4037 953 4104 promissionis,
977 4043 1030 4087 et
1068 4034 1285 4085 multam
1324 4015 1690 4097 differentiam,
1721 4034 1762 4085 si
1793 4014 2001 4101 quidem
2026 4037 2109 4088 illa

568 4125 781 4179 fuerunt
819 4123 1143 4191 tcmporalia,
1176 4124 1285 4175 hate
1323 4131 1497 4175 autem
1523 4132 1749 4185 a-terna;
1785 4124 1867 4175 illa
1899 4127 2109 4192 quidem

568 4214 633 4266 ad
664 4215 847 4265 horam
878 4213 1131 4281 parentia,
1164 4212 1274 4264 haec
1304 4211 1477 4277 itaque
1504 4211 1893 4278 permanentia;
1924 4211 2008 4264 illa
2035 4212 2111 4264 in-

568 4305 741 4364 ﬁrma,
789 4303 901 4355 lucc
931 4300 1192 4369 perfecta;
1236 4300 1319 4351 illa
1361 4299 1558 4361 formze,
1601 4302 1712 4351 hmo
1752 4302 1979 4364 veritas;
2013 4302 2111 4355 hoc

566 4402 741 4446 autem
793 4398 1171 4443 testamentum
1220 4404 1442 4449 novum,
1489 4388 1687 4441 habens
1741 4390 2104 4444 remissionem

568 4491 923 4550 peccatorum,
956 4479 1079 4531 illud
1116 4489 1288 4531 autem
1317 4478 1447 4531 nihil
1489 4477 1815 4543 huiusmodi;
1846 4477 1972 4530 illud
2016 4494 2107 4531 au-

568 4588 671 4625 tem
696 4584 850 4624 manu
875 4570 1089 4631 factum,
1108 4570 1207 4621 hoc
1223 4578 1396 4621 autem
1424 4583 1523 4621 non
1547 4584 1705 4621 manu
1728 4568 1953 4633 factum;
1980 4568 2105 4621 illud

567 4664 777 4731 quidem
826 4662 1136 4732 sanguinem
1185 4660 1485 4721 hircorum,
1533 4658 1632 4711 hoc
1666 4666 1861 4722 autem,
1901 4659 2105 4712 Domini

569 4754 797 4824 {Chrys.,
828 4753 927 4805 hoc
962 4760 1137 4804 autem
1187 4748 1420 4819 Deum]:
1458 4748 1579 4801 illud
1625 4749 1837 4817 quidem
1881 4758 2108 4803 stantem

566 4839 892 4895 sacerdotem
931 4840 1175 4901 habebat,
1202 4837 1301 4891 hoc
1330 4845 1505 4888 autem
1536 4836 1824 4889 sedentem.
1852 4834 2107 4901 Quoniam

570 4930 727 4994 igitur
755 4929 840 4995 illa
868 4930 1070 4981 minora
1107 4938 1249 4987 sunt,
1278 4925 1391 4978 lucc
1420 4933 1593 4976 autem
1620 4922 1837 4990 majora,
1870 4924 2109 4977 habentes

572 5018 741 5083 gitur,
782 5017 977 5083 inquit,
1024 5017 1206 5083 fratres
1249 5013 1510 5080 ﬁduciam.
1556 5012 1738 5067 Unde?
1783 5010 1929 5065 Sicut
1969 5013 2110 5066 enim

569 5105 930 5160 confusionem
963 5106 1156 5158 faciunt
1198 5113 1433 5173 peccata,
1468 5104 1545 5157 sic
1583 5103 1826 5156 ﬁduciam
1872 5103 2112 5157 remissio

570 5204 935 5263 peccatorum;
961 5201 1015 5245 et
1040 5193 1177 5259 quod
1211 5194 1445 5246 heredes
1466 5190 1637 5246 eﬁ‘ecti
1672 5205 1874 5253 sumus,
1899 5198 1952 5244 et
1974 5192 2111 5257 quod

572 5293 716 5338 tanta
746 5284 1023 5338 dilectione
1053 5280 1292 5333 fruimur.
1328 5281 1392 5334 In
1428 5282 1659 5343 introitu,
1694 5280 1884 5348 inquit,
1913 5290 2114 5332 sancto-

576 5390 704 5426 rum.
750 5372 846 5427 llic
896 5374 1084 5426 (‘tl’lllm
1134 5372 1267 5424 dixit
1313 5379 1366 5425 et
1414 5364 1682 5424 accessum
1720 5369 1782 5423 ad
1837 5369 2109 5438 Spiritalia.

574 5463 737 5525 Quam
778 5462 1046 5519 dedicarit,
1090 5463 1187 5515 hoc
1215 5475 1316 5518 est.
1348 5477 1504 5528 quant
1537 5463 1845 5517 construxit.
1879 5469 1931 5513 et
1955 5474 2123 5527 quam

574 5554 814 5605 initiavit.
865 5552 1130 5602 ll‘dirattn
1178 5552 1365 5617 quippe
1412 5552 1600 5603 dicitur
1646 5551 1854 5602 initium
1908 5550 2105 5603 utendi.

2206 478 2370 539 rexit,
2407 479 2544 530 riam
2592 495 2771 531 novam
2809 488 2857 531 et
2900 478 3081 532 vivant.
3121 477 3226 533 Per
3252 481 3502 547 velamen,
3545 484 3744 555 inquit,

2203 566 2371 616 carnis
2391 580 2517 617 sum.
2542 563 2661 618 Haec
2683 566 2875 634 quippe
2895 566 3020 620 card
3048 559 3273 634 primum
3296 574 3593 638 penetraVit
3611 577 3745 631 vim

2203 650 2368 715 illam,
2391 659 2445 704 et
2472 651 2732 704 dedicavit
2751 667 2867 705 eam
2894 654 2995 707 hac
3021 656 3241 716 ratione,
3264 661 3531 723 quomodo
3553 660 3739 732 [Idem

2203 738 2473 809 quoniam]
2503 740 2614 807 ipse
2642 740 2695 792 in
2723 755 2783 793 ea
2809 741 3061 808 perrexit.
3086 742 3335 798 Velamen
3353 756 3531 801 autem
3555 751 3745 806 merito

2204 842 2484 892 vocamus;
2507 843 2626 882 cum
2653 830 2795 884 enim
2815 830 3047 885 elevatus
3070 841 3153 887 est
3182 833 3234 887 in
3259 835 3475 901 coelum,
3503 845 3629 895 tunc
3653 856 3744 911 ap-

2204 923 2494 981 paruerunt
2516 914 2774 992 cmicstia.
3226 926 3230 931 '

2191 1086 2197 1093 .
2276 1045 2433 1097 Vens.
2456 1044 2545 1097 2‘2.
2566 1075 2634 1084 ——
2652 1046 2985 1111 decedamus,
3014 1048 3202 1117 inquit,
3229 1066 3345 1103 cum
3374 1068 3491 1105 vero
3518 1053 3670 1107 corde
3693 1063 3743 1106 et

2204 1132 2258 1183 in
2283 1130 2596 1199 plenitudine
2620 1133 2763 1203 fidei,
2789 1136 2984 1203 aspersi
3011 1137 3167 1188 corda
3189 1153 3221 1189 a
3245 1139 3553 1193 conscientia
3584 1140 3744 1201 mala,

2283 1174 2592 1199 ,μνη--..η
2620 1174 2738 1198 ,...-.
2789 1174 2983 1203 ..-νυν
3011 1174 3166 1188 μη-..
3189 1174 3221 1189 ..
3245 1174 3553 1193 ...ησωωιηυ
3586 1174 3744 1201 mm...

2204 1226 2252 1271 et
2276 1218 2441 1271 abluti
2464 1236 2647 1289 corpus
2692 1174 2941 1288 admorunt
2988 1224 3145 1276 unda.
3176 1224 3231 1277 In
3263 1240 3369 1293 quo
3404 1228 3748 1280 accedamus?

2208 1310 2435 1364 Scilicet
2456 1311 2577 1373 ﬁde,
2607 1312 2829 1379 spiritali
2866 1313 3100 1377 cultura,
3128 1314 3181 1367 in
3215 1317 3390 1369 veraci
3426 1316 3604 1380 corde,
3633 1318 3746 1371 sine

2207 1398 2563 1462 simulatione,
2592 1400 2642 1452 in
2671 1399 3032 1454 satisfactione
3060 1400 3209 1467 ﬁdei;
3242 1404 3366 1471 quia
3403 1404 3533 1457 nihil
3559 1413 3639 1459 est
3670 1405 3749 1459 vi-

2207 1488 2359 1541 sibilc
2403 1490 2609 1542 horum.
2648 1489 2829 1557 Neque
2862 1491 3162 1546 sacerdotes
3182 1492 3313 1559 jam,
3340 1508 3510 1562 neque
3548 1494 3747 1549 sacriﬁ-

2208 1576 2366 1638 cium,
2397 1592 2568 1645 neque
2603 1577 2786 1631 altare.
2819 1577 3102 1645 Propterea
3142 1579 3328 1645 inquit,
3355 1580 3408 1632 in
3436 1580 3746 1648 plenitudine

2208 1663 2344 1729 ﬁdei.
2380 1661 2470 1715 Sic
2501 1672 2711 1729 oportet
2737 1664 2975 1727 credere,
3001 1666 3262 1732 quomodo
3301 1666 3433 1718 certi
3476 1681 3656 1720 sumus
3682 1668 3746 1721 de

2208 1751 2420 1803 visibili.
2445 1749 2648 1803 Etenim
2668 1758 2721 1802 et
2740 1750 2911 1804 adhuc
2932 1753 3172 1819 amplius.
3189 1750 3285 1806 llic
3304 1754 3444 1807 enim
3466 1754 3741 1822 aliquando

2206 1841 2381 1893 carnis
2405 1855 2589 1893 sensus
2608 1849 2787 1893 errant
2811 1843 2861 1894 in
2888 1842 2968 1893 his
2986 1858 3103 1909 quas
3136 1843 3397 1907 videntur,
3431 1844 3538 1896 illic
3562 1853 3732 1898 autem

2209 1942 2539 1997 nequaquam
2583 1947 2593 1979 :
2628 1928 2750 1995 quia
2794 1928 2981 1995 spiritu
3029 1930 3285 1997 spiritalia
3332 1932 3666 2001 percipimus,
3693 1943 3743 1987 et

2208 2035 2311 2072 non
2357 2019 2478 2071 licet
2505 2018 2749 2072 haesitare
2777 2019 2842 2072 de
2878 2020 2973 2071 eis.
3002 2019 3122 2074 ideo
3151 2023 3265 2073 ‘ait:
3294 2023 3499 2090 Aspersi
3526 2024 3679 2075 corda
3714 2039 3745 2073 a

2209 2110 2517 2163 conscientia
2548 2110 2707 2162 mala.
2751 2109 2991 2164 Ostendit
3034 2114 3153 2179 quia
3192 2129 3298 2166 non
3340 2114 3469 2167 ﬁdes
3504 2116 3633 2177 sola,
3659 2117 3745 2169 sed
3834 2104 3839 2109 ’

2209 2201 2369 2253 etiam
2398 2201 2501 2267 vita
2529 2216 2647 2254 cum
2670 2202 2861 2254 virtute
2889 2201 3166 2269 quaeritur,
3192 2203 3313 2270 quia
3344 2202 3476 2259 ﬁdes
3497 2205 3609 2259 sine
3627 2221 3745 2274 ope-

2211 2291 2358 2343 ribus
2378 2291 2546 2343 otiosa
2575 2299 2691 2344 est:
2723 2292 2794 2343 illi
2824 2300 2998 2345 autem
3022 2308 3242 2361 corpora
3273 2296 3617 2358 mundabant,
3648 2310 3747 2349 non

2210 2378 2607 2430 conscientiam.
2636 2378 2701 2429 Et
2730 2380 2914 2442 abluti,
2951 2381 3153 2447 inquit,
3182 2398 3315 2449 aqua
3346 2383 3558 2435 munda.
3588 2384 3747 2437 Lava-

2210 2478 2359 2517 crum
2389 2466 2720 2531 baptismatis
2748 2466 2802 2518 in
2846 2467 2948 2520 hoc
2978 2466 3097 2521 loco
3125 2468 3270 2520 dicit.
3303 2466 3573 2535 Baptisma
3611 2469 3747 2523 enim

2211 2555 2449 2621 corporis
2483 2555 2751 2608 mundatio
2784 2571 2886 2627 non
2910 2565 3012 2620 est,
3035 2558 3125 2611 sed
3152 2558 3359 2619 animae,
3385 2576 3403 2609 ι
3436 2560 3479 2612 si
3506 2559 3631 2613 ﬁdes
3662 2560 3748 2613 ad-

2210 2652 2292 2696 est
2316 2644 2604 2711 baptizato,
2632 2646 2741 2696 sive
2770 2654 3067 2711 parentum,
3100 2646 3209 2697 sive
3240 2647 3320 2721 sui
3350 2647 3481 2713 ipsa,
3506 2648 3550 2698 si
3580 2648 3642 2699 ad
3672 2663 3747 2699 ra-

2214 2733 2514 2784 tionabilem
2542 2741 2750 2785 cetatem
2781 2735 3097 2801 pervenerit.
3128 2735 3307 2801 (Vens.
3332 2734 3444 2805 ‘23.)
3476 2734 3745 2788 Teneamus

2210 2822 2314 2887 spei
2361 2832 2547 2873 nostra'
2591 2824 2955 2890 confessionem
3002 2824 3441 2888 indeclinabilem,
3470 2825 3637 2891 ﬁdelis
3679 2834 3746 2877 est

2210 2911 2365 2971 enim,
2411 2911 2495 2977 qui
2523 2911 2824 2976 repromisit.
2862 2929 2877 2957 ι
2906 2909 3041 2962 Nihil
3078 2913 3217 2963 enim
3247 2908 3521 2974 scruteris‘,
3550 2912 3620 2964 nil
3668 2926 3745 2963 ττι-

2138 3027 2183 3089 C
2215 2999 2370 3051 tionis
2393 3006 2679 3064 exspectes,
2710 2998 2810 3051 ﬁde
2834 3013 2965 3066 Opus
2996 2999 3189 3051 habent
3216 3000 3327 3052 hmo
3355 3000 3555 3061 omnia,
3578 3019 3595 3050 ο
3630 2999 3746 3067 quia

2215 3092 2325 3145 sine
2366 3088 2466 3142 ﬁde
2493 3089 2813 3156 impossibile
2839 3089 3047 3157 placere
3074 3089 3201 3141 Deo.
3243 3088 3392 3141 Sicut
3420 3089 3561 3142 Deus
3586 3089 3747 3146 ﬁdelis

2176 3236 2183 3241 _
2213 3190 2294 3233 est
2320 3180 2371 3231 in
2396 3179 2669 3247 promissis
2696 3178 2822 3239 suis,
2852 3179 2933 3230 ita
2955 3177 3133 3231 ﬁdeles
3153 3177 3263 3230 vult
3292 3192 3386 3231 nos
3409 3191 3526 3232 esse
3552 3180 3605 3232 in
3633 3194 3750 3247 pro-

2215 3267 2392 3319 missis
2430 3266 2645 3329 nostris,
2687 3281 2802 3333 qua:
2843 3266 3101 3347 vovim‘us.
3150 3264 3368 3319 Diabolo
3395 3268 3750 3321 contradicere

2212 3354 2485 3417 debemus,
2510 3363 2563 3408 et
2588 3353 2801 3408 Christo
2826 3354 3046 3407 servire.

2279 3505 2443 3576 698
2478 3502 2635 3558 Vens.
2669 3502 2763 3564 24,
2794 3501 2881 3554 25.
2908 3530 2976 3540 -
3011 3497 3399 3554 Consideremus
3441 3499 3651 3552 invicem
3697 3496 3752 3553 in

2210 3594 2564 3661 propocatione
2588 3591 2853 3653 charitatis
2889 3598 2936 3643 et
2966 3590 3212 3643 bonorum
3248 3604 3477 3657 operum.
3523 3586 3644 3639 Non
3666 3586 3756 3641 de-

2210 3692 2429 3735 serentes
2472 3679 2813 3733 collectionem
2852 3687 3078 3730 nostram
3113 3677 3244 3729 sicut
3280 3684 3353 3727 est
3377 3674 3756 3727 consuetudinis

2210 3770 2534 3840 quibusdam.
2569 3767 2705 3832 Quid
2728 3775 2829 3829 est,
2858 3764 3207 3834 intelligamus
3254 3752 3515 3817 irivicem?
3543 3764 3597 3818 Si
3650 3764 3753 3817 vir-

2213 3870 2324 3913 tute
2350 3859 2585 3913 creditur
2614 3859 2747 3931 [ld.,
2775 3860 2817 3913 si
2847 3862 2964 3928 quis
3006 3858 3163 3912 luerit
3206 3859 3404 3911 virtute
3452 3856 3749 3926 praeditus].

2212 3951 2353 4003 hunc
2377 3952 2660 4013 imitemur,
2687 3957 2739 4003 et
2768 3952 2819 4003 in
2850 3964 2969 4002 cum
3004 3948 3355 4008 intendamus,
3383 3956 3443 3999 ut
3476 3947 3755 4015 diligamus

2211 4050 2263 4093 et
2288 4041 2595 4110 diligamur;
2624 4055 2687 4093 ex
2720 4038 2999 4091 dilectione
3030 4038 3221 4107 quippe
3248 4038 3385 4091 bona
3413 4048 3571 4104 opera
3599 4034 3749 4088 ﬁunt.

2215 4128 2453 4197 Magnum
2485 4128 2675 4196 quippe
2708 4129 2903 4181 bonum
2933 4136 3015 4181 est
3040 4126 3414 4193 congregatio:
3456 4125 3567 4190 ipsa
3611 4138 3755 4175 nam-

2213 4232 2315 4285 que
2360 4218 2673 4272 charitatetn
2714 4224 2965 4285 operatur
3010 4213 3466 4282 frequentioremr
3491 4219 3546 4264 et
3584 4225 3651 4264 ex
3691 4224 3755 4262 ea

2214 4316 2405 4360 cuncta
2460 4308 2596 4360 bona
2639 4322 2796 4375 Opera
2852 4312 3189 4375 generantur.
3226 4302 3367 4356 Nihil
3424 4302 3615 4370 quippe
3664 4300 3758 4353 ho-

2213 4410 2338 4447 num
2367 4402 2467 4457 est,
2500 4396 2637 4461 quod
2680 4411 2783 4447 non
2811 4411 2912 4463 per~
2933 4394 3251 4447 charitatcm
3297 4392 3372 4444 ﬁt.
3403 4392 3563 4444 Istam
3598 4388 3759 4458 igitur

2214 4481 2586 4535 conﬁrmemus
2621 4476 2873 4543 invicem,
2915 4481 3037 4548 quia
3075 4479 3336 4547 plenitudo
3375 4478 3497 4545 legis
3533 4476 3759 4531 charitas

2212 4582 2286 4625 est
2329 4570 2501 4639 (Rom.
2528 4587 2641 4635 xm,
2670 4570 2776 4639 10).
2806 4569 2917 4624 Non
2957 4570 3097 4624 enim
3128 4567 3396 4622 laboribus
3422 4580 3556 4634 opus
3598 4566 3757 4619 habe—

2214 4676 2329 4712 mus
2376 4669 2467 4713 aut
2501 4662 2816 4715 sudoribus:
2850 4662 2893 4713 si
2923 4660 3261 4714 dilexerimus
3304 4658 3561 4721 invicem,
3601 4673 3757 4727 spon—

2215 4758 2366 4801 tanea
2411 4749 2563 4803 nobis
2590 4750 2675 4803 via
2702 4750 2955 4802 sternitur
2996 4748 3194 4801 ducens
3229 4747 3293 4800 ad
3323 4749 3571 4801 virtutem
3599 4755 3652 4799 et
3688 4746 3754 4799 ad

2212 4839 2495 4893 cmlcstia.»
2528 4838 2673 4891 Sicut
2699 4848 2771 4892 est
2801 4838 3182 4891 consuetudinis
3215 4836 3542 4905 quibusdam.
3572 4834 3628 4887 ιιι
3655 4836 3757 4887 hoc

2214 4927 2326 4982 loco
2352 4944 2455 4981 non
2479 4927 2649 4981 solum
2676 4927 2970 4988 admonuit,
2998 4926 3087 4979 sed
3118 4928 3278 4979 ctiam
3307 4924 3540 4992 culpavit
3563 4932 3616 4976 et
3651 4931 3757 4976 ter-

2216 5018 2318 5069 ruit
2348 5019 2602 5071 unitatcm
2627 5015 2904 5069 charitatis
2934 5017 3252 5070 scindentcs.
3280 5013 3383 5067 Sed
3408 5012 3751 5072 consolantes.

2214 5113 2258 5156 et
2307 5114 2445 5157 tanta
2498 5106 2693 5172 magis,
2742 5114 2931 5173 quanto
2984 5105 3208 5159 videritis
3264 5102 3757 5171 appropinquantes!

2214 5194 2366 5247 diem.
2398 5194 2563 5259 Quem
2591 5193 2731 5247 diem
2752 5194 3011 5260 designat,
3040 5194 3142 5246 nisi
3172 5192 3308 5246 diem
3332 5191 3543 5260 judieii,
3573 5190 3624 5243 in
3652 5202 3760 5257 quo

2212 5284 2536 5351 singulorum
2584 5282 3217 5337 merita’examinantur?
3262 5281 3355 5335 Vel
3385 5280 3547 5333 etiam
3578 5286 3759 5331 extre-

2215 5386 2357 5423 munt
2402 5368 2539 5424 diem
2570 5369 2689 5426 vitae
2723 5372 2954 5434 ‘nostraz;
2982 5370 3110 5424 dicit
3151 5370 3291 5424 enim
3332 5366 3437 5420 alio
3466 5366 3621 5431 loco:
3654 5364 3760 5419 Do.

2216 5460 2379 5510 minus
2416 5476 2568 5526 prope
2592 5468 2685 5519 est,
2718 5458 2843 5510 nihil
2870 5459 3076 5513 solliciti
3105 5459 3213 5509 sitis
3254 5454 3468 5523 (Philip.
3507 5469 3579 5515 tv,
3602 5452 3653 5515 5,
3680 5450 3759 5521 6).

2218 5546 2267 5597 id
2292 5555 2392 5608 est,
2422 5548 2482 5600 de
2512 5548 2750 5600 terrenis.
2780 5548 2839 5601 Εἰ
2871 5550 3023 5601 item:
3060 5546 3208 5597 Nunc
3240 5544 3447 5612 propius
3476 5552 3550 5597 cst
3583 5553 3782 5595 nostra-

3212 6178 3241 6179 ί
3396 6172 3431 6175 _
3552 6072 4072 6190 -—_a--d
