4262 6240
439 323 567 379 1081

1152 326 1553 383 EXEGE’I‘ICA.
1590 358 1660 369 —
1695 328 1936 384 exeas.
1975 328 2042 382 1N
2081 327 2293 384 EPIST.
2340 329 2396 383 s.
2435 330 2635 386 PAULI
2671 334 2761 386 an
2787 304 2995 389 nstin.

3478 346 3616 402 1089’.

431 432 598 495 satus,
621 442 774 498 quam
800 422 1109 491 credidimus
1129 432 1303 504 (Rom.
1318 451 1437 501 xm,
1457 434 1544 506 ll)
1563 454 1575 488 :
1596 406 1808 501 ttimpus
1826 436 1968 490 enim
1994 437 2041 496 Δ
2068 438 2174 504 quo
2204 436 2486 493 mundatus
2510 436 2628 504 esi,
2659 448 2713 493 et
2738 441 2805 494 ad
2828 443 3093 523 vomitum~
3112 449 3399 503 revertitur
3427 455 3612 523 pristi-

433 521 796 595 abbreviatum
824 531 925 576 est.
1650 590 1655 597 .

502 608 660 663 Vens.
686 608 773 662 26.
804 638 875 649 —
911 606 1204 664 Voluntarie
1251 614 1386 665 enim
1428 611 1755 682 peccantibus
1800 612 1967 676 nobis,

430 706 539 766 post
576 708 832 768 acceptam
862 702 1095 753 notitiam
1122 702 1369 765 veritatis,
1391 702 1510 769 jam
1535 718 1637 757 non
1665 701 1970 770 relinquitur

429 800 522 853 pro
548 786 767 852 peccatis
794 787 982 839 hostia.
1014 787 1212 857 Sponte
1238 804 1464 858 namque
1491 790 1836 859 peccantibus
1874 804 1977 849 no—_

430 870 534 935 bis,
562 881 850 942 postquam
867 876 1165 944 accepimus
1189 879 1430 932 veritatis
1454 878 1800 948 agnitionem,
1830 867 1968 931 ultra

430 975 536 1013 non
575 962 891 1032 relinquitur
920 965 1091 1018 hostia
1122 980 1217 1034 pro
1244 966 1496 1033 peccatis,
1539 966 1676 1019 sicut
1713 966 1765 1019 in
1801 967 1968 1021 veteri

429 1048 541 1119 lege
561 1049 811 1104 donatum
837 1052 934 1105 fuit
963 1053 1162 1107 hostias
1180 1052 1369 1130 offerre
1397 1053 1587 1121 saepius
1610 1068 1705 1121 pro
1728 1061 1964 1120 peccato.

426 1137 607 1207 Neque
646 1143 786 1194 enim
816 1141 1057 1197 Christus
1096 1144 1207 1212 ipse
1245 1142 1462 1197 iterum'
1490 1143 1842 1199 immolandus
1886 1154 1969 1199 est

426 1246 523 1299 pro
548 1234 776 1301 peccatis
804 1225 1028 1299 nostris;
1074 1237 1173 1291 hoc
1200 1237 1339 1292 enim
1375 1225 1539 1291 semel
1580 1235 1752 1291 factus
1782 1249 1885 1302 est,
1915 1247 1969 1291 et

424 1320 657 1375 secundo
684 1336 789 1375 non
817 1331 899 1377 est
924 1338 1086 1392 opus;
1115 1324 1206 1378 sed
1249 1326 1418 1394 magis
1441 1340 1572 1395 opus
1611 1333 1693 1381 est
1728 1334 1847 1393 post
1873 1341 1964 1382 ac-

422 1416 633 1483 ceptam
657 1411 880 1478 gratiam
918 1399 1231 1478 permanere
1259 1413 1313 1465 in
1349 1412 1448 1466 ﬁde
1468 1414 1523 1467 et
1549 1413 1770 1466 veritate
1803 1414 1969 1468 bono-

422 1512 540 1551 rum
582 1513 820 1566 operum.
858 1518 878 1551 ε
907 1500 1184 1555 Mandatus
1208 1516 1287 1566 es,
1330 1502 1463 1557 liber
1490 1517 1549 1556 es
1572 1518 1603 1556 a
1629 1504 1964 1571 criminibus,

420 1586 593 1642 factus
611 1604 670 1644 es
693 1589 858 1645 Filius
884 1592 996 1645 Dei.
1022 1591 1079 1645 Si
1105 1593 1170 1645 ad
1192 1592 1421 1661 primum
1442 1594 1695 1649 vomitum
1723 1607 1966 1652 reversus

421 1674 599 1739 fueris,
644 1679 784 1731 aliud
817 1688 867 1732 te
896 1688 1168 1748 exspectat
1185 1680 1466 1747 judicium,
1489 1700 1506 1732 ι
1540 1681 1641 1734 nisi
1675 1696 1768 1750 per
1783 1682 1965 1751 paeni—

2065 540 2211 589 num,
2235 533 2294 579 et
2332 527 2562 594 seipsutn
2587 543 2686 595 per
2735 521 3099 597 paenitentiam
3138 535 3328 589 iterum
3354 542 3610 599 mundare

2065 616 2358 684 neglexerit
2397 616 2606 688 [Forte,
2642 622 2902 694 negligit}.
2939 626 3103 694 699
3149 627 3213 679 Et
3250 631 3453 697 spiritui
3490 650 3611 701 gra-

2064 704 2151 757 tiis
2195 704 2472 773 injurians.
2513 726 2531 757 ί
2561 708 2661 772 Qui
2712 725 2834 763 vero
2874 713 3191 768 beneficium
3239 716 3416 772 dantis
3460 733 3611 787 grata

2065 802 2242 849 mente
2284 810 2388 849 non
2418 798 2670 867 suscipit,
2700 799 2944 866 injuriam
2982 804 3181 860 faciens
3227 806 3298 877 [Ρ
3300 820 3429 873 orte,
3458 809 3605 879 facit}

2064 882 2433 939 benefacienti.
2460 886 2553 941 Ille
2583 887 2711 942 facit
2735 898 2786 944 te
2812 890 2999 956 filium,
3022 901 3075 947 tu
3103 910 3229 949 vero
3254 898 3335 951 vis
3360 897 3476 953 ﬁeri
3500 916 3612 953 ser-

2067 985 2163 1025 vus
2185 973 2404 1039 peccati.
2436 975 2590 1028 Venit
2612 978 2752 1030 enim
2780 976 2846 1032 ad
2873 980 3214 1035 habitandum
3240 986 3377 1053 apud
3400 993 3484 1049 te;
3510 1007 3529 1039 ι
3558 996 3611 1040 ιιι

2065 1071 2193 1111 vero
2223 1073 2326 1113 non
2368 1076 2633 1127 praaparas
2667 1065 2717 1116 ei
2757 1064 2968 1119 domum
3010 1068 3223 1135 dignam
3271 1071 3609 1128 habitationis

2066 1158 2196 1281 iure,
2224 1145 2407 1213 alium,
2433 1149 2486 1202 id
2508 1158 2609 1214 est,
2640 1151 2905 1206 diabolum
2932 1155 3026 1209 tibi
3049 1156 3404 1226 (habitatorem
3435 1162 3613 1215 conci-

2087 1243 2221 1281 rans.

2087 1243 2221 1284 tans.

2136 1318 2294 1373 Vens.
2315 1320 2401 1376 30.
2417 1321 2686 1377 -—Scimus
2698 1326 2830 1378 enim
2851 1328 2936 1395 qui
2957 1328 3123 1381 dixit:
3148 1329 3275 1383 Mihi
3300 1332 3543 1395 vindicta,
3563 1342 3610 1387 et

2065 1420 2154 1475 ego
2181 1406 2411 1460 reddam.
2450 1408 2518 1461 Et
2546 1410 2731 1463 iterum
2750 1425 2767 1460 :
2798 1411 2933 1475 Quia
2954 1414 3212 1480 judicabit
3237 1417 3486 1472 Dominus
3518 1437 3611 1488 po-

2065 1490 2243 1559 pulum
2265 1509 2434 1546 suum.
2482 1496 2560 1568 De
2584 1496 2813 1552 inimicis
2840 1498 2940 1552 hoc
2966 1500 3129 1565 dixit,
3164 1511 3216 1555 et
3242 1503 3306 1556 de
3336 1506 3609 1575 negligen-

2068 1578 2207 1632 tibus
2240 1594 2335 1647 per
2361 1582 2726 1649 paenitentiam
2762 1600 2818 1638 se
2853 1601 3110 1655 purgare;
3154 1589 3245 1641 scd
3274 1592 3445 1643 securi
3477 1592 3615 1646 male

2067 1665 2285 1721 faciunt.
2339 1668 2588 1745 Jtidicare
2631 1673 2771 1726 enim
2818 1674 3127 1744 intelligitur
3170 1678 3375 1744 plebem
3421 1696 3569 1732 suam
3595 1719 3611 1745 ,

421 1764 638 1819 tentiam
691 1744 1202 1822 renovatus-fueris.
1251 1769 1371 1821 Ideo
1417 1744 1809 1836 subsequenter
1847 1771 1920 1825 ait
1949 1787 1960 1820 :
1996 1748 2040 1806 Β
2067 1759 2360 1822 separando
2400 1744 2497 1829 [ίηῖ
2537 1762 2688 1828 βίθδθ
2717 1779 2810 1815 sua
2846 1764 3011 1817 bonos
3046 1781 3076 1836 3.
3111 1748 3292 1830 ηἶθίίεν
3336 1768 3517 1823 ﬁdeles
3544 1744 3611 1823 ab

418 1848 599 1916 (Vens.
651 1852 739 1919 27)
778 1852 1038 1907 Terribilis
1067 1862 1236 1906 autem
1278 1854 1513 1923 qumdam
1549 1857 1858 1923 exspectatio
1874 1856 1967 1923 ju-

416 1939 561 2003 dicii,
588 1950 634 1992 et
668 1942 799 2009 ignis
830 1942 1113 2007 tumulatio,
1148 1960 1261 2012 quis
1299 1953 1659 2013 consumptum
1686 1955 1758 1998 est
1786 1945 1967 1998 adver-

384 2057 390 2063 -
417 2028 603 2080 sarias.
636 2029 729 2109 εἰη
750 2030 851 2083 hoc
864 2045 967 2084 non
983 2031 1348 2098 penitentiam
1376 2032 1616 2095 exclusit,
1645 2048 1816 2101 neque
1841 2049 1966 2101 pro-

414 2115 768 2185 pitiationem,
794 2134 911 2187 quae
937 2119 995 2172 fit
1017 2134 1110 2189 per
1137 2120 1535 2189 penitentiam;
1567 2137 1737 2190 neque
1760 2122 1965 2190 repellit

415 2213 471 2257 et
494 2206 674 2273 dejicit
693 2222 789 2273 per
809 2208 1228 2276 desperationem
1252 2202 1671 2277 delinquentem;
1694 2224 1799 2262 non
1824 2211 1963 2263 enim

416 2292 491 2345 ita
520 2302 605 2345 est
630 2294 876 2348 inimicus
898 2295 1083 2349 salutis
1110 2306 1323 2351 nostrm.
1350 2296 1454 2351 Sed
1484 2299 1641 2365 quid?
1668 2292 1963 2355 Secundum

417 2395 643 2448 namque
666 2382 891 2436 exclusit
912 2383 1179 2437 lavacrum
1204 2385 1472 2453 baptismi.
1497 2384 1609 2449 Non
1635 2387 1778 2439 enim
1803 2388 1961 2440 dixit:

417 2467 530 2522 Non
553 2476 636 2523 cst
662 2470 797 2523 ultra
822 2471 1165 2539 paenitentia;
1193 2487 1362 2541 neque
1391 2473 1557 2527 dixit:
1586 2472 1733 2527 Ultra
1760 2488 1863 2526 non
1884 2485 1966 2528 est

417 2558 660 2611 remissio
684 2576 696 2609 :
720 2550 816 2612 'sed
844 2560 1041 2625 hostia,
1070 2562 1263 2629 inquit,
1299 2562 1436 2615 ultra
1464 2576 1569 2616 non
1598 2570 1699 2626 est,
1736 2562 1834 2617 hoc
1860 2548 1961 2627 est,

416 2658 544 2696 crux
573 2646 799 2698 secunda
829 2646 963 2699 ultra
994 2662 1097 2700 non
1126 2660 1227 2700 eSt.
1260 2647 1373 2701 Una
1404 2664 1632 2717 namque
1662 2650 1883 2717 perfecit
1911 2652 1962 2704 in

417 2741 727 2799 perpetuum
749 2748 858 2797 eos,
874 2734 963 2802 qui
986 2732 1406 2798 sanctiﬁcantur,
1426 2750 1528 2787 non
1552 2737 1690 2788 sicut
1710 2735 1961 2792 Iudaica».

416 2818 612 2872 Cautos
646 2837 741 2873 nos
786 2824 969 2875 volens
1021 2820 1262 2886 edicere,
1312 2837 1377 2874 ne
1427 2822 1565 2875 ultra
1616 2823 1698 2876 vel
1750 2839 1962 2877 crucem

414 2911 634 2974 Christi,
661 2913 743 2964 vel
772 2913 971 2966 hostias
989 2914 1227 2982 jndaicas
1253 2923 1617 2981 exspectemus
1647 2929 1740 2982 pro
1781 2931 1963 2982 pecea-

416 3000 502 3053 tis.
530 3020 546 3050 ι
581 3000 643 3052 Et
683 3000 982 3067 quicunque
1018 3000 1343 3068 poenitentia:
1386 3001 1826 3055 medicamentum
1868 3016 1963 3055 ne-

415 3089 669 3157 glexerit,
712 3089 844 3155 ignis
886 3089 1153 3142 aemulatio
1183 3090 1419 3143 devoret
1446 3105 1585 3143 eum.
1633 3089 1964 3157 Quapropter

416 3177 775 3243 unusquisque
799 3178 863 3229 ad
893 3178 1236 3245 poenitentiae,
1260 3179 1383 3230 dum
1409 3186 1617 3245 tempus
1644 3179 1820 3239 habet,
1854 3193 1963 3231 me-

414 3260 768 3315 dicamentum
821 3263 1119 3331 confugiat,
1170 3280 1236 3319 ne
1285 3265 1394 3333 igni
1454 3266 1691 3317 tradatur
1742 3274 1957 3321 interno.

413 3346 597 3419 (Vens.
620 3348 731 3421 ‘28.)
752 3350 965 3428 Initum
993 3354 1105 3421 quis
1136 3352 1329 3419 faciem
1352 3351 1510 3421 legem
1535 3352 1700 3422 Moysi
1728 3356 1836 3409 sine
1856 3356 1962 3410 ulla

413 3440 740 3493 miseratione
782 3441 980 3493 duobus
1009 3440 1085 3494 vel
1114 3442 1275 3494 tribus
1320 3444 1531 3495 testibus
1558 3445 1796 3497 moritur.
1830 3444 1960 3499 Ter-

418 3544 591 3583 rorem
618 3530 759 3583 enim
788 3532 977 3584 incutit
1000 3531 1315 3586 Christianis
1338 3533 1399 3586 de
1422 3534 1592 3600 pinnis
1622 3532 1849 3602 [eorum]
1872 3534 1960 3600 qui

414 3617 513 3670 sub
541 3617 654 3686 lege
690 3626 1061 3685 peccaverunt.
1102 3636 1117 3667 ι
1144 3618 1268 3671 Sine
1294 3619 1643 3682 miseratione,
1674 3621 1873 3688 inquit,
1904 3630 1961 3675 ut

416 3711 557 3764 milia
606 3712 676 3764 sit
708 3711 891 3775 venia,
939 3710 1080 3764 nulla
1122 3711 1190 3763 sit
1224 3710 1611 3773 misericordia,
1661 3726 1961 3779 quanquam

420 3800 578 3869 Moysi
606 3809 746 3852 esset
773 3801 857 3852 illa
887 3801 987 3853 lex.
1036 3800 1090 3851 Si
1119 3799 1222 3852 duo
1247 3800 1325 3852 vel
1354 3807 1478 3862 tres,
1508 3800 1645 3853 sicut
1672 3800 1758 3852 ille
1787 3800 1961 3867 dispo-

414 3892 549 3951 suit,
579 3889 937 3942 testificantur
957 3902 1113 3955 super
1138 3903 1257 3941 eum
1278 3930 1291 3951 ,
1321 3888 1595 3942 confestim
1621 3889 1827 3956 judices
1865 3904 1958 3957 po-

415 3978 522 4047 puli
548 3978 788 4046 judicant
811 3993 930 4030 cum
962 3976 1027 4029 ad
1058 3983 1302 4049 lllQl'lell),
1336 3976 1379 4027 si
1411 3974 1508 4041 legi
1540 3976 1835 4027 contrarius
1862 3974 1960 4026 fuit

415 4076 507 4120 aut
536 4066 862 4120 innbediens.
893 4066 956 4119 Et
981 4066 1025 4118 si
1066 4063 1167 4118 hoc
1197 4063 1267 4115 ita
1306 4060 1467 4115 estin
1501 4059 1666 4112 veteri
1707 4059 1837 4128 lege,
1872 4060 1958 4111 ubi

417 4157 497 4209 lex
529 4156 692 4224 Moysi
720 4155 866 4208 irrita
894 4154 969 4208 fit.
998 4153 1178 4223 (Vens.
1203 4151 1316 4220 29.)
1346 4149 1551 4213 Quanto
1580 4148 1763 4216 magis,
1793 4146 1959 4218 inquit

385 4242 716 4313 ’Apostolus,
748 4246 941 4313 putatis
987 4241 1240 4295 deteriora
1302 4237 1484 4290 mereri
1542 4235 1820 4305 supplicia,
1872 4233 1959 4302 qui

418 4333 613 4384 Filium
638 4332 728 4384 Dei
749 4330 1134 4391 conculcaverit,
1150 4338 1195 4380 et
1219 4327 1515 4395 sanguinem
1539 4326 1824 4377 testamenti
1849 4323 1957 4391 pol-

416 4420 581 4473 lutum
626 4419 851 4481 duxerit,
900 4418 951 4469 in
986 4432 1085 4485 quo
1122 4415 1469 4482 sancti/iectus
1525 4422 1621 4476 est,
1673 4423 1719 4466 et
1758 4411 1959 4480 spiritui
1988 4389 2036 4448 ο

416 4509 597 4576 gratim
623 4506 982 4559 contumeliam
1012 4504 1221 4571 fecerit?

487 4595 694 4659 Quanto
742 4597 909 4665 major
936 4603 1017 4649 est
1043 4594 1283 4647 Christus
1325 4604 1484 4658 quam
1532 4588 1755 4657 Moyses,
1790 4589 1958 4656 gratia

417 4700 577 4755 quam
623 4683 743 4746 lex,
799 4693 947 4737 tanto
989 4685 1185 4757 majora
1242 4679 1529 4735 merebitur
1581 4677 1853 4745 supplicia.
1897 4677 1961 4730 Et

420 4773 680 4843 quomodo
732 4774 1007 4827 conculcat
1054 4768 1276 4843 quisque
1324 4768 1513 4821 Filium
1560 4767 1687 4821 Dei?
1740 4766 1958 4833 Quando

420 4782 680 4843 quomodo
732 4782 1007 4827 conculcat
1093 4782 1276 4840 nisque
1326 4782 1513 4821 riuum
1560 4782 1687 4821 uel?
1740 4782 1954 4833 Quando

420 4866 559 4918 enim
605 4880 668 4918 ex
710 4878 773 4917 eo
812 4864 1022 4933 indigne
1048 4782 1425 4931 Serticipamur
1466 4872 1558 4926 per
1601 4866 1954 4921 sacramenta,

422 4972 594 5012 nonne
605 4958 799 5027 grande
824 4961 1096 5022 peccatum
1122 4951 1437 5005 committit?
1458 4948 1639 5007 Nonne
1660 4947 1805 5001 illum
1830 4962 1955 5001 con-

421 5047 627 5099 caleat?
658 5046 839 5101 Nonne
868 5045 1036 5113 ipsum
1065 5040 1385 5093 contemnit?
1410 5037 1558 5091 Sicut
1585 5037 1725 5090 enim
1749 5049 1811 5088 ea
1832 5051 1955 5117 quae

421 5152 455 5189 c
486 5136 808 5197 inculcamus,
841 5134 1032 5188 nullius
1057 5129 1307 5189 momenti
1350 5128 1647 5194 pendimus,
1672 5126 1750 5178 sic
1775 5132 1826 5179 et
1865 5127 1955 5192 qui

422 5226 586 5279 libare
626 5232 850 5282 seccant,
877 5222 1073 5287 absque
1096 5220 1302 5279 timore,
1327 5222 1379 5268 et
1402 5204 1601 5282 absque
1624 5212 1954 5295 paenitentia,

421 5314 631 5366 Christu
666 5328 686 5363 ι
719 5309 915 5363 nullius
939 5308 1190 5371 momenti
1219 5305 1540 5365 existimant,
1562 5322 1578 5353 ι
1608 5318 1701 5355 nec
1730 5315 1848 5354 eum
1873 5300 1956 5367 ju-

423 5400 590 5455 dicem
638 5400 870 5452 futurum
913 5394 1213 5448 formidant.
1263 5396 1453 5448 Factus
1484 5399 1565 5446 est
1604 5406 1697 5461 per
1735 5391 1954 5457 gratiam

424 5502 614 5550 corpus
648 5488 865 5547 Christi,
898 5495 951 5539 et
992 5484 1217 5551 seipsum
1268 5483 1391 5535 facit
1430 5496 1621 5547 corpus
1650 5477 1871 5535 diaboli;
1903 5485 1955 5529 et

426 5578 724 5644 sanguinem
768 5577 959 5630 Christi
1004 5575 1351 5635 impellnlum'
1377 5569 1673 5639 {pollutum}
1712 5568 1829 5619 facit
1854 5607 1864 5627 ,
1905 5569 1951 5618 in

2066 1844 2384 1900 infidelibus.
2425 1847 2605 1915 (Vens.
2635 1848 2746 1920 31.)
2776 1848 2824 1901 Η
2832 1834 3105 1902 orrendum
3132 1860 3205 1904 est
3234 1854 3366 1905 enim
3392 1854 3613 1907 incidere

2064 1935 2116 1988 in
2146 1952 2328 1989 manus
2363 1936 2454 1989 Dei
2490 1938 2723 1990 viventis.
2760 1939 2945 1993 Incidit
2982 1940 3034 1992 in
3074 1956 3262 1994 manus
3301 1942 3391 1994 Dei
3432 1944 3484 1995 in
3522 1944 3609 1996 die

2057 2024 2262 2090 judicii,
2293 2026 2344 2079 id
2363 2035 2471 2096 est,
2506 2027 2558 2078 in
2588 2035 2904 2095 potestatem
2935 2026 3049 2093 ejus
3068 2027 3281 2094 judicis,
3312 2030 3398 2097 qni
3430 2032 3613 2084 reddet

2062 2102 2346 2181 unicuique
2371 2116 2661 2167 secundum
2695 2116 2882 2168 merita
2914 2132 3037 2178 sua,
3069 2118 3158 2184 qui
3188 2118 3431 2170 non‘vult
3459 2120 3614 2173 modo

2061 2203 2360 2286 praevenire
2386 2203 2439 2255 in
2468 2201 2805 2256 confessione
2840 2212 2894 2255 et
2921 2205 3230 2271 paenitentia
3262 2204 3447 2258 faciem
3476 2205 3610 2272 ejus,

2062 2291 2187 2345 dum
2225 2299 2433 2361 tempus
2470 2292 2648 2345 habet.
2701 2290 2757 2344 Si
2794 2306 2897 2343 non
2935 2291 3241 2359 paenituerit
3277 2292 3341 2344 de
3376 2293 3610 2359 peccatis

2062 2380 2190 2441 suis,
2214 2380 2396 2432 incidit
2416 2381 2810 2433 inhorrendum
2829 2378 3087 2445 judicium
3104 2381 3479 2447 omnipotentis
3494 2380 3607 2432 Dei.

2022 2478 2030 2484 '
2063 2467 2244 2539 (Vens.
2273 2467 2385 2537 52.)
2425 2468 2852 2521 Rememoramini
2887 2479 3059 2522 autem
3093 2471 3336 2539 pristinos
3372 2472 3510 2535 dies,
3556 2473 3609 2525 in

2060 2556 2241 2625 quibus
2277 2552 2551 2608 illuminati
2590 2572 2827 2624 magnum
2856 2567 3108 2609 certamen
3146 2560 3463 2629 sustinuistis
3491 2576 3614 2628 pas-

2062 2646 2282 2699 sionum.
2335 2665 2353 2696 ι
2404 2646 2687 2714 Postquam
2727 2661 2854 2700 vero
2892 2646 3087 2700 Paulus
3130 2648 3362 2700 concutit
3404 2650 3614 2702 animos

2062 2751 2247 2790 eorum
2275 2737 2532 2790 dicendo:
2576 2734 2904 2789 Horrendum
2948 2744 3021 2789 est
3063 2737 3286 2789 incidere
3328 2737 3381 2788 in
3423 2752 3607 2790 manus

2063 2826 2157 2878 Dei
2186 2828 2413 2891 viventis,
2448 2845 2464 2876 ι
2499 2827 2653 2879 ﬁdem
2686 2826 2908 2889 faciens,
2937 2826 3076 2894 quod
3105 2827 3421 2880 omnimodis
3452 2842 3609 2895 opor—

2063 2922 2138 2966 tet
2158 2916 2333 2981 perire
2360 2912 2695 2980 injuriantcm
2722 2915 2945 2979 gratiam
2969 2914 3083 2976 Dei,
3106 2925 3157 2967 et
3182 2914 3398 2981 Spiritui
3427 2924 3610 2968 sancto

2064 2999 2311 3066 injuriam
2337 2999 2636 3053 facientem
2663 3038 2677 3062 ,
2729 3008 2781 3051 et
2826 3000 2925 3051 hoc
2964 3014 3029 3051 cx
3072 3000 3185 3067 lege
3230 3001 3394 3069 Moysi
3436 3004 3607 3054 docet.

2071 3110 2088 3141 ‹
2116 3092 2343 3146 Proinde
2385 3091 2667 3146 ne'multo
2704 3091 2891 3143 timore
2922 3091 3287 3157 desperantem
3326 3092 3367 3141 a'
3391 3091 3606 3143 tristitia

2061 3189 2113 3234 et
2140 3168 2506 3248 desperatione
2531 3180 2802 3234 absorberi
2828 3178 3043 3241 faceret,
3068 3174 3373 3231 consolatur
3397 3192 3487 3231 eos
3510 3193 3608 3245 per

2061 3271 2242 3325 laudes
2276 3280 2329 3324 et
2356 3270 2713 3332 hortationes;
2755 3275 2808 3321 et
2843 3266 3230 3320 temulitionem
3260 3267 3602 3320 domesticam

2060 3361 2137 3414 eis
2166 3358 2457 3426 proferens.
2498 3356 2808 3419 “luminati,
2840 3356 2891 3409 id
2919 3364 3020 3417 est,
3052 3354 3333 3408 confortati
3365 3370 3459 3423 per
3490 3371 3607 3424 gra-

2060 3446 2188 3497 tiam
2214 3444 2473 3505 divinam,
2511 3456 2753 3509 magnum
2782 3448 3037 3493 certamen
3066 3442 3381 3494 sustinuistis
3410 3442 3607 3511 passio-
3631 3441 3640 3454 ‘

2060 3548 2198 3584 nam.
2251 3530 2366 3584 Non
2401 3530 2529 3584 dicit
2566 3530 2875 3598 simpliciter
2903 3537 3171 3582 certamen
3195 3569 3207 3591 ,
3253 3531 3345 3583 sed
3374 3530 3607 3594 addidit,
3668 3587 3674 3598 ,ξ

2059 3634 2319 3685 magnum.
2367 3617 2474 3671 Nec
2500 3618 2653 3679 dixit,
2688 3609 3027 3677 tentationes,
3065 3615 3155 3669 sed
3183 3630 3435 3682 pugnam,
3468 3618 3608 3683 quod
3676 3608 3679 3609 ⁷

2058 3707 2267 3774 quidem
2309 3714 2391 3760 est
2425 3705 2602 3758 multa:
2633 3706 2831 3767 laudis,
2877 3714 2931 3760 ct
2969 3714 3269 3758 nostrarum
3301 3704 3606 3771 przedicatio

2058 3794 2266 3847 laudum
2290 3814 2306 3843 ι
2337 3808 2431 3861 pro
2454 3792 2648 3846 Christi
2678 3794 2892 3846 nomine
2918 3793 3047 3860 pati.
3081 3792 3260 3861 (Vens.
3286 3791 3372 3851 55,
3395 3790 3505 3859 54.)
3536 3788 3605 3842 Et

2058 3883 2109 3933 in
2148 3882 2308 3933 altero
2338 3881 2540 3949 quidem
2576 3881 2856 3949 opprobriis
2890 3890 2936 3932 et
2973 3879 3384 3932 tribulationibus
3413 3888 3610 3947 specta-

2058 3970 2229 4023 culum
2257 3971 2419 4039 {acti:
2453 3971 2504 4024 in
2532 3970 2693 4023 altero
2731 3982 2900 4022 autem
2938 3970 3062 4022 socii
3101 3968 3271 4020 taliter
3302 3984 3604 4019 conversan-

2058 4062 2185 4113 tium
2227 4063 2410 4129 elfecti.
2472 4062 2610 4116 Nam
2657 4069 2703 4113 et
2749 4061 2928 4114 vinctis
2968 4058 3217 4129 compassi
3261 4057 3401 4111 estis.
3455 4056 3605 4109 Modo

2058 4152 2357 4208 minutatim
2404 4167 2499 4219 per
2540 4159 2717 4217 partes
2766 4150 3103 4218 prosequitur
3148 4148 3331 4203 laudes
3377 4162 3559 4201 eorum
3586 4185 3599 4208 ,

2058 4242 2255 4303 dicens,
2296 4255 2388 4293 eos
2427 4255 2530 4292 non
2572 4240 2737 4293 solum
2776 4240 3004 4291 viriliter
3033 4237 3603 4307 sustinere-passiones

2059 4344 2155 4397 pro
2183 4328 2607 4390 Christo,verum
2647 4326 2807 4379 etiam
2848 4333 2900 4377 et
2938 4324 3130 4376 vinctis
3169 4337 3474 4388 compassos
3512 4337 3602 4375 cos

2057 4408 2493 4469 esse'annunliat.
2534 4414 2602 4467 Et
2634 4410 3044 4464 tribulationibus
3084 4408 3461 4479 opprobriisque
3493 4426 3602 4476 spc-

2056 4504 2312 4558 ctaculum
2344 4504 2486 4571 facti.
2522 4524 2538 4553 ι
2573 4502 2762 4555 Gravis
2788 4501 2979 4568 quippe
3010 4513 3094 4551 res
3122 4506 3203 4550 est
3226 4494 3597 4564 opprobrium;

2056 4606 2110 4648 et
2143 4595 2327 4648 idonea
2357 4593 2423 4645 ad
2452 4591 2814 4645 fortitudinem
2851 4588 3040 4641 animm
3069 4586 3471 4639 subvertendam
3494 4625 3507 4647 ,
3550 4588 3633 4638 et"

2057 4682 2122 4736 ad
2152 4681 2521 4737 exczecandam
2552 4687 2777 4733 mentem
2809 4684 3014 4745 potens,
3054 4674 3302 4740 quoniam
3330 4673 3477 4725 valde
3507 4686 3603 4741 ap-

2058 4783 2242 4842 petens
2269 4780 2349 4827 est
2381 4771 2560 4838 gloria:
2586 4784 2749 4838 genus
2775 4767 3059 4819 humanum
3083 4779 3097 4825 ;
3136 4772 3418 4830 propterea
3445 4762 3603 4814 etiam

2059 4870 2113 4916 et
2152 4859 2451 4929 opprobriis
2499 4856 2654 4909 facile
2698 4858 2940 4918 captatur
2985 4847 3216 4919 [Chrys.,
3263 4846 3600 4916 captivatur].

2058 4950 2123 5003 Et
2154 4965 2257 5003 non
2288 4947 2594 5015 simpliciter
2622 4942 2755 4993 dixit
2786 4939 3118 5007 opprobriis,
3161 4938 3253 4991 sed
3287 4936 3443 4989 etiam
3476 4949 3603 5003 aug-

2058 5046 2293 5091 mentum
2345 5034 2507 5097 fecit,
2554 5032 2768 5087 dicens,
2819 5025 3163 5095 spectaculum
3193 5023 3341 5094 [Cod.
3371 5022 3601 5089 semper,

2058 5123 2459 5194 expectaculum]
2505 5119 2650 5189 facti.
2703 5115 2834 5168 Cum
2865 5117 3004 5168 enim
3034 5116 3153 5181 quis
3182 5119 3385 5165 secrete
3413 5124 3603 5176 expro—

2056 5214 2261 5275 bratur,
2281 5202 2623 5266 contristatur
2644 5204 2855 5271 quidem
2876 5220 2889 5265 ',
2922 5202 3012 5254 sed
3038 5200 3202 5253 multo
3231 5195 3454 5261 amplius
3478 5210 3599 5247 cum

2047 5313 2232 5354 ’coram
2273 5298 2533 5351 omnibus.
2564 5313 2581 5344 ›
2636 5291 2703 5344 Et
2747 5292 2979 5360 rapinam
3026 5290 3270 5340 bonorum
3317 5292 3601 5335 vestrorum

2054 5402 2167 5437 cum
2193 5382 2381 5453 gaudio
2404 5380 2711 5447 suscepistis.
2752 5372 3257 5430 Mirabiliterlaudat
3276 5384 3367 5421 eos
3390 5367 3442 5421 in
3468 5367 3599 5435 fide;

2055 5476 2175 5542 quia
2209 5473 2250 5524 si
2281 5471 2437 5523 ﬁdem
2481 5486 2583 5523 non
2631 5469 2906 5528 haberent,
2954 5463 3171 5517 meliora
3198 5458 3459 5525 recepisse
3500 5472 3601 5525 pro

2058 5565 2152 5615 hac
2184 5561 2475 5615 substantia
2516 5562 2763 5627 abrepta,
2808 5570 2910 5609 non
2948 5569 3065 5607 cum
3107 5550 3298 5621 gaudio
3336 5550 3595 5617 suscepis—
