4262 6224
758 309 888 360 ιυ87
970 332 973 337 -

1606 316 1663 369 Β.
1709 316 1768 369 ε.
1805 316 2023 371 Αωιδι
2060 317 2190 373 δευ
2221 318 2490 375 Αιουιδι
2523 319 2798 375 OPERUM
2836 320 3011 375 PARS
3045 320 3105 376 il.

3789 318 3923 379 £083

749 416 1022 500 Adelmttttt
1051 420 1319 500 etii-edam
1346 422 1703 500 doctissimus,
1731 426 2049 500 Parisiensis
2091 427 2375 500 acadeinite
2402 428 2673 500 fundator,
2714 428 2892 500 Magni
2935 430 3158 500 denique
3185 428 3356 500 C_aroli
3405 435 3676 500 magister,
3703 441 3764 488 ut
3801 448 3923 488 eum

749 497 956 577 rgo-Aeace
983 488 1266 577 ajg-ellant,
1289 489 1600 568 deliciosus:
1623 502 1676 546 et
1695 509 1849 561 quem
1871 495 2009 549 Deus
2038 496 2091 548 in
2113 495 2394 549 Occidente
2411 496 2637 566 pugilem
2655 488 2929 552 inereiicis
2947 488 3254 565 Adoptianis
3274 488 3535 569 Opposuit,
3553 512 3611 556 ut
3709 501 3925 558 Oriente

747 553 1000 623 Cyrillum
1030 554 1377 612 Nestorianis.

1682 691 2060 701 ——.—_

2064 693 3889 722 Μ

1957 793 2248 867 LIBER
2308 795 2710 872 PRIMUS.

985 1016 1267 1073 INCIPIT
1308 1016 1700 1071 PREFATIO
1741 1017 2044 1073 ALCL’INI

1086 1142 1137 1179 IN
1173 1142 1551 1181 EXPOGITIONEI
1586 1143 1944 1184 APOCALYPSIS.

801 1237 993 1292 Beatus
1021 1236 1161 1291 Beda
1214 1238 1266 1290 in
1301 1247 1505 1305 septem
1530 1239 1797 1305 periochis
1836 1225 1965 1293 dicit
1990 1238 2280 1309 Apocalyp-

730 1328 814 1379 siu
854 1326 1162 1380 consistere.
1195 1325 1248 1378 In
1301 1328 1472 1393 prima
1496 1335 1615 1393 post
1657 1327 2024 1381 salutationem
2046 1342 2279 1382 comme-

732 1423 905 1467 morat
947 1413 1150 1467 Domini
1179 1414 1450 1482 passiones
1474 1424 1527 1467 et
1554 1413 1750 1481 glorias
1783 1417 1847 1468 ad
1889 1415 2279 1469 confirmandos

730 1501 1006 1555 infirmos:
1038 1503 1227 1556 deinde
1262 1503 1688 1556 commemoratis
1713 1516 1829 1570 quae
1869 1503 1920 1555 in
1953 1510 2151 1570 septem
2178 1502 2277 1555 Ec-

726 1590 901 1643 clesiis
928 1598 1074 1658 gesta
1126 1599 1178 1643 et
1230 1591 1455 1658 gerenda
1504 1600 1648 1650 sunt,
1692 1590 1944 1642 describit
1990 1604 2194 1657 pugnas
2221 1598 2277 1642 et

727 1680 976 1732 \ictorins
998 1680 1309 1731 universalis
1337 1678 1604 1731 Ecclesiae.
1642 1677 1695 1728 lu
1726 1678 1953 1730 secunda
1977 1677 2119 1730 videt
2146 1692 2273 1744 qua—

726 1775 844 1821 tuor
871 1769 1141 1829 anitnalia,
1168 1778 1220 1821 et
1247 1768 1429 1836 viginti
1451 1777 1678 1835 quatuor
1699 1767 1954 1829 seniores,
1991 1777 2042 1820 et
2066 1767 2270 1835 Agnum

722 1864 969 1915 stantem,
994 1863 1047 1907 et
1075 1855 1262 1906 librum
1306 1865 1504 1921 septem
1541 1854 1725 1921 sigillis
1751 1853 2011 1921 signatum
2044 1872 2055 1905 :
2088 1864 2270 1907 narrat

720 1946 878 1997 etiam
910 1960 1113 2012 pugnas
1150 1953 1204 1997 et
1246 1945 1538 2013 triumphos
1579 1941 1841 1996 Ecclesiae.
1875 1942 1929 1994 In
1974 1944 2126 1995 tertia
2172 1944 2268 1996 sub

718 2033 894 2099 specie
945 2040 1145 2098 septem
1215 2032 1516 2098 angelorum
1571 2033 1694 2083 tuba
1743 2030 2045 2083 canentium
2092 2017 2274 2083 varios

718 2128 937 2173 eventus
960 2119 1205 2172 Εειιιρηίω
1231 2120 1498 2171 describit.
1528 2118 1581 2170 ln
1610 2127 1816 2185 quarta,
1841 2119 1937 2170 sub
1961 2116 2125 2185 figura
2152 2134 2265 2171 mu-

715 2205 860 2258 lieris
881 2215 932 2258 ct
959 2202 1225 2266 tiroconis,
1250 2221 1449 2272 pugnas
1485 2215 1539 2259 et
1586 2207 1835 2259 victorias
1863 2206 2111 2260 Ecclesia:
2142 2224 2264 2276 nar:

719 2300 816 2353 rat,
849 2294 933 2343 ubi
986 2308 1079 2361 per
1108 2303 1304 2361 septem
1333 2292 1547 2360 angelos
1592 2288 1729 2344 die'ta
1760 2301 1811 2344 et
1848 2292 1986 2345 facta
2031 2308 2261 2347 comme-

715 2389 901 2441 morat,
927 2380 1027 2433 etsi
1055 2396 1157 2432 non
1194 2390 1249 2432 ut
1270 2380 1431 2447 prius.
1456 2380 1508 2432 In
1537 2380 1719 2447 quinta
1754 2395 1847 2448 per
1876 2390 2073 2449 septem
2100 2384 2285 2451 ange-‘

714 2468 792 2520 los
820 2469 1214 2538 septemplagis
1259 2478 1452 2522 terram
1482 2470 1727 2536 peremit.
1761 2470 1815 2523 In
1859 2480 2007 2524 sexta
2045 2472 2259 2524 damna-

713 2558 907 2609 tiottetn
946 2559 1243 2611 meretricis
1286 2568 1482 2609 narrat.
1514 2558 1567 2610 In
1598 2558 1819 2624 septima
1865 2573 2085 2610 uxorem
2124 2559 2257 2628 Agni

711 2647 837 2697 dicit
870 2655 1113 2705 ornatam
1147 2646 1210 2697 de
1237 2645 1369 2697 etelo
1396 2645 1731 2697 descendere.
1762 2646 1832 2698 De
1871 2656 2069 2713 septem
2106 2662 2257 2715 regu-

710 2735 774 2787 lis
803 2735 1075 2796 'l'ichonii;
1126 2750 1346 2802 quarum
1379 2736 1544 2802 prima
1580 2745 1658 2788 est
1687 2738 1748 2789 de
1790 2736 2011 2790 Domino
2038 2738 2255 2805 ejusque

711 2839 953 2889 corpore,
985 2825 1209 2876 secunda
1257 2824 1318 2875 de
1351 2824 1551 2876 Domini
1604 2840 1822 2891 corpore
1852 2828 1977 2879 vero
2015 2834 2068 2877 et
2092 2828 2252 2878 simu-

711 2916 838 2977 lato,
868 2917 1019 2967 tertia
1052 2915 1115 2967 de
1144 2916 1417 2981 [ll'OllllSaiS
1442 2924 1491 2965 et
1524 2916 1656 2983 lege,
1681 2926 1865 2983 quarta
1906 2918 1971 2971 de
1999 2919 2171 2986 specie
2199 2927 2253 2971 et

708 3019 919 3070 genere,
951 3003 1132 3069 quinta
1184 3004 1247 3054 de
1297 3004 1639 3070 temporibus,
1690 3013 1837 3057 sexta
1866 3006 2249 3073 recapitulatio,

710 3092 931 3159 septittt‘t
962 3091 1025 3144 de
1047 3090 1255 3143 diabolo
1274 3092 1489 3159 ejusque
1516 3108 1755 3162 corpore.
1798 3095 1889 3148 Ila:
1915 3103 2112 3165 septem
2150 3111 2248 3150 rre-

710 3186 858 3252 guto,
894 3202 994 3238 non
1024 3187 1190 3238 solum
1214 3187 1263 3238 in
1290 3187 1622 3253 Apocalypsi,
1651 3189 1744 3239 sed
1781 3188 1830 3239 in
1857 3188 1969 3240 aliis
2058 3190 2145 3243 'ris
2169 3190 2247 3243 in-

708 3275 1013 3338 veniuntur,
1040 3276 1268 3328 maxime
1298 3285 1472 3328 autem
1503 3276 1554 3327 in
1582 3277 1917 3343 propheticis.

778 3363 829 3416 In
862 3363 1206 3431 Apocalypsin
1232 3366 1432 3431 primus
1475 3375 1860 3418 commentatus
1901 3382 2002 3418 ma.
2042 3383 2103 3435 vr
2129 3368 2245 3421 Vic-

706 3454 939 3514 torinus;
971 3467 1125 3520 quem
1156 3468 1381 3519 sequens
1403 3454 1586 3506 beatus
1628 3452 1979 3522 Hieronymus
2006 3455 2243 3524 qumdam

692 3552 822 3607 ‘quze
851 3542 935 3593 ille
978 3540 1128 3607 juxta
1172 3540 1398 3593 litteram
1444 3541 1772 3593 intellexerat
1812 3520 2073 3606 auferens],
2104 3558 2246 3609 qum-

705 3633 825 3685 dam
848 3648 911 3685 ex
926 3631 1151 3699 proprio
1184 3630 1461 3698 adjiciens,
1489 3626 1648 3683 unum
1681 3632 1730 3684 in
1772 3648 1888 3685 eam
1928 3634 2159 3686 condidit
2184 3634 2244 3685 li-
2272 3649 2315 3709 (ς

705 3724 877 3782 brum,
906 3722 1241 3789 promittens,
1268 3734 1323 3771 se
1362 3720 1413 3771 in
1454 3733 1515 3771 ea
1540 3720 1810 3787 potissimo
1860 3722 2241 3801 laboraturum,

706 3813 748 3864 si
790 3812 907 3863 vita:
935 3811 1157 3876 spatium
1185 3810 1429 3861 adesset:
1459 3808 1547 3861 sed
1596 3824 1727 3876 opus
1776 3808 1897 3861 illud
1929 3821 2100 3863 utrum
2152 3812 2244 3864 im-

707 3900 897 3967 pletum
921 3899 1100 3959 fuerit,
1129 3898 1385 3949 incertum
1428 3906 1525 3950 est.
1572 3897 1839 3951 Donatista
1869 3900 2025 3951 etiam
2054 3900 2243 3953 Tieho—

706 3990 821 4040 nius
848 3984 1185 4054 multiplicem
1209 3985 1257 4036 in
1280 3999 1395 4036 eam
1417 3985 1577 4037 edidit
1595 3986 1999 4052 expositionem,
2020 3986 2109 4039 sed
2124 4002 2242 4054 per-

705 4078 839 4130 ﬁdi-.e
872 4090 1065 4129 veneno
1090 4077 1439 4128 commiscuit.
1465 4075 1587 4127 Post
1610 4090 1762 4143 quem
1792 4075 2077 4131 Primasius
2104 4077 2240 4131 Afri—

704 4182 847 4220 canre
877 4164 1123 4219 Ecclesia:
1149 4164 1387 4227 antistes,
1418 4165 1497 4215 vir
1538 4182 1633 4233 per
1661 4167 1836 4218 omnia
1874 4168 2164 4220 catholicus
2188 4176 2241 4220 et

707 4260 757 4310 in
788 4257 979 4311 divinis
1027 4254 1314 4323 Scripturis
1362 4254 1619 4319 eruditus,
1664 4254 1895 4323 quinque
1935 4270 2050 4308 eam
2094 4256 2240 4310 libris

703 4347 967 4404 enodavit,
996 4345 1048 4396 in
1071 4344 1280 4410 quibus,
1303 4348 1362 4394 ut
1386 4344 1493 4411 ipse
1525 4345 1735 4403 asserit.
1773 4360 1874 4395 non
1900 4354 2005 4405 tam
2029 4348 2236 4413 propria

704 4422 871 4503 quam
905 4434 1072 4485 aliena
1130 4431 1430 4494 contexuit,
1477 4429 1706 4497 ejusdem
1757 4431 1955 4484 seil‘eet
2000 4433 2236 4487 Tiehonii

704 4529 836 4577 bene
882 4520 1143 4575 intellecta
1187 4518 1474 4581 deilorans;
1509 4520 1847 4572 nihilominus
1874 4526 1925 4570 et
1964 4520 2099 4571 beati
2128 4520 2231 4571 An-

702 4608 891 4677 gustini
940 4607 1178 4675 quaedam
1232 4606 1467 4674 exposita
1518 4606 1770 4671 capitula
1805 4605 2104 4667 adnectens.
2174 4607 2239 4660 Et

700 4699 940 4768 quamvis
963 4714 1077 4750 eam
1101 4697 1303 4765 plenius
1322 4713 1476 4764 quam
1514 4697 1598 4749 alii
1627 4699 1946 4765 exposuerit,
1983 4698 2247 4751 altissimo

702 4804 878 4845 tamen
929 4804 1167 4844 sermone
1223 4789 1531 4856 composuit.
1588 4788 1821 4855 Denique
1870 4790 1968 4841 etsi
2020 4804 2237 4843 numero

770 4914 791 4941 ι
826 4901 932 4953 Hos
973 4916 1154 4952 versus
1181 4900 1416 4967 sequenti
1456 4898 1844 4952 Commentario
1887 4899 2067 4967 (quod,
2115 4899 2235 4955 licet

2305 1024 2348 1077 Α
2376 1035 2562 1087 pauca,
2591 1022 3003 1078 luculentissime
3051 1034 3225 1078 tamen
3265 1041 3291 1078 a
3321 1033 3503 1081 sancto
3537 1025 3793 1096 Gregorio
3818 1041 3917 1081 ex-

2379 1108 2548 1174 posita
2577 1118 2699 1161 sunt
2722 1110 2947 1178 capitula
2980 1126 3073 1179 per
3123 1112 3236 1181 ejus
3279 1113 3485 1167 diversa
3515 1113 3785 1182 opuscula.
3811 1114 3915 1170 Po-

2377 1203 2578 1315 :tremo
2604 1196 2793 1277 beatus
2832 1196 3143 1315 Aniljrodus
3163 1198 3450 1269 Autpertus
3473 1203 3750 1272 presbyter
3771 1219 3915 1271 qua:-

2412 1298 2493 1315 nm
2516 1298 2577 1315 ην
2607 1285 2689 1315 ιιι,
2743 1286 2903 1315 ..ιιι-1...
2931 1300 3055 1315 ιιι-Α
3080 1301 3137 1315 Α-
3180 1303 3273 1315 ...υι
3297 1304 3495 1315 -Α-...υι
3562 1290 3909 1315 ....I..I.-_..:-.-

2375 1281 2494 1335 dam
2516 1298 2579 1336 ex
2607 1285 2712 1349 his,
2743 1286 2904 1339 multa
2931 1281 3057 1341 vero
3077 1301 3138 1339 ex
3180 1303 3274 1341 suo
3297 1304 3521 1371 ponens,
3562 1290 3913 1358 pulcherrime

2374 1374 2736 1443 pertractavit.
2768 1372 2990 1444 Explicit
3014 1376 3269 1445 praefatio.
3663 1397 3667 1400 ‘

2407 1526 2759 1584 EXPOSITIO
2796 1529 3194 1587 PROPHETIE
3234 1532 3392 1588 NOV]
3428 1531 3875 1589 TESTAMEN’I’I.

2371 1669 2394 1697 ι
2421 1656 2581 1712 Exsul
2612 1660 2678 1713 ab
2703 1661 2931 1714 lmmano
2957 1663 3079 1715 dum
3104 1662 3315 1729 pellitur
3337 1663 3464 1716 orbe
3489 1661 3720 1717 Ioannes

2436 1747 2501 1799 Et
2530 1748 2723 1801 vetitus
2743 1747 2887 1804 Coici
2914 1760 2993 1804 est
3019 1740 3235 1804 cernere
3261 1766 3417 1818 regna
3450 1750 3566 1807 soli.

2371 1835 2537 1889 intret
2563 1853 2727 1891 ovans
2752 1840 2869 1893 caeli
2896 1839 3117 1895 Domino
3145 1842 3365 1897 dilectus
3388 1841 3439 1895 in
3467 1844 3639 1897 aulam
3692 1842 3695 1843 ⁷

2436 1926 2593 1994 Regis
2614 1938 2666 1980 et
2687 1927 2957 1982 altithroni
2989 1931 3179 1998 gaudet
3199 1932 3383 1987 adesse
3407 1933 3554 1987 toris.

2365 2013 2497 2067 llinc
2517 2016 2605 2067 ubi
2627 2015 2916 2081 subjectum
2948 2033 3093 2071 saera
3117 2018 3311 2072 lumina
3333 2021 3489 2074 vertit
3517 2022 3568 2073 in’
3593 2022 3774 2076 orbem

2416 2103 2659 2165 _Currere
2686 2104 2987 2175 fluctivagos
3019 2110 3199 2161 cernit
3216 2111 3407 2177 ubique
3433 2121 3594 2164 rotas.

2362 2193 2425 2245 Et
2444 2193 2605 2258 Babel
2633 2203 2686 2247 et
2712 2194 2978 2264 Solymam
3008 2194 3187 2252 mixiis
3216 2201 3495 2270 conﬂigere
3518 2202 3729 2261 castris.

2431 2280 2669 2349 "ineque
2688 2294 2845 2351 atque
2867 2286 2988 2340 hinc
3010 2288 3211 2343 vicibus
3237 2289 3334 2342 tela
3362 2289 3641 2360 fugamque
3666 2292 3801 2360 capi.

2362 2366 2463 2421 Sed
2493 2369 2673 2423 mitem
2704 2374 2941 2439 sequitur
2967 2375 3117 2431 miles
3145 2378 3232 2445 qui
3265 2379 3517 2433 candidus
3544 2396 3757 2449 agnum,

2424 2455 2553 2509 Cum
2578 2457 2710 2512 duce.
2736 2463 2989 2529 percipiet
3011 2479 3167 2532 regna
3199 2467 3349 2519 beata
3380 2467 3519 2533 polo.

2360 2542 2710 2611 Squammcus
2730 2557 2810 2601 est
2829 2551 3013 2619 anguis
3036 2567 3131 2620 per
3153 2562 3346 2608 tartara
3369 2571 3506 2610 eteea
3530 2556 3785 2625 maniplos

2426 2632 2738 2703 Submerget
2765 2634 3008 2703 ﬂammis,
3042 2652 3209 2708 peste,
3242 2644 3483 2713 fameque
3508 2662 3651 2700 suos.

2356 2720 2520 2787 llujus
2550 2739 2667 2791 qua:
2693 2723 2876 2797 facies,
2900 2729 3213 2793 stadiumve,
3243 2733 3440 2787 ordove
3466 2734 3646 2797 duelli,

2422 2808 2522 2862 Ais
2542 2827 2675 2877 qum.
2709 2808 2824 2880 quae
2852 2816 3101 2881 phalanx,
3128 2818 3300 2885 palma
3321 2831 3373 2874 et
3399 2836 3544 2874 arma
3571 2822 3758 2885 forent,

2352 2895 2588 2951 Pandere
2613 2899 2736 2956 dum
2765 2917 2864 2969 cup
2882 2920 3025 2963 *rem,
3060 2915 3293 2960 veterum
3323 2918 3435 2963 sata
3465 2911 3564 2963 lata
3606 2926 3890 2981 peragrans

2420 2985 2671 3054 Excerpsi
2697 2993 2896 3059 campis
2917 2995 3151 3061 germina
3180 3012 3344 3064 pauca
3367 3000 3553 3063 sacris,
3724 3031 3735 3041 -
3781 2985 3784 2988 i

2349 3075 2509 3146 Copia
2538 3096 2604 3133 ne
2625 3083 2797 3149 potior
2820 3094 3035 3154 generet
3064 3086 3271 3141 fastidia
3297 3092 3516 3153 mensis,

2416 3164 2701 3220 Convivam
2732 3177 2822 3222 aut
2851 3178 3061 3224 tenuem
3088 3182 3232 3226 tanta
3258 3190 3446 3242 parare
3471 3184 3626 3229 vetet.

2347 3250 2535 3307 Nostra
2568 3255 2672 3309 tuis
2693 3272 2817 3326 ergo
2843 3260 3048 3327 sapiant
3070 3261 3113 3314 si
3145 3260 3343 3316 fercula
3371 3262 3529 3318 labris

2417 3341 2638 3397 Donanti
2669 3344 2850 3400 laudes
2871 3350 2934 3401 da
2959 3364 3120 3418 super
3138 3359 3277 3403 astra
3308 3351 3434 3406 Deo.

2348 3430 2440 3484 Sin
2470 3434 2617 3496 alias,
2645 3437 2848 3489 animos
2869 3448 3040 3492 tamen
3067 3441 3391 3509 amplexator
3413 3442 3609 3496 amicos

2416 3518 2541 3585 Qua:
2562 3537 2714 3587 cano,
2745 3526 3036 3593 corripiens
3055 3529 3261 3594 pumice
3287 3527 3467 3594 frange
3488 3528 3618 3584 fero.

2417 3642 2555 3696 Inter
2576 3644 2803 3712 reliquos
2831 3645 2961 3699 Novi
2983 3647 3023 3700 Τ
3026 3637 3307 3703 estamenti
3333 3650 3517 3715 libros,
3539 3652 3647 3706 sola
3676 3655 3882 3722 Apoca-

2346 3730 2506 3799 lypsis
2530 3735 2803 3801 prophetia
2830 3745 3069 3798 vocatur,
3111 3737 3261 3803 juxta
3292 3730 3418 3790 illud
3445 3757 3457 3789 :
3482 3739 3671 3794 Beatus
3693 3742 3781 3810 qui
3808 3741 3883 3796 le-

2342 3820 2416 3888 git
2438 3829 2491 3873 et
2513 3822 2599 3889 qui
2624 3822 2842 3875 audiunt
2865 3824 3023 3876 verba
3050 3826 3335 3892 prophetia
3362 3826 3477 3880 libri
3513 3825 3687 3895 hujus,
3710 3837 3764 3883 et
3781 3844 3881 3885 cm-
3910 3894 3911 3897 η

2342 3916 2474 3960 tera.
2513 3908 2643 3972 Quia
2664 3924 2789 3978 ergo
2816 3926 2948 3964 nova
2974 3912 3247 3979 prophetia
3272 3922 3368 3973 est,
3400 3916 3476 3969 sic
3502 3916 3712 3970 excellit
3736 3926 3880 3974 vete-

2341 4010 2450 4047 rem
2485 3998 2833 4064 prophetiam,
2858 4000 2993 4053 sicut
3036 4000 3368 4067 Evangelium
3394 4002 3783 4057 observantiam
3804 4004 3877 4059 le-

2340 4086 2439 4152 gis,
2472 4086 2591 4151 quia
2622 4102 2737 4151 qua:
2762 4087 2827 4139 de
2853 4088 3062 4141 Christo
3084 4096 3136 4140 et
3164 4090 3227 4141 de
3250 4090 3481 4143 Ecclesia
3520 4091 3734 4160 antiqua
3758 4107 3879 4161 pro-

2339 4170 2513 4237 phetia
2540 4172 2815 4225 revelanda
2844 4175 3106 4242 przedixit,
3136 4175 3248 4227 lucc
3267 4176 3375 4243 jam
3402 4178 3630 4237 revelata
3677 4179 3880 4235 denun-
3930 4173 3945 4193 “

2338 4260 2455 4312 tiat.
2498 4260 2646 4313 Unde
2683 4270 2735 4313 et
2764 4261 3123 4331 Apocalypsis,
3152 4264 3205 4316 id
3235 4273 3315 4317 est
3344 4266 3611 4332 revelatio,
3638 4260 3880 4324 inseribi-

2338 4355 2441 4399 tur.
2474 4348 2640 4414 Hujus
2668 4358 2841 4402 autem
2866 4351 2983 4404 libri
3016 4366 3203 4421 magna
3226 4355 3512 4409 auctoritas
3540 4364 3640 4419 est,
3687 4358 3806 4425 quia
3845 4371 3877 4411 a

2337 4436 2596 4488 Trinitate
2623 4452 2715 4505 per
2729 4439 2969 4507 angelum
2990 4440 3054 4491 ad
3075 4438 3327 4493 Joannem
3358 4442 3602 4495 mittitur.
3627 4442 3666 4494 Λ
3698 4442 3875 4508 Patre,

2336 4531 2390 4574 ut
2420 4524 2543 4577 illud
2570 4542 2582 4575 :
2609 4524 2774 4589 Quam
2806 4526 2940 4578 dedit
2977 4526 3049 4577 illi
3077 4525 3209 4579 Deus
3234 4528 3405 4596 palam
3429 4528 3613 4596 facere.
3645 4529 3688 4583 Δ
3718 4529 3869 4591 Filio.

2336 4620 2392 4664 ut
2418 4602 2541 4665 illud
2573 4632 2583 4665 :
2618 4614 2727 4682 Ego
2770 4612 2923 4667 Jesus
2952 4614 3069 4666 misi
3112 4617 3354 4685 angelum
3396 4631 3569 4669 meum
3603 4619 3872 4677 testiﬁcari

2333 4702 2501 4754 vobis.
2529 4700 2570 4751 Α
2617 4699 2819 4768 Spiritu
2849 4716 3055 4769 quoque
3082 4712 3283 4765 saneto,
3328 4710 3387 4755 ut
3423 4704 3551 4758 illud
3581 4724 3592 4758 :
3620 4706 3876 4763 Dominus

2334 4789 2473 4842 Deus
2500 4788 2831 4855 omnipotens
2877 4788 3103 4855 Spiritus
3128 4790 3501 4857 prophetarum
3546 4794 3689 4847 misit
3710 4808 3867 4863 angeo

2334 4894 2711 4965 archiepiscopi
2764 4895 3213 4964 Salisburgensis;
3265 4898 3357 4967 qui
3408 4915 3594 4955 versus
3656 4901 3731 4954 ita
3783 4915 3869 4956 ao-

700 4974 838 5025 liaud
863 4974 1260 5035 incompertum,
1295 4970 1521 5035 reperire
1552 4983 1652 5020 non
1680 4968 1866 5035 potuit)
1891 4968 2230 5035 pneﬁgendos
2258 4969 2307 5025 D
2334 4972 2487 5020 nant.

700 5042 890 5092 indicat
940 5034 1230 5089 Frobenius
1276 5034 1407 5087 inter
1450 5034 1695 5087 Addenda
1726 5046 1777 5087 et
1823 5034 2131 5103 Supplenda,
2160 5040 2225 5091 ad

697 5112 891 5159 calcent
915 5106 1140 5173 Opernm
1185 5106 1320 5156 beati
1347 5104 1566 5163 Alcuini,
1595 5120 1655 5156 ex
1679 5106 1857 5157 codice
1903 5115 2221 5172 pervetusto,

699 5178 762 5228 de
790 5191 890 5242 quo
934 5178 1006 5226 sic
1051 5176 1131 5226 vir
1161 5174 1492 5226 doctissimus
1521 5192 1530 5223 :
1562 5192 1577 5221 ε
1616 5174 1774 5226 Paulo
1819 5181 2092 5240 antequam
2126 5178 2224 5229 hoc

698 5261 827 5311 opus
855 5246 1053 5311 integre
1074 5243 1208 5310 typis
1228 5242 1604 5301 absolveretur,
1638 5243 1769 5296 forte
1791 5242 2005 5294 fortuito
2031 5243 2093 5293 ad
2115 5260 2224 5296 ma-

698 5330 796 5365 nus
824 5327 966 5365 meas
996 5312 1197 5364 delatus
1217 5322 1296 5365 est
1326 5311 1496 5365 codex
1528 5327 1623 5367 ms,
1656 5320 2002 5378 pervetustus,
2029 5314 2221 5366 nemini

696 5382 867 5433 adhuc
924 5384 1259 5446 memoratus,
1301 5389 1640 5435 conservatus
1668 5396 1789 5433 vero
1819 5382 1866 5431 in
1898 5380 2054 5446 hujus
2077 5382 2221 5433 urbis

699 5458 888 5503 postne
916 5444 1306 5516 Ratispon'ensis
1348 5450 1538 5501 celebri
1577 5448 1791 5516 eoll°gio
1827 5463 1915 5499 seu
1942 5444 2218 5517 episeomli

699 5521 968 5585 gymnasio
991 5519 1045 5570 5.
1076 5519 1236 5570 l’anli.
1267 5519 1502 5584 Scriptus
1534 5520 1575 5569 is
1609 5526 1710 5578 est,
1740 5523 1891 5583 prout
1913 5533 2095 5569 versus
2117 5520 2221 5585 pri—

702 5584 1021 5655 imcpagine
1068 5588 1299 5655 inscripti
1346 5596 1620 5639 leslanl'tr.
1662 5584 1808 5649 jussu
1865 5584 2219 5654 l.i-‘.phrammi

2444 5088 2670 5153 Scribere
2691 5090 2820 5153 hunc
2844 5088 3018 5139 librum
3042 5090 3151 5141 fecit
3167 5095 3261 5153 jam
3283 5092 3641 5143 archiueerdos

2569 5148 2931 5209 Liuphrammus
2953 5160 3131 5212 rector,
3158 5148 3221 5201 sit
3244 5154 3318 5199 cui
3349 5156 3437 5200 vita
3459 5153 3603 5205 saIuS.

2326 5244 2524 5316 Tenuit
2542 5243 2945 5316 lfiuphrammns
2967 5246 3105 5299 illam
3136 5248 3311 5299 sedem
3335 5247 3769 5316 metropoliticarn
3794 5246 3866 5316 ab

2317 5329 2461 5365 anno
2482 5314 2783 5383 836Wusque
2826 5318 2891 5367 ad
2932 5330 3125 5367 annum
3155 5316 3287 5379 859;
3334 5317 3429 5369 cui
3465 5314 3689 5383 tempori
3731 5315 3866 5370 scri-

2323 5390 2475 5451 ptura
2503 5382 2703 5451 codicis
2722 5384 2956 5451 apprime
2976 5385 3236 5437 convenit.
3266 5386 3427 5437 Porro
3465 5384 3517 5435 in
3556 5382 3654 5446 hoc
3681 5385 3864 5441 codice

2326 5450 2547 5522 plurima
2576 5450 2781 5522 Alcuini
2807 5453 2973 5504 nostri
3028 5454 3263 5505 carmina
3301 5451 3638 5522 deprehendi,
3667 5454 3861 5522 partim

2322 5519 2425 5591 iam
2448 5521 2587 5572 inter
2611 5520 2751 5591 edita
2778 5522 3174 5591 comprehensa,
3200 5519 3387 5589 partim
3418 5520 3485 5574 ibi
3514 5519 3718 5585 mutila,
3741 5536 3865 5591 par~
3947 5576 3957 5586 ,

2328 5589 2416 5641 tim
2443 5604 2566 5643 vero
2593 5588 2805 5641 omnino
2827 5588 3047 5651 inedita;
3086 5609 3101 5639 ι
3129 5588 3229 5643 etc.
