4262 6210
339 352 467 405 i080

1070 339 1468 396 EXEGETICA.
1510 367 1574 376 —-
1611 332 1954 388 COMSIENT.
1997 331 2060 383 IN
2099 331 2378 385 APOCAL.
2420 360 2486 369 -—
2523 330 2644 382 LIB.
2689 331 2723 381 l.

3367 331 3458 383 10f
3454 335 3500 379 ill

335 469 440 519 ium
468 477 637 522 suum,
669 465 722 513 et
747 460 956 513 extera.
999 455 1166 525 igitur
1202 454 1332 521 quia
1380 450 1506 504 nihil
1554 447 1860 500 historicum
1890 448 1936 502 Α
1966 443 2175 495 tandum
2207 444 2326 507 quia
2373 443 2573 508 plenior
2611 457 2796 493 sensus
2844 443 3165 498 redderetur.
3199 443 3241 494 si
3291 442 3400 496 hzec
3426 453 3505 494 est

334 561 505 615 sonet,
532 552 696 619 ipsius
741 547 899 613 verba
932 547 1120 599 docete
1145 544 1452 611 probantur.
1498 536 1677 602 Neque
1725 534 1864 619 enim

335 640 389 693 in
415 617 692 692 cmiovsunt
712 633 846 686 fabri
874 631 964 699 qui
1014 629 1202 705 loricas
1235 625 1509 685 fabricent,
1554 636 1650 674 nec
1683 617 1871 672 mulier

335 725 390 782 in
418 725 552 781 cmlo
578 737 763 791 parere
789 719 976 788 potuit.
999 716 1159 770 Nunc
1203 719 1441 780 superest
1469 717 1525 762 ut
1563 708 1867 774 qualitatem

337 813 554 868 visionis
571 811 684 888 ejus
706 806 1065 880 discutiamus.
1095 801 1225 856 Tres
1244 799 1420 866 itaque
1464 795 1724 846 visionum
1760 804 1871 841 mo-

339 903 432 955 dos
453 908 630 968 patres
651 887 818 948 nostri
852 890 1219 964 intelligendos
1254 887 1545 938 docuerunt
1582 899 1594 931 :
1625 892 1872 945 corpora-

339 965 469 1049 lem,
490 995 546 1038 ut
591 984 827 1035 videnms
872 994 966 1046 per
1009 976 1186 1030 oculos
1213 973 1394 1032 solem,
1425 970 1616 1025 lunam,
1648 977 1699 1019 et
1747 965 1872 1017 reli-

339 1093 468 1145 qua;
503 1071 810 1142 spiritalem.
843 1083 960 1136 qua:
1004 1067 1060 1118 ﬁt
1088 1078 1182 1131 per
1217 1061 1408 1114 mentis
1451 1071 1724 1110 excessum
1764 1054 1874 1105 sive

341 1163 675 1233 vigilantibus
724 1159 833 1211 sive
881 1151 1260 1208 dormientibus
1305 1147 1456 1207 viris,
1485 1159 1604 1197 cum
1643 1157 1745 1193 non
1790 1156 1874 1192 res

341 1228 656 1316 corporales.
686 1246 776 1297 sed
796 1241 1162 1295 similitudines
1187 1250 1359 1287 rerum
1404 1228 1752 1296 corporalium
1783 1241 1876 1296 pc‘r

343 1315 582 1405 spiritum
605 1334 890 1389 intuentur,
917 1323 1354 1394 quemadmodum
1375 1319 1578 1371 Pharao
1600 1315 1722 1364 vidit
1755 1327 1873 1376 sep-

344 1401 449 1477 tem
479 1424 654 1481 boves,
683 1428 731 1470 et
756 1414 1232 1469 Nabuchodonosor
1263 1406 1481 1474 lapidem
1510 1402 1787 1470 przecisum
1813 1401 1876 1451 de

344 1520 521 1566 monte
561 1510 671 1561 sine
702 1505 961 1560 manibus.
985 1509 1036 1552 et
1069 1498 1255 1550 Petrus
1278 1495 1513 1546 linteum.
1554 1489 1762 1540 Tertius
1798 1495 1878 1538 est

346 1601 434 1668 qui
471 1593 834 1650 intellectualis
873 1588 1182 1657 appellatur,
1208 1598 1300 1650 per
1327 1595 1482 1648 quem
1505 1592 1600 1629 nec
1631 1589 1877 1668 corpora-

348 1663 424 1742 les
450 1699 666 1748 res,nec
686 1694 867 1734 earum
889 1673 1274 1733 similitudines,
1292 1670 1381 1721 sed
1401 1669 1511 1734 ipsa
1541 1678 1717 1717 rerum
1744 1663 1879 1714 veri-

350 1787 429 1829 tas
461 1743 784 1828 intuentibus
805 1765 1184 1823 manifestatur,
1209 1760 1348 1828 quod
1373 1757 1494 1809 huic
1521 1752 1878 1806 tantummodo
1910 1743 1949 1796 Β

349 1860 688 1930 Apocalypsis
737 1859 921 1910 beatus
978 1835 1322 1916 Hieronymus
1367 1843 1600 1896 ascribit.
1654 1839 1879 1930 Sanctus

351 1924 471 2002 vero
493 1924 812 2015 Augustinus
837 1939 1128 2009 spiritalem
1154 1936 1205 1986 in
1234 1935 1332 1985 hac
1356 1929 1572 1996 intelligi
1594 1927 1782 1979 debere
1804 1924 1880 1974 vi-

349 2039 586 2097 sionem,
632 2049 694 2086 ac
741 2046 834 2099 per
884 2026 1250 2082 similitudines
1300 2035 1475 2074 rerum
1529 2015 1879 2083 corporalium

300 2172 304 2176 .
349 2133 633 2183 ostensam,
678 2114 993 2172 oumimodis
1018 2115 1184 2166 docet.
1227 2110 1331 2162 Sed
1378 2107 1473 2174 ipsi
1503 2105 1726 2156 viderint
1764 2103 1881 2168 quis

349 2225 529 2264 eorum
565 2208 738 2261 verius
763 2204 974 2258 dixerit.
997 2201 1138 2254 Ordo
1161 2212 1284 2250 vero
1314 2194 1631 2249 narrationis
1659 2193 1744 2244 hic
1779 2199 1880 2242 est.

350 2294 641 2362 Alquando
684 2293 748 2343 ab
782 2291 1007 2342 adventu
1048 2285 1252 2337 Domini
1295 2282 1524 2342 inchoat,
1551 2288 1603 2330 et
1644 2278 1884 2346 perducit

353 2398 518 2464 usque
562 2384 626 2435 ad
652 2381 808 2433 ﬁnem
856 2376 1050 2430 smculi.
1103 2372 1392 2464 Aliquando
1434 2368 1754 2464 tib-adventu

355 2455 483 2521 mini
517 2468 749 2528 inchoat,
775 2473 828 2517 et
870 2472 1152 2527 antequam
1192 2459 1357 2519 ﬁniat,
1403 2457 1468 2508 ad
1494 2456 1697 2507 initium
1728 2455 1882 2516 redit,

354 2566 407 2611 et
423 2570 484 2609 ea
512 2569 628 2623 qua:
651 2553 940 2612 dimiserat,
969 2549 1080 2601 sive
1104 2560 1220 2614 quae
1246 2545 1471 2605 dixerat,
1507 2542 1728 2594 diversis
1755 2543 1886 2609 ﬁgu-

356 2646 428 2698 ris
449 2651 709 2712 repetens,
733 2640 798 2693 ad
829 2637 1113 2691 secundum
1142 2631 1344 2686 Domini
1366 2632 1645 2682 adventum
1671 2643 1886 2696 percur-

356 2735 444 2788 rit.
473 2733 772 2800 Aliquando
804 2728 986 2795 incipit
1007 2741 1035 2777 a
1060 2724 1343 2778 novissima
1369 2719 1761 2788 persecutione;
1794 2716 1885 2768 sed

356 2833 636 2889 antequam
681 2819 748 2870 ad
797 2817 954 2869 ﬁnem
974 2815 1184 2875 veniat,
1235 2808 1622 2876 recapitulando
1667 2815 1886 2871 utraque

357 2909 641 2978 conjungit.
666 2906 958 2975 Aliquando
993 2905 1058 2956 ad
1083 2901 1431 2958 enarrandum
1462 2897 1725 2965 pr0posita
1755 2910 1883 2961 pau-

360 3000 517 3053 lulum
557 2996 873 3057 intermittit,
900 3000 950 3045 et
991 2992 1129 3044 aliud
1157 3003 1258 3041 non
1281 2988 1344 3039 ad
1374 2986 1473 3038 hoc
1498 2984 1766 3050 pertinens
1807 2981 1886 3032 in-

1964 535 2303 602 Apocalypsis
2344 537 2570 594 diceret;
2602 534 2691 584 sed
2720 533 3113 598 Seripturarum
3144 547 3255 584 mos
3278 539 3354 582 est
3382 533 3503 582 bre-

1965 621 2141 671 vitatis
2184 635 2341 670 causa
2371 619 2776 685 przenominatas
2801 616 3086 682 particulas
3123 617 3218 678 sub
3241 617 3507 668 auditione

1970 708 2279 774 relinquere.
2329 707 2461 758 llinc
2505 715 2586 758 est
2637 705 2772 772 quod
2802 705 3044 756 Salomon
3089 721 3191 757 non
3241 706 3312 756 ait
3354 723 3365 755 :
3418 704 3508 756 lim

1965 805 2084 847 sunt
2114 794 2376 860 parabolze
2399 793 2713 853 Salomonis,
2734 793 2830 849 vel.
2861 792 2979 844 lla‘c
3008 801 3129 843 sunt
3151 793 3306 842 verba
3332 793 3508 843 Eccle-

1969 885 2161 935 siaste.
2189 883 2546 949 Apocalypsis.
2577 891 2634 932 ut
2665 883 2861 932 dictum
2894 890 2994 938 est.
3033 895 3093 931 ex
3124 881 3308 931 (ira‘co
3331 882 3379 931 in
3414 880 3510 930 La-

1970 971 2135 1022 timun
2157 969 2405 1021 revelatio
2435 970 2827 1033 interpretatur.
2854 966 3005 1018 Jesus
3029 966 3302 1024 llehraice,
3331 965 3517 1017 Crzrce

1971 1059 2120 1117 sotir,
2148 1057 2329 1107 Latine
2353 1066 2527 1108 autem
2556 1056 2745 1106 dicitur
2763 1057 3028 1107 salutaris.
3049 1056 3290 1106 Christus
3310 1054 3508 1108 Grzect'.

1973 1147 2154 1197 Latine
2176 1155 2384 1196 unctus.
2414 1144 2538 1194 Nam
2564 1145 2789 1194 chrisma
2827 1144 3002 1193 unctio
3026 1143 3234 1192 dicitur.
3269 1142 3508 1192 (lhrisma

1971 1247 2095 1283 vero
2125 1232 2326 1297 primus
2345 1231 2559 1297 julicnte
2591 1229 2811 1280 Domino
2843 1228 3042 1294 Moyses
3085 1229 3134 1278 in
3177 1228 3308 1277 libro
3337 1227 3514 1277 livo'o

1973 1320 2328 1385 composuisse
2351 1327 2616 1374 narratur,
2640 1330 2744 1381 quo
2770 1330 2917 1379 reges
2955 1325 3002 1364 et
3035 1316 3333 1364 sacerdotes
3357 1328 3515 1378 unge-

1974 1408 2178 1463 hanlur,
2207 1406 2602 1471 pi-zriigiirantes
2636 1403 2898 1452 (Ilii-istum
2929 1418 2957 1451 a
2985 1402 3138 1451 Patre.
3187 1399 3516 1451 invisibiliter

1975 1501 2207 1543 unctum.
2238 1494 2402 1553 Quum
2430 1491 2566 1540 dedit
2614 1489 2714 1539 iliis
2747 1490 2880 1540 Deus
2925 1490 3097 1555 palam
3149 1489 3314 1552 facere
3361 1487 3515 1538 seri-is

1975 1581 2102 1654 suis,
2130 1597 2244 1648 qum
2293 1589 2484 1646 oportet
2531 1579 2644 1640 ﬁeri
2688 1580 2805 1629 cito.
2855 1579 2949 1630 llic
2977 1593 3185 1644 quoque
3231 1578 3516 1628 notandum

1976 1669 2096 1735 quia
2132 1668 2376 1720 usitatius
2404 1668 2698 1726 diceretur,
2737 1668 2848 1729 Qua
2895 1667 3038 1718 dedit
3085 1665 3157 1717 illi
3206 1665 3343 1716 Deus
3376 1684 3385 1715 :
3425 1665 3515 1716 sed

1979 1771 2142 1810 sacra!
2175 1756 2458 1822 Scriptum
2484 1754 2807 1806 consuetudo
2828 1762 2908 1805 est
2937 1753 3237 1820 frequenter
3258 1769 3354 1821 pro
3375 1753 3518 1804 abla-

1979 1847 2085 1897 tivo
2110 1845 2221 1896 sine
2242 1844 2605 1911 pra-positione
2632 1845 2986 1894 accusativum
3014 1857 3226 1908 ponere.
3265 1842 3411 1893 l'nde
3439 1852 3519 1894 est

1978 1931 2100 1982 illud
2123 1930 2304 1995 psalmi
2335 1948 2344 1978 :
2373 1928 2598 1988 Exaudi,
2632 1928 3050 1986 Domine.rocem
3076 1944 3260 1987 meant,
3287 1945 3388 1995 qua
3416 1930 3520 1980 cla-

1978 2017 2112 2067 ntari
2155 2017 2223 2067 ad
2271 2027 2336 2066 te.
2383 2015 2444 2066 Et
2495 2014 2686 2066 Paulus
2721 2032 2732 2065 :
2763 2014 2963 2065 Bonum
3010 2026 3262 2067 certamen
3313 2019 3518 2068 certari.

1979 2102 2283 2154 Ostenditur
2307 2103 2447 2154 enim
2477 2103 2558 2153 his
2598 2103 2773 2154 verbis
2801 2103 2912 2153 hare
2963 2103 3208 2154 revelatio
3253 2119 3371 2155 esse
3397 2104 3519 2156 Jesu

1979 2191 2198 2252 Christi,
2229 2200 2282 2242 et
2309 2193 2408 2243 hoc
2429 2207 2456 2242 a
2488 2192 2594 2243 Deo
2622 2193 2762 2243 illum
2791 2194 3077 2258 accepisse,
3111 2202 3169 2244 ut
3203 2209 3295 2244 sua
3327 2195 3525 2245 revela-

1981 2281 2124 2332 tione
2148 2280 2317 2346 palam
2340 2279 2540 2330 faceret
2571 2281 2736 2331 servis
2758 2281 2866 2330 suis
2887 2295 3002 2345 qua:
3023 2288 3228 2346 oportet
3253 2281 3362 2332 ﬁeri
3397 2282 3520 2332 cito.

1981 2368 2146 2431 Quam
2167 2369 2234 2419 ob
2264 2382 2370 2418 rem
2396 2369 2464 2418 ita
2489 2368 2910 2435 distinguendum
2933 2377 3029 2428 est,
3057 2369 3523 2445 Apocalypsislesu

1983 2458 2203 2516 Christi;
2233 2467 2284 2508 et
2309 2457 2495 2509 deinde
2545 2457 2895 2516 inferendum,
2922 2475 3075 2530 quani
3109 2460 3245 2510 dedit
3283 2459 3360 2510 illi
3385 2459 3525 2512 Deus

1982 2547 2152 2614 palam
2179 2547 2344 2611 facere
2387 2549 2542 2599 servis
2574 2547 2702 2609 suis,
2737 2556 2790 2599 et
2821 2548 3018 2614 reliqua
3054 2566 3064 2598 :
3099 2564 3320 2616 quorum
3362 2565 3523 2600 unttm

1984 2634 2048 2684 ad
2075 2633 2400 2684 divinitatem
2447 2635 2722 2700 redigitur,
2752 2635 3037 2687 secundant
3067 2652 3223 2704 quam
3252 2638 3361 2703 ipse
3407 2652 3525 2689 cum

1985 2721 2139 2772 Patre
2161 2727 2352 2773 'cuncta
2379 2721 2573 2774 revelat
2603 2724 2883 2789 mysteria;
2924 2723 3146 2774 alterum
3193 2724 3258 2776 ad
3288 2708 3528 2776 Immani-

1986 2819 2167 2872 tatem,
2199 2811 2484 2863 secundum
2509 2826 2664 2877 quam
2695 2827 2796 2862 non
2822 2812 2990 2863 solum
3018 2828 3045 2862 a
3067 2807 3224 2864 Patre
3246 2821 3297 2864 et
3323 2812 3524 2878 Spiritu

1985 2906 2188 2959 sancto,
2218 2898 2388 2950 sedet
2415 2913 2443 2948 a
2466 2899 2749 2964 semetipso
2778 2900 3000 2966 accepit,
3030 2910 3086 2952 ut
3126 2901 3234 2969 ipse
3259 2917 3352 2952 sua
3381 2916 3526 2952 reve-

1984 2987 2177 3039 latione
2195 3001 2258 3038 ea
2278 2999 2396 3054 qua!
2415 2988 2521 3040 cito
2539 2996 2746 3054 oportet
2782 2989 2917 3048 ﬁeri,
2943 2990 3110 3042 servis
3136 2991 3245 3041 suis
3274 2991 3524 3043 declaret.

360 3087 615 3153 terponit;
644 3093 762 3154 post
788 3082 926 3150 quod
953 3079 1135 3135 ordine
1157 3076 1366 3130 conciso
1393 3088 1510 3140 qua:
1529 3079 1757 3138 cmperat
1774 3083 1888 3135 per-
1911 3041 1957 3101 ο
1991 3074 2136 3127 Unde
2162 3088 2264 3127 non
2286 3041 2496 3136 dicitur,
2521 3041 2676 3142 quam
2704 3076 2846 3127 dedit
2867 3077 2937 3128 illi
2965 3077 3101 3129 Deus
3126 3077 3303 3138 Pater,
3333 3079 3422 3130 sed
3447 3079 3524 3130 in-
3613 3095 3616 3098 δ

360 3173 529 3226 docet.
551 3170 846 3238 Aliquando
869 3169 922 3221 in
957 3167 1068 3235 ipso
1085 3177 1274 3233 genere
1297 3159 1573 3214 locutionis
1594 3158 1669 3210 sic
1689 3163 1888 3207 mutata

363 3259 525 3327 ﬁgura
550 3258 698 3325 quasi
729 3256 829 3308 alia
854 3254 1226 3331 permiscetynt
1245 3262 1350 3301 non
1373 3246 1443 3298 nil
1463 3245 1601 3331 aliud
1630 3242 1889 3310 signiticet

361 3361 515 3415 quam
530 3345 894 3414 quodnarrare
913 3329 1160 3407 cmperat’l
1177 3338 1239 3389 Et
1256 3343 1378 3388 nota
1400 3329 1520 3401 quia
1545 3333 1809 3384 rarissime
1836 3330 1887 3381 in

363 3436 462 3488 hac
488 3433 804 3486 revelatione
836 3430 915 3483 vel
937 3428 1166 3496 angelus,
1200 3425 1280 3478 vel
1307 3424 1533 3477 Joannes
1556 3423 1793 3490 proprias
1815 3427 1888 3470 te-

363 3533 488 3576 nent
516 3534 784 3589 personas.
813 3518 1054 3570 Becurrit
1073 3511 1253 3566 autem
1277 3526 1452 3565 sermo
1474 3526 1504 3562 a
1525 3511 1698 3576 specie
1717 3508 1780 3558 ad
1804 3522 1889 3574 ga-

365 3627 484 3674 nus,
511 3605 944 3677 quemadmodum
979 3619 1097 3657 cum
1130 3600 1337 3653 Jezabel
1381 3599 1675 3666 specialiter
1717 3597 1886 3648 incre-

363 3707 558 3768 passet,
587 3694 856 3763 subiunxit
883 3710 896 3744 :
925 3692 992 3743 Et
1031 3691 1160 3745 dabo
1181 3690 1449 3757 unicuique
1469 3697 1688 3739 rastrum
1715 3700 1892 3736 secun-

363 3787 487 3839 dum
507 3798 657 3851 opera
685 3797 799 3832 sua.
821 3779 968 3841 Quod
991 3775 1312 3843 "generaliter
1336 3779 1444 3828 sive
1475 3775 1624 3827 bonis
1648 3773 1757 3824 sive
1784 3786 1892 3822 tua—

365 3876 431 3928 lis
445 3883 730 3939 congruere
751 3869 972 3921 videtur.
986 3866 1112 3918 item
1131 3880 1161 3916 a
1181 3879 1372 3929 genere
1393 3865 1458 3916 ad
1477 3865 1703 3930 speciem
1725 3873 1893 3914 trans-

369 3962 410 4014 it
453 3958 661 4028 quando
698 3971 816 4008 cum
853 3954 1119 4015 Ecclesize,
1162 3967 1277 4018 qum
1303 3951 1505 4004 habitat
1533 3951 1668 4003 inter
1705 3949 1895 4011 malos,

320 4074 323 4077 ·
367 4049 466 4104 sub
491 4048 662 4118 specie
683 4046 908 4116 pastoris
944 4045 1380 4112 Pergamenorum
1408 4042 1603 4094 diceret
1627 4059 1637 4091 :
1663 4040 1782 4093 Scio
1811 4039 1894 4091 ubi

368 4139 587 4202 habitas,
616 4137 700 4189 ubi
725 4136 864 4190 sedes
904 4143 978 4188 est
1024 4134 1255 4196 Satanae,
1302 4142 1356 4185 et
1387 4133 1607 4201 reliqua.
1634 4131 1894 4185 Continuo

370 4226 648 4296 negligenti
669 4224 864 4292 pastori
908 4222 1082 4276 intulit
1109 4239 1122 4273 :
1153 4219 1330 4273 Habeo
1353 4220 1592 4272 adversus
1637 4229 1684 4272 te
1705 4236 1892 4294 pauca,

1985 3161 2218 3223 deﬁnite,
2239 3179 2389 3230 quam
2415 3163 2551 3215 Jedit
2572 3162 2648 3213 illi
2672 3162 2831 3224 Deus,
2854 3164 2902 3215 id
2924 3172 3006 3216 est
3027 3163 3275 3215 Trinitas.
3309 3165 3370 3215 Et
3399 3176 3521 3216 nota

1985 3255 2107 3320 quia
2151 3254 2374 3307 dicendo
2409 3254 2566 3304 servis
2599 3254 2726 3314 suis,
2754 3255 2984 3306 ostendit
3035 3254 3222 3307 Filium
3263 3256 3422 3306 etiam
3472 3256 3521 3305 in

1987 3341 2151 3393 forma
2177 3344 2337 3402 servi,
2367 3358 2466 3394 non
2502 3357 2737 3404 servum,
2784 3343 2904 3394 dum
2950 3343 3063 3408 ejus
3104 3345 3402 3395 humanitas
3431 3345 3526 3395 do-

1987 3433 2124 3484 mina
2147 3433 2464 3498 przedicatur
2491 3447 2780 3483 servorum.
2841 3431 2958 3484 Suis
2987 3442 3158 3484 autem
3187 3433 3335 3494 dicit,
3366 3433 3414 3485 id
3441 3443 3525 3485 est

1988 3521 2173 3573 divina:
2198 3522 2379 3588 gratia:
2406 3521 2686 3587 subjectis;
2717 3521 2869 3586 juxta
2907 3521 3030 3572 illud
3069 3520 3367 3586 :Con/itcor
3415 3507 3528 3582 tibi,

1989 3608 2221 3669 Domine,
2249 3608 2404 3660 Pater
2441 3609 2549 3659 (teli
2576 3618 2622 3658 et
2654 3618 2823 3668 terra',
2851 3608 2970 3675 quia
3009 3608 3317 3659 abscondisti
3362 3609 3469 3660 hac
3497 3627 3527 3659 rt

1987 3697 2293 3762 sapientibus
2341 3707 2388 3747 et
2423 3698 2776 3763 prudentibus,
2822 3706 2869 3748 ct
2917 3697 3147 3748 rerelasti
3200 3715 3259 3748 ea
3304 3700 3532 3764 parvulis

1991 3783 2197 3849 (Matth.
2227 3798 2296 3842 χι,
2319 3783 2427 3849 25).
2462 3785 2515 3835 in
2540 3800 2603 3837 eo
2624 3799 2750 3836 vero
2781 3785 2917 3850 quod
2948 3786 3207 3848 subditur,
3237 3802 3352 3853 qutr
3379 3803 3528 3853 opor-

1990 3877 2058 3919 tet
2085 3869 2200 3934 ﬁcri
2224 3869 2343 3930 cito,
2369 3885 2665 3936 quanquam
2718 3871 2993 3922 innumera
3045 3873 3247 3938 possint
3291 3872 3533 3940 intelligi,

1991 3957 2241 4023 singulari
2272 3967 2446 4010 tamen
2476 3960 2765 4010 intentione
2783 3960 2848 4010 de
2887 3960 3262 4027 temporalibus
3290 3959 3540 4014 Ecclesiae

1989 4045 2249 4110 pressuris
2270 4044 2576 4112 gaudiisque
2609 4046 2926 4110 perennibus
2950 4048 3210 4109 venturis,
3235 4061 3299 4100 ac
3320 4048 3386 4101 de
3423 4063 3537 4101 ma-

1990 4127 2160 4182 lorum
2201 4133 2447 4198 praesenti
2473 4131 2739 4193 felicitate,
2764 4133 3082 4199 teternisque
3117 4131 3310 4186 futuris
3332 4135 3538 4187 cnteia-

1993 4217 2134 4269 tibus
2154 4232 2448 4270 sermonem
2472 4219 2721 4270 contexit.
2746 4217 2872 4282 Qum
2895 4220 3070 4271 omnia
3097 4221 3205 4272 cito
3231 4220 3380 4283 fiunt,
3405 4221 3530 4289 quia

371 4325 426 4370 et
450 4323 657 4370 cetera.
687 4315 767 4368 Ab
792 4314 893 4367 hac
920 4313 1092 4382 specie
1118 4297 1303 4365 transit
1328 4312 1398 4364 ad
1419 4310 1596 4374 aliam,
1629 4326 1747 4365 cum
1775 4325 1897 4378 pro—
1925 4344 1973 4401 D
1995 4305 2096 4401 hoc
2118 4316 2349 4401 pne-sene
2376 4311 2580 4372 tempus
2603 4305 2719 4401 sine
2758 4306 2931 4374 aliqua
2960 4308 3210 4360 momenti
3257 4307 3535 4375 interposi-

373 4404 513 4456 tinus
539 4403 713 4457 subdit
739 4420 753 4455 :
781 4401 868 4454 Ita
892 4401 1045 4454 habes
1073 4409 1119 4453 et
1144 4409 1199 4453 tu
1237 4407 1457 4451 tenentes
1489 4398 1774 4450 doctrinam
1796 4397 1895 4450 Ni-

372 4491 692 4545 colaitarunt.
724 4489 824 4555 Qui
843 4490 982 4542 enim
1013 4503 1117 4541 non
1137 4487 1211 4540 ait
1233 4504 1246 4537 :
1276 4485 1448 4539 [labes
1474 4485 1634 4538 etiam
1658 4486 1779 4546 illic,
1806 4488 1899 4540 sed

370 4578 524 4631 habes
550 4587 596 4631 et
622 4588 699 4640 tu,
722 4585 964 4644 patenter
1009 4576 1178 4629 innuit
1217 4575 1338 4643 quia
1372 4576 1439 4629 ab
1478 4592 1580 4628 una
1627 4577 1800 4642 specie
1833 4577 1900 4631 ad

372 4671 527 4724 aliam
563 4682 854 4721 sermonem
879 4668 1155 4721 convertit.
1187 4666 1452 4720 invenitur
1476 4667 1634 4719 etiam
1656 4680 1819 4733 genus
1845 4667 1899 4718 in

373 4758 564 4828 specie.
597 4753 726 4808 Nam
749 4754 969 4807 dicendo
1013 4754 1124 4821 Ego
1142 4753 1368 4817 Joannes
1392 4751 1573 4819 frater,
1597 4759 1649 4803 et
1674 4751 1896 4817 reliqua,

373 4847 430 4901 in
476 4861 572 4902 sua
602 4859 822 4913 persona
869 4843 1027 4896 totius
1052 4838 1296 4895 Ecclesia:
1342 4840 1731 4910 persecutiones
1772 4839 1899 4892 insi-

372 4940 522 4998 uitat,
541 4948 673 5000 quas
696 4932 925 4999 quotidie
949 4937 1162 5004 propter
1184 4930 1400 4980 verbum
1419 4928 1512 4980 Dei
1532 4929 1748 4993 patitur.
1771 4923 1901 4976 Jun-

373 5021 514 5088 gitur
537 5021 695 5071 etiam
715 5034 882 5088 genus
897 5018 1091 5087 generi,
1123 5030 1240 5070 cum
1261 5015 1412 5067 sedes
1439 5015 1631 5069 dicitur
1657 5014 1823 5081 posita
1846 5012 1899 5064 in

375 5110 527 5166 ctelo.
549 5109 843 5177 Utrumque
862 5112 1003 5164 enim
1036 5125 1130 5178 per
1173 5124 1230 5163 se
1254 5108 1504 5176 positum,
1525 5108 1580 5162 id
1614 5117 1695 5162 est
1719 5115 1773 5161 et
1795 5123 1900 5160 em-

375 5199 482 5251 ium
503 5206 558 5252 et
592 5198 764 5260 sedes,
786 5197 840 5250 in
887 5198 988 5251 hac
1007 5198 1349 5272 revelatione‘
1373 5194 1676 5262 frequenter
1713 5196 1899 5250 Eccle-

336 5347 344 5354 _
377 5285 511 5336 siam
533 5284 774 5353 designat
799 5303 812 5336 :
842 5299 958 5338 etim
992 5291 1166 5336 autein
1211 5284 1369 5338 simul
1387 5282 1700 5352 junguntur,
1742 5298 1901 5337 unam

376 5370 718 5437 eamdemque
741 5371 1029 5429 Ecclesiam
1061 5369 1308 5438 ﬁgurant.

871 5461 1090 5516 CAPUT
1126 5460 1408 5515 PRIIUM.

452 5551 606 5604 Vsus.
633 5551 682 5602 1.
709 5578 778 5590 —-—
807 5549 1130 5618 Apomlypsis
1178 5547 1300 5600 Iesu
1332 5547 1537 5601 Christi.
1577 5549 1763 5601 T’rimo
1809 5564 1898 5601 no—

1997 4392 2139 4445 tione
2165 4391 2230 4444 ad
2255 4391 2410 4446 ﬁnem
2455 4392 2779 4446 transvolare
2822 4393 3170 4461 compellitur.
3218 4394 3368 4447 Unde
3399 4393 3540 4446 idem

1996 4479 2224 4534 Joannes
2249 4481 2374 4534 alibi
2423 4481 2552 4535 dicit
2580 4499 2592 4532 :
2622 4479 2820 4545 Filioli,
2869 4483 3139 4534 nouissima
3180 4484 3312 4535 hora
3341 4491 3422 4536 est
3453 4483 3540 4552 (Η

1995 4568 2152 4622 Joan.
2181 4569 2376 4637 ",18).
2487 4589 2505 4597 ·
3304 4585 3306 4588 ν

2063 4675 2130 4727 Et
2158 4675 2462 4742 signiﬁcavit
2483 4676 2685 4727 mittens
2714 4691 2803 4742 per
2827 4677 3061 4743 angelum
3089 4693 3241 4728 suum
3267 4691 3412 4729 servo
3440 4693 3546 4731 suo

1995 4763 2202 4814 Joanni.
2255 4762 2591 4829 Significavit,
2636 4762 2687 4814 id
2721 4771 2820 4826 est,
2860 4763 3122 4829 sigillavit.
3167 4762 3298 4816 Nam
3328 4765 3538 4834 signum

1995 4851 2224 4919 sigillum
2247 4852 2440 4904 dicitur
2463 4868 2477 4914 ;
2505 4852 2644 4905 unde
2662 4859 2714 4903 et
2735 4848 2937 4903 Danieli
2958 4851 3152 4904 dicitur
3175 4869 3188 4905 :
3220 4852 3399 4906 Clausi
3418 4865 3538 4907 sunt

1993 4939 2277 5007 signatique
2295 4955 2548 4990 sermones
2589 4938 2746 5003 (Dan.
2774 4953 2873 4998 xu,
2899 4938 2974 5007 9).
3014 4939 3076 4991 Et
3105 4939 3251 4992 lsaim
3278 4957 3292 4991 :
3321 4940 3536 5009 Signavi

1997 5021 2250 5078 visionem
2286 5026 2340 5078 in
2363 5024 2638 5092 discipulis
2661 5025 2793 5078 meis
2815 5025 2946 5094 (ha.
2975 5041 3094 5088 vni,
3119 5025 3227 5092 ιϐ).
3257 5026 3365 5082 Sed
3407 5030 3538 5096 quid

1996 5116 2094 5168 sibi
2120 5117 2234 5168 vult
2272 5115 2410 5182 quod
2438 5115 2643 5182 signata
2671 5117 2783 5170 haec
2809 5116 2941 5168 visio
2974 5116 3190 5180 dicitur,
3217 5132 3336 5172 cum
3368 5118 3420 5170 in
3446 5132 3534 5170 se-

1995 5201 2274 5267 quentibus
2308 5202 2537 5265 dicatur,
2590 5202 2669 5256 No
2708 5203 3000 5272 signaveris
3039 5207 3201 5258 verba
3245 5206 3536 5274 prophetia:

1996 5289 2115 5342 libri
2139 5291 2339 5359 hujus?
2382 5293 2482 5345 nisi
2519 5292 2641 5359 quia
2673 5293 2774 5359 piis
2811 5302 3136 5358 reserantur,
3179 5294 3357 5363 impiis
3386 5292 3540 5364 signo

1996 5376 2328 5441 clauduntur,
2372 5392 2544 5445 neque
2582 5379 2722 5432 enim
2747 5390 2964 5448 propter
2989 5381 3169 5435 fideles
3213 5391 3414 5444 servos,
3444 5383 3540 5437 sed

1994 5471 2206 5534 propter
2245 5465 2388 5518 fures
2410 5465 2608 5522 divitia
2628 5467 2942 5537 sigillantur.
2991 5467 3140 5522 Unde
3165 5470 3232 5521 ad
3268 5468 3537 5522 Danielem

1994 5553 2224 5607 dicitur:
2275 5551 2432 5619 [inpie
2477 5565 2625 5621 agent
2662 5553 2853 5622 impii;
2897 5570 3049 5623 porro
3080 5556 3217 5608 docti
3261 5555 3535 5624 intelligat:
