4262 6232
668 377 793 439 10ξί1
872 434 879 437 _

1465 377 1524 431 β.
1564 380 1625 433 r.
1663 337 1882 431 Λωίδι
1921 373 2049 428 εει]
2090 369 2357 427 Αιεῑικι
2394 370 2669 426 orsum
2705 368 2878 424 esus
2914 370 2972 423 ιι.

3708 360 3843 416 inea

665 495 825 562 (Dan.
854 508 945 556 xu,
979 493 1082 563 l0).
1128 462 1360 548 Dicenda
1386 502 1562 546 autem
1602 470 1926 560 signiﬁcavit,
1972 484 2206 540 ostendit
2232 489 2275 544 Α
2302 479 2680 534 beatitudinem
2720 479 3054 563 repromittit.
3103 476 3331 530 Diceudo
3360 482 3535 528 autem
3577 473 3843 563 quijegit,

665 596 770 633 non
806 579 957 648 juxta
999 580 1228 634 litteram
1274 581 1443 648 accipi
1487 580 1699 641 debere,
1727 576 1822 631 sed
1860 576 1930 644 ad
1957 572 2205 643 mysteria

664 668 823 723 altius
868 669 1245 737 perscrutanda
1294 667 1695 737 significationis
1739 665 1902 719 verbo
1942 678 2041 717 nos
2082 658 2218 742 fecit.

608 804 609 807 η
666 758 914 831 intentos.
945 757 1069 833 llaec
1106 757 1266 827 igitur
1306 756 1443 813 visio
1478 772 1575 827 per
1598 755 1840 823 angelum
1883 754 2046 807 missa
2083 758 2204 813 est;

665 845 757 911 sed
783 841 1287 913 incircumscriptus'
1309 844 1547 913 spiritus,
1591 844 1682 913 qui
1717 843 1857 896 hanc
1878 840 2047 902 misit,
2074 845 2127 891 et
2150 838 2205 891 in
2244 902 2247 903 ν

664 948 729 986 eo
759 932 857 986 fuit
875 948 968 1001 per
990 948 1147 1004 quem
1183 934 1349 999 misit,
1375 942 1429 989 et
1453 935 1508 988 in
1536 933 1707 988 eocui
1736 931 1901 986 misit.
1937 929 2079 983 idem
2108 943 2207 981 au-

664 1016 769 1072 tem
797 1020 1013 1088 angelus
1037 1022 1124 1087 qui
1148 1022 1384 1090 apparuit
1419 1021 1582 1075 solius
1609 1019 1868 1074 incarnati
1891 1017 2050 1072 Verbi
2077 1017 2209 1085 ligu-

669 1120 780 1157 ram
804 1105 987 1175 gessit,
1014 1105 1231 1176 ejusque
1252 1108 1512 1175 corporis,
1538 1107 1785 1176 quodest
1808 1105 2063 1159 Ecclesia.
2092 1104 2208 1173 ipse

664 1194 827 1247 etiam
865 1186 1233 1261 Joannesrcui
1276 1199 1541 1266 apparuit,
1581 1196 1829 1250 Ecclesia:
1868 1203 2048 1265 typum
2076 1210 2209 1264 prte—

589 1289 596 1300 ‘
666 1281 849 1335 tendit.
878 1278 992 1335 Non
1021 1292 1197 1355 autem
1224 1284 1357 1338 duas
1392 1284 1654 1337 Ecclesias
1690 1284 1931 1353 angelum
1958 1292 2012 1337 et
2051 1282 2211 1337 Joan-

669 1384 790 1423 nem
816 1366 1182 1441 prazﬁguraise
1219 1372 1537 1429 credendum
1564 1381 1645 1426 est
1669 1389 1683 1436 ;
1730 1373 1821 1426 sed
1849 1388 1968 1425 cum
1993 1372 2207 1440 angelus

667 1463 848 1525 typum
889 1462 1031 1513 tenet
1065 1460 1275 1527 capitis,
1322 1457 1552 1514 Joannes
1593 1460 1995 1527 praedicatorum
2027 1466 2059 1523 ;’
2087 1474 2207 1512 cum

668 1548 883 1617 angelus
910 1549 1332 1618 przedicatorum,
1366 1548 1594 1603 Joannes
1635 1550 1970 1613 auditorum;
2012 1557 2066 1603 et
2088 1564 2207 1603 cum

666 1648 760 1702 ρετ
786 1635 1027 1703 angelum
1050 1634 1403 1703 pnecedentia
1432 1636 1693 1699 membra,
1715 1650 1810 1703 per
1834 1634 2092 1690 Joannem
2124 1622 2209 1690 ἐθ-
2236 1670 2239 1671 ν

664 1722 881 1788 quentia
905 1721 1282 1787 designantur;
1315 1721 1425 1775 sive
1462 1722 1515 1775 in
1546 1722 1731 1791 angelo
1758 1720 1993 1777 Ecclesia
2021 1722 2211 1775 intelli-

2304 578 2359 620 et;
2396 569 2487 635 qui
2513 556 3058 630 audiunt,‘doctorum
3101 577 3375 633 personam
3417 571 3471 614 et
3512 560 3841 615 audientium

2304 656 2698 710 demonstravit.
2730 655 2878 721 Quod
2911 670 3034 709 vero
3060 654 3322 717 subditur,
3365 664 3413 706 et
3440 657 3644 707 seruam
3666 666 3751 712 ea,
3775 648 3842 701 ad

2304 739 2553 818 utrosque
2579 750 2828 818 pertinet,
2858 750 2980 817 quia
3008 763 3112 802 non
3134 747 3401 801 auditores
3422 745 3556 815 legis
3572 742 3701 812 justi
3718 748 3842 797 sunt

2305 839 2441 906 apud
2465 838 2652 899 Deum,
2681 838 2771 891 sed
2804 836 3029 891 factores
3052 835 3183 905 legis
3215 834 3665 904 justiﬁcabuntur.
3694 831 3761 884 Et
3780 835 3842 884 ut

2305 927 2371 979 ad
2415 928 2528 981 hare
2570 928 2896 981 observanda
2942 936 3286 995 utrorumque
3332 924 3534 978 animos
3577 922 3839 983 incitaret,

2306 1014 2562 1081 subjecit:
2615 1024 2809 1084 tempus
2854 1016 2987 1068 enim
3028 1030 3182 1083 prope
3226 1021 3309 1066 es!
3321 1030 3341 1078 ;
3388 1013 3589 1067 scilicet
3633 1025 3739 1078 quo
3759 1017 3841 1070 vel

2301 1102 2443 1171 justi'
2458 1110 2575 1170 post
2594 1104 2981 1157 observantiam
3028 1102 3393 1157 mandatorum
3420 1103 3840 1163 remunerentur,

2306 1192 2387 1245 vel
2427 1192 2603 1259 injusti
2636 1201 2756 1262 post
2793 1193 3161 1262 negligentiam
3192 1192 3495 1261 puniantur.
3702 1258 3703 1261 η

2376 1282 2533 1335 Vens.
2557 1281 2609 1333 4.
2628 1309 2698 1320 -
2721 1280 2948 1335 Joannes
2992 1290 3177 1350 septem
3205 1280 3442 1335 Ecclesiis
3470 1296 3587 1351 quc
3629 1288 3750 1334 sunt
3788 1281 3842 1333 in

2307 1368 2449 1421 Asia.
2473 1369 2576 1422 Per
2596 1370 2948 1437 septenarium
2978 1354 3586 1425 nurnerum'universalis
3609 1367 3842 1423 Ecclesia

2306 1458 2638 1526 exprimitur,
2673 1466 2885 1526 propter
2928 1467 3127 1526 septem
3160 1458 3295 1512 dona
3332 1457 3471 1511 illius
3494 1456 3582 1525 qui
3624 1455 3845 1525 replevit

2306 1547 2489 1600 orbem
2515 1555 2791 1600 terrarum.
2835 1546 2968 1601 Hinc
3009 1547 3211 1600 Eliseus
3243 1547 3433 1616 septies
3453 1559 3675 1615 puerum
3702 1545 3844 1600 osci-

2310 1644 2423 1688 tare
2469 1634 2591 1689 fecit
2638 1651 2795 1704 super
2837 1652 2994 1705 quem
3034 1636 3289 1701 incubuit,
3332 1634 3577 1703 quoniam
3624 1632 3847 1718 populus

2310 1726 2616 1781 inﬁdelitate
2642 1734 2901 1791 mortuus,
2929 1741 3023 1795 per
3046 1738 3247 1795 septem
3268 1724 3401 1780 dona
3422 1724 3591 1778 sancti
3616 1721 3846 1791 Spiritus

658 1808 943 1875 giturpost
961 1810 1400 1863 resurrectionem
1425 1808 1717 1875 gloriﬁcata
1742 1826 1756 1874 ;
1785 1810 1839 1863 in
1866 1808 2067 1863 Joanne
2084 1824 2213 1863 vero
2242 1815 2286 1873 B
2312 1816 2627 1869 viviﬁcatur.
2678 1814 3016 1883 Septenarius
3065 1814 3240 1883 itaque
3282 1825 3533 1866 numerus
3580 1808 3848 1878 perfectus
3876 1826 3881 1829 ·

665 1908 898 1959 praesens
943 1894 1229 1949 erudienda
1271 1910 1301 1949 a
1350 1895 1581 1950 Christo.
1636 1898 1892 1951 Praeterea
1942 1897 2212 1952 sciendum

644 1981 791 2048 ,quia
817 1982 894 2035 sic
915 1982 1166 2035 Dominus
1185 1989 1305 2049 post
1333 1984 1694 2051 ascensionem
1723 1993 1939 2052 apparet
1963 1979 2215 2052 quemad-

670 2068 882 2121 modum
916 2076 1038 2121 ante
1061 2068 1474 2122 incarnationem
1497 2071 1737 2137 patribus
1761 2072 2024 2139 apparuit,
2052 2071 2103 2123 id
2132 2078 2215 2123 est

565 2166 583 2180 ‘
669 2169 765 2222 per
811 2156 1100 2224 angelicam
1148 2165 1467 2211 creaturam.
1520 2157 1601 2231 In,
1623 2174 1727 2227 quo
1776 2158 1916 2213 facto
1952 2167 2214 2227 patenter

562 2280 569 2284 η
668 2242 919 2306 ostendit,
949 2257 1054 2313 non
1082 2257 1140 2296 se
1167 2243 1511 2311 corporaliter
1535 2259 1674 2297 nunc
1698 2246 1765 2298 ad
1807 2246 2102 2298 docendum
2130 2259 2215 2297 rc-

536 2332 557 2341 ‘
670 2330 807 2397 quiri
838 2330 1052 2393 debere,
1078 2330 1169 2397 qui
1197 2331 1392 2398 ubique
1420 2345 1655 2399 presens
1679 2339 1761 2386 est
1782 2331 2051 2399 majestate
2075 2350 2088 2383 :
2116 2347 2214 2385 nec

668 2418 811 2479 enim
858 2417 1265 2470 existimandum
1308 2425 1410 2480 est,
1458 2419 1837 2472 humanitatem
1884 2434 1949 2473 ex
2001 2420 2213 2487 Virgine

671 2514 932 2577 sumptam
968 2494 1203 2575 fuissein
1243 2507 1470 2575 angelo;
1515 2507 1606 2561 sed
1634 2507 1774 2561 illius
1802 2506 2023 2574 ﬁguram
2053 2520 2211 2573 ange-

671 2592 779 2645 lum
806 2592 1153 2660 expres.~isse.
1178 2591 1317 2663 Nihil
1341 2593 1500 2645 etiam
1522 2593 1713 2645 mirum
1739 2593 1877 2661 quod
1898 2591 2085 2645 similis
2106 2591 2215 2645 ﬁlio

672 2678 902 2731 hominis
928 2688 1168 2741 vocatur,
1199 2693 1319 2750 cum
1344 2677 1524 2732 Daniel
1562 2679 1814 2748 propheta
1838 2679 2081 2747 angelum
2110 2677 2214 2732 Ga-

638 2750 809 2820 tbriel
853 2766 1023 2818 virum
1074 2765 1375 2820 nominasse
1407 2767 1727 2834 perhibetur.
1778 2765 1866 2820 Sic
1906 2776 2080 2819 autem
2119 2780 2214 2833 per

566 2914 569 2915 ν
672 2854 813 2906 hunc
832 2853 1071 2921 angelum
1092 2853 1283 2907 dicitur
1304 2868 1319 2905 :
1345 2853 1455 2923 Ego
1475 2870 1589 2908 sum
1609 2855 1803 2924 primus
1821 2864 1869 2908 et
1891 2855 2211 2916 novissimus,

671 2952 729 2997 et
756 2943 975 3010 reliqua.
1016 2940 1464 3007 Quemadmodum
1491 2952 1612 2995 ante
1640 2943 2051 2997 incarnationem
2077 2944 2216 2997 Deus

675 3032 728 3084 in
773 3038 1039 3099 assumpta
1082 3030 1253 3100 angeli
1288 3032 1682 3115 persona/dicit
1716 3050 1727 3083 :
1768 3032 1881 3101 Ego
1925 3048 2038 3085 sum
2076 3033 2214 3087 Deus

2310 1909 2411 1966 est,
2438 1902 2526 1969 qui
2552 1916 2583 1954 a
2613 1902 2845 1955 ternario
2872 1908 2926 1954 et
2965 1899 3299 1969 quaternario
3340 1898 3635 1961 formatur;
3660 1905 3846 1951 tema-

2310 1992 2421 2045 rius
2446 2005 2671 2058 namque
2694 1991 2749 2045 in
2775 1991 2967 2044 divinis
3012 1989 3298 2057 Scripturis
3336 1986 3600 2057 perfectus
3623 1987 3847 2041 habetur

2309 2087 2523 2147 prepter
2546 2079 2852 2147 mysterium
2880 2076 3191 2141 Trinitatis;
3220 2077 3329 2130 sive
3363 2083 3575 2146 propter
3600 2066 3710 2129 tres
3736 2074 3845 2126 vit-b

2308 2176 2471 2230 tutes,
2503 2167 2682 2231 ﬁdem,
2708 2182 2855 2234 spem
2882 2175 2936 2219 et
2961 2166 3306 2230 charltatem;
3351 2165 3461 2218 sive
3494 2172 3712 2233 propter
3734 2171 3845 2217 tres

2309 2255 2521 2309 ordines
2570 2254 2823 2317 ﬁdelium,
2873 2254 3296 2323 praedlcatorum,
3345 2252 3741 2331 abstinentium,
3786 2257 3843 2304 et

2310 2347 2726 2415 coujugatorum.
2763 2343 3136 2409 Quateruarius
3174 2358 3298 2397 vero
3332 2340 3593 2410 perfectus
3617 2350 3698 2395 est
3721 2354 3845 2409 pro-

2309 2440 2426 2499 pter
2461 2420 2643 2483 mundi
2664 2438 2859 2498 partes,
2887 2432 2997 2484 sive
3036 2438 3252 2500 propter
3275 2437 3499 2497 quatuor
3524 2426 3843 2496 principales

2311 2522 2551 2585 virtutes,
2581 2521 2634 2577 id
2675 2530 2755 2573 est
2778 2522 3131 2590 prudentiam,
3174 2520 3593 2587 temperantiam,
3634 2515 3845 2571 fortitu-~

2310 2611 2483 2664 dinem
2511 2617 2666 2678 atque
2700 2608 2995 2676 justitiam;
3036 2625 3127 2665 seu
3166 2618 3382 2679 propter
3409 2615 3635 2677 quatuor
3674 2606 3847 2660 Evan-

2310 2700 2562 2771 geliorum
2590 2700 2793 2753 libros.’
2815 2699 2945 2763 Quia
2974 2700 3131 2769 igitur
3156 2698 3427 2751 Trinitatis
3453 2688 3683 2766 cognitio
3710 2709 3846 2763 qua-

2312 2800 2432 2843 tuor
2463 2789 2582 2843 creli
2626 2788 2869 2843 cardines
2910 2788 3338 2856 comprehendit;
3385 2785 3497 2839 sive
3540 2783 3663 2852 quia
3698 2795 3843 2852 spes,

2313 2877 2441 2932 ﬁdes
2469 2886 2524 2932 et
2544 2878 2778 2933 cbaritas
2800 2884 3025 2944 quatuor
3045 2874 3409 2944 principalium
3432 2872 3683 2925 virtutum
3703 2884 3847 2923 sum-

2313 2979 2452 3018 mam
2489 2965 2799 3033 perﬁciunt;
2847 2976 2936 3017 seu
2980 2962 3101 3032 quia
3132 2968 3237 3015 tres
3263 2960 3475 3015 ordines
3500 2958 3846 3019 credentium,

2310 3060 2535 3121 quatuor
2560 3052 2957 3119 Evangeliorum
3001 3051 3277 3120 praeceptis
3317 3064 3375 3103 se
3408 3049 3658 3110 subdunt,
3703 3053 3849 3101 recte

674 3120 960 3183 Abraham,
996 3124 1051 3173 et
1081 3128 1291 3173 extera.
1315 3108 1661 3206 'Sicut'enim
1706 3120 1911 3188 Moyses
1954 3136 2076 3175 eum
2116 3122 2207 3191 qui

2242 3108 2280 3170 Ε
2306 3158 2403 3212 per
2432 3145 2573 3196 hunc
2594 3140 2946 3209 septenarium
2972 3144 3249 3192 numerum
3272 3130 3585 3191 universalis
3610 3133 3844 3189 Ecclesia

674 3205 775 3259 sibi
800 3206 855 3258 in
897 3206 1028 3259 rubo
1052 3200 1321 3275 apparuit,
1341 3208 1497 3259 modo
1540 3207 1806 3273 angelum,
1835 3208 1989 3261 modo
2027 3208 2210 3262 Domi-

677 3307 802 3344 num
829 3301 983 3345 vocat
1007 3308 1021 3355 ;
1047 3292 1125 3345 sic
1156 3286 1383 3347 Joannes
1419 3294 1561 3348 hanc
1598 3294 1969 3349 revelationem
1992 3297 2091 3350 sibi
2119 3312 2215 3365 per

676 3378 916 3445 angelum
944 3379 1159 3431 missam
1202 3379 1462 3447 perbibet,
1504 3387 1557 3434 et
1597 3382 1764 3449 ipsum
1793 3382 1847 3435 in
1887 3384 2136 3452 mysterio
2159 3392 2214 3438 et

676 3467 845 3534 ﬁgura
882 3467 1158 3519 Dominum
1192 3466 1371 3521 Jesum
1410 3468 1678 3522 Christum
1719 3469 1880 3524 fuisse
1916 3471 2209 3526 conﬁrmat.

676 3554 857 3623 Itaque
881 3562 935 3607 et
975 3552 1135 3621 Paulo
1178 3555 1428 3621 Dominus
1456 3556 1508 3607 in
1543 3556 1627 3609 via
1665 3571 1759 3624 per
1786 3558 2028 3625 angelum
2057 3575 2213 3627 appa-

674 3643 818 3705 ruit;
865 3641 985 3711 quia
1011 3641 1053 3695 si
1098 3641 1151 3694 in
1177 3644 1401 3709 propria:
1424 3644 1599 3697 carnis
1629 3645 2214 3715 substantia-apparere

680 3731 966 3793 debuisset,
1010 3727 1217 3794 Joanni,
1246 3745 1413 3805 quem
1461 3732 1757 3800 specialiter
1810 3734 2013 3799 dilexit,
2056 3750 2214 3804 appa-

682 3827 840 3871 reret.
872 3818 939 3871 Et
961 3818 1247 3871 notandum
1288 3819 1413 3886 quia
1442 3834 1589 3873 more
1630 3820 1850 3874 aliorum
1886 3820 2116 3877 Joannes
2152 3825 2216 3878 de

682 3920 739 3959 se
761 3907 912 3972 quasi
940 3908 1003 3981 de
1028 3906 1131 3959 alio
1172 3908 1422 3975 loquitur.
1470 3908 1673 3977 Moyses
1715 3910 1906 3979 quippe
1947 3913 2055 3963 ait:
2089 3913 2217 3965 Erat

687 3994 887 4062 Moyses
911 3996 986 4047 vir
1008 3996 1305 4049 mitissimus
1329 3996 1512 4063 (Nutu.
1537 4013 1636 4060 xu,
1653 3996 1727 4065 ὅ).
1752 3998 1820 4051 Et
1840 3997 1970 4052 Job:
1996 3999 2084 4051 Vir
2109 4010 2218 4053 erat

684 4081 738 4134 in
761 4070 897 4133 terra
918 4076 1034 4141 Hus
1061 4082 1261 4134 nomine
1296 4080 1395 4133 Job
1433 4081 1573 4152 (Job.
1605 4098 1645 4147 I,
1672 4084 1745 4153 l),
1775 4094 1829 4138 et
1866 4095 2073 4139 caetera.
2105 4088 2218 4142 Non
2262 4100 2263 4103 ‘

684 4172 825 4224 enim
850 4172 948 4239 ipsi
975 4186 1005 4225 a
1038 4185 1116 4235 se,
1146 4171 1237 4225 sed
1279 4169 1504 4240 Spiritus
1546 4181 1760 4227 sanctus
1796 4190 1889 4243 per
1917 4190 2009 4230 eos
2041 4178 2219 4245 loque-

687 4262 861 4315 batur.
1081 4266 1091 4271 “

756 4336 915 4424 Ῡειεᾲ
944 4358 997 4412 2.
1029 4386 1100 4397 -
1123 4356 1225 4421 Qui
1258 4359 1596 4412 testimonium
1623 4364 1870 4429 perhibuit
1909 4364 2068 4419 Verbo
2105 4367 2221 4433 Dei,

2311 3233 2584 3300 ﬁguratur.
2612 3230 2857 3282 Attamen
2882 3228 3149 3282 sciendum
3178 3227 3301 3294 quia
3324 3224 3622 3294 specialiter
3641 3224 3707 3278 ad
3728 3236 3845 3290 sep-

2310 3328 2418 3373 tem
2439 3320 2784 3386 presiorum
2807 3315 3067 3371 Eeclesias
3088 3317 3200 3371 haec
3226 3321 3551 3369 sacramenta
3579 3313 3643 3367 de
3660 3311 3848 3365 exsilio

2310 3410 2505 3477 scripta
2534 3398 2820 3461 mandavit.
2865 3407 2979 3459 Non
3023 3419 3151 3475 ergo
3185 3406 3385 3473 species
3412 3402 3727 3465 excluditur,
3755 3400 3851 3453 sed

2312 3498 2365 3550 in
2401 3496 2577 3565 specie
2619 3510 2804 3564 genus,
2834 3495 2885 3546 id
2922 3502 3008 3557 est.
3047 3493 3357 3547 universalis
3398 3490 3632 3545 Ecclesia
3674 3496 3852 3544 osten—

2310 3587 2473 3649 ditur,
2498 3574 2616 3653 qure
2638 3585 2772 3637 bene
2792 3584 2843 3636 in
2877 3584 2998 3636 Asia
3022 3597 3137 3637 esse
3156 3583 3365 3636 dicitur.
3383 3582 3506 3634 Asia
3526 3581 3667 3635 enim
3686 3579 3845 3633 elatio

2313 3673 2705 3739 interpretatur.
2733 3670 2902 3723 Elatia
2914 3679 3085 3723 autem
3106 3686 3208 3723 non
3222 3664 3429 3736 semper
3445 3683 3540 3737 pro
3554 3668 3683 3721 vitio
3702 3658 3853 3735 poni;

2311 3768 2415 3823 tur,
2430 3756 2919 3825 sedaliquandopro
2930 3758 3155 3811 culmine
3166 3755 3391 3817 virtutis,
3402 3742 3465 3807 {ut
3480 3754 3604 3807 illud
3619 3774 3632 3808 :
3649 3752 3849 3808 Portam

2312 3848 2423 3913 tein
2436 3847 2721 3913 superbiam
2741 3844 3043 3898 seculorum
3072 3846 3315 3915 (Isa.'t.x,
3328 3844 3439 3915 ‘15).
3461 3844 3517 3899 ια
3538 3854 3637 3909 est,
3659 3844 3846 3899 faciam

2313 3935 2685 4002 ut.voluptates
2705 3948 2888 3988 omnes
2908 3942 2960 3988 et
2987 3934 3192 3989 inﬁmos
3217 3936 3441 3987 honores
3462 3934 3741 4000 despicias.
3784 3932 3852 3988 Et

2314 4027 2437 4096 alibi
2462 4040 2477 4077 :
2508 4023 2721 4079 Sustulit
2747 4034 2792 4077 te
2816 4041 2966 4093 super
2991 4014 3307 4078 altitudinem
3330 4032 3498 4075 terrae.
3547 4022 3604 4075 ln
3634 4022 3733 4076 hac
3756 4020 3865 4090 igii

2317 4108 2405 4165 tur
2444 4113 2685 4165 elationis
2724 4112 3035 4163 celsitudine
3073 4110 3313 4188 consistit
3356 4108 3611 4162 Ecclesia.
3660 4107 3850 4170 Aliter,

2318 4204 2362 4255 si
2389 4202 2544 4254 elatio
2567 4215 2674 4270 pro
2692 4200 2818 4251 vitio
2844 4200 3075 4266 ponitur,
3104 4213 3205 4250 non
3232 4197 3591 4265 accipiendum
3609 4203 3692 4250 est
3710 4195 3850 4263 quod

2242 4320 2247 4324 ι
2320 4298 2501 4345 sancta
2529 4288 2762 4343 Ecclesia
2791 4286 2925 4341 elata
2949 4292 3272 4354 permaneat,
3302 4285 3390 4338 sed
3420 4285 3541 4352 quia
3573 4283 3766 4337 dudum
3793 4283 3851 4337 in

2320 4378 2562 4442 elationis
2580 4375 2713 4429 fastu
2739 4383 2936 4437 erecta,
2960 4374 3170 4427 humilis
3195 4373 3368 4426 futura
3388 4387 3613 4439 superno
3636 4384 3855 4427 munere

688 4453 735 4495 et
752 4444 1093 4499 testirrtonium
1114 4443 1239 4497 Iesu
1260 4442 1447 4497 Christi
1466 4425 1771 4517 meusque
1789 4452 1931 4503 uidit.
1953 4425 2213 4509 Perhibuit

2249 4425 2297 4484 ο
3041 4425 3199 4511 illud:
3236 4425 3481 4526 Nunquid
3512 4425 3853 4526 ingressus—es

693 4542 817 4586 tunc
846 4533 1093 4598 Joannes,
1122 4536 1358 4603 perbibet
1395 4547 1533 4589 nunc
1578 4535 1832 4602 Ecclesia,
1878 4541 2026 4610 cujus
2050 4544 2138 4597 ille
2164 4544 2257 4597 ἢκ

689 4637 875 4690 guram
898 4626 1132 4692 gerebat,
1149 4642 1268 4679 cum
1292 4628 1426 4681 hanc
1446 4627 1793 4700 Apocalypsin
1810 4643 2069 4687 cerneret.
2088 4636 2221 4688 Ver-

692 4712 816 4765 bum
857 4719 1029 4773 autem
1078 4721 1130 4766 et
1165 4712 1342 4781 Jesum
1387 4718 1656 4775 Christum
1696 4722 1969 4791 distinguit
2009 4733 2222 4791 propter

692 4801 824 4855 duas
863 4795 1061 4855 Christi
1104 4802 1448 4867 substantias,
1492 4809 1585 4873 qui
1632 4809 1696 4861 de
1732 4817 1954 4879 utroque
1987 4811 2222 4865 testimo-

694 4888 837 4949 nium
863 4886 1129 4957 perhibuit
1167 4888 1383 4944 dicens:
1432 4890 1497 4951 In
1531 4894 1779 4963 principio
1820 4907 1928 4949 erat
1958 4894 2215 4951 “Verbum.

682 4975 761 5029 Et
796 4975 957 5033 item:
1011 4973 1224 5039 Verbum
1261 4992 1383 5029 caro
1411 4977 1601 5045 factum
1640 4990 1731 5033 est.
1778 4969 1927 5035 me
1952 4990 2126 5040 autem
2155 4988 2222 5040 ad

2324 4554 2587 4603 thesauros
2635 4549 2785 4611 nivis,
2835 4558 2922 4600 aut
2972 4547 3233 4600 thesauros
3278 4544 3537 4614 grandinis
3592 4542 3854 4613 aspeaa'sti,

2321 4654 2435 4707 qui:
2474 4637 2753 4705 preparari
2780 4635 2835 4686 in
2876 4643 3068 4702 tempus
3103 4633 3278 4698 hostis,
3316 4633 3375 4694 in,
3411 4632 3545 4686 diem
3587 4630 3781 4702 pugna'
3806 4642 3855 4686 et

2326 4725 2442 4777 belli
2468 4708 2859 4793 (Jobfxxmii,
2888 4722 2977 4786 es,
3000 4722 3090 4788 25)
3110 4722 3135 4773 ν

2392 4813 2547 4865 Vsus.
2575 4811 2626 4864 5.
2648 4840 2718 4850 -—-
2744 4808 2923 4863 Gratia
2969 4811 3103 4863 vobis
3132 4818 3180 4863 et
3225 4826 3327 4879 pas
3370 4810 3433 4863 ab
3456 4826 3514 4887 eo
3556 4812 3644 4880 qui
3686 4817 3783 4871 est,
3806 4818 3857 4861 et

2324 4900 2408 4969 qui
2436 4908 2567 4961 erat,
2602 4906 2649 4950 et
2683 4899 2772 4965 qui
2811 4906 3051 4948 venturus
3091 4905 3185 4961 est,
3213 4905 3260 4948 et
3292 4914 3323 4949 a
3358 4906 3545 4966 septem
3574 4893 3857 4963 φὶΐὶεὕιι,

2324 4989 2483 5058 quiin
2517 4994 2783 5055 conspectu
2822 4972 2988 5037 throni
3015 4985 3125 5053 ejus
3165 4995 3305 5049 sunt,
3347 4994 3394 5037 et
3420 5001 3455 5036 ιι
3475 4982 3602 5037 Iesu
3631 4983 3855 5047 Christo.

697 5060 978 5132 utrumque
1021 5064 1267 5119 refertur.
1318 5065 1458 5119 Vidit
1502 5069 1643 5122 enim
1688 5064 2013 5138 spiritalibus
2061 5074 2226 5142 oculis
2327 5074 2507 5127 Gratia
2533 5073 2727 5126 dicitur
2752 5072 2902 5125 venia
2926 5074 3091 5140 gratis
3112 5071 3324 5135 collata,
3358 5084 3460 5138 qua
3487 5070 3859 5142 infulgentee:

697 5150 948 5215 Verbum,
991 5152 1349 5221 corporalibus
1376 5170 1501 5211 vero
1538 5159 1713 5212 omnia
1738 5174 1854 5227 quc
1886 5160 1953 5214 de
1988 5140 2228 5217 humani-

2330 5161 2495 5213 servis
2519 5160 2720 5229 peccati
2747 5160 2801 5213 in
2825 5160 2961 5213 ﬁlios
2989 5159 3204 5226 justiti:
3226 5159 3456 5226 adoptatl
3485 5173 3684 5214 sumus.
3712 5158 3861 5213 unc
3922 5228 3923 5231 γ

698 5247 806 5291 tate
832 5237 996 5307 ipsius
1022 5249 1319 5295 narrantur.
1350 5243 1531 5313 (νω,
1554 5245 1633 5315 3.)
1674 5246 1867 5299 Beatus
1903 5249 1990 5318 qui
2031 5247 2152 5317 legit
2176 5230 2243 5304 ρι’
2330 5249 2533 5306 Petrus.
2560 5248 2700 5303 hanc
2739 5250 2933 5303 Paulus
2974 5248 3216 5316 scripturi
3258 5248 3519 5311 ﬁdelibus,
3547 5245 3863 5302 titulosalu-

629 5375 661 5403 χ
698 5328 786 5391 qui
816 5322 1031 5387 audiunt
1054 5327 1201 5383 verba
1224 5331 1496 5398 prophetia:
1517 5332 1638 5387 libri
1656 5335 1829 5403 hujus,
1853 5345 1900 5388 et
1928 5345 2141 5409 servant
2165 5351 2226 5390 es
2318 5336 2536 5390 tationis
2573 5338 2959 5405 pfaamisemnt,
2982 5342 3041 5387 ut
3062 5336 3277 5403 populos
3299 5334 3477 5403 gratis
3512 5332 3861 5404 abuit-turi,

700 5412 904 5487 qualia
938 5432 1000 5487 ea
1027 5418 1218 5486 scripta
1247 5427 1385 5493 sunt.
1422 5418 1637 5489 Tempus
1670 5424 1809 5476 enim
1834 5434 2103 5493 prope‘est.
2131 5410 2229 5483 Hic
2325 5418 2532 5477 omnem
2577 5423 2906 5477 salutationis
2935 5434 3190 5475 summam
3218 5422 3276 5474 in
3317 5416 3417 5475 hac
3443 5432 3561 5474 esse
3594 5429 3864 5475 monetae

703 5499 867 5554 claret
907 5510 1101 5585 quanta
1147 5504 1404 5585 sit‘hujus
1442 5504 1568 5560 libri
1609 5511 1915 5573 auctoritas,
1961 5512 2051 5579 qui
2094 5512 2231 5574 inter
2328 5520 2478 5565 rent:
2523 5526 2577 5565 et
2604 5520 2722 5581 apte
2746 5512 2914 5581 gratia
2940 5511 3069 5580 ‘paei
3102 5508 3399 5579 praefertur,
3440 5511 3559 5580 quia
3592 5510 3770 5566 nullus
3793 5511 3862 5564 ad

702 5600 885 5641 omnes
910 5582 1207 5666 prophetiae
1232 5582 1450 5663 speciali
1496 5595 1719 5662 quodam
1760 5598 1912 5649 modo
1956 5599 2232 5667 sponsione
2332 5613 2510 5665 pacem
2561 5602 2648 5652 Dei
2678 5600 3044 5653 reconciliatus
3087 5600 3262 5651 venire
3306 5598 3673 5667 poteratrnisi
3721 5593 3864 5652 lum'c
