4262 6210
369 351 501 405 4093

1117 348 1514 403 EXEGETICA.
1551 379 1614 387 ——
1655 347 1998 401 (ZOMMENT.
2043 347 2105 399 IN
2148 345 2428 401 APOCAL.
2471 377 2534 386 σε
2576 347 2696 401 LIB.
2741 348 2778 399 Ι.

3423 347 3559 399 εαξη

359 463 527 532 gratia
554 461 928 515 misericordiae
971 460 1340 527 praecessisset.
1388 459 1540 525 Quod
1567 469 1742 512 autem
1777 461 1902 512 dicit
1932 467 1974 520 Α
2007 475 2154 528 reges
2193 469 2316 512 sum
2352 471 2405 513 ct
2453 463 2786 523 sacerdotes;
2842 472 2894 513 ut
2943 462 3064 513 illud
3116 461 3252 512 Petri
3285 462 3504 528 apOstoli
3539 478 3553 512 :

361 553 426 606 ab
452 569 511 605 eo
535 552 622 620 qui
641 561 736 614 est,
761 560 807 603 et
845 552 930 619 qui
964 560 1095 609 erat.
1117 561 1163 602 et
1204 551 1289 617 qui
1317 561 1554 602 uenturus
1579 561 1674 613 est,
1704 550 1905 617 specia—

361 643 482 696 liter
509 619 778 709 unigenito
825 641 915 694 Dei
949 638 1082 692 Filio
1124 640 1497 705 assignandum
1543 649 1640 691 est.
1686 639 1799 706 Ipse
1823 655 1906 692 es-

362 729 658 795 sentialiter
677 736 759 781 est
784 741 902 780 cum
924 726 1080 779 Patre
1107 735 1160 779 et
1189 725 1386 793 Spiritu
1429 735 1642 786 sancto;
1663 727 1746 778 cui
1786 740 1904 777 mu~

363 821 598 875 tabilitas
636 833 905 888 nunquam
937 819 1149 880 accidit,
1190 817 1341 884 juxta
1373 819 1497 871 illud
1546 819 1732 878 Pauli:
1788 818 1906 870 Non

363 909 461 976 fuit
492 909 544 961 in
575 907 662 961 illo
682 917 754 960 est
780 916 826 958 et
853 923 952 958 non
974 911 1106 980 ,'_sed
1127 908 1274 959 estin
1299 906 1387 958 illo
1410 906 1507 973 fuit
1535 916 1649 959 erat
1678 905 1762 973 (11
1784 905 1903 957 Cor.

363 1013 398 1058 ι,
431 995 537 1063 18),
564 995 686 1061 quia
713 1001 833 1045 aute
863 1009 1020 1061 quam
1045 993 1110 1046 de
1141 993 1340 1062 virgine
1363 1001 1668 1046 nasceretur
1697 993 1748 1045 in
1778 1001 1908 1044 tem-

362 1100 509 1153 pore,
535 1091 722 1138 cuncta
765 1099 883 1136 cum
925 1082 1081 1135 Patre
1125 1068 1362 1150 tempora
1402 1083 1541 1135 fecit.
1591 1082 1738 1134 Unde
1769 1081 1906 1134 idem

360 1170 632 1229 Joannes:
682 1169 748 1222 In
799 1169 1048 1236 principio
1101 1177 1212 1221 erat
1268 1166 1506 1221 Verbum.
1558 1168 1700 1222 ldem
1748 1169 1908 1224 etiam

359 1269 617 1338 venturus
641 1267 723 1311 est
751 1259 802 1311 iu
831 1265 1100 1324 assumpta
1130 1257 1458 1310 humanitate
1480 1258 1544 1310 ad
1568 1256 1907 1323 judicandum

358 1332 508 1402 iri-vos
553 1357 607 1402 et
650 1355 925 1406 mortuos;
972 1347 1109 1399 sicut
1150 1346 1402 1414 scriptum
1447 1356 1563 1400 est:
1618 1345 1705 1400 Sic
1752 1347 1909 1399 veniet

360 1435 786 1506 quemadmodum
827 1433 1020 1486 vidistis
1059 1449 1174 1485 eum
1211 1443 1410 1486 euntem
1453 1435 1508 1486 in
1548 1435 1727 1505 caelum
1774 1435 1907 1504 (Act.

363 1542 397 1584 ι,
430 1525 536 1593 ll).
585 1523 714 1577 Cum
743 1538 867 1591 ergo
904 1531 1106 1576 certum
1135 1516 1204 1576 sit
1228 1524 1347 1591 quia
1392 1524 1525 1577 hanc
1568 1525 1790 1593 gratiam
1819 1524 1913 1577 Ec-

362 1614 520 1666 clesia
551 1595 684 1665 sicut
710 1627 742 1664 a'
769 1611 901 1664 Filio
929 1620 983 1665 et
1006 1611 1205 1678 Spiritu
1233 1621 1435 1675 sancto,
1477 1614 1546 1666 ita
1572 1628 1600 1664 a
1627 1612 1782 1665 Patre
1810 1627 1911 1680 per

364 1703 552 1754 Filium
587 1710 641 1754 et
679 1699 933 1766 Spiritum
960 1708 1200 1753 sanctum
1241 1701 1523 1767 acceperit,
1555 1717 1649 1754 cur
1672 1703 1772 1754 hoc
1799 1701 1912 1754 loco

2019 545 2290 613 l'osgenus
2313 547 2524 599 electum
2555 549 2720 617 regale
2756 551 3096 601 sacerdotium
3128 549 3176 616 (l
3206 547 3344 602 l’rtr.
3391 565 3451 609 Il,
3478 549 3555 615 9).

2011 637 2181 702 Reges
2203 646 2378 690 autem
2403 646 2544 700 sunt,
2567 638 2772 704 seipsos
2791 637 3019 706 regendo
3045 656 3056 698 ;
3087 640 3388 691 sacerdotes
3411 652 3559 699 vero,

2006 724 2112 778 Deo
2140 725 2408 777 offerendo
2432 741 2444 786 ;
2472 727 2620 792 juxta
2662 726 2786 777 illud
2813 744 2823 776 :
2878 725 3098 777 Obsecro
3129 710 3212 777 vos
3252 742 3341 794 per
3369 725 3558 777 miseri-

2005 815 2231 864 cordiam
2263 815 2377 877 Dei,
2407 825 2462 865 ut
2501 816 2776 868 exhibeatis
2811 833 3024 883 corpora
3055 824 3213 868 vestra
3241 817 3459 891 hostium
3489 815 3561 866 ri-

2006 911 2214 953 reutem.
2264 902 2495 955 Dicendo
2523 904 2698 970 itaque
2741 903 2846 955 Deo
2893 913 2938 955 et
2991 901 3158 964 Patri,
3191 919 3349 956 unam
3379 919 3556 970 perso-

2006 1003 2127 1040 nam
2173 991 2439 1052 oslendit;
2489 1006 2788 1058 quanquam
2837 991 3064 1058 Spiritus
3113 1001 3326 1045 sanctus
3375 1008 3562 1045 serun-

2010 1076 2134 1129 dum
2181 1078 2487 1144 praedictam
2535 1079 2768 1145 regulam
2818 1081 2887 1132 ibi
2938 1082 3278 1147 intelligatur,
3329 1083 3466 1134 sicut
3508 1092 3564 1134 et

2007 1164 2272 1231 apostolus
2301 1166 2428 1217 dicit
2455 1183 2465 1216 :
2499 1166 2798 1239 Benedictus
2824 1167 2957 1219 Deus
2988 1179 3032 1220 ct
3060 1167 3218 1220 Pater
3242 1170 3444 1222 Domini
3473 1187 3566 1222 no-

2007 1253 2099 1303 stri
2122 1251 2248 1306 Iesu
2271 1251 2463 1305 Christi
2485 1254 2534 1321 (1
2564 1253 2683 1307 Cor.
2709 1273 2748 1316 ι,
2770 1258 2823 1323 3)
2852 1271 2866 1316 ;
2893 1257 3055 1309 Deum
3081 1268 3132 1310 et
3162 1258 3368 1312 Patrem
3402 1274 3560 1311 unam

2008 1357 2284 1407 personam
2331 1345 2510 1399 volens
2556 1346 2809 1416 intelligi;
2857 1350 3074 1417 proinde
3123 1349 3400 1403 dicendum
3440 1362 3560 1406 est:

2010 1430 2117 1497 Ipsi
2141 1431 2303 1500 gloria
2330 1434 2381 1486 in
2404 1436 2593 1486 strcula
2619 1437 2941 1489 srrculorum.
2988 1435 3111 1504 lpsi.
3142 1440 3189 1490 id
3219 1448 3297 1492 est
3320 1441 3406 1506 qui
3439 1438 3566 1495 fecit

2009 1533 2106 1571 nos
2144 1534 2291 1587 reges
2324 1530 2380 1573 et
2417 1523 2741 1583 sacerdotes.
2773 1524 2914 1576 Patri
2961 1526 3164 1578 scilicet
3189 1535 3241 1579 et
3288 1528 3440 1588 Filio,
3473 1529 3560 1582 ubi

2011 1607 2348 1677 intelligimus
2375 1612 2653 1664 amborum
2684 1613 3023 1679 cbaritatern,
3073 1629 3190 1680 qum
3224 1624 3300 1666 est
3335 1614 3563 1682 Spiritus

2012 1703 2257 1749 sanctus:
2299 1698 2533 1751 Charitas
2577 1700 2716 1751 enim
2763 1700 2854 1752 Dei
2897 1699 3086 1753 dill‘usa
3115 1710 3196 1753 est
3238 1703 3288 1754 in
3319 1705 3566 1756 eordiLus

361 1803 588 1855 persona
635 1787 807 1840 Patris
857 1788 1151 1841 reticetur?
1203 1788 1417 1841 Scilicet
1465 1790 1588 1855 quia
1640 1803 1910 1841 sacrarum
1945 1779 1986 1835 Β
2013 1786 2206 1838 nostris
2236 1802 2330 1854 per
2354 1786 2607 1853 Spiritum
2637 1799 2894 1843 sanctum.
2943 1789 3079 1842 Bene
3109 1803 3283 1845 autem
3313 1808 3413 1870 nou
3442 1795 3565 1857 sibi,

366 1877 757 1943 Scripturarum
789 1891 904 1929 mos
927 1885 1028 1939 est,
1059 1885 1118 1928 ut
1144 1877 1232 1929 ubi
1272 1892 1373 1929 una
1403 1877 1482 1928 vel
1512 1879 1625 1930 dua:
1651 1879 1714 1930 de
1746 1878 1918 1929 Triui-

368 1976 472 2018 tatc
519 1979 755 2033 personce
793 1973 1077 2032 ponuntur,
1118 1974 1224 2019 tota
1274 1967 1428 2019 simul
1458 1967 1687 2020 Trinitas
1728 1967 1917 2020 intelli-

366 2062 536 2119 gatur.
587 2053 629 2103 A
653 2061 858 2131 .scptem
898 2066 1023 2105 vero
1065 2053 1326 2120 spiritibus
1353 2053 1480 2106 dicit
1509 2064 1723 2121 propter
1761 2054 1918 2106 unius

366 2144 581 2209 spiritus
598 2143 945 2210 septenariam
964 2145 1351 2210 operationem:
1379 2145 1463 2210 qui
1490 2143 1603 2194 ideo
1625 2143 1674 2194 in
1702 2159 1912 2209 conspe—

366 2241 449 2282 ctu
474 2232 662 2293 throni,
696 2232 746 2286 id
768 2239 849 2285 est
891 2231 1160 2294 Ecclesicc,
1189 2232 1289 2284 hoc
1314 2240 1393 2285 est
1425 2233 1475 2284 iu
1504 2232 1754 2284 memoria
1797 2246 1917 2283 san-

366 2328 574 2374 ctorum
628 2318 770 2382 solus
819 2333 937 2371 esse
976 2318 1189 2380 dicitur,
1236 2319 1357 2385 quia
1403 2317 1571 2370 eidem
1619 2317 1918 2383 specialiter

367 2409 610 2463 remissio
654 2414 991 2475 peccatorum
1030 2407 1363 2475 assignatur;
1408 2406 1555 2473 juxta
1605 2405 1771 2456 illud:
1821 2405 1916 2455 Ac-

365 2490 513 2567 cipite
545 2497 794 2566 Spiritum
825 2505 1089 2558 sanctum;
1119 2512 1334 2564 quorum
1365 2495 1656 2546 remiscritis
1685 2483 1915 2560 peccata,

366 2587 692 2638 remittuntur
733 2585 804 2635 eis
835 2583 1010 2651 (Joan.
1041 2599 1130 2645 xx,
1153 2584 1236 2641 ‘22,
1270 2583 1380 2648 25).
1415 2583 1506 2634 γει
1542 2591 1684 2646 certe
1720 2584 1770 2634 in
1801 2582 1917 2650 Spi-

366 2675 467 2730 ritu
495 2682 602 2726 tota
631 2672 864 2725 Trinitas
891 2671 1215 2740 intelligitur.
1256 2671 1486 2724 Dicendo
1510 2679 1686 2723 autem
1715 2688 1744 2722 a
1790 2670 1915 2722 Jesu

365 2761 590 2825 Christo,
644 2761 759 2814 ideo
802 2761 918 2813 Filii
966 2774 1242 2827 personam
1282 2760 1492 2825 repetit,
1535 2761 1783 2826 quoniam
1826 2759 1936 2824 qui,

364 2849 557 2902 dicitur
579 2856 694 2900 erat
720 2856 840 2899 ante
872 2847 1084 2908 sazcula,
1126 2846 1284 2899 homo
1314 2847 1483 2897 lactus
1507 2835 1670 2898 est—in
1696 2845 1796 2897 line
1821 2860 1916 2901 sa:-

297 2959 301 2962 «
364 2935 626 2990 culorum.

434 3021 535 3085 Qui
575 3031 648 3075 est
697 3022 835 3074 testis
881 3021 1045 3088 ﬁdelis
1090 3022 1453 3090 primogenitus
1495 3033 1836 3087 mortuorum,
1866 3033 1916 3075 et

364 3109 592 3176 princeps
637 3125 809 3177 regum
855 3118 1025 3161 terrm.
1082 3107 1355 3162 Manifesto
1403 3119 1593 3176 genere
1639 3110 1919 3163 locutionis

365 3196 630 3248 Christum
660 3197 805 3258 dicit,
838 3197 1138 3263 specialiter
1179 3205 1366 3251 testem
1399 3197 1624 3262 fidelem,
1661 3215 1778 3251 eum
1812 3208 1918 3252 tres

367 3285 473 3336 sint
499 3285 587 3352 qui
621 3286 976 3337 testimonium
1005 3286 1148 3344 dant,
1200 3285 1376 3347 Pater,
1412 3295 1467 3339 et
1501 3287 1686 3352 Filius,
1718 3297 1770 3340 et
1800 3287 1917 3356 Spi-

368 3373 500 3426 ritus
527 3381 759 3435 sanctus,
791 3382 844 3426 et
870 3382 976 3426 tres
1007 3388 1140 3426 unus
1184 3373 1321 3426 Deus
1347 3384 1486 3427 sunt.
1517 3374 1694 3428 Potest
1724 3385 1775 3429 et
1803 3391 1921 3444 spe-

367 3461 574 3514 cialiter
597 3459 760 3514 Filius
787 3464 839 3514 in
877 3469 1148 3530 assumpto
1177 3462 1386 3516 homine
1415 3463 1516 3516 dici
1542 3465 1692 3517 testis
1729 3464 1916 3526 fidelis,

367 3562 432 3601 eo
462 3534 600 3616 Quod
638 3557 736 3615 pro
766 3545 1075 3601 testimonio
1114 3549 1352 3601 veritatis
1381 3564 1546 3616 usque
1591 3551 1656 3602 ad
1695 3559 1916 3604 mortem

367 3637 666 3703 pervenerit
693 3636 888 3688 carnis.
937 3635 1068 3686 Nam
1107 3651 1220 3685 cum
1250 3636 1420 3687 omnis
1446 3636 1681 3689 Ecclesia
1722 3639 1771 3688 in
1801 3653 1920 3690 san-

369 3726 471 3779 ctis
512 3725 943 3792 praedicatoribus
992 3723 1350 3777 testimonium
1396 3725 1460 3777 de
1504 3724 1717 3778 Christo
1744 3728 1920 3793 perbi-t

371 3816 510 3874 heat,
543 3814 615 3865 illi
644 3812 1006 3879 principaliter
1031 3819 1314 3878 martyres,
1357 3813 1408 3864 id
1437 3822 1519 3866 est
1539 3823 1719 3877 testes,
1743 3815 1922 3868 dicun-

372 3913 459 3955 tur
488 3902 578 3968 qui
624 3916 718 3968 pro
764 3900 975 3953 Christo
1020 3908 1241 3952 mortem
1285 3899 1615 3966 pertulerunt
1660 3905 1916 3969 corporis.

371 3990 753 4058 Primogenitus
784 4000 964 4042 autem
1007 3989 1124 4044 ideo
1152 3988 1364 4049 dicitur,
1412 3989 1534 4056 quia
1580 3990 1754 4042 nullus
1797 4002 1919 4044 ante

371 4081 539 4148 ipsum
570 4094 673 4132 non
703 4078 990 4142 moriturus
1037 4079 1286 4130 surrexit.
1339 4078 1504 4130 Aliter
1531 4094 1713 4131 omnes
1752 4081 1919 4132 sancti

370 4170 562 4223 mortui
594 4177 714 4222 sunt
735 4167 950 4232 mundo,
978 4175 1036 4219 ut
1058 4166 1183 4219 illud
1208 4163 1221 4218 ἐ
1255 4167 1443 4220 Mortui
1471 4169 1608 4221 enim
1639 4171 1765 4222 estis
1790 4186 1802 4230 ;
1831 4170 1920 4222 sed

372 4261 468 4312 iste
490 4259 845 4327 singulariter,
876 4257 928 4312 in
959 4273 1064 4325 quo
1111 4257 1318 4310 u‘ullum
1350 4257 1448 4311 fuit
1485 4268 1778 4327 peccatum.
1812 4261 1917 4313 lle-

372 4360 463 4412 ges
490 4361 635 4410 vero,
663 4355 754 4398 aut
783 4360 967 4401 omnes
1011 4351 1223 4399 sanctos
1266 4343 1411 4406 dicit,
1442 4345 1531 4411 qui
1576 4361 1633 4398 se
1677 4346 1811 4399 bene
1839 4363 1920 4400 re-

373 4408 494 4508 gere
524 4408 780 4486 noverunt
806 4450 818 4497 ;
866 4441 957 4485 aut
981 4441 1126 4487 certe
1151 4408 1546 4501 praedicatores,
1573 4433 1661 4499 qui
1685 4433 1838 4487 bonis
1860 4450 1916 4488 sc
1950 4408 1998 4466 D

372 4525 575 4577 sociant
601 4540 614 4585 ;
647 4524 735 4575 sed
759 4540 916 4592 super
945 4524 1110 4577 malos
1130 4524 1360 4593 erigunt,
1391 4524 1526 4577 sicut
1550 4521 1736 4575 Petrus
1760 4538 1919 4591 super

373 4612 645 4671 Ananiam,
676 4619 728 4663 et
766 4610 958 4665 Paulus
985 4620 1248 4679 sceptrum
1280 4611 1450 4664 vibrat
1481 4610 1698 4664 dicendo
1724 4629 1736 4663 :
1783 4610 1916 4675 Quid

373 4700 563 4753 vultis?
598 4699 661 4751 In
691 4698 824 4767 virga
865 4715 1062 4752 veniam
1103 4702 1171 4753 ad
1217 4717 1299 4754 vos
1325 4701 1376 4770 (1
1403 4701 1522 4754 Cor.
1545 4717 1614 4766 tv,
1646 4701 1754 4771 2|).
1784 4701 1916 4765 Quia

372 4787 550 4842 dilexit
573 4805 682 4841 nos.
726 4786 997 4852 Quomodo
1032 4800 1130 4843 nos
1162 4788 1426 4853 dilexerit,
1476 4791 1612 4843 mala
1656 4805 1771 4859 qurc
1801 4805 1926 4858 per:

374 4875 491 4931 tulit
519 4875 877 4931 manifestam.
910 4874 1024 4929 Non
1048 4885 1224 4930 autem
1273 4894 1368 4931 nos
1396 4879 1578 4947 quales
1605 4896 1816 4935 eramus
1842 4881 1918 4933 di-

375 4967 521 5053 lexit,
550 4967 601 5020 id
627 4977 709 5022 est
735 4970 921 5038 impios
945 4989 958 5035 ;
989 4972 1080 5026 sed
1105 4973 1286 5041 quales
1313 4973 1425 5042 ipso
1445 4990 1626 5028 amore
1649 4992 1745 5030 nos
1773 4975 1914 5053 fecit‘

377 5052 520 5106 Unde
545 5055 792 5112 continuo
815 5061 1092 5114 subditur:
1141 5070 1188 5112 et
1229 5059 1346 5113 lavit
1387 5079 1476 5114 nos
1503 5079 1534 5113 a
1577 5065 1794 5130 peccatis
1830 5052 1919 5116 no-

373 5143 491 5195 stris
522 5143 575 5194 in
617 5146 865 5212 sanguine
891 5165 1004 5200 suo.
1058 5149 1161 5212 Sed
1204 5164 1306 5218 quo
1352 5151 1534 5204 ordine
1575 5151 1628 5202 in
1666 5154 1919 5222 sanguine

281 5292 286 5297 η
374 5245 470 5284 suo
496 5246 592 5285 nos
615 5232 823 5308 laverit,
855 5232 1137 5302 Apostolus
1167 5237 1417 5290 indicavit
1439 5238 1654 5290 dicens:
1691 5239 1918 5301 Quicun—

373 5336 471 5387 que
505 5319 749 5386 baptizati
784 5339 960 5377 sumus
997 5325 1051 5377 in
1079 5320 1455 5390 Citristo'lesu,
1494 5328 1546 5379 in
1574 5337 1735 5380 morte
1763 5328 1921 5394 ipsius

375 5405 618 5475 baptisati
661 5426 834 5466 sumus
881 5412 1054 5481 (Rom.
1086 5429 1158 5477 vr,
1186 5414 1262 5483 5).
1291 5416 1471 5484 (Vsus,
1494 5414 1570 5483 6.)
1598 5411 1812 5482 Et'fecit
1839 5433 1921 5468 re-

375 5511 526 5560 gnum
554 5505 792 5552 nostrum
821 5502 1105 5555 sacerdotes
1132 5501 1238 5554 Deo
1277 5510 1325 5554 et
1366 5501 1514 5555 Patri
1537 5520 1649 5556 suo.
1683 5501 1813 5566 Quia
1838 5518 1922 5555 ca-

375 5591 466 5649 put
490 5587 724 5637 uostrum
757 5601 846 5639 rex
870 5598 949 5641 est
974 5599 1027 5643 et
1046 5591 1311 5655 sacerdos,
1345 5591 1459 5644 ideo
1479 5594 1654 5645 omnia
1683 5591 1916 5645 membra

2017 1874 2106 1926 sed
2145 1875 2273 1937 ein
2319 1891 2424 1943 quo
2448 1878 2673 1944 accepit,
2705 1893 2799 1946 pro
2836 1879 2918 1932 bis
2960 1879 3193 1947 Ecclesia
3231 1882 3415 1933 tribuit
3457 1882 3566 1949 glo-

2015 1963 2187 2026 riam;
2231 1963 2378 2030 juxta
2419 1965 2585 2020 illud:
2625 1967 2742 2020 Non
2788 1969 2948 2031 nobis,
2985 1955 3219 2031 Drimine,
3253 1989 3351 2023 non
3401 1975 3565 2032 nobis.

2016 2050 2102 2101 sed
2128 2053 2319 2103 nomini
2339 2061 2427 2104 tuo
2453 2053 2520 2104 da
2547 2054 2762 2122 gloriam
2799 2055 2964 2123 (Psal.
3002 2072 3148 2115 cxtu,
3179 2058 3250 2121 l).

2088 2139 2243 2191 Vens.
2269 2139 2319 2190 7.
2340 2168 2407 2178 —
2433 2139 2565 2192 Ecce
2594 2142 2724 2192 venit
2762 2158 2876 2193 cum
2921 2144 3155 2195 nubibus.
3203 2145 3258 2196 Si
3283 2144 3440 2211 juxta
3485 2147 3569 2198 lit-

2019 2236 2184 2280 teram
2215 2228 2587 2296 intelligamus,
2633 2231 2877 2282 veniente
2928 2233 3151 2284 Domino
3195 2235 3260 2285 ad
3287 2233 3564 2299 judicium,

2015 2317 2114 2368 erit
2144 2318 2311 2370 nubes
2347 2317 2592 2392 candida,
2623 2333 2741 2385 qua:
2777 2327 2987 2372 sanctos
3010 2319 3329 2374 obumbrans
3354 2324 3420 2374 ab
3449 2325 3570 2393 igne

2017 2403 2264 2456 sazculum
2315 2413 2583 2460 cremante
2625 2405 2886 2460 defendat.
2937 2408 3049 2460 Erit
3099 2411 3368 2472 terribilis,
3421 2414 3572 2481 cujus

2018 2487 2311 2556 fragoribus
2356 2493 2562 2558 reprobi
2603 2485 2927 2556 terreantur;
2967 2505 3200 2549 attamen
3229 2499 3278 2550 in
3307 2500 3403 2552 hac
3430 2501 3569 2569 Apo-

2015 2579 2208 2648 calypsi
2239 2595 2341 2632 non
2372 2579 2524 2633 facile
2562 2581 2714 2648 juxta
2761 2583 2987 2636 litteram
3030 2587 3301 2654 quippiam
3333 2591 3564 2642 sentien-

2015 2671 2138 2723 dum
2174 2678 2274 2722 est.
2321 2670 2504 2738 Itaque
2545 2671 2596 2723 in
2635 2687 2787 2725 sacro
2829 2673 3054 2742 eloquio,
3106 2691 3225 2728 cum
3261 2677 3450 2744 plurali
3477 2697 3572 2732 nu-

2019 2773 2166 2811 mero
2210 2759 2380 2812 nubes
2425 2770 2714 2828 ponuntur,
2757 2766 3129 2830 pratdicatores
3180 2778 3390 2823 sanctos
3434 2771 3572 2823 desi-

2017 2855 2199 2910 gnant,
2230 2848 2320 2913 qui
2342 2856 2395 2899 et
2430 2850 2686 2902 munditia
2728 2852 2918 2905 mentis
2950 2853 3090 2906 leves
3119 2865 3265 2918 sunt,
3308 2864 3360 2908 et
3390 2859 3568 2924 pra‘di-

2016 2936 2283 2988 cationum
2320 2937 2484 3003 guttis
2524 2939 2684 2990 corda
2716 2939 3043 2994 audientium
3090 2944 3262 3010 rigare
3304 2961 3406 2997 non
3436 2948 3574 2999 desi-

2018 3030 2182 3073 stunt.
2227 3022 2359 3075 Cum
2385 3025 2468 3076 his
2509 3025 2668 3091 igitur
2697 3028 2924 3081 nubibus
2952 3030 3204 3084 Dominus
3229 3034 3292 3086 ad
3317 3033 3572 3099 judicium
3651 3046 3654 3047 '

2020 3111 2227 3171 veniet;
2268 3111 2417 3177 juxta
2450 3112 2572 3164 illud
2619 3117 2885 3181 propheta:
2914 3136 2924 3168 :
2974 3119 3108 3171 Ecce
3142 3122 3284 3173 venit
3318 3121 3570 3177 Dominus

2020 3202 2083 3252 ad
2105 3189 2360 3267 judicium
2385 3218 2504 3255 cum
2531 3207 2824 3260 senioribus
2854 3209 3028 3276 populi
3059 3193 3191 3277 (Isti.
3225 3228 3302 3274 ιιι,
3339 3213 3442 3281 l3).
3497 3215 3567 3266 Et

2020 3290 2199 3342 videbit
2242 3308 2355 3342 eum
2394 3295 2555 3345 omnis
2599 3296 2799 3357 oculus,
2845 3307 2891 3348 et
2939 3300 3026 3366 qui
3070 3318 3184 3352 eum
3231 3316 3571 3371 pupugerunt.

2019 3375 2199 3429 Omnis
2226 3379 2411 3431 oculus
2438 3381 2669 3441 videbit;
2713 3383 2772 3434 id
2807 3393 2885 3435 est
2923 3387 3095 3437 omnis
3129 3389 3302 3449 homo,
3353 3406 3379 3439 a
3427 3402 3576 3456 parte

2021 3473 2207 3525 totum,
2242 3467 2329 3531 qui
2359 3476 2481 3519 tunc
2514 3471 2884 3530 resurrexerit,
2928 3473 3038 3524 sive
3067 3475 3129 3524 ad
3158 3475 3337 3536 vitam,
3370 3477 3479 3527 sive
3510 3480 3574 3529 ad

2020 3563 2241 3606 mortem
2272 3575 2280 3605 :
2321 3572 2422 3607 non
2452 3567 2626 3609 autem
2671 3560 2995 3623 animalium,
3035 3565 3224 3627 quibus
3253 3580 3354 3616 non
3383 3559 3464 3616 est
3489 3568 3577 3618 da-

2020 3649 2126 3692 tum
2155 3653 2272 3708 post
2302 3654 2523 3696 mortem
2556 3659 2852 3710 resurgere.
2906 3648 3110 3698 Videbit
3140 3664 3262 3701 vero
3282 3651 3457 3702 omnis
3487 3652 3576 3704 h0-

2019 3744 2104 3781 mo
2131 3730 2182 3780 in
2209 3730 2378 3782 forma
2422 3732 2581 3792 servi,
2631 3733 2681 3783 in
2715 3749 2816 3799 qua
2863 3735 2928 3784 ab
2972 3736 3145 3800 impiis
3178 3737 3443 3802 judicatus
3471 3749 3573 3802 est,

2022 3835 2123 3870 non
2166 3818 2218 3870 in
2252 3817 2418 3872 forma
2449 3820 2759 3881 divinitatis,
2808 3836 2923 3886 qua:
2954 3824 3018 3875 ab
3055 3824 3232 3891 impiis
3269 3827 3432 3878 videri
3470 3843 3573 3881 non

2020 3917 2212 3976 potest.
2249 3909 2313 3960 Et
2359 3918 2479 3961 nota
2524 3909 2662 3976 quod
2711 3909 2845 3962 alter
2893 3911 3154 3978 interpres
3203 3915 3319 3966 ait:
3367 3917 3575 3969 Videbit

2018 4012 2137 4048 eum
2166 3999 2340 4051 omnis
2382 4008 2541 4062 terra,
2589 4001 2744 4054 talem
2791 4016 2850 4053 ac
2894 4003 2936 4052 si
2983 4003 3205 4064 diceret,
3245 4002 3450 4069 qualem
3490 4007 3574 4059 hic

2019 4090 2245 4155 positum
2275 4090 2421 4156 impii
2463 4089 2698 4142 futurum
2739 4107 2841 4144 non
2883 4093 3187 4145 credebant.
3239 4094 3305 4145 Et
3334 4096 3576 4164 plangent

2017 4193 2069 4228 se
2093 4193 2244 4243 super
2267 4193 2382 4229 eum
2410 4193 2582 4229 omnes
2611 4178 2770 4230 tribus
2801 4189 2969 4229 terra.
3008 4179 3117 4230 Hoc
3142 4179 3256 4232 loco
3284 4185 3572 4235 notandum

2020 4265 2139 4327 quia
2165 4279 2284 4316 cum
2326 4266 2622 4332 adjectione
2660 4267 2734 4318 ait
2762 4266 2922 4318 tribus
2961 4277 3150 4318 tcrrw:
3198 4283 3259 4321 ac
3286 4269 3328 4321 si
3370 4270 3573 4324 diceret

2022 4360 2232 4406 terrena
2262 4353 2642 4414 desiderantes,
2672 4361 2729 4405 et
2767 4354 3005 4406 avaritia
3047 4356 3336 4419 studentes,
3384 4359 3578 4423 quibus

2023 4442 2250 4495 dicitur:
2293 4441 2380 4494 Va:
2418 4442 2552 4494 vobis
2594 4441 2830 4494 divitibus
2860 4440 3008 4508 (Luc.
3037 4458 3112 4500 vr.
3155 4443 3280 4509 24);
3329 4453 3382 4496 et
3425 4446 3495 4498 ite
3521 4466 3575 4510 ει,

2033 4528 2120 4582 Vte
2147 4532 2282 4583 vobis
2327 4533 2414 4598 qui
2445 4532 2617 4584 ridetis
2655 4531 2834 4599 (lbid.,
2861 4547 2988 4582 vers.
3017 4531 3127 4600 25).
3184 4532 3310 4596 Qua:
3351 4549 3480 4588 vero
3511 4537 3578 4588 sit

2022 4633 2178 4670 causa
2208 4618 2422 4679 doloris,
2451 4619 2687 4684 aperitur
2709 4633 2826 4670 cum
2853 4619 3066 4678 dicitur,
3092 4634 3246 4684 super
3269 4636 3404 4672 eum.
3444 4623 3574 4676 Nam

2021 4706 2119 4757 etsi
2147 4705 2428 4758 multarum
2453 4706 2788 4758 miseriarum
2818 4706 2888 4757 ibi
2912 4705 3084 4758 luctus
3111 4709 3234 4771 erit,
3265 4710 3328 4760 ad
3367 4724 3577 4778 compa-

2026 4795 2281 4846 rationem
2331 4803 2502 4846 tamen
2542 4793 2694 4847 fletus
2735 4810 2797 4847 ex
2831 4795 3033 4848 visione
3071 4796 3329 4849 claritatis
3377 4796 3574 4852 Christi

2023 4883 2196 4934 nullus
2222 4882 2358 4945 erit;
2394 4883 2562 4950 magis
2597 4884 2738 4935 euim
2775 4892 2900 4935 tunc
2927 4883 3176 4937 dolebunt
3217 4885 3452 4939 infelices
3481 4902 3577 4953 pro

2022 4986 2085 5025 eo
2111 4972 2249 5038 quod
2281 4972 2437 5027 talem
2464 4971 2802 5038 perdiderunt
2833 4972 3132 5036 Dominum,
3162 4989 3319 5041 quam
3350 4978 3490 5041 quod
3523 4978 3574 5028 in

2022 5060 2411 5114 atrocissimum
2446 5060 2742 5112 inciderunt
2774 5068 3130 5121 tormentum;
3163 5063 3255 5115 sed
3295 5077 3419 5116 ecce
3457 5080 3575 5117 cum

2023 5148 2421 5216 interpositione
2440 5147 2728 5213 juramenti
2753 5163 2869 5215 qua:
2890 5147 3027 5201 dicta
3057 5159 3180 5203 sunt
3205 5150 3431 5204 aﬂirmat
3456 5169 3572 5206 cum

2023 5236 2236 5288 subdit:
2264 5238 2452 5289 etiam:
2491 5251 2660 5288 amen.
2694 5235 2841 5300 Quod
2868 5237 3005 5303 apud
3044 5237 3262 5291 Latinos
3297 5248 3378 5292 est
3397 5240 3570 5298 etiam,

2023 5325 2123 5377 hoc
2157 5325 2298 5391 apud
2325 5323 2575 5377 ﬂebrazos
2605 5340 2774 5377 auten.
2829 5324 3122 5391 Utrumque
3165 5335 3344 5379 autem
3387 5326 3576 5380 advera

2022 5414 2163 5465 bium
2193 5422 2274 5466 est
2298 5412 2592 5467 affirmandi
2622 5432 2634 5466 :
2675 5415 2751 5467 ait
2780 5428 2906 5481 ergo
2927 5414 3081 5482 etiam
3123 5429 3294 5476 amen,
3321 5429 3382 5466 ac
3406 5416 3450 5468 si
3499 5416 3577 5470 it:-

2020 5501 2333 5567 geminando
2355 5504 2573 5564 diceret,
2596 5517 2779 5556 verum
2804 5511 2904 5564 est,
2921 5517 3100 5555 verum
3122 5510 3220 5556 est.

2091 5589 2246 5641 Vens.
2273 5590 2324 5642 8.
2348 5621 2416 5630 -
2442 5591 2551 5658 Ego
2589 5609 2703 5646 sum
2745 5613 2777 5645 α
2815 5599 2862 5642 et
2901 5614 2957 5652 ω,
2999 5592 3302 5657 principium
3344 5601 3391 5642 et
3429 5591 3571 5658 ﬁnis.
