  <div class='ocr_page' id='page_1' title='image "/cluster/home/n/w/nwhite01/storage/ocr_20150623/100/uva.x000827058/555.png"; bbox 0 0 4262 6222; ppageno 0'>
   <div class='ocr_carea' id='block_1_1' title="bbox 666 388 798 442">
    <p class='ocr_par' dir='ltr' id='par_1_1' title="bbox 666 388 798 442">
     <span class='ocr_line' id='line_1_1' title="bbox 666 388 798 442; baseline 0 -1"><span class='ocrx_word' id='word_1_1' title='bbox 666 388 798 442; x_wconf 80' lang='grc'><strong>1095</strong></span> 
     </span>
    </p>
   </div>
   <div class='ocr_carea' id='block_1_2' title="bbox 1509 371 3016 435">
    <p class='ocr_par' dir='ltr' id='par_1_2' title="bbox 1509 371 3016 435">
     <span class='ocr_line' id='line_1_2' title="bbox 1509 371 3016 435; baseline -0.007 0"><span class='ocrx_word' id='word_1_2' title='bbox 1509 383 1568 435; x_wconf 88' lang='grc' dir='ltr'><strong>Β.</strong></span> <span class='ocrx_word' id='word_1_3' title='bbox 1608 381 1668 435; x_wconf 81' lang='lat' dir='ltr'><strong>F.</strong></span> <span class='ocrx_word' id='word_1_4' title='bbox 1705 377 1925 433; x_wconf 79' lang='lat' dir='ltr'><strong>ALBINI</strong></span> <span class='ocrx_word' id='word_1_5' title='bbox 1960 377 2089 433; x_wconf 86' lang='lat' dir='ltr'><strong>SEU</strong></span> <span class='ocrx_word' id='word_1_6' title='bbox 2125 374 2394 433; x_wconf 77' lang='lat' dir='ltr'><strong>ALCUINI</strong></span> <span class='ocrx_word' id='word_1_7' title='bbox 2429 372 2709 431; x_wconf 75' lang='lat' dir='ltr'><strong>OPERUM</strong></span> <span class='ocrx_word' id='word_1_8' title='bbox 2746 371 2919 427; x_wconf 77' lang='lat' dir='ltr'><strong>PARS</strong></span> <span class='ocrx_word' id='word_1_9' title='bbox 2955 372 3016 426; x_wconf 90' lang='grc'>11.</span> 
     </span>
    </p>
   </div>
   <div class='ocr_carea' id='block_1_3' title="bbox 3706 372 3841 429">
    <p class='ocr_par' dir='ltr' id='par_1_3' title="bbox 3706 372 3841 429">
     <span class='ocr_line' id='line_1_3' title="bbox 3706 372 3841 429; baseline 0.022 -3"><span class='ocrx_word' id='word_1_10' title='bbox 3706 372 3841 429; x_wconf 61' lang='grc'><strong>1896</strong></span> 
     </span>
    </p>
   </div>
   <div class='ocr_carea' id='block_1_4' title="bbox 659 481 3846 575">
    <p class='ocr_par' dir='ltr' id='par_1_4' title="bbox 659 481 3846 575">
     <span class='ocr_line' id='line_1_4' title="bbox 659 481 3846 575; baseline -0.003 -24"><span class='ocrx_word' id='word_1_11' title='bbox 659 498 785 575; x_wconf 84' lang='lat' dir='ltr'><strong>dicit</strong></span> <span class='ocrx_word' id='word_1_12' title='bbox 834 495 1081 549; x_wconf 85' lang='lat' dir='ltr'><strong>Dominus</strong></span> <span class='ocrx_word' id='word_1_13' title='bbox 1132 493 1267 547; x_wconf 83' lang='lat' dir='ltr'><strong>Deus</strong></span> <span class='ocrx_word' id='word_1_14' title='bbox 1290 494 1375 563; x_wconf 90' lang='lat' dir='ltr'><strong>qui</strong></span> <span class='ocrx_word' id='word_1_15' title='bbox 1406 502 1498 556; x_wconf 86' lang='lat' dir='ltr'><strong>est,</strong></span> <span class='ocrx_word' id='word_1_16' title='bbox 1524 502 1571 544; x_wconf 87' lang='lat' dir='ltr'><strong>et</strong></span> <span class='ocrx_word' id='word_1_17' title='bbox 1596 492 1683 560; x_wconf 86' lang='lat' dir='ltr'><strong>qui</strong></span> <span class='ocrx_word' id='word_1_18' title='bbox 1711 498 1839 553; x_wconf 87' lang='lat' dir='ltr'><strong>erat,</strong></span> <span class='ocrx_word' id='word_1_19' title='bbox 1880 500 1927 543; x_wconf 81' lang='lat' dir='ltr'><strong>et</strong></span> <span class='ocrx_word' id='word_1_20' title='bbox 1959 491 2045 558; x_wconf 85' lang='lat' dir='ltr'><strong>qui</strong></span> <span class='ocrx_word' id='word_1_21' title='bbox 2078 506 2197 542; x_wconf 74' lang='lat' dir='ltr'><strong>ren—</strong></span> <span class='ocrx_word' id='word_1_22' title='bbox 2231 496 2271 549; x_wconf 81' lang='grc' dir='ltr'><strong>Λ</strong></span> <span class='ocrx_word' id='word_1_23' title='bbox 2300 487 2423 561; x_wconf 71' lang='lat' dir='ltr'><strong>dum</strong></span> <span class='ocrx_word' id='word_1_24' title='bbox 2451 485 2576 553; x_wconf 83' lang='lat' dir='ltr'><strong>quia</strong></span> <span class='ocrx_word' id='word_1_25' title='bbox 2602 484 2740 538; x_wconf 92' lang='lat' dir='ltr'><strong>sicut</strong></span> <span class='ocrx_word' id='word_1_26' title='bbox 2762 481 2992 538; x_wconf 79' lang='lat' dir='ltr'><strong>Joannes</strong></span> <span class='ocrx_word' id='word_1_27' title='bbox 3012 482 3063 536; x_wconf 90' lang='lat' dir='ltr'><strong>iu</strong></span> <span class='ocrx_word' id='word_1_28' title='bbox 3095 483 3281 551; x_wconf 81' lang='lat' dir='ltr'><strong>spiritu</strong></span> <span class='ocrx_word' id='word_1_29' title='bbox 3306 484 3536 546; x_wconf 81' lang='lat' dir='ltr'><strong>audivit,</strong></span> <span class='ocrx_word' id='word_1_30' title='bbox 3559 485 3629 536; x_wconf 71' lang='lat' dir='ltr'><strong>ita</strong></span> <span class='ocrx_word' id='word_1_31' title='bbox 3650 498 3750 537; x_wconf 78' lang='lat' dir='ltr'><strong>vox</strong></span> <span class='ocrx_word' id='word_1_32' title='bbox 3776 485 3846 540; x_wconf 86' lang='lat' dir='ltr'><strong>ad</strong></span> 
     </span>
    </p>
   </div>
   <div class='ocr_carea' id='block_1_5' title="bbox 661 579 2204 654">
    <p class='ocr_par' dir='ltr' id='par_1_5' title="bbox 661 579 2204 654">
     <span class='ocr_line' id='line_1_5' title="bbox 661 579 2204 654; baseline -0.007 -14"><span class='ocrx_word' id='word_1_33' title='bbox 661 596 809 640; x_wconf 76' lang='lat' dir='ltr'><strong>turus</strong></span> <span class='ocrx_word' id='word_1_34' title='bbox 840 596 960 654; x_wconf 86' lang='lat' dir='ltr'><strong>est._</strong></span> <span class='ocrx_word' id='word_1_35' title='bbox 976 586 1207 639; x_wconf 83' lang='lat' dir='ltr'><strong>Dicenda</strong></span> <span class='ocrx_word' id='word_1_36' title='bbox 1238 600 1372 647; x_wconf 86' lang='lat' dir='ltr'><strong>sum,</strong></span> <span class='ocrx_word' id='word_1_37' title='bbox 1413 590 1592 652; x_wconf 89' lang='lat' dir='ltr'><strong>aperte</strong></span> <span class='ocrx_word' id='word_1_38' title='bbox 1638 582 1871 636; x_wconf 76' lang='lat' dir='ltr'><strong>insinuat</strong></span> <span class='ocrx_word' id='word_1_39' title='bbox 1902 581 2025 648; x_wconf 87' lang='lat' dir='ltr'><strong>quia</strong></span> <span class='ocrx_word' id='word_1_40' title='bbox 2065 579 2204 631; x_wconf 88' lang='lat' dir='ltr'><strong>Deus</strong></span> 
     </span>
    </p>
   </div>
   <div class='ocr_carea' id='block_1_6' title="bbox 661 665 2202 742">
    <p class='ocr_par' dir='ltr' id='par_1_6' title="bbox 661 665 2202 742">
     <span class='ocr_line' id='line_1_6' title="bbox 661 665 2202 742; baseline -0.008 -14"><span class='ocrx_word' id='word_1_41' title='bbox 661 688 759 742; x_wconf 87' lang='lat' dir='ltr'><strong>per</strong></span> <span class='ocrx_word' id='word_1_42' title='bbox 783 689 840 728; x_wconf 85' lang='lat' dir='ltr'><strong>se</strong></span> <span class='ocrx_word' id='word_1_43' title='bbox 867 672 1195 742; x_wconf 74' lang='lat' dir='ltr'><strong>loquebatur.</strong></span> <span class='ocrx_word' id='word_1_44' title='bbox 1229 669 1378 725; x_wconf 89' lang='lat' dir='ltr'><strong>Unde</strong></span> <span class='ocrx_word' id='word_1_45' title='bbox 1416 667 1736 741; x_wconf 71' lang='lat' dir='ltr'><strong>Apostolus:</strong></span> <span class='ocrx_word' id='word_1_46' title='bbox 1779 666 1860 717; x_wconf 82' lang='lat' dir='ltr'><strong>An</strong></span> <span class='ocrx_word' id='word_1_47' title='bbox 1876 665 2202 732; x_wconf 68' lang='lat' dir='ltr'><strong>experimen-</strong></span> 
     </span>
    </p>
   </div>
   <div class='ocr_carea' id='block_1_7' title="bbox 662 750 2202 831">
    <p class='ocr_par' dir='ltr' id='par_1_7' title="bbox 662 750 2202 831">
     <span class='ocr_line' id='line_1_7' title="bbox 662 750 2202 831; baseline -0.008 -17"><span class='ocrx_word' id='word_1_48' title='bbox 662 772 772 816; x_wconf 78' lang='lat' dir='ltr'><strong>tum</strong></span> <span class='ocrx_word' id='word_1_49' title='bbox 794 763 1023 831; x_wconf 63' lang='lat' dir='ltr'><strong>quaeritis</strong></span> <span class='ocrx_word' id='word_1_50' title='bbox 1050 761 1159 829; x_wconf 84' lang='lat' dir='ltr'><strong>ejus</strong></span> <span class='ocrx_word' id='word_1_51' title='bbox 1180 758 1270 829; x_wconf 79' lang='lat' dir='ltr'><strong>“qui</strong></span> <span class='ocrx_word' id='word_1_52' title='bbox 1293 760 1348 811; x_wconf 88' lang='lat' dir='ltr'><strong>in</strong></span> <span class='ocrx_word' id='word_1_53' title='bbox 1366 773 1446 809; x_wconf 87' lang='lat' dir='ltr'><strong>me</strong></span> <span class='ocrx_word' id='word_1_54' title='bbox 1466 756 1690 826; x_wconf 80' lang='lat' dir='ltr'><strong>loquitur</strong></span> <span class='ocrx_word' id='word_1_55' title='bbox 1717 753 1947 807; x_wconf 82' lang='lat' dir='ltr'><strong>Christus</strong></span> <span class='ocrx_word' id='word_1_56' title='bbox 1976 750 2057 822; x_wconf 87' lang='grc'><strong>(11</strong></span> <span class='ocrx_word' id='word_1_57' title='bbox 2081 750 2202 804; x_wconf 88' lang='lat' dir='ltr'><strong>Cor.</strong></span> 
     </span>
    </p>
   </div>
   <div class='ocr_carea' id='block_1_8' title="bbox 663 839 2209 920">
    <p class='ocr_par' dir='ltr' id='par_1_8' title="bbox 663 839 2209 920">
     <span class='ocr_line' id='line_1_8' title="bbox 663 839 2209 920; baseline -0.009 -15"><span class='ocrx_word' id='word_1_58' title='bbox 663 867 781 915; x_wconf 83' lang='lat' dir='ltr'><strong>xm,</strong></span> <span class='ocrx_word' id='word_1_59' title='bbox 810 850 904 920; x_wconf 74' lang='lat'><strong>3)?</strong></span> <span class='ocrx_word' id='word_1_60' title='bbox 944 850 1012 903; x_wconf 89' lang='lat' dir='ltr'><strong>Et</strong></span> <span class='ocrx_word' id='word_1_61' title='bbox 1054 849 1258 902; x_wconf 86' lang='lat' dir='ltr'><strong>David:</strong></span> <span class='ocrx_word' id='word_1_62' title='bbox 1306 845 1562 898; x_wconf 83' lang='lat' dir='ltr'><strong>Attendite</strong></span> <span class='ocrx_word' id='word_1_63' title='bbox 1602 840 1821 911; x_wconf 86' lang='lat' dir='ltr'><strong>populus</strong></span> <span class='ocrx_word' id='word_1_64' title='bbox 1861 857 2003 893; x_wconf 84' lang='lat' dir='ltr'><strong>meus</strong></span> <span class='ocrx_word' id='word_1_65' title='bbox 2047 839 2209 907; x_wconf 79' lang='lat' dir='ltr'><strong>legem</strong></span> 
     </span>
    </p>
   </div>
   <div class='ocr_carea' id='block_1_9' title="bbox 665 926 2206 1004">
    <p class='ocr_par' dir='ltr' id='par_1_9' title="bbox 665 926 2206 1004">
     <span class='ocr_line' id='line_1_9' title="bbox 665 926 2206 1004; baseline -0.006 -15"><span class='ocrx_word' id='word_1_66' title='bbox 665 954 828 990; x_wconf 73' lang='lat' dir='ltr'><strong>aream</strong></span> <span class='ocrx_word' id='word_1_67' title='bbox 870 937 1035 1004; x_wconf 88' lang='lat' dir='ltr'><strong>(Psal.</strong></span> <span class='ocrx_word' id='word_1_68' title='bbox 1064 934 1386 1004; x_wconf 80' lang='lat' dir='ltr'><strong>Lxxvu,&#39;i);</strong></span> <span class='ocrx_word' id='word_1_69' title='bbox 1438 948 1557 987; x_wconf 91' lang='lat' dir='ltr'><strong>cum</strong></span> <span class='ocrx_word' id='word_1_70' title='bbox 1601 944 1699 983; x_wconf 86' lang='lat' dir='ltr'><strong>nec</strong></span> <span class='ocrx_word' id='word_1_71' title='bbox 1734 928 1954 998; x_wconf 87' lang='lat' dir='ltr'><strong>populus</strong></span> <span class='ocrx_word' id='word_1_72' title='bbox 1999 943 2095 981; x_wconf 89' lang='lat' dir='ltr'><strong>nec</strong></span> <span class='ocrx_word' id='word_1_73' title='bbox 2120 926 2206 980; x_wconf 86' lang='lat' dir='ltr'><strong>lex</strong></span> 
     </span>
    </p>
   </div>
   <div class='ocr_carea' id='block_1_10' title="bbox 668 1008 2233 1090">
    <p class='ocr_par' dir='ltr' id='par_1_10' title="bbox 668 1008 2233 1090">
     <span class='ocr_line' id='line_1_10' title="bbox 668 1008 2233 1090; baseline -0.008 -11"><span class='ocrx_word' id='word_1_74' title='bbox 668 1027 827 1080; x_wconf 80' lang='lat' dir='ltr'><strong>David</strong></span> <span class='ocrx_word' id='word_1_75' title='bbox 853 1026 1027 1080; x_wconf 77' lang='lat' dir='ltr'><strong>fuerit.</strong></span> <span class='ocrx_word' id='word_1_76' title='bbox 1051 1026 1163 1079; x_wconf 84' lang='lat' dir='ltr'><strong>Hoc</strong></span> <span class='ocrx_word' id='word_1_77' title='bbox 1189 1032 1365 1078; x_wconf 90' lang='lat' dir='ltr'><strong>autem</strong></span> <span class='ocrx_word' id='word_1_78' title='bbox 1395 1008 1653 1090; x_wconf 83' lang='lat' dir='ltr'><strong>signiﬁcat</strong></span> <span class='ocrx_word' id='word_1_79' title='bbox 1676 1042 1709 1073; x_wconf 84' lang='grc' dir='ltr'>α</span> <span class='ocrx_word' id='word_1_80' title='bbox 1734 1027 1788 1071; x_wconf 93' lang='lat' dir='ltr'><strong>et</strong></span> <span class='ocrx_word' id='word_1_81' title='bbox 1811 1042 1873 1080; x_wconf 88' lang='grc' dir='ltr'><strong>ω,</strong></span> <span class='ocrx_word' id='word_1_82' title='bbox 1903 1016 2042 1084; x_wconf 90' lang='lat' dir='ltr'><strong>quod</strong></span> <span class='ocrx_word' id='word_1_83' title='bbox 2062 1015 2233 1086; x_wconf 87' lang='lat' dir='ltr'><strong>prin--</strong></span> 
     </span>
    </p>
   </div>
   <div class='ocr_carea' id='block_1_11' title="bbox 665 1104 2210 1182">
    <p class='ocr_par' dir='ltr' id='par_1_11' title="bbox 665 1104 2210 1182">
     <span class='ocr_line' id='line_1_11' title="bbox 665 1104 2210 1182; baseline -0.008 -15"><span class='ocrx_word' id='word_1_84' title='bbox 665 1115 855 1182; x_wconf 87' lang='lat' dir='ltr'><strong>cipium</strong></span> <span class='ocrx_word' id='word_1_85' title='bbox 881 1125 933 1168; x_wconf 87' lang='lat' dir='ltr'><strong>et</strong></span> <span class='ocrx_word' id='word_1_86' title='bbox 961 1113 1099 1167; x_wconf 91' lang='lat' dir='ltr'><strong>ﬁnis.</strong></span> <span class='ocrx_word' id='word_1_87' title='bbox 1144 1112 1275 1166; x_wconf 76' lang='lat' dir='ltr'><strong>Nam</strong></span> <span class='ocrx_word' id='word_1_88' title='bbox 1314 1134 1347 1165; x_wconf 82' lang='grc' dir='ltr'><strong>α</strong></span> <span class='ocrx_word' id='word_1_89' title='bbox 1371 1110 1506 1178; x_wconf 85' lang='lat' dir='ltr'><strong>apud</strong></span> <span class='ocrx_word' id='word_1_90' title='bbox 1545 1109 1761 1163; x_wconf 54' lang='lat' dir='ltr'><strong>Graecos</strong></span> <span class='ocrx_word' id='word_1_91' title='bbox 1786 1104 2102 1175; x_wconf 85' lang='lat' dir='ltr'><strong>principium</strong></span> <span class='ocrx_word' id='word_1_92' title='bbox 2128 1110 2210 1157; x_wconf 82' lang='lat' dir='ltr'><strong>est</strong></span> 
     </span>
    </p>
   </div>
   <div class='ocr_carea' id='block_1_12' title="bbox 561 1195 2209 1266">
    <p class='ocr_par' dir='ltr' id='par_1_12' title="bbox 561 1195 2209 1266">
     <span class='ocr_line' id='line_1_12' title="bbox 561 1195 2209 1266; baseline -0.01 -3"><span class='ocrx_word' id='word_1_93' title='bbox 561 1251 567 1263; x_wconf 89' lang='lat'><strong>.</strong></span> <span class='ocrx_word' id='word_1_94' title='bbox 662 1202 1079 1266; x_wconf 83' lang='lat' dir='ltr'><strong>elementorum;</strong></span> <span class='ocrx_word' id='word_1_95' title='bbox 1128 1226 1167 1258; x_wconf 78' lang='grc' dir='ltr'><strong><em>ω</em></strong></span> <span class='ocrx_word' id='word_1_96' title='bbox 1195 1216 1319 1256; x_wconf 92' lang='lat' dir='ltr'><strong>vero</strong></span> <span class='ocrx_word' id='word_1_97' title='bbox 1357 1201 1477 1254; x_wconf 91' lang='lat' dir='ltr'><strong>ﬁnis</strong></span> <span class='ocrx_word' id='word_1_98' title='bbox 1506 1199 1833 1254; x_wconf 89' lang='lat' dir='ltr'><strong>eorumdem.</strong></span> <span class='ocrx_word' id='word_1_99' title='bbox 1882 1195 2209 1263; x_wconf 82' lang='lat' dir='ltr'><strong>Principium</strong></span> 
     </span>
    </p>
   </div>
   <div class='ocr_carea' id='block_1_13' title="bbox 663 1284 2208 1364">
    <p class='ocr_par' dir='ltr' id='par_1_13' title="bbox 663 1284 2208 1364">
     <span class='ocr_line' id='line_1_13' title="bbox 663 1284 2208 1364; baseline -0.006 -20"><span class='ocrx_word' id='word_1_100' title='bbox 663 1300 838 1344; x_wconf 83' lang='lat' dir='ltr'><strong>autem</strong></span> <span class='ocrx_word' id='word_1_101' title='bbox 865 1290 1105 1364; x_wconf 72' lang='lat' dir='ltr'><strong>Christus</strong></span> <span class='ocrx_word' id='word_1_102' title='bbox 1131 1290 1341 1351; x_wconf 85' lang='lat' dir='ltr'><strong>dicitur,</strong></span> <span class='ocrx_word' id='word_1_103' title='bbox 1370 1288 1493 1355; x_wconf 83' lang='lat' dir='ltr'><strong>quia</strong></span> <span class='ocrx_word' id='word_1_104' title='bbox 1520 1288 1587 1339; x_wconf 87' lang='lat' dir='ltr'><strong>ab</strong></span> <span class='ocrx_word' id='word_1_105' title='bbox 1625 1287 1740 1355; x_wconf 84' lang='lat' dir='ltr'><strong>ipso</strong></span> <span class='ocrx_word' id='word_1_106' title='bbox 1765 1284 1938 1338; x_wconf 90' lang='lat' dir='ltr'><strong>omnis</strong></span> <span class='ocrx_word' id='word_1_107' title='bbox 1966 1290 2208 1336; x_wconf 77' lang='lat' dir='ltr'><strong>creatura</strong></span> 
     </span>
    </p>
   </div>
   <div class='ocr_carea' id='block_1_14' title="bbox 667 1366 2211 1443">
    <p class='ocr_par' dir='ltr' id='par_1_14' title="bbox 667 1366 2211 1443">
     <span class='ocr_line' id='line_1_14' title="bbox 667 1366 2211 1443; baseline -0.007 -13"><span class='ocrx_word' id='word_1_108' title='bbox 667 1366 873 1431; x_wconf 78' lang='lat' dir='ltr'><strong>inilium</strong></span> <span class='ocrx_word' id='word_1_109' title='bbox 907 1376 1130 1443; x_wconf 89' lang='lat' dir='ltr'><strong>accipit;</strong></span> <span class='ocrx_word' id='word_1_110' title='bbox 1159 1375 1276 1428; x_wconf 88' lang='lat' dir='ltr'><strong>ﬁnis</strong></span> <span class='ocrx_word' id='word_1_111' title='bbox 1304 1389 1449 1437; x_wconf 89' lang='lat' dir='ltr'><strong>vero,</strong></span> <span class='ocrx_word' id='word_1_112' title='bbox 1478 1372 1601 1442; x_wconf 82' lang='lat' dir='ltr'><strong>quia</strong></span> <span class='ocrx_word' id='word_1_113' title='bbox 1637 1373 1749 1439; x_wconf 91' lang='lat' dir='ltr'><strong>ipse</strong></span> <span class='ocrx_word' id='word_1_114' title='bbox 1775 1370 1925 1437; x_wconf 83' lang='lat' dir='ltr'><strong>quasi</strong></span> <span class='ocrx_word' id='word_1_115' title='bbox 1953 1369 2211 1421; x_wconf 86' lang='lat' dir='ltr'><strong>terminus</strong></span> 
     </span>
    </p>
   </div>
   <div class='ocr_carea' id='block_1_15' title="bbox 656 1459 2209 1541">
    <p class='ocr_par' dir='ltr' id='par_1_15' title="bbox 656 1459 2209 1541">
     <span class='ocr_line' id='line_1_15' title="bbox 656 1459 2209 1541; baseline -0.006 -21"><span class='ocrx_word' id='word_1_116' title='bbox 656 1467 840 1541; x_wconf 82' lang='lat' dir='ltr'><strong>omnia</strong></span> <span class='ocrx_word' id='word_1_117' title='bbox 865 1464 1144 1519; x_wconf 84' lang='lat' dir='ltr'><strong>concludit.</strong></span> <span class='ocrx_word' id='word_1_118' title='bbox 1188 1463 1355 1517; x_wconf 77' lang='lat' dir='ltr'><strong>Aliter</strong></span> <span class='ocrx_word' id='word_1_119' title='bbox 1391 1462 1704 1530; x_wconf 81' lang='lat' dir='ltr'><strong>principium</strong></span> <span class='ocrx_word' id='word_1_120' title='bbox 1744 1468 1801 1513; x_wconf 85' lang='lat' dir='ltr'><strong>et</strong></span> <span class='ocrx_word' id='word_1_121' title='bbox 1824 1459 1944 1512; x_wconf 87' lang='lat' dir='ltr'><strong>ﬁnis</strong></span> <span class='ocrx_word' id='word_1_122' title='bbox 1966 1466 2209 1522; x_wconf 82' lang='lat' dir='ltr'><strong>vocatur,</strong></span> 
     </span>
    </p>
   </div>
   <div class='ocr_carea' id='block_1_16' title="bbox 665 1549 2211 1623">
    <p class='ocr_par' dir='ltr' id='par_1_16' title="bbox 665 1549 2211 1623">
     <span class='ocr_line' id='line_1_16' title="bbox 665 1549 2211 1623; baseline -0.001 -18"><span class='ocrx_word' id='word_1_123' title='bbox 665 1554 787 1623; x_wconf 83' lang='lat' dir='ltr'><strong>quia</strong></span> <span class='ocrx_word' id='word_1_124' title='bbox 816 1554 926 1622; x_wconf 89' lang='lat' dir='ltr'><strong>ipse</strong></span> <span class='ocrx_word' id='word_1_125' title='bbox 949 1562 1030 1606; x_wconf 87' lang='lat' dir='ltr'><strong>est</strong></span> <span class='ocrx_word' id='word_1_126' title='bbox 1054 1552 1191 1607; x_wconf 87' lang='lat' dir='ltr'><strong>Deus</strong></span> <span class='ocrx_word' id='word_1_127' title='bbox 1220 1560 1341 1605; x_wconf 88' lang='lat' dir='ltr'><strong>ante</strong></span> <span class='ocrx_word' id='word_1_128' title='bbox 1369 1552 1583 1614; x_wconf 74' lang='lat' dir='ltr'><strong>szecula,</strong></span> <span class='ocrx_word' id='word_1_129' title='bbox 1608 1560 1662 1604; x_wconf 91' lang='lat' dir='ltr'><strong>et</strong></span> <span class='ocrx_word' id='word_1_130' title='bbox 1699 1551 1855 1603; x_wconf 85' lang='lat' dir='ltr'><strong>homo</strong></span> <span class='ocrx_word' id='word_1_131' title='bbox 1899 1550 1949 1602; x_wconf 93' lang='lat' dir='ltr'><strong>in</strong></span> <span class='ocrx_word' id='word_1_132' title='bbox 1981 1549 2085 1601; x_wconf 90' lang='lat' dir='ltr'><strong>ﬁne</strong></span> <span class='ocrx_word' id='word_1_133' title='bbox 2108 1564 2211 1603; x_wconf 68' lang='lat' dir='ltr'><strong>sae-</strong></span> 
     </span>
    </p>
   </div>
   <div class='ocr_carea' id='block_1_17' title="bbox 664 1633 2212 1705">
    <p class='ocr_par' dir='ltr' id='par_1_17' title="bbox 664 1633 2212 1705">
     <span class='ocr_line' id='line_1_17' title="bbox 664 1633 2212 1705; baseline -0.006 -10"><span class='ocrx_word' id='word_1_134' title='bbox 664 1642 922 1697; x_wconf 87' lang='lat' dir='ltr'><strong>culorum.</strong></span> <span class='ocrx_word' id='word_1_135' title='bbox 969 1639 1119 1695; x_wconf 83' lang='lat' dir='ltr'><strong>Unde</strong></span> <span class='ocrx_word' id='word_1_136' title='bbox 1150 1638 1416 1693; x_wconf 83' lang='lat' dir='ltr'><strong>Joannes:</strong></span> <span class='ocrx_word' id='word_1_137' title='bbox 1463 1636 1530 1689; x_wconf 86' lang='lat' dir='ltr'><strong>In</strong></span> <span class='ocrx_word' id='word_1_138' title='bbox 1564 1637 1815 1705; x_wconf 67' lang='lat' dir='ltr'><strong>principio</strong></span> <span class='ocrx_word' id='word_1_139' title='bbox 1842 1645 1953 1702; x_wconf 65' lang='lat' dir='ltr'><strong>erat</strong></span> <span class='ocrx_word' id='word_1_140' title='bbox 1992 1633 2212 1699; x_wconf 76' lang='lat' dir='ltr'><strong>Verbum</strong></span> 
     </span>
    </p>
   </div>
   <div class='ocr_carea' id='block_1_18' title="bbox 569 1722 2211 1799">
    <p class='ocr_par' dir='ltr' id='par_1_18' title="bbox 569 1722 2211 1799">
     <span class='ocr_line' id='line_1_18' title="bbox 569 1722 2211 1799; baseline -0.004 -16"><span class='ocrx_word' id='word_1_141' title='bbox 569 1737 572 1740; x_wconf 82' lang='grc'><strong>’</strong></span> <span class='ocrx_word' id='word_1_142' title='bbox 670 1731 848 1799; x_wconf 83' lang='lat' dir='ltr'><strong>(Joan.</strong></span> <span class='ocrx_word' id='word_1_143' title='bbox 876 1746 914 1792; x_wconf 83' lang='grc' dir='ltr'>ι,</span> <span class='ocrx_word' id='word_1_144' title='bbox 940 1729 1011 1798; x_wconf 82' lang='grc'><strong>1).</strong></span> <span class='ocrx_word' id='word_1_145' title='bbox 1045 1728 1113 1782; x_wconf 90' lang='lat' dir='ltr'><strong>Et</strong></span> <span class='ocrx_word' id='word_1_146' title='bbox 1140 1729 1296 1781; x_wconf 89' lang='lat' dir='ltr'><strong>item:</strong></span> <span class='ocrx_word' id='word_1_147' title='bbox 1333 1726 1551 1779; x_wconf 84' lang='lat' dir='ltr'><strong>Verbum</strong></span> <span class='ocrx_word' id='word_1_148' title='bbox 1576 1741 1696 1779; x_wconf 84' lang='lat' dir='ltr'><strong>caro</strong></span> <span class='ocrx_word' id='word_1_149' title='bbox 1723 1723 1913 1792; x_wconf 81' lang='lat' dir='ltr'><strong>factum</strong></span> <span class='ocrx_word' id='word_1_150' title='bbox 1934 1733 2007 1777; x_wconf 86' lang='lat' dir='ltr'><strong>est</strong></span> <span class='ocrx_word' id='word_1_151' title='bbox 2032 1722 2211 1794; x_wconf 83' lang='lat' dir='ltr'><strong>(Joan.</strong></span> 
     </span>
    </p>
   </div>
   <div class='ocr_carea' id='block_1_19' title="bbox 2299 570 3844 642">
    <p class='ocr_par' dir='ltr' id='par_1_19' title="bbox 2299 570 3844 642">
     <span class='ocr_line' id='line_1_19' title="bbox 2299 570 3844 642; baseline 0 -13"><span class='ocrx_word' id='word_1_152' title='bbox 2299 589 2421 629; x_wconf 89' lang='lat' dir='ltr'><strong>cum</strong></span> <span class='ocrx_word' id='word_1_153' title='bbox 2450 572 2587 629; x_wconf 83' lang='lat' dir='ltr'><strong>facta</strong></span> <span class='ocrx_word' id='word_1_154' title='bbox 2614 572 2867 641; x_wconf 81' lang='lat' dir='ltr'><strong>spiritalis</strong></span> <span class='ocrx_word' id='word_1_155' title='bbox 2896 570 3011 625; x_wconf 90' lang='lat' dir='ltr'><strong>l&#39;uit.</strong></span> <span class='ocrx_word' id='word_1_156' title='bbox 3058 571 3164 625; x_wconf 88' lang='lat' dir='ltr'><strong>Sed</strong></span> <span class='ocrx_word' id='word_1_157' title='bbox 3216 572 3557 639; x_wconf 72' lang='lat' dir='ltr'><strong>quzerendum</strong></span> <span class='ocrx_word' id='word_1_158' title='bbox 3598 580 3844 642; x_wconf 83' lang='lat' dir='ltr'><strong>estun</strong></span> 
     </span>
    </p>
   </div>
   <div class='ocr_carea' id='block_1_20' title="bbox 2299 664 3848 734">
    <p class='ocr_par' dir='ltr' id='par_1_20' title="bbox 2299 664 3848 734">
     <span class='ocr_line' id='line_1_20' title="bbox 2299 664 3848 734; baseline -0.001 -14"><span class='ocrx_word' id='word_1_159' title='bbox 2299 664 2515 720; x_wconf 82' lang='lat' dir='ltr'><strong>dorsum</strong></span> <span class='ocrx_word' id='word_1_160' title='bbox 2550 665 2767 734; x_wconf 86' lang='lat' dir='ltr'><strong>spiritus</strong></span> <span class='ocrx_word' id='word_1_161' title='bbox 2790 664 2988 718; x_wconf 85' lang='lat' dir='ltr'><strong>habere</strong></span> <span class='ocrx_word' id='word_1_162' title='bbox 3015 664 3206 732; x_wconf 88' lang='lat' dir='ltr'><strong>potuit,</strong></span> <span class='ocrx_word' id='word_1_163' title='bbox 3232 671 3291 717; x_wconf 91' lang='lat' dir='ltr'><strong>ut</strong></span> <span class='ocrx_word' id='word_1_164' title='bbox 3308 672 3429 733; x_wconf 86' lang='lat' dir='ltr'><strong>post</strong></span> <span class='ocrx_word' id='word_1_165' title='bbox 3454 676 3512 716; x_wconf 90' lang='lat' dir='ltr'><strong>se</strong></span> <span class='ocrx_word' id='word_1_166' title='bbox 3530 678 3713 717; x_wconf 85' lang='lat' dir='ltr'><strong>vocem</strong></span> <span class='ocrx_word' id='word_1_167' title='bbox 3752 678 3848 718; x_wconf 91' lang='lat' dir='ltr'><strong>au-</strong></span> 
     </span>
    </p>
   </div>
   <div class='ocr_carea' id='block_1_21' title="bbox 2301 751 3849 822">
    <p class='ocr_par' dir='ltr' id='par_1_21' title="bbox 2301 751 3849 822">
     <span class='ocr_line' id='line_1_21' title="bbox 2301 751 3849 822; baseline 0 -15"><span class='ocrx_word' id='word_1_168' title='bbox 2301 755 2459 808; x_wconf 90' lang='lat' dir='ltr'><strong>diret.</strong></span> <span class='ocrx_word' id='word_1_169' title='bbox 2486 754 2708 808; x_wconf 79' lang='lat' dir='ltr'><strong>Videtur</strong></span> <span class='ocrx_word' id='word_1_170' title='bbox 2736 754 2914 822; x_wconf 81' lang='lat' dir='ltr'><strong>itaque</strong></span> <span class='ocrx_word' id='word_1_171' title='bbox 2942 752 3105 807; x_wconf 78' lang='lat' dir='ltr'><strong>facies</strong></span> <span class='ocrx_word' id='word_1_172' title='bbox 3131 754 3349 822; x_wconf 86' lang='lat' dir='ltr'><strong>spiritus</strong></span> <span class='ocrx_word' id='word_1_173' title='bbox 3385 753 3525 805; x_wconf 92' lang='lat' dir='ltr'><strong>illius</strong></span> <span class='ocrx_word' id='word_1_174' title='bbox 3550 751 3713 807; x_wconf 82' lang='lat' dir='ltr'><strong>fuisse</strong></span> <span class='ocrx_word' id='word_1_175' title='bbox 3733 754 3849 821; x_wconf 90' lang='lat' dir='ltr'><strong>ipsa</strong></span> 
     </span>
    </p>
   </div>
   <div class='ocr_carea' id='block_1_22' title="bbox 2300 843 3850 913">
    <p class='ocr_par' dir='ltr' id='par_1_22' title="bbox 2300 843 3850 913">
     <span class='ocr_line' id='line_1_22' title="bbox 2300 843 3850 913; baseline -0.001 -14"><span class='ocrx_word' id='word_1_176' title='bbox 2300 847 2383 900; x_wconf 90' lang='lat' dir='ltr'><strong>vis</strong></span> <span class='ocrx_word' id='word_1_177' title='bbox 2406 846 2597 899; x_wconf 73' lang='lat' dir='ltr'><strong>divina:</strong></span> <span class='ocrx_word' id='word_1_178' title='bbox 2627 844 3113 913; x_wconf 79' lang='lat' dir='ltr'><strong>contemplationis;</strong></span> <span class='ocrx_word' id='word_1_179' title='bbox 3140 844 3355 898; x_wconf 85' lang='lat' dir='ltr'><strong>dorsum</strong></span> <span class='ocrx_word' id='word_1_180' title='bbox 3400 857 3527 896; x_wconf 88' lang='lat' dir='ltr'><strong>vero</strong></span> <span class='ocrx_word' id='word_1_181' title='bbox 3568 843 3764 898; x_wconf 87' lang='lat' dir='ltr'><strong>oblivio</strong></span> <span class='ocrx_word' id='word_1_182' title='bbox 3782 843 3850 898; x_wconf 86' lang='lat' dir='ltr'><strong>de</strong></span> 
     </span>
    </p>
   </div>
   <div class='ocr_carea' id='block_1_23' title="bbox 2302 932 3850 1002">
    <p class='ocr_par' dir='ltr' id='par_1_23' title="bbox 2302 932 3850 1002">
     <span class='ocr_line' id='line_1_23' title="bbox 2302 932 3850 1002; baseline -0.002 -12"><span class='ocrx_word' id='word_1_183' title='bbox 2302 935 2668 1002; x_wconf 60' lang='lat' dir='ltr'><strong>praesentibus.</strong></span> <span class='ocrx_word' id='word_1_184' title='bbox 2717 933 2918 986; x_wconf 88' lang='lat' dir='ltr'><strong>idcirco</strong></span> <span class='ocrx_word' id='word_1_185' title='bbox 2943 947 3072 1002; x_wconf 82' lang='lat' dir='ltr'><strong>ergo</strong></span> <span class='ocrx_word' id='word_1_186' title='bbox 3122 947 3303 986; x_wconf 88' lang='lat' dir='ltr'><strong>vocem</strong></span> <span class='ocrx_word' id='word_1_187' title='bbox 3330 932 3381 985; x_wconf 90' lang='lat' dir='ltr'><strong>in</strong></span> <span class='ocrx_word' id='word_1_188' title='bbox 3409 932 3492 993; x_wconf 80' lang='lat' dir='ltr'><strong>his</strong></span> <span class='ocrx_word' id='word_1_189' title='bbox 3515 946 3631 1000; x_wconf 72' lang='lat' dir='ltr'><strong>qua:</strong></span> <span class='ocrx_word' id='word_1_190' title='bbox 3654 932 3850 987; x_wconf 84' lang='lat' dir='ltr'><strong>oblitus</strong></span> 
     </span>
    </p>
   </div>
   <div class='ocr_carea' id='block_1_24' title="bbox 2305 1019 3846 1084">
    <p class='ocr_par' dir='ltr' id='par_1_24' title="bbox 2305 1019 3846 1084">
     <span class='ocr_line' id='line_1_24' title="bbox 2305 1019 3846 1084; baseline 0.001 -11"><span class='ocrx_word' id='word_1_191' title='bbox 2305 1020 2477 1074; x_wconf 83' lang='lat' dir='ltr'><strong>fuerat</strong></span> <span class='ocrx_word' id='word_1_192' title='bbox 2519 1021 2737 1083; x_wconf 82' lang='lat' dir='ltr'><strong>audivit,</strong></span> <span class='ocrx_word' id='word_1_193' title='bbox 2777 1026 2835 1073; x_wconf 89' lang='lat' dir='ltr'><strong>ut</strong></span> <span class='ocrx_word' id='word_1_194' title='bbox 2870 1019 3058 1073; x_wconf 79' lang='lat' dir='ltr'><strong>faciem</strong></span> <span class='ocrx_word' id='word_1_195' title='bbox 3086 1020 3277 1073; x_wconf 78' lang='lat' dir='ltr'><strong>montis</strong></span> <span class='ocrx_word' id='word_1_196' title='bbox 3301 1020 3368 1074; x_wconf 90' lang='lat' dir='ltr'><strong>ad</strong></span> <span class='ocrx_word' id='word_1_197' title='bbox 3404 1034 3465 1073; x_wconf 91' lang='lat' dir='ltr'><strong>ea</strong></span> <span class='ocrx_word' id='word_1_198' title='bbox 3491 1030 3846 1084; x_wconf 85' lang='lat' dir='ltr'><strong>converteret,</strong></span> 
     </span>
    </p>
   </div>
   <div class='ocr_carea' id='block_1_25' title="bbox 2305 1106 3853 1177">
    <p class='ocr_par' dir='ltr' id='par_1_25' title="bbox 2305 1106 3853 1177">
     <span class='ocr_line' id='line_1_25' title="bbox 2305 1106 3853 1177; baseline 0 -15"><span class='ocrx_word' id='word_1_199' title='bbox 2305 1118 2358 1162; x_wconf 90' lang='lat' dir='ltr'><strong>et</strong></span> <span class='ocrx_word' id='word_1_200' title='bbox 2382 1123 2605 1177; x_wconf 71' lang='lat' dir='ltr'><strong>quasque</strong></span> <span class='ocrx_word' id='word_1_201' title='bbox 2643 1107 2848 1162; x_wconf 88' lang='lat' dir='ltr'><strong>videret</strong></span> <span class='ocrx_word' id='word_1_202' title='bbox 2870 1106 2924 1159; x_wconf 90' lang='lat' dir='ltr'><strong>in</strong></span> <span class='ocrx_word' id='word_1_203' title='bbox 2952 1106 3108 1169; x_wconf 89' lang='lat' dir='ltr'><strong>libro,</strong></span> <span class='ocrx_word' id='word_1_204' title='bbox 3137 1107 3189 1159; x_wconf 91' lang='lat' dir='ltr'><strong>in</strong></span> <span class='ocrx_word' id='word_1_205' title='bbox 3216 1106 3350 1160; x_wconf 86' lang='lat' dir='ltr'><strong>libro</strong></span> <span class='ocrx_word' id='word_1_206' title='bbox 3392 1106 3665 1160; x_wconf 83' lang='lat' dir='ltr'><strong>scriberet.</strong></span> <span class='ocrx_word' id='word_1_207' title='bbox 3698 1108 3781 1170; x_wconf 67' lang='lat' dir='ltr'><strong>Ac</strong></span> <span class='ocrx_word' id='word_1_208' title='bbox 3805 1106 3853 1162; x_wconf 88' lang='lat' dir='ltr'><strong>si</strong></span> 
     </span>
    </p>
   </div>
   <div class='ocr_carea' id='block_1_26' title="bbox 2308 1191 3855 1265">
    <p class='ocr_par' dir='ltr' id='par_1_26' title="bbox 2308 1191 3855 1265">
     <span class='ocr_line' id='line_1_26' title="bbox 2308 1191 3855 1265; baseline -0.001 -15"><span class='ocrx_word' id='word_1_209' title='bbox 2308 1197 2357 1251; x_wconf 89' lang='lat' dir='ltr'><strong>ei</strong></span> <span class='ocrx_word' id='word_1_210' title='bbox 2382 1198 2496 1265; x_wconf 87' lang='lat' dir='ltr'><strong>ipsa</strong></span> <span class='ocrx_word' id='word_1_211' title='bbox 2543 1210 2656 1249; x_wconf 65' lang='lat' dir='ltr'><strong>vox&#39;</strong></span> <span class='ocrx_word' id='word_1_212' title='bbox 2692 1195 2891 1248; x_wconf 81' lang='lat' dir='ltr'><strong>diceret</strong></span> <span class='ocrx_word' id='word_1_213' title='bbox 2937 1210 2951 1245; x_wconf 90' lang='lat'><strong>:</strong></span> <span class='ocrx_word' id='word_1_214' title='bbox 2993 1192 3073 1246; x_wconf 83' lang='lat' dir='ltr'><strong>Ea</strong></span> <span class='ocrx_word' id='word_1_215' title='bbox 3102 1208 3218 1261; x_wconf 75' lang='lat' dir='ltr'><strong>qua:</strong></span> <span class='ocrx_word' id='word_1_216' title='bbox 3252 1199 3306 1246; x_wconf 85' lang='lat' dir='ltr'><strong>in</strong></span> <span class='ocrx_word' id='word_1_217' title='bbox 3334 1193 3519 1260; x_wconf 85' lang='lat' dir='ltr'><strong>spiritu</strong></span> <span class='ocrx_word' id='word_1_218' title='bbox 3551 1191 3645 1246; x_wconf 90' lang='lat' dir='ltr'><strong>Dei</strong></span> <span class='ocrx_word' id='word_1_219' title='bbox 3672 1194 3855 1247; x_wconf 80' lang='lat' dir='ltr'><strong>videre</strong></span> 
     </span>
    </p>
   </div>
   <div class='ocr_carea' id='block_1_27' title="bbox 2308 1282 3857 1355">
    <p class='ocr_par' dir='ltr' id='par_1_27' title="bbox 2308 1282 3857 1355">
     <span class='ocr_line' id='line_1_27' title="bbox 2308 1282 3857 1355; baseline -0.002 -16"><span class='ocrx_word' id='word_1_220' title='bbox 2308 1287 2516 1355; x_wconf 86' lang='lat' dir='ltr'><strong>incipis,</strong></span> <span class='ocrx_word' id='word_1_221' title='bbox 2542 1286 2631 1338; x_wconf 90' lang='lat' dir='ltr'><strong>hic</strong></span> <span class='ocrx_word' id='word_1_222' title='bbox 2656 1284 2747 1338; x_wconf 89' lang='lat' dir='ltr'><strong>ubi</strong></span> <span class='ocrx_word' id='word_1_223' title='bbox 2775 1298 2860 1337; x_wconf 90' lang='lat' dir='ltr'><strong>me</strong></span> <span class='ocrx_word' id='word_1_224' title='bbox 2880 1283 3032 1340; x_wconf 85' lang='lat' dir='ltr'><strong>audis</strong></span> <span class='ocrx_word' id='word_1_225' title='bbox 3058 1283 3171 1336; x_wconf 88' lang='lat' dir='ltr'><strong>sine</strong></span> <span class='ocrx_word' id='word_1_226' title='bbox 3198 1296 3329 1335; x_wconf 87' lang='lat' dir='ltr'><strong>sono</strong></span> <span class='ocrx_word' id='word_1_227' title='bbox 3356 1289 3655 1345; x_wconf 79' lang='lat' dir='ltr'><strong>sonantem,</strong></span> <span class='ocrx_word' id='word_1_228' title='bbox 3694 1282 3749 1335; x_wconf 89' lang='lat' dir='ltr'><strong>id</strong></span> <span class='ocrx_word' id='word_1_229' title='bbox 3771 1291 3857 1336; x_wconf 88' lang='lat' dir='ltr'><strong>est</strong></span> 
     </span>
    </p>
   </div>
   <div class='ocr_carea' id='block_1_28' title="bbox 2310 1370 3857 1444">
    <p class='ocr_par' dir='ltr' id='par_1_28' title="bbox 2310 1370 3857 1444">
     <span class='ocr_line' id='line_1_28' title="bbox 2310 1370 3857 1444; baseline -0.003 -13"><span class='ocrx_word' id='word_1_230' title='bbox 2310 1379 2363 1431; x_wconf 91' lang='lat' dir='ltr'><strong>in</strong></span> <span class='ocrx_word' id='word_1_231' title='bbox 2395 1378 2575 1440; x_wconf 81' lang='lat' dir='ltr'><strong>terris,</strong></span> <span class='ocrx_word' id='word_1_232' title='bbox 2595 1376 2679 1428; x_wconf 87' lang='lat' dir='ltr'><strong>vel</strong></span> <span class='ocrx_word' id='word_1_233' title='bbox 2704 1383 2851 1440; x_wconf 79' lang='lat' dir='ltr'><strong>gesta</strong></span> <span class='ocrx_word' id='word_1_234' title='bbox 2875 1374 2963 1428; x_wconf 83' lang='lat' dir='ltr'><strong>vel</strong></span> <span class='ocrx_word' id='word_1_235' title='bbox 2993 1373 3219 1444; x_wconf 87' lang='lat' dir='ltr'><strong>gerenda</strong></span> <span class='ocrx_word' id='word_1_236' title='bbox 3242 1379 3385 1426; x_wconf 90' lang='lat' dir='ltr'><strong>sunt.</strong></span> <span class='ocrx_word' id='word_1_237' title='bbox 3416 1371 3506 1425; x_wconf 87' lang='lat' dir='ltr'><strong>Sic</strong></span> <span class='ocrx_word' id='word_1_238' title='bbox 3531 1379 3706 1425; x_wconf 85' lang='lat' dir='ltr'><strong>autem</strong></span> <span class='ocrx_word' id='word_1_239' title='bbox 3728 1370 3857 1426; x_wconf 87' lang='lat' dir='ltr'><strong>dici—</strong></span> 
     </span>
    </p>
   </div>
   <div class='ocr_carea' id='block_1_29' title="bbox 2310 1459 3851 1535">
    <p class='ocr_par' dir='ltr' id='par_1_29' title="bbox 2310 1459 3851 1535">
     <span class='ocr_line' id='line_1_29' title="bbox 2310 1459 3851 1535; baseline -0.003 -16"><span class='ocrx_word' id='word_1_240' title='bbox 2310 1459 2397 1519; x_wconf 81' lang='lat' dir='ltr'><strong>tur</strong></span> <span class='ocrx_word' id='word_1_241' title='bbox 2419 1480 2538 1535; x_wconf 63' lang='lat' dir='ltr'><strong>quae</strong></span> <span class='ocrx_word' id='word_1_242' title='bbox 2555 1464 2702 1517; x_wconf 85' lang='lat' dir='ltr'><strong>vides</strong></span> <span class='ocrx_word' id='word_1_243' title='bbox 2723 1463 2932 1526; x_wconf 86' lang='lat' dir='ltr'><strong>scribe;</strong></span> <span class='ocrx_word' id='word_1_244' title='bbox 2962 1476 3024 1515; x_wconf 91' lang='lat' dir='ltr'><strong>ac</strong></span> <span class='ocrx_word' id='word_1_245' title='bbox 3062 1462 3104 1514; x_wconf 92' lang='lat' dir='ltr'><strong>si</strong></span> <span class='ocrx_word' id='word_1_246' title='bbox 3130 1460 3352 1523; x_wconf 89' lang='lat' dir='ltr'><strong>diceret,</strong></span> <span class='ocrx_word' id='word_1_247' title='bbox 3381 1474 3500 1529; x_wconf 66' lang='lat' dir='ltr'><strong>qua:</strong></span> <span class='ocrx_word' id='word_1_248' title='bbox 3518 1460 3732 1514; x_wconf 88' lang='lat' dir='ltr'><strong>visurus</strong></span> <span class='ocrx_word' id='word_1_249' title='bbox 3759 1474 3851 1525; x_wconf 87' lang='lat' dir='ltr'><strong>es;</strong></span> 
     </span>
    </p>
   </div>
   <div class='ocr_carea' id='block_1_30' title="bbox 2309 1551 3860 1621">
    <p class='ocr_par' dir='ltr' id='par_1_30' title="bbox 2309 1551 3860 1621">
     <span class='ocr_line' id='line_1_30' title="bbox 2309 1551 3860 1621; baseline -0.002 -12"><span class='ocrx_word' id='word_1_250' title='bbox 2309 1557 2534 1609; x_wconf 87' lang='lat' dir='ltr'><strong>necdum</strong></span> <span class='ocrx_word' id='word_1_251' title='bbox 2558 1555 2698 1608; x_wconf 91' lang='lat' dir='ltr'><strong>enim</strong></span> <span class='ocrx_word' id='word_1_252' title='bbox 2724 1553 2924 1621; x_wconf 91' lang='lat' dir='ltr'><strong>aliquid</strong></span> <span class='ocrx_word' id='word_1_253' title='bbox 2949 1553 3168 1606; x_wconf 81' lang='lat' dir='ltr'><strong>viderat.</strong></span> <span class='ocrx_word' id='word_1_254' title='bbox 3200 1551 3494 1620; x_wconf 81' lang='lat' dir='ltr'><strong>Allegorice</strong></span> <span class='ocrx_word' id='word_1_255' title='bbox 3520 1551 3755 1605; x_wconf 86' lang='lat' dir='ltr'><strong>Ecclesia</strong></span> <span class='ocrx_word' id='word_1_256' title='bbox 3791 1552 3860 1606; x_wconf 87' lang='lat' dir='ltr'><strong>de</strong></span> 
     </span>
    </p>
   </div>
   <div class='ocr_carea' id='block_1_31' title="bbox 2310 1638 3861 1710">
    <p class='ocr_par' dir='ltr' id='par_1_31' title="bbox 2310 1638 3861 1710">
     <span class='ocr_line' id='line_1_31' title="bbox 2310 1638 3861 1710; baseline -0.002 -13"><span class='ocrx_word' id='word_1_257' title='bbox 2310 1643 2507 1698; x_wconf 87' lang='lat' dir='ltr'><strong>Christi</strong></span> <span class='ocrx_word' id='word_1_258' title='bbox 2534 1658 2597 1696; x_wconf 90' lang='lat' dir='ltr'><strong>ac</strong></span> <span class='ocrx_word' id='word_1_259' title='bbox 2620 1658 2716 1696; x_wconf 90' lang='lat' dir='ltr'><strong>sua</strong></span> <span class='ocrx_word' id='word_1_260' title='bbox 2739 1640 2922 1710; x_wconf 88' lang='lat' dir='ltr'><strong>copula</strong></span> <span class='ocrx_word' id='word_1_261' title='bbox 2955 1655 3137 1693; x_wconf 87' lang='lat' dir='ltr'><strong>vocem</strong></span> <span class='ocrx_word' id='word_1_262' title='bbox 3172 1647 3293 1707; x_wconf 89' lang='lat' dir='ltr'><strong>post</strong></span> <span class='ocrx_word' id='word_1_263' title='bbox 3321 1654 3379 1692; x_wconf 88' lang='lat' dir='ltr'><strong>se</strong></span> <span class='ocrx_word' id='word_1_264' title='bbox 3399 1638 3568 1702; x_wconf 86' lang='lat' dir='ltr'><strong>audit,</strong></span> <span class='ocrx_word' id='word_1_265' title='bbox 3597 1654 3626 1691; x_wconf 89' lang='lat' dir='ltr'><strong>a</strong></span> <span class='ocrx_word' id='word_1_266' title='bbox 3656 1638 3770 1708; x_wconf 88' lang='lat' dir='ltr'><strong>lege</strong></span> <span class='ocrx_word' id='word_1_267' title='bbox 3802 1646 3861 1694; x_wconf 88' lang='lat' dir='ltr'><strong>et</strong></span> 
     </span>
    </p>
   </div>
   <div class='ocr_carea' id='block_1_32' title="bbox 2311 1724 3858 1803">
    <p class='ocr_par' dir='ltr' id='par_1_32' title="bbox 2311 1724 3858 1803">
     <span class='ocr_line' id='line_1_32' title="bbox 2311 1724 3858 1803; baseline -0.005 -15"><span class='ocrx_word' id='word_1_268' title='bbox 2311 1734 2602 1803; x_wconf 80' lang='lat' dir='ltr'><strong>prophetis,</strong></span> <span class='ocrx_word' id='word_1_269' title='bbox 2629 1740 2687 1785; x_wconf 93' lang='lat' dir='ltr'><strong>ut</strong></span> <span class='ocrx_word' id='word_1_270' title='bbox 2712 1732 2839 1785; x_wconf 88' lang='lat' dir='ltr'><strong>illud</strong></span> <span class='ocrx_word' id='word_1_271' title='bbox 2865 1748 2878 1783; x_wconf 92' lang='lat'><strong>:</strong></span> <span class='ocrx_word' id='word_1_272' title='bbox 2908 1729 3076 1783; x_wconf 83' lang='lat' dir='ltr'><strong>Erunt</strong></span> <span class='ocrx_word' id='word_1_273' title='bbox 3091 1729 3194 1781; x_wconf 86' lang='lat' dir='ltr'><strong>duo</strong></span> <span class='ocrx_word' id='word_1_274' title='bbox 3222 1729 3276 1782; x_wconf 88' lang='lat' dir='ltr'><strong>in</strong></span> <span class='ocrx_word' id='word_1_275' title='bbox 3303 1729 3457 1781; x_wconf 84' lang='lat' dir='ltr'><strong>c’arne</strong></span> <span class='ocrx_word' id='word_1_276' title='bbox 3482 1745 3587 1781; x_wconf 88' lang='lat' dir='ltr'><strong>una</strong></span> <span class='ocrx_word' id='word_1_277' title='bbox 3615 1724 3763 1796; x_wconf 73' lang='lat' dir='ltr'><strong>(Cen.</strong></span> <span class='ocrx_word' id='word_1_278' title='bbox 3793 1741 3858 1793; x_wconf 80' lang='grc' dir='ltr'>ιι,</span> 
     </span>
    </p>
   </div>
   <div class='ocr_carea' id='block_1_33' title="bbox 668 1804 2239 1892">
    <p class='ocr_par' dir='ltr' id='par_1_33' title="bbox 668 1804 2215 1887">
     <span class='ocr_line' id='line_1_33' title="bbox 668 1804 2215 1887; baseline -0.004 -16"><span class='ocrx_word' id='word_1_279' title='bbox 668 1834 708 1880; x_wconf 89' lang='lat' dir='ltr'><strong>t,</strong></span> <span class='ocrx_word' id='word_1_280' title='bbox 728 1817 846 1887; x_wconf 70' lang='grc'><strong>44).</strong></span> <span class='ocrx_word' id='word_1_281' title='bbox 877 1818 1058 1887; x_wconf 76' lang='lat' dir='ltr'><strong>(Vens.</strong></span> <span class='ocrx_word' id='word_1_282' title='bbox 1086 1815 1162 1885; x_wconf 88' lang='lat'><strong>9.)</strong></span> <span class='ocrx_word' id='word_1_283' title='bbox 1212 1815 1321 1885; x_wconf 85' lang='lat' dir='ltr'><strong>Ego</strong></span> <span class='ocrx_word' id='word_1_284' title='bbox 1344 1814 1574 1867; x_wconf 77' lang='lat' dir='ltr'><strong>Joannes</strong></span> <span class='ocrx_word' id='word_1_285' title='bbox 1600 1804 1780 1881; x_wconf 76' lang='lat' dir='ltr'><strong>frater,</strong></span> <span class='ocrx_word' id='word_1_286' title='bbox 1807 1822 1854 1866; x_wconf 91' lang='lat' dir='ltr'><strong>et</strong></span> <span class='ocrx_word' id='word_1_287' title='bbox 1880 1813 2133 1881; x_wconf 74' lang='lat' dir='ltr'><strong>particeps</strong></span> <span class='ocrx_word' id='word_1_288' title='bbox 2160 1813 2215 1865; x_wconf 87' lang='lat' dir='ltr'><strong>in</strong></span> 
     </span>
    </p>
   </div>
   <div class='ocr_carea' id='block_1_34' title="bbox 2328 1804 3859 1892">
    <p class='ocr_par' dir='ltr' id='par_1_34' title="bbox 2328 1812 3859 1892">
     <span class='ocr_line' id='line_1_34' title="bbox 2328 1812 3859 1892; baseline -0.005 -16"><span class='ocrx_word' id='word_1_289' title='bbox 2328 1823 2423 1892; x_wconf 68' lang='grc' dir='ltr'><strong>Μ).</strong></span> <span class='ocrx_word' id='word_1_290' title='bbox 2456 1822 2569 1876; x_wconf 76' lang='lat' dir='ltr'><strong>Vox</strong></span> <span class='ocrx_word' id='word_1_291' title='bbox 2602 1829 2774 1874; x_wconf 87' lang='lat' dir='ltr'><strong>autem</strong></span> <span class='ocrx_word' id='word_1_292' title='bbox 2808 1820 2921 1873; x_wconf 73' lang='lat' dir='ltr'><strong>hzec</strong></span> <span class='ocrx_word' id='word_1_293' title='bbox 2941 1819 3052 1872; x_wconf 86' lang='lat' dir='ltr'><strong>sive</strong></span> <span class='ocrx_word' id='word_1_294' title='bbox 3076 1819 3127 1871; x_wconf 92' lang='lat' dir='ltr'><strong>in</strong></span> <span class='ocrx_word' id='word_1_295' title='bbox 3154 1817 3390 1871; x_wconf 85' lang='lat' dir='ltr'><strong>Ecclesia</strong></span> <span class='ocrx_word' id='word_1_296' title='bbox 3420 1818 3531 1870; x_wconf 87' lang='lat' dir='ltr'><strong>sive</strong></span> <span class='ocrx_word' id='word_1_297' title='bbox 3556 1819 3606 1869; x_wconf 90' lang='lat' dir='ltr'><strong>in</strong></span> <span class='ocrx_word' id='word_1_298' title='bbox 3633 1812 3859 1879; x_wconf 84' lang='lat' dir='ltr'><strong>Joanne,</strong></span> 
     </span>
    </p>
   </div>
   <div class='ocr_carea' id='block_1_35' title="bbox 666 1901 2214 1974">
    <p class='ocr_par' dir='ltr' id='par_1_35' title="bbox 666 1901 2214 1974">
     <span class='ocr_line' id='line_1_35' title="bbox 666 1901 2214 1974; baseline -0.002 -17"><span class='ocrx_word' id='word_1_299' title='bbox 666 1906 1016 1970; x_wconf 78' lang='lat' dir='ltr'><strong>tribulatione,</strong></span> <span class='ocrx_word' id='word_1_300' title='bbox 1036 1916 1088 1959; x_wconf 86' lang='lat' dir='ltr'><strong>et</strong></span> <span class='ocrx_word' id='word_1_301' title='bbox 1116 1921 1290 1974; x_wconf 81' lang='lat' dir='ltr'><strong>regno,</strong></span> <span class='ocrx_word' id='word_1_302' title='bbox 1314 1907 1380 1956; x_wconf 79' lang='lat' dir='ltr'><strong>e&#39;t-</strong></span> <span class='ocrx_word' id='word_1_303' title='bbox 1405 1903 1651 1973; x_wconf 82' lang='lat' dir='ltr'><strong>patientia</strong></span> <span class='ocrx_word' id='word_1_304' title='bbox 1677 1902 1828 1966; x_wconf 81' lang='lat' dir='ltr'><strong>Jesu,</strong></span> <span class='ocrx_word' id='word_1_305' title='bbox 1856 1902 1933 1971; x_wconf 80' lang='lat' dir='ltr'><strong>fui</strong></span> <span class='ocrx_word' id='word_1_306' title='bbox 1961 1901 2214 1955; x_wconf 55' lang='lat' dir='ltr'><strong>ininsula</strong></span> 
     </span>
    </p>
   </div>
   <div class='ocr_carea' id='block_1_36' title="bbox 669 1990 2217 2065">
    <p class='ocr_par' dir='ltr' id='par_1_36' title="bbox 669 1990 2217 2065">
     <span class='ocr_line' id='line_1_36' title="bbox 669 1990 2217 2065; baseline -0.004 -17"><span class='ocrx_word' id='word_1_307' title='bbox 669 2011 784 2065; x_wconf 65' lang='lat' dir='ltr'><strong>qua</strong></span> <span class='ocrx_word' id='word_1_308' title='bbox 804 1994 1090 2063; x_wconf 77' lang='lat' dir='ltr'><strong>appellatur</strong></span> <span class='ocrx_word' id='word_1_309' title='bbox 1120 1991 1389 2053; x_wconf 87' lang='lat' dir='ltr'><strong>Pathmos,</strong></span> <span class='ocrx_word' id='word_1_310' title='bbox 1416 1998 1623 2060; x_wconf 80' lang='lat' dir='ltr'><strong>propter</strong></span> <span class='ocrx_word' id='word_1_311' title='bbox 1644 1990 1847 2043; x_wconf 83' lang='lat' dir='ltr'><strong>verbum</strong></span> <span class='ocrx_word' id='word_1_312' title='bbox 1870 1990 1964 2042; x_wconf 87' lang='lat' dir='ltr'><strong>Dei</strong></span> <span class='ocrx_word' id='word_1_313' title='bbox 1986 1999 2035 2043; x_wconf 88' lang='lat' dir='ltr'><strong>et</strong></span> <span class='ocrx_word' id='word_1_314' title='bbox 2076 1991 2217 2043; x_wconf 85' lang='lat' dir='ltr'><strong>testi-</strong></span> 
     </span>
    </p>
   </div>
   <div class='ocr_carea' id='block_1_37' title="bbox 550 2077 2215 2153">
    <p class='ocr_par' dir='ltr' id='par_1_37' title="bbox 550 2077 2215 2153">
     <span class='ocr_line' id='line_1_37' title="bbox 550 2077 2215 2153; baseline -0.004 -18"><span class='ocrx_word' id='word_1_315' title='bbox 550 2150 553 2153; x_wconf 94' lang='lat'><em>_</em></span> <span class='ocrx_word' id='word_1_316' title='bbox 670 2082 894 2135; x_wconf 86' lang='lat' dir='ltr'><strong>monium</strong></span> <span class='ocrx_word' id='word_1_317' title='bbox 916 2080 1063 2135; x_wconf 86' lang='lat' dir='ltr'><strong>Jesu.</strong></span> <span class='ocrx_word' id='word_1_318' title='bbox 1096 2079 1206 2132; x_wconf 83' lang='lat' dir='ltr'><strong>Hoc</strong></span> <span class='ocrx_word' id='word_1_319' title='bbox 1229 2079 1345 2132; x_wconf 91' lang='lat' dir='ltr'><strong>loco</strong></span> <span class='ocrx_word' id='word_1_320' title='bbox 1369 2078 1620 2141; x_wconf 82' lang='lat' dir='ltr'><strong>Joannes,</strong></span> <span class='ocrx_word' id='word_1_321' title='bbox 1647 2086 1701 2130; x_wconf 92' lang='lat' dir='ltr'><strong>et</strong></span> <span class='ocrx_word' id='word_1_322' title='bbox 1720 2077 2018 2145; x_wconf 88' lang='lat' dir='ltr'><strong>specialiter</strong></span> <span class='ocrx_word' id='word_1_323' title='bbox 2043 2091 2215 2141; x_wconf 88' lang='lat' dir='ltr'><strong>suam,</strong></span> 
     </span>
    </p>
   </div>
   <div class='ocr_carea' id='block_1_38' title="bbox 668 2165 2219 2241">
    <p class='ocr_par' dir='ltr' id='par_1_38' title="bbox 668 2165 2219 2241">
     <span class='ocr_line' id='line_1_38' title="bbox 668 2165 2219 2241; baseline -0.005 -15"><span class='ocrx_word' id='word_1_324' title='bbox 668 2181 723 2226; x_wconf 90' lang='lat' dir='ltr'><strong>et</strong></span> <span class='ocrx_word' id='word_1_325' title='bbox 753 2170 1064 2241; x_wconf 76' lang='lat' dir='ltr'><strong>generaliter</strong></span> <span class='ocrx_word' id='word_1_326' title='bbox 1107 2167 1356 2221; x_wconf 75' lang='lat' dir='ltr'><strong>Ecclesia:</strong></span> <span class='ocrx_word' id='word_1_327' title='bbox 1396 2180 1678 2234; x_wconf 89' lang='lat' dir='ltr'><strong>personam</strong></span> <span class='ocrx_word' id='word_1_328' title='bbox 1720 2166 1980 2235; x_wconf 75' lang='lat' dir='ltr'><strong>designat.</strong></span> <span class='ocrx_word' id='word_1_329' title='bbox 2029 2165 2097 2219; x_wconf 86' lang='lat' dir='ltr'><strong>Et</strong></span> <span class='ocrx_word' id='word_1_330' title='bbox 2124 2181 2219 2219; x_wconf 88' lang='lat' dir='ltr'><strong>no-</strong></span> 
     </span>
    </p>
   </div>
   <div class='ocr_carea' id='block_1_39' title="bbox 671 2252 2219 2327">
    <p class='ocr_par' dir='ltr' id='par_1_39' title="bbox 671 2252 2219 2327">
     <span class='ocr_line' id='line_1_39' title="bbox 671 2252 2219 2327; baseline -0.005 -13"><span class='ocrx_word' id='word_1_331' title='bbox 671 2261 888 2315; x_wconf 87' lang='lat' dir='ltr'><strong>tandum</strong></span> <span class='ocrx_word' id='word_1_332' title='bbox 923 2260 1046 2327; x_wconf 87' lang='lat' dir='ltr'><strong>quia</strong></span> <span class='ocrx_word' id='word_1_333' title='bbox 1076 2272 1296 2326; x_wconf 88' lang='lat' dir='ltr'><strong>regnum</strong></span> <span class='ocrx_word' id='word_1_334' title='bbox 1339 2255 1571 2324; x_wconf 82' lang='lat' dir='ltr'><strong>pertinet</strong></span> <span class='ocrx_word' id='word_1_335' title='bbox 1616 2254 1683 2307; x_wconf 91' lang='lat' dir='ltr'><strong>ad</strong></span> <span class='ocrx_word' id='word_1_336' title='bbox 1727 2261 1904 2320; x_wconf 89' lang='lat' dir='ltr'><strong>caput,</strong></span> <span class='ocrx_word' id='word_1_337' title='bbox 1947 2252 2219 2307; x_wconf 80' lang='lat' dir='ltr'><strong>tribulatio</strong></span> 
     </span>
    </p>
   </div>
   <div class='ocr_carea' id='block_1_40' title="bbox 669 2343 2219 2416">
    <p class='ocr_par' dir='ltr' id='par_1_40' title="bbox 669 2343 2219 2416">
     <span class='ocr_line' id='line_1_40' title="bbox 669 2343 2219 2416; baseline -0.006 -10"><span class='ocrx_word' id='word_1_338' title='bbox 669 2350 1018 2412; x_wconf 82' lang='lat' dir='ltr'><strong>admembra,</strong></span> <span class='ocrx_word' id='word_1_339' title='bbox 1046 2348 1301 2416; x_wconf 83' lang='lat' dir='ltr'><strong>patientia</strong></span> <span class='ocrx_word' id='word_1_340' title='bbox 1331 2346 1398 2400; x_wconf 87' lang='lat' dir='ltr'><strong>ad</strong></span> <span class='ocrx_word' id='word_1_341' title='bbox 1441 2354 1742 2413; x_wconf 82' lang='lat' dir='ltr'><strong>utrumque,</strong></span> <span class='ocrx_word' id='word_1_342' title='bbox 1787 2343 1929 2413; x_wconf 89' lang='lat' dir='ltr'><strong>quod</strong></span> <span class='ocrx_word' id='word_1_343' title='bbox 1965 2350 2136 2397; x_wconf 83' lang='lat' dir='ltr'><strong>totum</strong></span> <span class='ocrx_word' id='word_1_344' title='bbox 2163 2343 2219 2397; x_wconf 89' lang='lat' dir='ltr'><strong>in</strong></span> 
     </span>
    </p>
   </div>
   <div class='ocr_carea' id='block_1_41' title="bbox 671 2432 2221 2507">
    <p class='ocr_par' dir='ltr' id='par_1_41' title="bbox 671 2432 2221 2507">
     <span class='ocr_line' id='line_1_41' title="bbox 671 2432 2221 2507; baseline -0.008 -11"><span class='ocrx_word' id='word_1_345' title='bbox 671 2456 779 2503; x_wconf 88' lang='lat' dir='ltr'><strong>uno</strong></span> <span class='ocrx_word' id='word_1_346' title='bbox 798 2440 923 2495; x_wconf 85' lang='lat' dir='ltr'><strong>Jesu</strong></span> <span class='ocrx_word' id='word_1_347' title='bbox 942 2439 1224 2507; x_wconf 86' lang='lat' dir='ltr'><strong>reperitur.</strong></span> <span class='ocrx_word' id='word_1_348' title='bbox 1247 2436 1657 2507; x_wconf 87' lang='lat' dir='ltr'><strong>Tribuiationem</strong></span> <span class='ocrx_word' id='word_1_349' title='bbox 1678 2449 1906 2502; x_wconf 87' lang='lat' dir='ltr'><strong>namque</strong></span> <span class='ocrx_word' id='word_1_350' title='bbox 1920 2432 2221 2503; x_wconf 83' lang='lat' dir='ltr'><strong>patiebatur</strong></span> 
     </span>
    </p>
   </div>
   <div class='ocr_carea' id='block_1_42' title="bbox 671 2512 2222 2597">
    <p class='ocr_par' dir='ltr' id='par_1_42' title="bbox 671 2512 2222 2597">
     <span class='ocr_line' id='line_1_42' title="bbox 671 2512 2222 2597; baseline -0.007 -15"><span class='ocrx_word' id='word_1_351' title='bbox 671 2537 827 2597; x_wconf 87' lang='lat' dir='ltr'><strong>caput</strong></span> <span class='ocrx_word' id='word_1_352' title='bbox 848 2542 966 2581; x_wconf 89' lang='lat' dir='ltr'><strong>cum</strong></span> <span class='ocrx_word' id='word_1_353' title='bbox 994 2512 1256 2580; x_wconf 81' lang='lat' dir='ltr'><strong>membris</strong></span> <span class='ocrx_word' id='word_1_354' title='bbox 1279 2524 1538 2577; x_wconf 88' lang='lat' dir='ltr'><strong>dicendo:</strong></span> <span class='ocrx_word' id='word_1_355' title='bbox 1584 2522 1764 2586; x_wconf 85' lang='lat' dir='ltr'><strong>Saule,</strong></span> <span class='ocrx_word' id='word_1_356' title='bbox 1789 2519 1967 2584; x_wconf 88' lang='lat' dir='ltr'><strong>Saule,</strong></span> <span class='ocrx_word' id='word_1_357' title='bbox 1986 2521 2113 2589; x_wconf 78' lang='lat' dir='ltr'><strong>quid</strong></span> <span class='ocrx_word' id='word_1_358' title='bbox 2140 2536 2222 2572; x_wconf 85' lang='lat' dir='ltr'><strong>me</strong></span> 
     </span>
    </p>
   </div>
   <div class='ocr_carea' id='block_1_43' title="bbox 668 2608 2217 2686">
    <p class='ocr_par' dir='ltr' id='par_1_43' title="bbox 668 2608 2217 2686">
     <span class='ocr_line' id='line_1_43' title="bbox 668 2608 2217 2686; baseline -0.006 -16"><span class='ocrx_word' id='word_1_359' title='bbox 668 2617 984 2686; x_wconf 77' lang='lat' dir='ltr'><strong>persequeris</strong></span> <span class='ocrx_word' id='word_1_360' title='bbox 1006 2615 1140 2683; x_wconf 70' lang='lat' dir='ltr'><strong>(Act.</strong></span> <span class='ocrx_word' id='word_1_361' title='bbox 1164 2629 1244 2675; x_wconf 79' lang='lat' dir='ltr'><strong>Ix,</strong></span> <span class='ocrx_word' id='word_1_362' title='bbox 1268 2612 1365 2681; x_wconf 69' lang='lat'><strong>4)?</strong></span> <span class='ocrx_word' id='word_1_363' title='bbox 1392 2612 1630 2683; x_wconf 76' lang='lat' dir='ltr'><strong>Regnum</strong></span> <span class='ocrx_word' id='word_1_364' title='bbox 1668 2610 1721 2664; x_wconf 88' lang='lat' dir='ltr'><strong>in</strong></span> <span class='ocrx_word' id='word_1_365' title='bbox 1749 2609 1940 2677; x_wconf 86' lang='lat' dir='ltr'><strong>capite,</strong></span> <span class='ocrx_word' id='word_1_366' title='bbox 1967 2618 2031 2661; x_wconf 88' lang='lat' dir='ltr'><strong>ut</strong></span> <span class='ocrx_word' id='word_1_367' title='bbox 2048 2608 2176 2661; x_wconf 92' lang='lat' dir='ltr'><strong>illud</strong></span> <span class='ocrx_word' id='word_1_368' title='bbox 2205 2626 2217 2659; x_wconf 92' lang='lat'><strong>:</strong></span> 
     </span>
    </p>
   </div>
   <div class='ocr_carea' id='block_1_44' title="bbox 677 2696 2223 2773">
    <p class='ocr_par' dir='ltr' id='par_1_44' title="bbox 677 2696 2223 2773">
     <span class='ocr_line' id='line_1_44' title="bbox 677 2696 2223 2773; baseline -0.005 -16"><span class='ocrx_word' id='word_1_369' title='bbox 677 2696 887 2767; x_wconf 72' lang='lat' dir='ltr'><strong>Venite,</strong></span> <span class='ocrx_word' id='word_1_370' title='bbox 914 2701 1178 2773; x_wconf 75' lang='lat' dir='ltr'><strong>benedicti</strong></span> <span class='ocrx_word' id='word_1_371' title='bbox 1202 2698 1375 2753; x_wconf 86' lang='lat' dir='ltr'><strong>Patris</strong></span> <span class='ocrx_word' id='word_1_372' title='bbox 1399 2699 1527 2762; x_wconf 88' lang='lat' dir='ltr'><strong>mei,</strong></span> <span class='ocrx_word' id='word_1_373' title='bbox 1556 2698 1811 2768; x_wconf 88' lang='lat' dir='ltr'><strong>pereipite</strong></span> <span class='ocrx_word' id='word_1_374' title='bbox 1835 2712 2051 2766; x_wconf 84' lang='lat' dir='ltr'><strong>regnum</strong></span> <span class='ocrx_word' id='word_1_375' title='bbox 2079 2696 2223 2765; x_wconf 90' lang='lat' dir='ltr'><strong>quod</strong></span> 
     </span>
    </p>
   </div>
   <div class='ocr_carea' id='block_1_45' title="bbox 674 2779 2218 2862">
    <p class='ocr_par' dir='ltr' id='par_1_45' title="bbox 674 2779 2218 2862">
     <span class='ocr_line' id='line_1_45' title="bbox 674 2779 2218 2862; baseline -0.006 -15"><span class='ocrx_word' id='word_1_376' title='bbox 674 2779 824 2847; x_wconf 75' lang='lat' dir='ltr'><strong>vobis</strong></span> <span class='ocrx_word' id='word_1_377' title='bbox 842 2797 1082 2862; x_wconf 82' lang='lat' dir='ltr'><strong>paratum</strong></span> <span class='ocrx_word' id='word_1_378' title='bbox 1101 2797 1185 2845; x_wconf 83' lang='lat' dir='ltr'><strong>est</strong></span> <span class='ocrx_word' id='word_1_379' title='bbox 1203 2791 1270 2845; x_wconf 88' lang='lat' dir='ltr'><strong>ab</strong></span> <span class='ocrx_word' id='word_1_380' title='bbox 1285 2786 1487 2859; x_wconf 84' lang='lat' dir='ltr'><strong>origine</strong></span> <span class='ocrx_word' id='word_1_381' title='bbox 1510 2791 1690 2843; x_wconf 89' lang='lat' dir='ltr'><strong>mundi</strong></span> <span class='ocrx_word' id='word_1_382' title='bbox 1716 2788 1928 2859; x_wconf 65' lang='lat' dir='ltr'><strong>(Matth.</strong></span> <span class='ocrx_word' id='word_1_383' title='bbox 1949 2803 2072 2851; x_wconf 86' lang='lat' dir='ltr'><strong>xxv,</strong></span> <span class='ocrx_word' id='word_1_384' title='bbox 2092 2786 2218 2856; x_wconf 65' lang='lat'><strong>34);</strong></span> 
     </span>
    </p>
   </div>
   <div class='ocr_carea' id='block_1_46' title="bbox 676 2876 2225 2961">
    <p class='ocr_par' dir='ltr' id='par_1_46' title="bbox 676 2876 2225 2961">
     <span class='ocr_line' id='line_1_46' title="bbox 676 2876 2225 2961; baseline -0.003 -29"><span class='ocrx_word' id='word_1_385' title='bbox 676 2879 819 2948; x_wconf 88' lang='lat' dir='ltr'><strong>quod</strong></span> <span class='ocrx_word' id='word_1_386' title='bbox 862 2886 947 2931; x_wconf 88' lang='lat' dir='ltr'><strong>est</strong></span> <span class='ocrx_word' id='word_1_387' title='bbox 979 2885 1161 2945; x_wconf 87' lang='lat' dir='ltr'><strong>aperte</strong></span> <span class='ocrx_word' id='word_1_388' title='bbox 1206 2876 1387 2953; x_wconf 76' lang='lat' dir='ltr'><strong>dicere</strong></span> <span class='ocrx_word' id='word_1_389' title='bbox 1408 2894 1444 2933; x_wconf 73' lang='grc' dir='ltr'>ι,</span> <span class='ocrx_word' id='word_1_390' title='bbox 1467 2876 1654 2961; x_wconf 53' lang='lat' dir='ltr'><strong>Venite</strong></span> <span class='ocrx_word' id='word_1_391' title='bbox 1696 2877 1957 2961; x_wconf 78' lang='lat' dir='ltr'><strong>membra,</strong></span> <span class='ocrx_word' id='word_1_392' title='bbox 1979 2876 2225 2961; x_wconf 62' lang='lat' dir='ltr'><strong>regnate</strong></span> 
     </span>
    </p>
   </div>
   <div class='ocr_carea' id='block_1_47' title="bbox 675 2958 2226 3033">
    <p class='ocr_par' dir='ltr' id='par_1_47' title="bbox 675 2958 2226 3033">
     <span class='ocr_line' id='line_1_47' title="bbox 675 2958 2226 3033; baseline -0.006 -14"><span class='ocrx_word' id='word_1_393' title='bbox 675 2980 797 3020; x_wconf 89' lang='lat' dir='ltr'><strong>cum</strong></span> <span class='ocrx_word' id='word_1_394' title='bbox 825 2963 1014 3033; x_wconf 81' lang='lat' dir='ltr'><strong>capite,</strong></span> <span class='ocrx_word' id='word_1_395' title='bbox 1062 2962 1186 3031; x_wconf 88' lang='lat' dir='ltr'><strong>quia</strong></span> <span class='ocrx_word' id='word_1_396' title='bbox 1214 2976 1313 3031; x_wconf 86' lang='lat' dir='ltr'><strong>ego</strong></span> <span class='ocrx_word' id='word_1_397' title='bbox 1359 2960 1475 3015; x_wconf 73' lang='lat' dir='ltr'><strong>mm</strong></span> <span class='ocrx_word' id='word_1_398' title='bbox 1515 2958 1753 3029; x_wconf 77' lang='lat' dir='ltr'><strong>regnum.</strong></span> <span class='ocrx_word' id='word_1_399' title='bbox 1799 2958 1869 3013; x_wconf 85' lang='lat' dir='ltr'><strong>Se</strong></span> <span class='ocrx_word' id='word_1_400' title='bbox 1908 2958 2050 3015; x_wconf 82' lang='lat' dir='ltr'><strong>enim</strong></span> <span class='ocrx_word' id='word_1_401' title='bbox 2077 2958 2226 3012; x_wconf 87' lang='lat' dir='ltr'><strong>dabit</strong></span> 
     </span>
    </p>
   </div>
   <div class='ocr_carea' id='block_1_48' title="bbox 617 3046 2223 3123">
    <p class='ocr_par' dir='ltr' id='par_1_48' title="bbox 617 3046 2223 3123">
     <span class='ocr_line' id='line_1_48' title="bbox 617 3046 2223 3123; baseline -0.004 -18"><span class='ocrx_word' id='word_1_402' title='bbox 617 3069 631 3075; x_wconf 90' lang='grc'><strong>·</strong></span> <span class='ocrx_word' id='word_1_403' title='bbox 675 3052 809 3116; x_wconf 84' lang='lat' dir='ltr'><strong>suis,</strong></span> <span class='ocrx_word' id='word_1_404' title='bbox 836 3058 895 3104; x_wconf 93' lang='lat' dir='ltr'><strong>ut</strong></span> <span class='ocrx_word' id='word_1_405' title='bbox 913 3051 1273 3119; x_wconf 36' lang='lat' dir='ltr'><strong>scriptum&#39;est</strong></span> <span class='ocrx_word' id='word_1_406' title='bbox 1293 3065 1331 3123; x_wconf 34' lang='grc' dir='ltr'><strong>ε.</strong></span> <span class='ocrx_word' id='word_1_407' title='bbox 1356 3048 1737 3117; x_wconf 76' lang='lat' dir='ltr'><strong>Jusjurandum</strong></span> <span class='ocrx_word' id='word_1_408' title='bbox 1756 3046 1894 3117; x_wconf 86' lang='lat' dir='ltr'><strong>quod</strong></span> <span class='ocrx_word' id='word_1_409' title='bbox 1924 3047 2121 3115; x_wconf 68' lang='lat' dir='ltr'><strong>iuravit</strong></span> <span class='ocrx_word' id='word_1_410' title='bbox 2152 3046 2223 3099; x_wconf 86' lang='lat' dir='ltr'><strong>ad</strong></span> 
     </span>
    </p>
   </div>
   <div class='ocr_carea' id='block_1_49' title="bbox 678 3220 2224 3297">
    <p class='ocr_par' dir='ltr' id='par_1_49' title="bbox 678 3220 2224 3297">
     <span class='ocr_line' id='line_1_49' title="bbox 678 3220 2224 3297; baseline -0.001 -17"><span class='ocrx_word' id='word_1_411' title='bbox 678 3243 718 3289; x_wconf 83' lang='grc' dir='ltr'><strong>ι,</strong></span> <span class='ocrx_word' id='word_1_412' title='bbox 746 3226 855 3297; x_wconf 69' lang='lat'><strong>&#39;15).</strong></span> <span class='ocrx_word' id='word_1_413' title='bbox 903 3226 1163 3280; x_wconf 83' lang='lat' dir='ltr'><strong>Patientia</strong></span> <span class='ocrx_word' id='word_1_414' title='bbox 1208 3236 1339 3277; x_wconf 80' lang='lat' dir='ltr'><strong>vero</strong></span> <span class='ocrx_word' id='word_1_415' title='bbox 1381 3238 1480 3275; x_wconf 89' lang='lat' dir='ltr'><strong>nos</strong></span> <span class='ocrx_word' id='word_1_416' title='bbox 1528 3229 1824 3290; x_wconf 79' lang='lat' dir='ltr'><strong>exspectat,</strong></span> <span class='ocrx_word' id='word_1_417' title='bbox 1863 3220 2016 3288; x_wconf 84' lang='lat' dir='ltr'><strong>juxta</strong></span> <span class='ocrx_word' id='word_1_418' title='bbox 2059 3221 2224 3279; x_wconf 79' lang='lat' dir='ltr'><strong>illud:</strong></span> 
     </span>
    </p>
   </div>
   <div class='ocr_carea' id='block_1_50' title="bbox 612 3310 2269 3389">
    <p class='ocr_par' dir='ltr' id='par_1_50' title="bbox 612 3310 2269 3389">
     <span class='ocr_line' id='line_1_50' title="bbox 612 3310 2269 3389; baseline -0.002 -19"><span class='ocrx_word' id='word_1_419' title='bbox 612 3313 617 3317; x_wconf 79' lang='grc'><strong>’</strong></span> <span class='ocrx_word' id='word_1_420' title='bbox 679 3316 898 3389; x_wconf 82' lang='lat' dir='ltr'><strong>Ignoras</strong></span> <span class='ocrx_word' id='word_1_421' title='bbox 922 3315 1166 3385; x_wconf 83' lang='lat' dir='ltr'><strong>quoniam</strong></span> <span class='ocrx_word' id='word_1_422' title='bbox 1196 3312 1477 3389; x_wconf 84' lang='lat' dir='ltr'><strong>benignitas</strong></span> <span class='ocrx_word' id='word_1_423' title='bbox 1516 3310 1609 3365; x_wconf 85' lang='lat' dir='ltr'><strong>Dei</strong></span> <span class='ocrx_word' id='word_1_424' title='bbox 1636 3310 1704 3364; x_wconf 89' lang='lat' dir='ltr'><strong>ad</strong></span> <span class='ocrx_word' id='word_1_425' title='bbox 1741 3313 2040 3381; x_wconf 78' lang='lat' dir='ltr'><strong>patientiam</strong></span> <span class='ocrx_word' id='word_1_426' title='bbox 2066 3322 2115 3367; x_wconf 87' lang='lat' dir='ltr'><strong>te</strong></span> <span class='ocrx_word' id='word_1_427' title='bbox 2136 3315 2231 3367; x_wconf 70' lang='lat' dir='ltr'><strong>atl-</strong></span> <span class='ocrx_word' id='word_1_428' title='bbox 2260 3324 2269 3339; x_wconf 84' lang='lat'>‘</span> 
     </span>
    </p>
   </div>
   <div class='ocr_carea' id='block_1_51' title="bbox 681 3390 2231 3475">
    <p class='ocr_par' dir='ltr' id='par_1_51' title="bbox 681 3390 2231 3475">
     <span class='ocr_line' id='line_1_51' title="bbox 681 3390 2231 3475; baseline 0 -17"><span class='ocrx_word' id='word_1_429' title='bbox 681 3405 822 3458; x_wconf 82' lang='lat' dir='ltr'><strong>ducit</strong></span> <span class='ocrx_word' id='word_1_430' title='bbox 848 3390 1016 3475; x_wconf 76' lang='lat' dir='ltr'><strong>(Rom.</strong></span> <span class='ocrx_word' id='word_1_431' title='bbox 1040 3419 1101 3465; x_wconf 84' lang='grc' dir='ltr'>ιι,</span> <span class='ocrx_word' id='word_1_432' title='bbox 1128 3402 1227 3474; x_wconf 67' lang='lat'><strong>4)?</strong></span> <span class='ocrx_word' id='word_1_433' title='bbox 1254 3402 1322 3456; x_wconf 85' lang='lat' dir='ltr'><strong>Et</strong></span> <span class='ocrx_word' id='word_1_434' title='bbox 1342 3417 1438 3456; x_wconf 88' lang='lat' dir='ltr'><strong>nos</strong></span> <span class='ocrx_word' id='word_1_435' title='bbox 1475 3402 1527 3454; x_wconf 91' lang='lat' dir='ltr'><strong>in</strong></span> <span class='ocrx_word' id='word_1_436' title='bbox 1565 3402 1825 3470; x_wconf 85' lang='lat' dir='ltr'><strong>patientia</strong></span> <span class='ocrx_word' id='word_1_437' title='bbox 1849 3409 2030 3457; x_wconf 87' lang='lat' dir='ltr'><strong>nostra</strong></span> <span class='ocrx_word' id='word_1_438' title='bbox 2061 3406 2231 3471; x_wconf 86' lang='lat' dir='ltr'><strong>possi-</strong></span> 
     </span>
    </p>
   </div>
   <div class='ocr_carea' id='block_1_52' title="bbox 682 3488 2228 3558">
    <p class='ocr_par' dir='ltr' id='par_1_52' title="bbox 682 3488 2228 3558">
     <span class='ocr_line' id='line_1_52' title="bbox 682 3488 2228 3558; baseline 0 -13"><span class='ocrx_word' id='word_1_439' title='bbox 682 3492 921 3546; x_wconf 89' lang='lat' dir='ltr'><strong>debimus</strong></span> <span class='ocrx_word' id='word_1_440' title='bbox 933 3493 1134 3544; x_wconf 88' lang='lat' dir='ltr'><strong>animas</strong></span> <span class='ocrx_word' id='word_1_441' title='bbox 1155 3497 1381 3543; x_wconf 89' lang='lat' dir='ltr'><strong>nostras.</strong></span> <span class='ocrx_word' id='word_1_442' title='bbox 1403 3489 1506 3542; x_wconf 87' lang='lat' dir='ltr'><strong>Per</strong></span> <span class='ocrx_word' id='word_1_443' title='bbox 1522 3488 1777 3542; x_wconf 86' lang='lat' dir='ltr'><strong>Pathmos</strong></span> <span class='ocrx_word' id='word_1_444' title='bbox 1790 3497 1964 3543; x_wconf 89' lang='lat' dir='ltr'><strong>autem</strong></span> <span class='ocrx_word' id='word_1_445' title='bbox 1981 3491 2228 3558; x_wconf 87' lang='lat' dir='ltr'><strong>insulam,</strong></span> 
     </span>
    </p>
   </div>
   <div class='ocr_carea' id='block_1_53' title="bbox 666 3576 2232 3647">
    <p class='ocr_par' dir='ltr' id='par_1_53' title="bbox 666 3576 2232 3647">
     <span class='ocr_line' id='line_1_53' title="bbox 666 3576 2232 3647; baseline 0.002 -15"><span class='ocrx_word' id='word_1_446' title='bbox 666 3592 801 3647; x_wconf 71' lang='lat' dir='ltr'><strong>qua:</strong></span> <span class='ocrx_word' id='word_1_447' title='bbox 826 3578 992 3632; x_wconf 80' lang='lat' dir='ltr'><strong>fretus</strong></span> <span class='ocrx_word' id='word_1_448' title='bbox 1014 3578 1123 3647; x_wconf 85' lang='lat' dir='ltr'><strong>(Ita</strong></span> <span class='ocrx_word' id='word_1_449' title='bbox 1149 3576 1287 3645; x_wconf 90' lang='lat' dir='ltr'><strong>cod.)</strong></span> <span class='ocrx_word' id='word_1_450' title='bbox 1312 3578 1729 3644; x_wconf 85' lang='lat' dir='ltr'><strong>interpretatur,</strong></span> <span class='ocrx_word' id='word_1_451' title='bbox 1766 3578 1819 3631; x_wconf 91' lang='lat' dir='ltr'><strong>in</strong></span> <span class='ocrx_word' id='word_1_452' title='bbox 1859 3593 1963 3647; x_wconf 86' lang='lat' dir='ltr'><strong>qua</strong></span> <span class='ocrx_word' id='word_1_453' title='bbox 2003 3577 2232 3635; x_wconf 85' lang='lat' dir='ltr'><strong>Joannes</strong></span> 
     </span>
    </p>
   </div>
   <div class='ocr_carea' id='block_1_54' title="bbox 682 3664 2232 3735">
    <p class='ocr_par' dir='ltr' id='par_1_54' title="bbox 682 3664 2232 3735">
     <span class='ocr_line' id='line_1_54' title="bbox 682 3664 2232 3735; baseline 0 -14"><span class='ocrx_word' id='word_1_454' title='bbox 682 3674 800 3721; x_wconf 88' lang='lat' dir='ltr'><strong>erat</strong></span> <span class='ocrx_word' id='word_1_455' title='bbox 838 3664 1545 3733; x_wconf 78' lang='lat' dir='ltr'><strong>religatus,persccntiones</strong></span> <span class='ocrx_word' id='word_1_456' title='bbox 1578 3674 1634 3718; x_wconf 88' lang='lat' dir='ltr'><strong>et</strong></span> <span class='ocrx_word' id='word_1_457' title='bbox 1670 3666 1923 3735; x_wconf 71' lang='lat' dir='ltr'><strong>angustia:</strong></span> <span class='ocrx_word' id='word_1_458' title='bbox 1952 3666 2232 3735; x_wconf 87' lang='lat' dir='ltr'><strong>designan-</strong></span> 
     </span>
    </p>
   </div>
   <div class='ocr_carea' id='block_1_55' title="bbox 492 3751 2234 3841">
    <p class='ocr_par' dir='ltr' id='par_1_55' title="bbox 492 3751 2234 3841">
     <span class='ocr_line' id='line_1_55' title="bbox 492 3751 2234 3841; baseline 0.001 -33"><span class='ocrx_word' id='word_1_459' title='bbox 588 3820 591 3823; x_wconf 17' lang='grc' dir='ltr'><strong>Α</strong></span> <span class='ocrx_word' id='word_1_460' title='bbox 686 3764 792 3818; x_wconf 90' lang='lat' dir='ltr'><strong>tur,</strong></span> <span class='ocrx_word' id='word_1_461' title='bbox 817 3769 949 3822; x_wconf 90' lang='lat' dir='ltr'><strong>quas</strong></span> <span class='ocrx_word' id='word_1_462' title='bbox 969 3754 1168 3827; x_wconf 87' lang='lat' dir='ltr'><strong>patitur</strong></span> <span class='ocrx_word' id='word_1_463' title='bbox 1206 3751 1436 3807; x_wconf 85' lang='lat' dir='ltr'><strong>Joannes</strong></span> <span class='ocrx_word' id='word_1_464' title='bbox 1458 3760 1512 3807; x_wconf 92' lang='lat' dir='ltr'><strong>et</strong></span> <span class='ocrx_word' id='word_1_465' title='bbox 1557 3752 1816 3817; x_wconf 88' lang='lat' dir='ltr'><strong>Ecclesia,</strong></span> <span class='ocrx_word' id='word_1_466' title='bbox 1846 3754 1899 3807; x_wconf 91' lang='lat' dir='ltr'><strong>id</strong></span> <span class='ocrx_word' id='word_1_467' title='bbox 1923 3762 2006 3809; x_wconf 90' lang='lat' dir='ltr'><strong>est</strong></span> <span class='ocrx_word' id='word_1_468' title='bbox 2029 3755 2234 3824; x_wconf 87' lang='lat' dir='ltr'><strong>species</strong></span> 
     </span>
    </p>
   </div>
   <div class='ocr_carea' id='block_1_56' title="bbox 676 3844 2235 3918">
    <p class='ocr_par' dir='ltr' id='par_1_56' title="bbox 676 3844 2235 3918">
     <span class='ocr_line' id='line_1_56' title="bbox 676 3844 2235 3918; baseline -0.001 -19"><span class='ocrx_word' id='word_1_469' title='bbox 676 3852 743 3907; x_wconf 82' lang='lat' dir='ltr'><strong>et</strong></span> <span class='ocrx_word' id='word_1_470' title='bbox 767 3859 933 3915; x_wconf 87' lang='lat' dir='ltr'><strong>genus</strong></span> <span class='ocrx_word' id='word_1_471' title='bbox 957 3860 972 3906; x_wconf 88' lang='lat'><strong>;</strong></span> <span class='ocrx_word' id='word_1_472' title='bbox 1003 3844 1095 3896; x_wconf 88' lang='lat' dir='ltr'><strong>sed</strong></span> <span class='ocrx_word' id='word_1_473' title='bbox 1120 3852 1337 3918; x_wconf 84' lang='lat' dir='ltr'><strong>propter</strong></span> <span class='ocrx_word' id='word_1_474' title='bbox 1360 3844 1578 3897; x_wconf 73' lang='lat' dir='ltr'><strong>verbUm</strong></span> <span class='ocrx_word' id='word_1_475' title='bbox 1605 3844 1720 3907; x_wconf 89' lang='lat' dir='ltr'><strong>Dei,</strong></span> <span class='ocrx_word' id='word_1_476' title='bbox 1742 3859 1846 3897; x_wconf 90' lang='lat' dir='ltr'><strong>non</strong></span> <span class='ocrx_word' id='word_1_477' title='bbox 1864 3859 1962 3912; x_wconf 91' lang='lat' dir='ltr'><strong>pro</strong></span> <span class='ocrx_word' id='word_1_478' title='bbox 1987 3846 2097 3898; x_wconf 85' lang='lat' dir='ltr'><strong>suis</strong></span> <span class='ocrx_word' id='word_1_479' title='bbox 2120 3859 2235 3898; x_wconf 68' lang='lat' dir='ltr'><strong>ina-&#39;-</strong></span> 
     </span>
    </p>
   </div>
   <div class='ocr_carea' id='block_1_57' title="bbox 687 3929 2236 4001">
    <p class='ocr_par' dir='ltr' id='par_1_57' title="bbox 687 3929 2236 4001">
     <span class='ocr_line' id='line_1_57' title="bbox 687 3929 2236 4001; baseline -0.003 -14"><span class='ocrx_word' id='word_1_480' title='bbox 687 3932 757 3987; x_wconf 80' lang='lat' dir='ltr'><strong>lis</strong></span> <span class='ocrx_word' id='word_1_481' title='bbox 776 3949 791 3995; x_wconf 90' lang='lat'><strong>;</strong></span> <span class='ocrx_word' id='word_1_482' title='bbox 811 3931 962 3999; x_wconf 80' lang='lat' dir='ltr'><strong>juxta</strong></span> <span class='ocrx_word' id='word_1_483' title='bbox 990 3929 1114 3985; x_wconf 86' lang='lat' dir='ltr'><strong>illud</strong></span> <span class='ocrx_word' id='word_1_484' title='bbox 1151 3929 1294 3985; x_wconf 88' lang='lat' dir='ltr'><strong>Petri</strong></span> <span class='ocrx_word' id='word_1_485' title='bbox 1324 3930 1582 4000; x_wconf 88' lang='lat' dir='ltr'><strong>apostoli:</strong></span> <span class='ocrx_word' id='word_1_486' title='bbox 1614 3930 1780 3984; x_wconf 84' lang='lat' dir='ltr'><strong>Nemo</strong></span> <span class='ocrx_word' id='word_1_487' title='bbox 1807 3941 2029 3984; x_wconf 76' lang='lat' dir='ltr'><strong>oestrum</strong></span> <span class='ocrx_word' id='word_1_488' title='bbox 2066 3933 2236 4001; x_wconf 81' lang='lat' dir='ltr'><strong>patia-</strong></span> 
     </span>
    </p>
   </div>
   <div class='ocr_carea' id='block_1_58' title="bbox 687 4017 2236 4090">
    <p class='ocr_par' dir='ltr' id='par_1_58' title="bbox 687 4017 2236 4090">
     <span class='ocr_line' id='line_1_58' title="bbox 687 4017 2236 4090; baseline -0.002 -14"><span class='ocrx_word' id='word_1_489' title='bbox 687 4020 943 4089; x_wconf 77' lang='lat' dir='ltr'><strong>ittqu</strong></span> <span class='ocrx_word' id='word_1_490' title='bbox 985 4017 1092 4085; x_wconf 76' lang='lat' dir='ltr'><strong>fur,</strong></span> <span class='ocrx_word' id='word_1_491' title='bbox 1130 4018 1225 4072; x_wconf 82' lang='lat' dir='ltr'><strong>sed</strong></span> <span class='ocrx_word' id='word_1_492' title='bbox 1268 4019 1419 4086; x_wconf 85' lang='lat' dir='ltr'><strong>quasi</strong></span> <span class='ocrx_word' id='word_1_493' title='bbox 1454 4019 1651 4073; x_wconf 77' lang='lat' dir='ltr'><strong>Christi</strong></span> <span class='ocrx_word' id='word_1_494' title='bbox 1688 4019 1975 4088; x_wconf 87' lang='lat' dir='ltr'><strong>discipulus</strong></span> <span class='ocrx_word' id='word_1_495' title='bbox 1999 4019 2053 4090; x_wconf 86' lang='grc'>(1</span> <span class='ocrx_word' id='word_1_496' title='bbox 2089 4019 2236 4074; x_wconf 83' lang='lat' dir='ltr'><strong>Petri</strong></span> 
     </span>
    </p>
   </div>
   <div class='ocr_carea' id='block_1_59' title="bbox 632 4093 2231 4178">
    <p class='ocr_par' dir='ltr' id='par_1_59' title="bbox 632 4093 2231 4178">
     <span class='ocr_line' id='line_1_59' title="bbox 632 4093 2231 4178; baseline 0 -14"><span class='ocrx_word' id='word_1_497' title='bbox 632 4110 637 4117; x_wconf 90' lang='grc'><strong>·</strong></span> <span class='ocrx_word' id='word_1_498' title='bbox 690 4124 765 4173; x_wconf 77' lang='grc' dir='ltr'><strong>ιν,</strong></span> <span class='ocrx_word' id='word_1_499' title='bbox 793 4107 898 4176; x_wconf 74' lang='grc' dir='ltr'><strong>ιδ).</strong></span> <span class='ocrx_word' id='word_1_500' title='bbox 935 4106 1117 4177; x_wconf 77' lang='lat' dir='ltr'><strong>(Vens.</strong></span> <span class='ocrx_word' id='word_1_501' title='bbox 1150 4107 1262 4176; x_wconf 78' lang='lat' dir='ltr'><strong>to.)</strong></span> <span class='ocrx_word' id='word_1_502' title='bbox 1302 4106 1404 4160; x_wconf 81' lang='lat' dir='ltr'><strong>Fui</strong></span> <span class='ocrx_word' id='word_1_503' title='bbox 1431 4108 1486 4162; x_wconf 90' lang='lat' dir='ltr'><strong>in</strong></span> <span class='ocrx_word' id='word_1_504' title='bbox 1523 4093 1709 4178; x_wconf 73' lang='lat' dir='ltr'><strong>spiritu</strong></span> <span class='ocrx_word' id='word_1_505' title='bbox 1746 4110 1802 4162; x_wconf 85' lang='lat' dir='ltr'><strong>in</strong></span> <span class='ocrx_word' id='word_1_506' title='bbox 1829 4109 2098 4168; x_wconf 68' lang='lat' dir='ltr'><strong>Dominicis</strong></span> <span class='ocrx_word' id='word_1_507' title='bbox 2128 4111 2231 4165; x_wconf 82' lang='lat' dir='ltr'><strong>die.</strong></span> 
     </span>
    </p>
   </div>
   <div class='ocr_carea' id='block_1_60' title="bbox 695 4192 2237 4269">
    <p class='ocr_par' dir='ltr' id='par_1_60' title="bbox 695 4192 2237 4269">
     <span class='ocr_line' id='line_1_60' title="bbox 695 4192 2237 4269; baseline 0.003 -19"><span class='ocrx_word' id='word_1_508' title='bbox 695 4196 829 4250; x_wconf 79' lang='lat' dir='ltr'><strong>Hinc</strong></span> <span class='ocrx_word' id='word_1_509' title='bbox 846 4193 958 4261; x_wconf 83' lang='lat' dir='ltr'><strong>jam</strong></span> <span class='ocrx_word' id='word_1_510' title='bbox 977 4195 1282 4265; x_wconf 82' lang='lat' dir='ltr'><strong>singillatim</strong></span> <span class='ocrx_word' id='word_1_511' title='bbox 1307 4196 1373 4250; x_wconf 88' lang='lat' dir='ltr'><strong>de</strong></span> <span class='ocrx_word' id='word_1_512' title='bbox 1405 4197 1599 4265; x_wconf 86' lang='lat' dir='ltr'><strong>specie,</strong></span> <span class='ocrx_word' id='word_1_513' title='bbox 1631 4198 1935 4268; x_wconf 85' lang='lat' dir='ltr'><strong>singillatim</strong></span> <span class='ocrx_word' id='word_1_514' title='bbox 1954 4192 2237 4269; x_wconf 77' lang='lat' dir='ltr'><strong>degenere</strong></span> 
     </span>
    </p>
   </div>
   <div class='ocr_carea' id='block_1_61' title="bbox 696 4284 2234 4358">
    <p class='ocr_par' dir='ltr' id='par_1_61' title="bbox 696 4284 2234 4358">
     <span class='ocr_line' id='line_1_61' title="bbox 696 4284 2234 4358; baseline 0.003 -16"><span class='ocrx_word' id='word_1_515' title='bbox 696 4286 977 4342; x_wconf 63' lang='lat' dir='ltr'><strong>(licentium</strong></span> <span class='ocrx_word' id='word_1_516' title='bbox 1016 4295 1115 4341; x_wconf 87' lang='lat' dir='ltr'><strong>est.</strong></span> <span class='ocrx_word' id='word_1_517' title='bbox 1147 4286 1262 4354; x_wconf 80' lang='lat' dir='ltr'><strong>Non</strong></span> <span class='ocrx_word' id='word_1_518' title='bbox 1304 4284 1484 4342; x_wconf 86' lang='lat' dir='ltr'><strong>autein</strong></span> <span class='ocrx_word' id='word_1_519' title='bbox 1524 4286 1742 4343; x_wconf 82' lang='lat' dir='ltr'><strong>Joannis</strong></span> <span class='ocrx_word' id='word_1_520' title='bbox 1771 4290 1992 4358; x_wconf 83' lang='lat' dir='ltr'><strong>spiritus</strong></span> <span class='ocrx_word' id='word_1_521' title='bbox 2018 4303 2234 4345; x_wconf 85' lang='lat' dir='ltr'><strong>carnem</strong></span> 
     </span>
    </p>
   </div>
   <div class='ocr_carea' id='block_1_62' title="bbox 702 4372 2236 4448">
    <p class='ocr_par' dir='ltr' id='par_1_62' title="bbox 702 4372 2236 4448">
     <span class='ocr_line' id='line_1_62' title="bbox 702 4372 2236 4448; baseline 0.002 -20"><span class='ocrx_word' id='word_1_522' title='bbox 702 4372 939 4432; x_wconf 79' lang='lat' dir='ltr'><strong>funditus</strong></span> <span class='ocrx_word' id='word_1_523' title='bbox 962 4375 1211 4438; x_wconf 86' lang='lat' dir='ltr'><strong>deseruit,</strong></span> <span class='ocrx_word' id='word_1_524' title='bbox 1242 4376 1453 4443; x_wconf 87' lang='lat' dir='ltr'><strong>quando</strong></span> <span class='ocrx_word' id='word_1_525' title='bbox 1480 4378 1581 4448; x_wconf 75' lang='lat' dir='ltr'><strong>hqc</strong></span> <span class='ocrx_word' id='word_1_526' title='bbox 1607 4378 1754 4441; x_wconf 87' lang='lat' dir='ltr'><strong>vidit,</strong></span> <span class='ocrx_word' id='word_1_527' title='bbox 1786 4380 1910 4447; x_wconf 85' lang='lat' dir='ltr'><strong>quia</strong></span> <span class='ocrx_word' id='word_1_528' title='bbox 1936 4391 2132 4448; x_wconf 86' lang='lat' dir='ltr'><strong>corpus</strong></span> <span class='ocrx_word' id='word_1_529' title='bbox 2157 4379 2236 4431; x_wconf 82' lang='lat' dir='ltr'><strong>si-</strong></span> 
     </span>
    </p>
   </div>
   <div class='ocr_carea' id='block_1_63' title="bbox 704 4438 2310 4535">
    <p class='ocr_par' dir='ltr' id='par_1_63' title="bbox 704 4438 2310 4535">
     <span class='ocr_line' id='line_1_63' title="bbox 704 4438 2310 4535; baseline 0.004 -20"><span class='ocrx_word' id='word_1_530' title='bbox 704 4477 773 4524; x_wconf 80' lang='lat' dir='ltr'><strong>ne</strong></span> <span class='ocrx_word' id='word_1_531' title='bbox 802 4463 987 4529; x_wconf 78' lang='lat' dir='ltr'><strong>spiritu</strong></span> <span class='ocrx_word' id='word_1_532' title='bbox 1016 4468 1120 4519; x_wconf 73' lang='lat' dir='ltr'><strong>non</strong></span> <span class='ocrx_word' id='word_1_533' title='bbox 1160 4438 1383 4528; x_wconf 72' lang='lat' dir='ltr'><strong>viveret,</strong></span> <span class='ocrx_word' id='word_1_534' title='bbox 1404 4464 1498 4520; x_wconf 80' lang='lat' dir='ltr'><strong>sed</strong></span> <span class='ocrx_word' id='word_1_535' title='bbox 1849 4438 2073 4535; x_wconf 66' lang='lat' dir='ltr'><strong>positus,</strong></span> <span class='ocrx_word' id='word_1_536' title='bbox 2099 4466 2231 4521; x_wconf 82' lang='lat' dir='ltr'><strong>nihil</strong></span> <span class='ocrx_word' id='word_1_537' title='bbox 2261 4448 2310 4510; x_wconf 73' lang='grc' dir='ltr'><strong>Ι)</strong></span> 
     </span>
    </p>
   </div>
   <div class='ocr_carea' id='block_1_64' title="bbox 696 4550 2235 4623">
    <p class='ocr_par' dir='ltr' id='par_1_64' title="bbox 696 4550 2235 4623">
     <span class='ocr_line' id='line_1_64' title="bbox 696 4550 2235 4623; baseline 0.005 -19"><span class='ocrx_word' id='word_1_538' title='bbox 696 4566 793 4619; x_wconf 83' lang='lat' dir='ltr'><strong>per</strong></span> <span class='ocrx_word' id='word_1_539' title='bbox 813 4550 1105 4619; x_wconf 81' lang='lat' dir='ltr'><strong>corpuevel</strong></span> <span class='ocrx_word' id='word_1_540' title='bbox 1129 4552 1325 4604; x_wconf 77' lang='lat' dir='ltr'><strong>sentire</strong></span> <span class='ocrx_word' id='word_1_541' title='bbox 1366 4553 1449 4606; x_wconf 87' lang='lat' dir='ltr'><strong>vel</strong></span> <span class='ocrx_word' id='word_1_542' title='bbox 1474 4554 1764 4623; x_wconf 80' lang='lat' dir='ltr'><strong>intelligere</strong></span> <span class='ocrx_word' id='word_1_543' title='bbox 1787 4556 1977 4623; x_wconf 87' lang='lat' dir='ltr'><strong>potuit.</strong></span> <span class='ocrx_word' id='word_1_544' title='bbox 2013 4557 2082 4610; x_wconf 83' lang='lat' dir='ltr'><strong>Et</strong></span> <span class='ocrx_word' id='word_1_545' title='bbox 2110 4566 2235 4612; x_wconf 85' lang='lat' dir='ltr'><strong>nota</strong></span> 
     </span>
    </p>
   </div>
   <div class='ocr_carea' id='block_1_65' title="bbox 698 4639 2235 4715">
    <p class='ocr_par' dir='ltr' id='par_1_65' title="bbox 698 4639 2235 4715">
     <span class='ocr_line' id='line_1_65' title="bbox 698 4639 2235 4715; baseline 0.006 -22"><span class='ocrx_word' id='word_1_546' title='bbox 698 4639 948 4708; x_wconf 79' lang='lat' dir='ltr'><strong>quianon</strong></span> <span class='ocrx_word' id='word_1_547' title='bbox 972 4640 1027 4694; x_wconf 90' lang='lat' dir='ltr'><strong>in</strong></span> <span class='ocrx_word' id='word_1_548' title='bbox 1049 4641 1287 4705; x_wconf 85' lang='lat' dir='ltr'><strong>sabbato,</strong></span> <span class='ocrx_word' id='word_1_549' title='bbox 1306 4644 1397 4697; x_wconf 83' lang='lat' dir='ltr'><strong>sed</strong></span> <span class='ocrx_word' id='word_1_550' title='bbox 1417 4643 1471 4697; x_wconf 90' lang='lat' dir='ltr'><strong>in</strong></span> <span class='ocrx_word' id='word_1_551' title='bbox 1497 4644 1765 4699; x_wconf 84' lang='lat' dir='ltr'><strong>Dominica</strong></span> <span class='ocrx_word' id='word_1_552' title='bbox 1790 4646 1876 4701; x_wconf 89' lang='lat' dir='ltr'><strong>die</strong></span> <span class='ocrx_word' id='word_1_553' title='bbox 1893 4660 1951 4700; x_wconf 90' lang='lat' dir='ltr'><strong>se</strong></span> <span class='ocrx_word' id='word_1_554' title='bbox 1974 4648 2027 4701; x_wconf 88' lang='lat' dir='ltr'><strong>in</strong></span> <span class='ocrx_word' id='word_1_555' title='bbox 2047 4648 2235 4715; x_wconf 82' lang='lat' dir='ltr'><strong>spiritu</strong></span> 
     </span>
    </p>
   </div>
   <div class='ocr_carea' id='block_1_66' title="bbox 699 4726 2238 4803">
    <p class='ocr_par' dir='ltr' id='par_1_66' title="bbox 699 4726 2238 4803">
     <span class='ocr_line' id='line_1_66' title="bbox 699 4726 2238 4803; baseline 0.006 -24"><span class='ocrx_word' id='word_1_556' title='bbox 699 4726 862 4785; x_wconf 76' lang='lat' dir='ltr'><strong>fuisse</strong></span> <span class='ocrx_word' id='word_1_557' title='bbox 883 4727 1032 4789; x_wconf 86' lang='lat' dir='ltr'><strong>dicit,</strong></span> <span class='ocrx_word' id='word_1_558' title='bbox 1060 4730 1181 4795; x_wconf 83' lang='lat' dir='ltr'><strong>quia</strong></span> <span class='ocrx_word' id='word_1_559' title='bbox 1206 4730 1317 4797; x_wconf 84' lang='lat' dir='ltr'><strong>jam</strong></span> <span class='ocrx_word' id='word_1_560' title='bbox 1335 4740 1488 4786; x_wconf 84' lang='lat' dir='ltr'><strong>vetus</strong></span> <span class='ocrx_word' id='word_1_561' title='bbox 1520 4732 1629 4795; x_wconf 69' lang='lat' dir='ltr'><strong>illa,</strong></span> <span class='ocrx_word' id='word_1_562' title='bbox 1665 4747 1785 4801; x_wconf 68' lang='lat' dir='ltr'><strong>qua</strong></span> <span class='ocrx_word' id='word_1_563' title='bbox 1802 4743 2031 4787; x_wconf 74' lang='lat' dir='ltr'><strong>mortem</strong></span> <span class='ocrx_word' id='word_1_564' title='bbox 2052 4748 2238 4803; x_wconf 78' lang='lat' dir='ltr'><strong>opera-</strong></span> 
     </span>
    </p>
   </div>
   <div class='ocr_carea' id='block_1_67' title="bbox 702 4814 2237 4892">
    <p class='ocr_par' dir='ltr' id='par_1_67' title="bbox 702 4814 2237 4892">
     <span class='ocr_line' id='line_1_67' title="bbox 702 4814 2237 4892; baseline 0.008 -26"><span class='ocrx_word' id='word_1_565' title='bbox 702 4814 882 4877; x_wconf 79' lang='lat' dir='ltr'><strong>batur,</strong></span> <span class='ocrx_word' id='word_1_566' title='bbox 901 4815 985 4867; x_wconf 81' lang='lat' dir='ltr'><strong>lex</strong></span> <span class='ocrx_word' id='word_1_567' title='bbox 1011 4816 1313 4892; x_wconf 82' lang='lat' dir='ltr'><strong>transierat,</strong></span> <span class='ocrx_word' id='word_1_568' title='bbox 1335 4826 1390 4873; x_wconf 90' lang='lat' dir='ltr'><strong>et</strong></span> <span class='ocrx_word' id='word_1_569' title='bbox 1404 4832 1539 4873; x_wconf 84' lang='lat' dir='ltr'><strong>nova</strong></span> <span class='ocrx_word' id='word_1_570' title='bbox 1563 4834 1683 4887; x_wconf 70' lang='lat' dir='ltr'><strong>qm</strong></span> <span class='ocrx_word' id='word_1_571' title='bbox 1702 4820 1935 4874; x_wconf 77' lang='lat' dir='ltr'><strong>viviﬁcat</strong></span> <span class='ocrx_word' id='word_1_572' title='bbox 1952 4821 2007 4877; x_wconf 91' lang='lat' dir='ltr'><strong>in</strong></span> <span class='ocrx_word' id='word_1_573' title='bbox 2038 4822 2237 4878; x_wconf 84' lang='lat' dir='ltr'><strong>Christi</strong></span> 
     </span>
    </p>
   </div>
   <div class='ocr_carea' id='block_1_68' title="bbox 704 4905 2248 4985">
    <p class='ocr_par' dir='ltr' id='par_1_68' title="bbox 704 4905 2248 4985">
     <span class='ocr_line' id='line_1_68' title="bbox 704 4905 2248 4985; baseline 0.006 -26"><span class='ocrx_word' id='word_1_574' title='bbox 704 4905 1091 4960; x_wconf 80' lang='lat' dir='ltr'><strong>resurrectione</strong></span> <span class='ocrx_word' id='word_1_575' title='bbox 1113 4906 1393 4963; x_wconf 75' lang='lat' dir='ltr'><strong>clamarat.</strong></span> <span class='ocrx_word' id='word_1_576' title='bbox 1422 4910 1715 4978; x_wconf 80' lang='lat' dir='ltr'><strong>Allegorice</strong></span> <span class='ocrx_word' id='word_1_577' title='bbox 1751 4911 2006 4979; x_wconf 82' lang='lat' dir='ltr'><strong>Ecclesia,</strong></span> <span class='ocrx_word' id='word_1_578' title='bbox 2037 4916 2160 4985; x_wconf 85' lang='lat' dir='ltr'><strong>quia</strong></span> <span class='ocrx_word' id='word_1_579' title='bbox 2187 4914 2248 4971; x_wconf 85' lang='lat' dir='ltr'><strong>lu</strong></span> 
     </span>
    </p>
   </div>
   <div class='ocr_carea' id='block_1_69' title="bbox 702 4994 2250 5077">
    <p class='ocr_par' dir='ltr' id='par_1_69' title="bbox 702 4994 2250 5077">
     <span class='ocr_line' id='line_1_69' title="bbox 702 4994 2250 5077; baseline 0.007 -30"><span class='ocrx_word' id='word_1_580' title='bbox 702 4995 888 5049; x_wconf 76' lang='lat' dir='ltr'><strong>electis</strong></span> <span class='ocrx_word' id='word_1_581' title='bbox 906 4994 1044 5050; x_wconf 74' lang='lat' dir='ltr'><strong>facta</strong></span> <span class='ocrx_word' id='word_1_582' title='bbox 1069 4995 1246 5048; x_wconf 88' lang='lat' dir='ltr'><strong>carnis</strong></span> <span class='ocrx_word' id='word_1_583' title='bbox 1270 4996 1454 5077; x_wconf 71' lang='lat' dir='ltr'><strong>spiritu</strong></span> <span class='ocrx_word' id='word_1_584' title='bbox 1492 4999 1798 5063; x_wconf 81' lang='lat' dir='ltr'><strong>mortiﬁcat,</strong></span> <span class='ocrx_word' id='word_1_585' title='bbox 1838 5007 1897 5053; x_wconf 92' lang='lat' dir='ltr'><strong>ut</strong></span> <span class='ocrx_word' id='word_1_586' title='bbox 1918 5001 1973 5055; x_wconf 86' lang='lat' dir='ltr'><strong>in</strong></span> <span class='ocrx_word' id='word_1_587' title='bbox 2000 5016 2150 5057; x_wconf 70' lang='lat' dir='ltr'><strong>nova:</strong></span> <span class='ocrx_word' id='word_1_588' title='bbox 2174 5003 2250 5057; x_wconf 81' lang='lat' dir='ltr'><strong>vi-</strong></span> 
     </span>
    </p>
   </div>
   <div class='ocr_carea' id='block_1_70' title="bbox 606 5079 2250 5155">
    <p class='ocr_par' dir='ltr' id='par_1_70' title="bbox 606 5079 2250 5155">
     <span class='ocr_line' id='line_1_70' title="bbox 606 5079 2250 5155; baseline 0.007 -22"><span class='ocrx_word' id='word_1_589' title='bbox 606 5079 609 5081; x_wconf 71' lang='grc'><em>’</em></span> <span class='ocrx_word' id='word_1_590' title='bbox 710 5088 777 5134; x_wconf 74' lang='lat' dir='ltr'><strong>ta:</strong></span> <span class='ocrx_word' id='word_1_591' title='bbox 818 5082 1220 5137; x_wconf 74' lang='lat' dir='ltr'><strong>conversatione</strong></span> <span class='ocrx_word' id='word_1_592' title='bbox 1257 5086 1577 5150; x_wconf 79' lang='lat' dir='ltr'><strong>assurgatiu</strong></span> <span class='ocrx_word' id='word_1_593' title='bbox 1623 5086 1836 5155; x_wconf 82' lang='lat' dir='ltr'><strong>spiritu,</strong></span> <span class='ocrx_word' id='word_1_594' title='bbox 1880 5094 1936 5139; x_wconf 88' lang='lat' dir='ltr'><strong>et</strong></span> <span class='ocrx_word' id='word_1_595' title='bbox 1977 5087 2250 5145; x_wconf 87' lang='lat' dir='ltr'><strong>Dominica</strong></span> 
     </span>
    </p>
   </div>
   <div class='ocr_carea' id='block_1_71' title="bbox 711 5167 2250 5271">
    <p class='ocr_par' dir='ltr' id='par_1_71' title="bbox 711 5167 2250 5271">
     <span class='ocr_line' id='line_1_71' title="bbox 711 5167 2250 5271; baseline 0.006 -51"><span class='ocrx_word' id='word_1_596' title='bbox 711 5167 824 5267; x_wconf 78' lang='lat' dir='ltr'><strong>dies</strong></span> <span class='ocrx_word' id='word_1_597' title='bbox 845 5182 965 5221; x_wconf 85' lang='lat' dir='ltr'><strong>esse</strong></span> <span class='ocrx_word' id='word_1_598' title='bbox 999 5169 1344 5271; x_wconf 60' lang='lat' dir='ltr'><strong>demonstrat:</strong></span> <span class='ocrx_word' id='word_1_599' title='bbox 1371 5168 1811 5271; x_wconf 41' lang='lat' dir='ltr'><strong>.Ulld-O‘Fﬂ‘ﬂllld</strong></span> <span class='ocrx_word' id='word_1_600' title='bbox 1836 5174 2071 5271; x_wconf 64' lang='grc' dir='ltr'><strong>Δηοαωὶ</strong></span> <span class='ocrx_word' id='word_1_601' title='bbox 2095 5193 2108 5228; x_wconf 93' lang='lat'><strong>:</strong></span> <span class='ocrx_word' id='word_1_602' title='bbox 2146 5175 2250 5231; x_wconf 81' lang='lat' dir='ltr'><strong>Vos</strong></span> 
     </span>
    </p>
   </div>
   <div class='ocr_carea' id='block_1_72' title="bbox 710 5256 2068 5333">
    <p class='ocr_par' dir='ltr' id='par_1_72' title="bbox 710 5256 2068 5333">
     <span class='ocr_line' id='line_1_72' title="bbox 710 5256 2068 5333; baseline 0.006 -26"><span class='ocrx_word' id='word_1_603' title='bbox 710 5256 765 5309; x_wconf 86' lang='lat' dir='ltr'><strong>in</strong></span> <span class='ocrx_word' id='word_1_604' title='bbox 785 5271 1068 5309; x_wconf 17' lang='lat' dir='ltr'><strong>camino»:</strong></span> <span class='ocrx_word' id='word_1_605' title='bbox 1087 5259 1231 5322; x_wconf 77' lang='lat' dir='ltr'><strong>satis,</strong></span> <span class='ocrx_word' id='word_1_606' title='bbox 1250 5258 1419 5312; x_wconf 69' lang='lat' dir='ltr'><strong>sedis</strong></span> <span class='ocrx_word' id='word_1_607' title='bbox 1442 5259 1623 5327; x_wconf 76' lang='lat' dir='ltr'><strong>spirits</strong></span> <span class='ocrx_word' id='word_1_608' title='bbox 1645 5260 1820 5331; x_wconf 79' lang='lat' dir='ltr'><strong>(Rom.</strong></span> <span class='ocrx_word' id='word_1_609' title='bbox 1843 5256 1965 5327; x_wconf 72' lang='lat' dir='ltr'><strong>nit,</strong></span> <span class='ocrx_word' id='word_1_610' title='bbox 1991 5262 2068 5333; x_wconf 82' lang='lat'><strong>9).</strong></span> 
     </span>
    </p>
   </div>
   <div class='ocr_carea' id='block_1_73' title="bbox 639 5344 2243 5422">
    <p class='ocr_par' dir='ltr' id='par_1_73' title="bbox 639 5344 2243 5422">
     <span class='ocr_line' id='line_1_73' title="bbox 639 5344 2243 5422; baseline 0.006 -24"><span class='ocrx_word' id='word_1_611' title='bbox 639 5354 642 5357; x_wconf 77' lang='lat'><em>‘</em></span> <span class='ocrx_word' id='word_1_612' title='bbox 780 5344 938 5400; x_wconf 80' lang='lat' dir='ltr'><strong>Vna.</strong></span> <span class='ocrx_word' id='word_1_613' title='bbox 962 5344 1415 5401; x_wconf 76' lang='lat' dir='ltr'><strong>ii.—Etaudivi</strong></span> <span class='ocrx_word' id='word_1_614' title='bbox 1444 5355 2243 5422; x_wconf 67' lang='lat' dir='ltr'><strong>postmeeoeemmogmtan-</strong></span> 
     </span>
    </p>
   </div>
   <div class='ocr_carea' id='block_1_74' title="bbox 715 5433 2245 5501">
    <p class='ocr_par' dir='ltr' id='par_1_74' title="bbox 715 5433 2245 5501">
     <span class='ocr_line' id='line_1_74' title="bbox 715 5433 2245 5501; baseline 0.008 -18"><span class='ocrx_word' id='word_1_615' title='bbox 715 5445 869 5495; x_wconf 67' lang='lat' dir='ltr'><strong>quan</strong></span> <span class='ocrx_word' id='word_1_616' title='bbox 888 5436 1024 5487; x_wconf 70' lang='lat' dir='ltr'><strong>uete</strong></span> <span class='ocrx_word' id='word_1_617' title='bbox 1043 5433 1348 5489; x_wconf 79' lang='lat' dir='ltr'><strong>dicentem:</strong></span> <span class='ocrx_word' id='word_1_618' title='bbox 1377 5434 1527 5501; x_wconf 71' lang='lat' dir='ltr'><strong>Quod</strong></span> <span class='ocrx_word' id='word_1_619' title='bbox 1548 5435 1685 5490; x_wconf 76' lang='lat' dir='ltr'><strong>rides</strong></span> <span class='ocrx_word' id='word_1_620' title='bbox 1708 5437 2043 5494; x_wconf 72' lang='lat' dir='ltr'><strong>seribeJilud</strong></span> <span class='ocrx_word' id='word_1_621' title='bbox 2080 5441 2245 5496; x_wconf 82' lang='lat' dir='ltr'><strong>scien-</strong></span> 
     </span>
    </p>
   </div>
   <div class='ocr_carea' id='block_1_75' title="bbox 2316 1903 3861 1977">
    <p class='ocr_par' dir='ltr' id='par_1_75' title="bbox 2316 1903 3861 1977">
     <span class='ocr_line' id='line_1_75' title="bbox 2316 1903 3861 1977; baseline -0.005 -13"><span class='ocrx_word' id='word_1_622' title='bbox 2316 1920 2459 1965; x_wconf 89' lang='lat' dir='ltr'><strong>recte</strong></span> <span class='ocrx_word' id='word_1_623' title='bbox 2478 1924 2666 1977; x_wconf 84' lang='lat' dir='ltr'><strong>magna</strong></span> <span class='ocrx_word' id='word_1_624' title='bbox 2694 1909 2908 1971; x_wconf 91' lang='lat' dir='ltr'><strong>dicitur,</strong></span> <span class='ocrx_word' id='word_1_625' title='bbox 2932 1907 3055 1975; x_wconf 86' lang='lat' dir='ltr'><strong>quia</strong></span> <span class='ocrx_word' id='word_1_626' title='bbox 3077 1907 3143 1959; x_wconf 89' lang='lat' dir='ltr'><strong>de</strong></span> <span class='ocrx_word' id='word_1_627' title='bbox 3160 1906 3381 1960; x_wconf 86' lang='lat' dir='ltr'><strong>summis</strong></span> <span class='ocrx_word' id='word_1_628' title='bbox 3404 1905 3670 1974; x_wconf 83' lang='lat' dir='ltr'><strong>mysteriis</strong></span> <span class='ocrx_word' id='word_1_629' title='bbox 3697 1903 3861 1970; x_wconf 85' lang='lat' dir='ltr'><strong>loqui-</strong></span> 
     </span>
    </p>
   </div>
   <div class='ocr_carea' id='block_1_76' title="bbox 2313 1997 3864 2068">
    <p class='ocr_par' dir='ltr' id='par_1_76' title="bbox 2313 1997 3864 2068">
     <span class='ocr_line' id='line_1_76' title="bbox 2313 1997 3864 2068; baseline -0.004 -15"><span class='ocrx_word' id='word_1_630' title='bbox 2313 2010 2422 2064; x_wconf 75' lang='lat' dir='ltr'><strong>tur,</strong></span> <span class='ocrx_word' id='word_1_631' title='bbox 2449 2013 2667 2068; x_wconf 70' lang='lat' dir='ltr'><strong>qumque</strong></span> <span class='ocrx_word' id='word_1_632' title='bbox 2702 1999 2819 2051; x_wconf 88' lang='lat' dir='ltr'><strong>ideo</strong></span> <span class='ocrx_word' id='word_1_633' title='bbox 2852 1997 2992 2050; x_wconf 70' lang='lat' dir='ltr'><strong>tuba:</strong></span> <span class='ocrx_word' id='word_1_634' title='bbox 3016 2003 3372 2064; x_wconf 89' lang='lat' dir='ltr'><strong>comparatur,</strong></span> <span class='ocrx_word' id='word_1_635' title='bbox 3406 2004 3460 2049; x_wconf 89' lang='lat' dir='ltr'><strong>et</strong></span> <span class='ocrx_word' id='word_1_636' title='bbox 3486 2010 3582 2063; x_wconf 89' lang='lat' dir='ltr'><strong>per</strong></span> <span class='ocrx_word' id='word_1_637' title='bbox 3606 2010 3699 2048; x_wconf 85' lang='lat' dir='ltr'><strong>ora</strong></span> <span class='ocrx_word' id='word_1_638' title='bbox 3728 1998 3864 2062; x_wconf 72' lang='lat' dir='ltr'><strong>pra:-</strong></span> 
     </span>
    </p>
   </div>
   <div class='ocr_carea' id='block_1_77' title="bbox 2314 2069 3861 2160">
    <p class='ocr_par' dir='ltr' id='par_1_77' title="bbox 2314 2069 3861 2160">
     <span class='ocr_line' id='line_1_77' title="bbox 2314 2069 3861 2160; baseline -0.006 -18"><span class='ocrx_word' id='word_1_639' title='bbox 2314 2088 2601 2143; x_wconf 91' lang='lat' dir='ltr'><strong>dicantium</strong></span> <span class='ocrx_word' id='word_1_640' title='bbox 2650 2085 2976 2160; x_wconf 76' lang='lat' dir='ltr'><strong>dill&#39;unditur.</strong></span> <span class='ocrx_word' id='word_1_641' title='bbox 3033 2082 3181 2138; x_wconf 84' lang='lat' dir='ltr'><strong>Unde</strong></span> <span class='ocrx_word' id='word_1_642' title='bbox 3236 2083 3329 2135; x_wconf 91' lang='lat' dir='ltr'><strong>uni</strong></span> <span class='ocrx_word' id='word_1_643' title='bbox 3374 2069 3560 2136; x_wconf 82' lang='lat' dir='ltr'><strong>eorum</strong></span> <span class='ocrx_word' id='word_1_644' title='bbox 3598 2082 3798 2135; x_wconf 81' lang='lat' dir='ltr'><strong>dicitur</strong></span> <span class='ocrx_word' id='word_1_645' title='bbox 3844 2096 3861 2133; x_wconf 89' lang='lat'><strong>:</strong></span> 
     </span>
    </p>
   </div>
   <div class='ocr_carea' id='block_1_78' title="bbox 2317 2167 3866 2239">
    <p class='ocr_par' dir='ltr' id='par_1_78' title="bbox 2317 2167 3866 2239">
     <span class='ocr_line' id='line_1_78' title="bbox 2317 2167 3866 2239; baseline -0.001 -12"><span class='ocrx_word' id='word_1_646' title='bbox 2317 2174 2480 2239; x_wconf 75' lang='lat' dir='ltr'><strong>Quasi</strong></span> <span class='ocrx_word' id='word_1_647' title='bbox 2508 2173 2630 2226; x_wconf 88' lang='lat' dir='ltr'><strong>tuba</strong></span> <span class='ocrx_word' id='word_1_648' title='bbox 2672 2172 2843 2225; x_wconf 68' lang='lat' dir='ltr'><strong>exulta</strong></span> <span class='ocrx_word' id='word_1_649' title='bbox 2883 2187 3051 2224; x_wconf 75' lang='lat' dir='ltr'><strong>vocem</strong></span> <span class='ocrx_word' id='word_1_650' title='bbox 3095 2179 3235 2222; x_wconf 81' lang='lat' dir='ltr'><strong>luant</strong></span> <span class='ocrx_word' id='word_1_651' title='bbox 3279 2168 3410 2239; x_wconf 90' lang='lat' dir='ltr'><strong>(lsa.</strong></span> <span class='ocrx_word' id='word_1_652' title='bbox 3438 2184 3591 2233; x_wconf 76' lang='lat' dir='ltr'><strong>Lvttt,</strong></span> <span class='ocrx_word' id='word_1_653' title='bbox 3620 2169 3692 2237; x_wconf 84' lang='grc'><strong>1).</strong></span> <span class='ocrx_word' id='word_1_654' title='bbox 3742 2167 3866 2225; x_wconf 69' lang='lat' dir='ltr'><strong>litae</strong></span> 
     </span>
    </p>
   </div>
   <div class='ocr_carea' id='block_1_79' title="bbox 2315 2256 3868 2325">
    <p class='ocr_par' dir='ltr' id='par_1_79' title="bbox 2315 2256 3868 2325">
     <span class='ocr_line' id='line_1_79' title="bbox 2315 2256 3868 2325; baseline -0.003 -10"><span class='ocrx_word' id='word_1_655' title='bbox 2315 2277 2417 2316; x_wconf 81' lang='lat' dir='ltr'><strong>vox</strong></span> <span class='ocrx_word' id='word_1_656' title='bbox 2438 2263 2491 2323; x_wconf 90' lang='lat' dir='ltr'><strong>in</strong></span> <span class='ocrx_word' id='word_1_657' title='bbox 2512 2260 2712 2315; x_wconf 89' lang='lat' dir='ltr'><strong>Joanne</strong></span> <span class='ocrx_word' id='word_1_658' title='bbox 2733 2259 3024 2313; x_wconf 86' lang='lat' dir='ltr'><strong>Ecclesiam</strong></span> <span class='ocrx_word' id='word_1_659' title='bbox 3050 2258 3316 2321; x_wconf 89' lang='lat' dir='ltr'><strong>admonet,</strong></span> <span class='ocrx_word' id='word_1_660' title='bbox 3337 2266 3397 2311; x_wconf 90' lang='lat' dir='ltr'><strong>ut</strong></span> <span class='ocrx_word' id='word_1_661' title='bbox 3422 2272 3538 2325; x_wconf 78' lang='lat' dir='ltr'><strong>qua:</strong></span> <span class='ocrx_word' id='word_1_662' title='bbox 3558 2256 3701 2311; x_wconf 91' lang='lat' dir='ltr'><strong>videt</strong></span> <span class='ocrx_word' id='word_1_663' title='bbox 3732 2257 3868 2311; x_wconf 84' lang='lat' dir='ltr'><strong>scri-</strong></span> 
     </span>
    </p>
   </div>
   <div class='ocr_carea' id='block_1_80' title="bbox 2315 2344 3263 2415">
    <p class='ocr_par' dir='ltr' id='par_1_80' title="bbox 2315 2344 3263 2415">
     <span class='ocr_line' id='line_1_80' title="bbox 2315 2344 3263 2415; baseline -0.007 -10"><span class='ocrx_word' id='word_1_664' title='bbox 2315 2351 2427 2415; x_wconf 83' lang='lat' dir='ltr'><strong>bat,</strong></span> <span class='ocrx_word' id='word_1_665' title='bbox 2458 2350 2511 2404; x_wconf 92' lang='lat' dir='ltr'><strong>id</strong></span> <span class='ocrx_word' id='word_1_666' title='bbox 2537 2357 2619 2403; x_wconf 84' lang='lat' dir='ltr'><strong>est</strong></span> <span class='ocrx_word' id='word_1_667' title='bbox 2644 2349 2696 2402; x_wconf 90' lang='lat' dir='ltr'><strong>in</strong></span> <span class='ocrx_word' id='word_1_668' title='bbox 2716 2347 2971 2401; x_wconf 88' lang='lat' dir='ltr'><strong>memoria</strong></span> <span class='ocrx_word' id='word_1_669' title='bbox 2994 2344 3263 2399; x_wconf 87' lang='lat' dir='ltr'><strong>recondat.</strong></span> 
     </span>
    </p>
   </div>
   <div class='ocr_carea' id='block_1_81' title="bbox 2387 2428 3864 2503">
    <p class='ocr_par' dir='ltr' id='par_1_81' title="bbox 2387 2428 3864 2503">
     <span class='ocr_line' id='line_1_81' title="bbox 2387 2428 3864 2503; baseline -0.003 -13"><span class='ocrx_word' id='word_1_670' title='bbox 2387 2436 2455 2490; x_wconf 83' lang='lat' dir='ltr'><strong>Et</strong></span> <span class='ocrx_word' id='word_1_671' title='bbox 2474 2438 2615 2491; x_wconf 87' lang='lat' dir='ltr'><strong>mitte</strong></span> <span class='ocrx_word' id='word_1_672' title='bbox 2638 2444 2826 2503; x_wconf 81' lang='lat' dir='ltr'><strong>septem</strong></span> <span class='ocrx_word' id='word_1_673' title='bbox 2853 2428 3121 2496; x_wconf 84' lang='lat' dir='ltr'><strong>Ecclesiis,</strong></span> <span class='ocrx_word' id='word_1_674' title='bbox 3166 2432 3388 2502; x_wconf 83' lang='lat' dir='ltr'><strong>Epheso,</strong></span> <span class='ocrx_word' id='word_1_675' title='bbox 3428 2431 3688 2501; x_wconf 68' lang='lat' dir='ltr'><strong>Smyrna,</strong></span> <span class='ocrx_word' id='word_1_676' title='bbox 3734 2428 3864 2485; x_wconf 71' lang='lat' dir='ltr'><strong>Per-</strong></span> 
     </span>
    </p>
   </div>
   <div class='ocr_carea' id='block_1_82' title="bbox 2316 2518 3864 2595">
    <p class='ocr_par' dir='ltr' id='par_1_82' title="bbox 2316 2518 3864 2595">
     <span class='ocr_line' id='line_1_82' title="bbox 2316 2518 3864 2595; baseline -0.004 -16"><span class='ocrx_word' id='word_1_677' title='bbox 2316 2542 2486 2595; x_wconf 87' lang='lat' dir='ltr'><strong>gamo,</strong></span> <span class='ocrx_word' id='word_1_678' title='bbox 2525 2522 2803 2592; x_wconf 65' lang='lat' dir='ltr'><strong>Thyatira,</strong></span> <span class='ocrx_word' id='word_1_679' title='bbox 2842 2520 3047 2585; x_wconf 77' lang='lat' dir='ltr'><strong>Sardis,</strong></span> <span class='ocrx_word' id='word_1_680' title='bbox 3075 2518 3468 2589; x_wconf 65' lang='lat' dir='ltr'><strong>Philadelphia,</strong></span> <span class='ocrx_word' id='word_1_681' title='bbox 3517 2529 3564 2572; x_wconf 90' lang='lat' dir='ltr'><strong>et</strong></span> <span class='ocrx_word' id='word_1_682' title='bbox 3585 2518 3864 2573; x_wconf 65' lang='lat' dir='ltr'><strong>Laodicia.</strong></span> 
     </span>
    </p>
   </div>
   <div class='ocr_carea' id='block_1_83' title="bbox 2318 2608 3871 2680">
    <p class='ocr_par' dir='ltr' id='par_1_83' title="bbox 2318 2608 3871 2680">
     <span class='ocr_line' id='line_1_83' title="bbox 2318 2608 3871 2680; baseline -0.004 -12"><span class='ocrx_word' id='word_1_683' title='bbox 2318 2614 2605 2668; x_wconf 89' lang='lat' dir='ltr'><strong>Dicendum</strong></span> <span class='ocrx_word' id='word_1_684' title='bbox 2647 2609 2906 2680; x_wconf 90' lang='lat' dir='ltr'><strong>quomodo</strong></span> <span class='ocrx_word' id='word_1_685' title='bbox 2950 2609 3317 2677; x_wconf 59' lang='lat' dir='ltr'><strong>interpretatio</strong></span> <span class='ocrx_word' id='word_1_686' title='bbox 3361 2610 3549 2662; x_wconf 87' lang='lat' dir='ltr'><strong>horum</strong></span> <span class='ocrx_word' id='word_1_687' title='bbox 3582 2608 3871 2663; x_wconf 76' lang='lat' dir='ltr'><strong>nominum</strong></span> 
     </span>
    </p>
   </div>
   <div class='ocr_carea' id='block_1_84' title="bbox 2320 2698 3866 2765">
    <p class='ocr_par' dir='ltr' id='par_1_84' title="bbox 2320 2698 3866 2765">
     <span class='ocr_line' id='line_1_84' title="bbox 2320 2698 3866 2765; baseline -0.003 -9"><span class='ocrx_word' id='word_1_688' title='bbox 2320 2702 2600 2756; x_wconf 83' lang='lat' dir='ltr'><strong>universali</strong></span> <span class='ocrx_word' id='word_1_689' title='bbox 2625 2701 2901 2754; x_wconf 82' lang='lat' dir='ltr'><strong>conveniat</strong></span> <span class='ocrx_word' id='word_1_690' title='bbox 2923 2698 3188 2752; x_wconf 76' lang='lat' dir='ltr'><strong>Ecclesiae.</strong></span> <span class='ocrx_word' id='word_1_691' title='bbox 3214 2698 3452 2765; x_wconf 87' lang='lat' dir='ltr'><strong>Ephesus</strong></span> <span class='ocrx_word' id='word_1_692' title='bbox 3484 2699 3866 2765; x_wconf 86' lang='lat' dir='ltr'><strong>interpretatur</strong></span> 
     </span>
    </p>
   </div>
   <div class='ocr_carea' id='block_1_85' title="bbox 2320 2784 3917 2856">
    <p class='ocr_par' dir='ltr' id='par_1_85' title="bbox 2320 2784 3917 2856">
     <span class='ocr_line' id='line_1_85' title="bbox 2320 2784 3917 2856; baseline -0.001 -12"><span class='ocrx_word' id='word_1_693' title='bbox 2320 2789 2583 2854; x_wconf 88' lang='lat' dir='ltr'><strong>voluntas,</strong></span> <span class='ocrx_word' id='word_1_694' title='bbox 2616 2789 2728 2843; x_wconf 86' lang='lat' dir='ltr'><strong>sive</strong></span> <span class='ocrx_word' id='word_1_695' title='bbox 2761 2787 3037 2841; x_wconf 87' lang='lat' dir='ltr'><strong>consilium</strong></span> <span class='ocrx_word' id='word_1_696' title='bbox 3062 2798 3313 2849; x_wconf 55' lang='lat' dir='ltr'><strong>meumr;</strong></span> <span class='ocrx_word' id='word_1_697' title='bbox 3336 2793 3391 2838; x_wconf 89' lang='lat' dir='ltr'><strong>et</strong></span> <span class='ocrx_word' id='word_1_698' title='bbox 3410 2784 3594 2852; x_wconf 76' lang='lat' dir='ltr'><strong>cujus?</strong></span> <span class='ocrx_word' id='word_1_699' title='bbox 3630 2786 3733 2839; x_wconf 83' lang='lat' dir='ltr'><strong>nisi</strong></span> <span class='ocrx_word' id='word_1_700' title='bbox 3758 2784 3873 2856; x_wconf 76' lang='lat' dir='ltr'><strong>ejus</strong></span> <span class='ocrx_word' id='word_1_701' title='bbox 3911 2846 3917 2853; x_wconf 59' lang='grc'><em>,</em></span> 
     </span>
    </p>
   </div>
   <div class='ocr_carea' id='block_1_86' title="bbox 2319 2867 3872 2947">
    <p class='ocr_par' dir='ltr' id='par_1_86' title="bbox 2319 2867 3872 2947">
     <span class='ocr_line' id='line_1_86' title="bbox 2319 2867 3872 2947; baseline 0 -17"><span class='ocrx_word' id='word_1_702' title='bbox 2319 2877 2411 2946; x_wconf 89' lang='lat' dir='ltr'><strong>qui</strong></span> <span class='ocrx_word' id='word_1_703' title='bbox 2435 2876 2667 2947; x_wconf 80' lang='lat' dir='ltr'><strong>reprobat</strong></span> <span class='ocrx_word' id='word_1_704' title='bbox 2694 2874 2909 2928; x_wconf 85' lang='lat' dir='ltr'><strong>consilia</strong></span> <span class='ocrx_word' id='word_1_705' title='bbox 2952 2873 3239 2942; x_wconf 79' lang='lat' dir='ltr'><strong>principum</strong></span> <span class='ocrx_word' id='word_1_706' title='bbox 3257 2872 3565 2943; x_wconf 80' lang='lat' dir='ltr'><strong>‘,_consilium</strong></span> <span class='ocrx_word' id='word_1_707' title='bbox 3599 2867 3715 2926; x_wconf 76' lang='lat' dir='ltr'><strong>vero</strong></span> <span class='ocrx_word' id='word_1_708' title='bbox 3755 2875 3872 2944; x_wconf 81' lang='lat' dir='ltr'><strong>ejus</strong></span> 
     </span>
    </p>
   </div>
   <div class='ocr_carea' id='block_1_87' title="bbox 2321 2958 3871 3030">
    <p class='ocr_par' dir='ltr' id='par_1_87' title="bbox 2321 2958 3871 3030">
     <span class='ocr_line' id='line_1_87' title="bbox 2321 2958 3871 3030; baseline -0.002 -14"><span class='ocrx_word' id='word_1_709' title='bbox 2321 2972 2490 3017; x_wconf 85' lang='lat' dir='ltr'><strong>manet</strong></span> <span class='ocrx_word' id='word_1_710' title='bbox 2521 2963 2576 3015; x_wconf 85' lang='lat' dir='ltr'><strong>in</strong></span> <span class='ocrx_word' id='word_1_711' title='bbox 2625 2972 2870 3014; x_wconf 70' lang='lat' dir='ltr'><strong>aeternum</strong></span> <span class='ocrx_word' id='word_1_712' title='bbox 2905 2958 3073 3030; x_wconf 82' lang='lat' dir='ltr'><strong>(Psal.</strong></span> <span class='ocrx_word' id='word_1_713' title='bbox 3095 2975 3265 3022; x_wconf 73' lang='grc' dir='ltr'>χχιιι,</span> <span class='ocrx_word' id='word_1_714' title='bbox 3311 2959 3419 3029; x_wconf 80' lang='grc'><strong>10).</strong></span> <span class='ocrx_word' id='word_1_715' title='bbox 3443 2960 3675 3015; x_wconf 86' lang='lat' dir='ltr'><strong>Ecclesia</strong></span> <span class='ocrx_word' id='word_1_716' title='bbox 3695 2968 3871 3027; x_wconf 69' lang='lat' dir='ltr'><strong>autem</strong></span> 
     </span>
    </p>
   </div>
   <div class='ocr_carea' id='block_1_88' title="bbox 2322 3046 3873 3118">
    <p class='ocr_par' dir='ltr' id='par_1_88' title="bbox 2322 3046 3873 3118">
     <span class='ocr_line' id='line_1_88' title="bbox 2322 3046 3873 3118; baseline -0.002 -13"><span class='ocrx_word' id='word_1_717' title='bbox 2322 3051 2570 3105; x_wconf 85' lang='lat' dir='ltr'><strong>voluntas</strong></span> <span class='ocrx_word' id='word_1_718' title='bbox 2617 3048 2712 3103; x_wconf 88' lang='lat' dir='ltr'><strong>Dei</strong></span> <span class='ocrx_word' id='word_1_719' title='bbox 2747 3057 2851 3112; x_wconf 89' lang='lat' dir='ltr'><strong>est,</strong></span> <span class='ocrx_word' id='word_1_720' title='bbox 2896 3049 2982 3103; x_wconf 92' lang='lat' dir='ltr'><strong>cui</strong></span> <span class='ocrx_word' id='word_1_721' title='bbox 3025 3063 3119 3118; x_wconf 90' lang='lat' dir='ltr'><strong>per</strong></span> <span class='ocrx_word' id='word_1_722' title='bbox 3159 3047 3471 3117; x_wconf 86' lang='lat' dir='ltr'><strong>prophetam</strong></span> <span class='ocrx_word' id='word_1_723' title='bbox 3497 3049 3690 3102; x_wconf 88' lang='lat' dir='ltr'><strong>dicitur</strong></span> <span class='ocrx_word' id='word_1_724' title='bbox 3719 3065 3733 3100; x_wconf 91' lang='lat'><strong>:</strong></span> <span class='ocrx_word' id='word_1_725' title='bbox 3771 3046 3873 3102; x_wconf 79' lang='lat' dir='ltr'><strong>Vo-</strong></span> 
     </span>
    </p>
   </div>
   <div class='ocr_carea' id='block_1_89' title="bbox 506 3130 2239 3220">
    <p class='ocr_par' dir='ltr' id='par_1_89' title="bbox 506 3133 2223 3220">
     <span class='ocr_line' id='line_1_89' title="bbox 506 3133 2223 3220; baseline -0.001 -29"><span class='ocrx_word' id='word_1_726' title='bbox 506 3190 509 3191; x_wconf 30' lang='grc' dir='ltr'><em>ν</em></span> <span class='ocrx_word' id='word_1_727' title='bbox 616 3204 642 3219; x_wconf 68' lang='lat'><em>_</em></span> <span class='ocrx_word' id='word_1_728' title='bbox 676 3140 937 3195; x_wconf 75' lang='lat' dir='ltr'><strong>Abraham</strong></span> <span class='ocrx_word' id='word_1_729' title='bbox 984 3149 1180 3209; x_wconf 76' lang='lat' dir='ltr'><strong>patrem</strong></span> <span class='ocrx_word' id='word_1_730' title='bbox 1218 3148 1469 3202; x_wconf 74' lang='lat' dir='ltr'><strong>nostrum,</strong></span> <span class='ocrx_word' id='word_1_731' title='bbox 1518 3136 1765 3189; x_wconf 76' lang='lat' dir='ltr'><strong>daturum</strong></span> <span class='ocrx_word' id='word_1_732' title='bbox 1802 3151 1859 3188; x_wconf 89' lang='lat' dir='ltr'><strong>se</strong></span> <span class='ocrx_word' id='word_1_733' title='bbox 1900 3134 2046 3189; x_wconf 77' lang='lat' dir='ltr'><strong>nobis</strong></span> <span class='ocrx_word' id='word_1_734' title='bbox 2074 3133 2223 3220; x_wconf 64' lang='grc' dir='ltr'><strong>(με.</strong></span> 
     </span>
    </p>
   </div>
   <div class='ocr_carea' id='block_1_90' title="bbox 2328 3130 3875 3220">
    <p class='ocr_par' dir='ltr' id='par_1_90' title="bbox 2329 3130 3875 3220">
     <span class='ocr_line' id='line_1_90' title="bbox 2329 3130 3875 3220; baseline -0.004 -23"><span class='ocrx_word' id='word_1_735' title='bbox 2329 3141 2525 3197; x_wconf 85' lang='lat' dir='ltr'><strong>caberis</strong></span> <span class='ocrx_word' id='word_1_736' title='bbox 2544 3139 2906 3220; x_wconf 78' lang='lat' dir='ltr'><strong>eoluntasmea</strong></span> <span class='ocrx_word' id='word_1_737' title='bbox 2927 3138 3060 3220; x_wconf 73' lang='lat' dir='ltr'><strong>(lea.</strong></span> <span class='ocrx_word' id='word_1_738' title='bbox 3092 3152 3226 3200; x_wconf 77' lang='lat' dir='ltr'><strong>an,</strong></span> <span class='ocrx_word' id='word_1_739' title='bbox 3253 3136 3330 3206; x_wconf 81' lang='grc'><strong>4).</strong></span> <span class='ocrx_word' id='word_1_740' title='bbox 3367 3135 3434 3188; x_wconf 88' lang='lat' dir='ltr'><strong>Et</strong></span> <span class='ocrx_word' id='word_1_741' title='bbox 3470 3143 3595 3189; x_wconf 89' lang='lat' dir='ltr'><strong>nota</strong></span> <span class='ocrx_word' id='word_1_742' title='bbox 3621 3135 3745 3205; x_wconf 84' lang='lat' dir='ltr'><strong>quia</strong></span> <span class='ocrx_word' id='word_1_743' title='bbox 3779 3130 3875 3192; x_wconf 71' lang='lat' dir='ltr'><strong>vo—</strong></span> 
     </span>
    </p>
   </div>
   <div class='ocr_carea' id='block_1_91' title="bbox 2328 3216 3879 3298">
    <p class='ocr_par' dir='ltr' id='par_1_91' title="bbox 2328 3216 3879 3298">
     <span class='ocr_line' id='line_1_91' title="bbox 2328 3216 3879 3298; baseline -0.003 -15"><span class='ocrx_word' id='word_1_744' title='bbox 2328 3230 2507 3283; x_wconf 87' lang='lat' dir='ltr'><strong>luutas</strong></span> <span class='ocrx_word' id='word_1_745' title='bbox 2550 3227 2783 3298; x_wconf 88' lang='lat' dir='ltr'><strong>pertinet</strong></span> <span class='ocrx_word' id='word_1_746' title='bbox 2822 3216 3233 3293; x_wconf 61' lang='lat' dir='ltr'><strong>adeba‘ritatem</strong></span> <span class='ocrx_word' id='word_1_747' title='bbox 3252 3263 3269 3288; x_wconf 92' lang='lat'><strong>,</strong></span> <span class='ocrx_word' id='word_1_748' title='bbox 3316 3223 3594 3277; x_wconf 87' lang='lat' dir='ltr'><strong>consilium</strong></span> <span class='ocrx_word' id='word_1_749' title='bbox 3637 3237 3769 3278; x_wconf 83' lang='lat' dir='ltr'><strong>vero</strong></span> <span class='ocrx_word' id='word_1_750' title='bbox 3804 3225 3879 3279; x_wconf 84' lang='lat' dir='ltr'><strong>ad</strong></span> 
     </span>
    </p>
   </div>
   <div class='ocr_carea' id='block_1_92' title="bbox 2328 3311 3929 3381">
    <p class='ocr_par' dir='ltr' id='par_1_92' title="bbox 2328 3311 3929 3381">
     <span class='ocr_line' id='line_1_92' title="bbox 2328 3311 3929 3381; baseline -0.008 -4"><span class='ocrx_word' id='word_1_751' title='bbox 2328 3322 2739 3380; x_wconf 75' lang='lat' dir='ltr'><strong>correCtionem.</strong></span> <span class='ocrx_word' id='word_1_752' title='bbox 2789 3317 2881 3374; x_wconf 87' lang='lat' dir='ltr'><strong>Ille</strong></span> <span class='ocrx_word' id='word_1_753' title='bbox 2910 3318 3070 3381; x_wconf 67' lang='lat' dir='ltr'><strong>,enim</strong></span> <span class='ocrx_word' id='word_1_754' title='bbox 3111 3316 3354 3371; x_wconf 82' lang='lat' dir='ltr'><strong>voluntas</strong></span> <span class='ocrx_word' id='word_1_755' title='bbox 3378 3314 3469 3367; x_wconf 89' lang='lat' dir='ltr'><strong>Dei</strong></span> <span class='ocrx_word' id='word_1_756' title='bbox 3493 3320 3599 3377; x_wconf 89' lang='lat' dir='ltr'><strong>est,</strong></span> <span class='ocrx_word' id='word_1_757' title='bbox 3644 3311 3735 3380; x_wconf 88' lang='lat' dir='ltr'><strong>qui</strong></span> <span class='ocrx_word' id='word_1_758' title='bbox 3770 3325 3877 3365; x_wconf 84' lang='lat' dir='ltr'><strong>non</strong></span> <span class='ocrx_word' id='word_1_759' title='bbox 3927 3354 3929 3356; x_wconf 86' lang='lat'><strong>.</strong></span> 
     </span>
    </p>
   </div>
   <div class='ocr_carea' id='block_1_93' title="bbox 2328 3398 3876 3475">
    <p class='ocr_par' dir='ltr' id='par_1_93' title="bbox 2328 3398 3876 3475">
     <span class='ocr_line' id='line_1_93' title="bbox 2328 3398 3876 3475; baseline -0.005 -14"><span class='ocrx_word' id='word_1_760' title='bbox 2328 3409 2519 3462; x_wconf 86' lang='lat' dir='ltr'><strong>timore</strong></span> <span class='ocrx_word' id='word_1_761' title='bbox 2560 3407 2777 3475; x_wconf 75' lang='lat' dir='ltr'><strong>pmnali,</strong></span> <span class='ocrx_word' id='word_1_762' title='bbox 2819 3404 2913 3459; x_wconf 85' lang='lat' dir='ltr'><strong>sed</strong></span> <span class='ocrx_word' id='word_1_763' title='bbox 2952 3403 3139 3472; x_wconf 79' lang='lat' dir='ltr'><strong>sponte</strong></span> <span class='ocrx_word' id='word_1_764' title='bbox 3182 3417 3241 3457; x_wconf 79' lang='lat' dir='ltr'><strong>se</strong></span> <span class='ocrx_word' id='word_1_765' title='bbox 3268 3401 3509 3463; x_wconf 85' lang='lat' dir='ltr'><strong>Creatori</strong></span> <span class='ocrx_word' id='word_1_766' title='bbox 3554 3399 3752 3454; x_wconf 89' lang='lat' dir='ltr'><strong>subdit.</strong></span> <span class='ocrx_word' id='word_1_767' title='bbox 3781 3398 3876 3453; x_wconf 86' lang='lat' dir='ltr'><strong>ille</strong></span> 
     </span>
    </p>
   </div>
   <div class='ocr_carea' id='block_1_94' title="bbox 2285 3484 3877 3567">
    <p class='ocr_par' dir='ltr' id='par_1_94' title="bbox 2285 3484 3877 3567">
     <span class='ocr_line' id='line_1_94' title="bbox 2285 3484 3877 3567; baseline -0.005 -19"><span class='ocrx_word' id='word_1_768' title='bbox 2285 3555 2295 3567; x_wconf 51' lang='grc'><em>,</em></span> <span class='ocrx_word' id='word_1_769' title='bbox 2328 3509 2458 3548; x_wconf 89' lang='lat' dir='ltr'><strong>vero</strong></span> <span class='ocrx_word' id='word_1_770' title='bbox 2482 3494 2570 3562; x_wconf 89' lang='lat' dir='ltr'><strong>qui</strong></span> <span class='ocrx_word' id='word_1_771' title='bbox 2596 3508 2696 3547; x_wconf 91' lang='lat' dir='ltr'><strong>nec</strong></span> <span class='ocrx_word' id='word_1_772' title='bbox 2742 3493 2965 3555; x_wconf 74' lang='lat' dir='ltr'><strong>timore,</strong></span> <span class='ocrx_word' id='word_1_773' title='bbox 2992 3495 3091 3544; x_wconf 85' lang='lat' dir='ltr'><strong>nec</strong></span> <span class='ocrx_word' id='word_1_774' title='bbox 3136 3502 3339 3549; x_wconf 77' lang='lat' dir='ltr'><strong>amore,</strong></span> <span class='ocrx_word' id='word_1_775' title='bbox 3377 3502 3437 3541; x_wconf 87' lang='lat' dir='ltr'><strong>se</strong></span> <span class='ocrx_word' id='word_1_776' title='bbox 3474 3484 3718 3542; x_wconf 78' lang='lat' dir='ltr'><strong>conferre</strong></span> <span class='ocrx_word' id='word_1_777' title='bbox 3746 3485 3877 3553; x_wconf 88' lang='lat' dir='ltr'><strong>vnit,</strong></span> 
     </span>
    </p>
   </div>
   <div class='ocr_carea' id='block_1_95' title="bbox 2288 3580 3878 3664">
    <p class='ocr_par' dir='ltr' id='par_1_95' title="bbox 2288 3580 3878 3664">
     <span class='ocr_line' id='line_1_95' title="bbox 2288 3580 3878 3664; baseline 0.001 -32"><span class='ocrx_word' id='word_1_778' title='bbox 2288 3608 2301 3632; x_wconf 69' lang='grc' dir='ltr'><strong>ι</strong></span> <span class='ocrx_word' id='word_1_779' title='bbox 2330 3584 2503 3638; x_wconf 88' lang='lat' dir='ltr'><strong>divina</strong></span> <span class='ocrx_word' id='word_1_780' title='bbox 2523 3592 2709 3664; x_wconf 82' lang='lat' dir='ltr'><strong>agente</strong></span> <span class='ocrx_word' id='word_1_781' title='bbox 2727 3583 3003 3638; x_wconf 87' lang='lat' dir='ltr'><strong>clementia</strong></span> <span class='ocrx_word' id='word_1_782' title='bbox 3020 3621 3038 3647; x_wconf 93' lang='lat'><strong>,</strong></span> <span class='ocrx_word' id='word_1_783' title='bbox 3079 3581 3139 3635; x_wconf 91' lang='lat' dir='ltr'><strong>ﬁt</strong></span> <span class='ocrx_word' id='word_1_784' title='bbox 3158 3584 3224 3635; x_wconf 86' lang='lat' dir='ltr'><strong>ad</strong></span> <span class='ocrx_word' id='word_1_785' title='bbox 3244 3596 3364 3635; x_wconf 89' lang='lat' dir='ltr'><strong>eum</strong></span> <span class='ocrx_word' id='word_1_786' title='bbox 3389 3580 3734 3635; x_wconf 87' lang='lat' dir='ltr'><strong>correctionis</strong></span> <span class='ocrx_word' id='word_1_787' title='bbox 3765 3594 3878 3634; x_wconf 82' lang='lat' dir='ltr'><strong>ser-</strong></span> 
     </span>
    </p>
   </div>
   <div class='ocr_carea' id='block_1_96' title="bbox 2330 3669 3873 3742">
    <p class='ocr_par' dir='ltr' id='par_1_96' title="bbox 2330 3669 3873 3742">
     <span class='ocr_line' id='line_1_96' title="bbox 2330 3669 3873 3742; baseline -0.005 -16"><span class='ocrx_word' id='word_1_788' title='bbox 2330 3689 2439 3738; x_wconf 75' lang='lat' dir='ltr'><strong>mo,</strong></span> <span class='ocrx_word' id='word_1_789' title='bbox 2484 3681 2543 3727; x_wconf 93' lang='lat' dir='ltr'><strong>ut</strong></span> <span class='ocrx_word' id='word_1_790' title='bbox 2569 3672 2752 3726; x_wconf 88' lang='lat' dir='ltr'><strong>relicto</strong></span> <span class='ocrx_word' id='word_1_791' title='bbox 2798 3687 3002 3735; x_wconf 89' lang='lat' dir='ltr'><strong>errore,</strong></span> <span class='ocrx_word' id='word_1_792' title='bbox 3042 3669 3553 3742; x_wconf 74' lang='lat' dir='ltr'><strong>consilium/salutis</strong></span> <span class='ocrx_word' id='word_1_793' title='bbox 3597 3669 3873 3736; x_wconf 85' lang='lat' dir='ltr'><strong>percipiat.</strong></span> 
     </span>
    </p>
   </div>
   <div class='ocr_carea' id='block_1_97' title="bbox 2331 3750 3877 3832">
    <p class='ocr_par' dir='ltr' id='par_1_97' title="bbox 2331 3750 3877 3832">
     <span class='ocr_line' id='line_1_97' title="bbox 2331 3750 3877 3832; baseline -0.006 -14"><span class='ocrx_word' id='word_1_794' title='bbox 2331 3750 2556 3832; x_wconf 78' lang='lat' dir='ltr'><strong>Sinyrna</strong></span> <span class='ocrx_word' id='word_1_795' title='bbox 2582 3754 2639 3815; x_wconf 83' lang='lat' dir='ltr'><strong>in</strong></span> <span class='ocrx_word' id='word_1_796' title='bbox 2669 3762 2913 3821; x_wconf 86' lang='lat' dir='ltr'><strong>Latinum</strong></span> <span class='ocrx_word' id='word_1_797' title='bbox 2940 3760 3166 3813; x_wconf 86' lang='lat' dir='ltr'><strong>vertitur</strong></span> <span class='ocrx_word' id='word_1_798' title='bbox 3187 3758 3452 3812; x_wconf 88' lang='lat' dir='ltr'><strong>canticum</strong></span> <span class='ocrx_word' id='word_1_799' title='bbox 3472 3772 3656 3811; x_wconf 88' lang='lat' dir='ltr'><strong>eorum</strong></span> <span class='ocrx_word' id='word_1_800' title='bbox 3677 3796 3692 3820; x_wconf 94' lang='lat'><strong>,</strong></span> <span class='ocrx_word' id='word_1_801' title='bbox 3720 3754 3771 3810; x_wconf 89' lang='lat' dir='ltr'><strong>id</strong></span> <span class='ocrx_word' id='word_1_802' title='bbox 3796 3762 3877 3809; x_wconf 88' lang='lat' dir='ltr'><strong>est</strong></span> 
     </span>
    </p>
   </div>
   <div class='ocr_carea' id='block_1_98' title="bbox 2330 3836 3873 3914">
    <p class='ocr_par' dir='ltr' id='par_1_98' title="bbox 2330 3836 3873 3914">
     <span class='ocr_line' id='line_1_98' title="bbox 2330 3836 3873 3914; baseline -0.005 -8"><span class='ocrx_word' id='word_1_803' title='bbox 2330 3853 2641 3914; x_wconf 88' lang='lat' dir='ltr'><strong>electorum,</strong></span> <span class='ocrx_word' id='word_1_804' title='bbox 2661 3850 2924 3904; x_wconf 89' lang='lat' dir='ltr'><strong>canticum</strong></span> <span class='ocrx_word' id='word_1_805' title='bbox 2942 3862 3069 3903; x_wconf 86' lang='lat' dir='ltr'><strong>vero</strong></span> <span class='ocrx_word' id='word_1_806' title='bbox 3087 3836 3216 3902; x_wconf 89' lang='lat' dir='ltr'><strong>illud</strong></span> <span class='ocrx_word' id='word_1_807' title='bbox 3231 3856 3315 3901; x_wconf 91' lang='lat' dir='ltr'><strong>est</strong></span> <span class='ocrx_word' id='word_1_808' title='bbox 3333 3846 3639 3900; x_wconf 69' lang='lat' dir='ltr'><strong>mandaturus</strong></span> <span class='ocrx_word' id='word_1_809' title='bbox 3660 3860 3873 3910; x_wconf 85' lang='lat' dir='ltr'><strong>novum.</strong></span> 
     </span>
    </p>
   </div>
   <div class='ocr_carea' id='block_1_99' title="bbox 2330 3922 3879 4010">
    <p class='ocr_par' dir='ltr' id='par_1_99' title="bbox 2330 3922 3879 4010">
     <span class='ocr_line' id='line_1_99' title="bbox 2330 3922 3879 4010; baseline -0.004 -14"><span class='ocrx_word' id='word_1_810' title='bbox 2330 3941 2567 3995; x_wconf 88' lang='lat' dir='ltr'><strong>Ecclesia</strong></span> <span class='ocrx_word' id='word_1_811' title='bbox 2613 3932 2775 4010; x_wconf 85' lang='lat' dir='ltr'><strong>igitur</strong></span> <span class='ocrx_word' id='word_1_812' title='bbox 2818 3939 3081 3994; x_wconf 89' lang='lat' dir='ltr'><strong>canticum</strong></span> <span class='ocrx_word' id='word_1_813' title='bbox 3120 3938 3222 3991; x_wconf 91' lang='lat' dir='ltr'><strong>hoc</strong></span> <span class='ocrx_word' id='word_1_814' title='bbox 3264 3922 3503 4004; x_wconf 84' lang='lat' dir='ltr'><strong>quotidie</strong></span> <span class='ocrx_word' id='word_1_815' title='bbox 3527 3924 3728 3998; x_wconf 88' lang='lat' dir='ltr'><strong>cantat,</strong></span> <span class='ocrx_word' id='word_1_816' title='bbox 3754 3948 3879 3990; x_wconf 87' lang='lat' dir='ltr'><strong>cum</strong></span> 
     </span>
    </p>
   </div>
   <div class='ocr_carea' id='block_1_100' title="bbox 2332 4022 3880 4094">
    <p class='ocr_par' dir='ltr' id='par_1_100' title="bbox 2332 4022 3880 4094">
     <span class='ocr_line' id='line_1_100' title="bbox 2332 4022 3880 4094; baseline -0.007 -10"><span class='ocrx_word' id='word_1_817' title='bbox 2332 4030 2637 4084; x_wconf 87' lang='lat' dir='ltr'><strong>mandatum</strong></span> <span class='ocrx_word' id='word_1_818' title='bbox 2673 4042 2867 4081; x_wconf 81' lang='lat' dir='ltr'><strong>novum</strong></span> <span class='ocrx_word' id='word_1_819' title='bbox 2894 4024 3156 4094; x_wconf 87' lang='lat' dir='ltr'><strong>diligendo</strong></span> <span class='ocrx_word' id='word_1_820' title='bbox 3179 4023 3345 4076; x_wconf 87' lang='lat' dir='ltr'><strong>Deum</strong></span> <span class='ocrx_word' id='word_1_821' title='bbox 3367 4029 3424 4076; x_wconf 92' lang='lat' dir='ltr'><strong>et</strong></span> <span class='ocrx_word' id='word_1_822' title='bbox 3445 4022 3745 4090; x_wconf 88' lang='lat' dir='ltr'><strong>proximum</strong></span> <span class='ocrx_word' id='word_1_823' title='bbox 3778 4022 3880 4088; x_wconf 80' lang='lat' dir='ltr'><strong>im-</strong></span> 
     </span>
    </p>
   </div>
   <div class='ocr_carea' id='block_1_101' title="bbox 2330 4098 3880 4190">
    <p class='ocr_par' dir='ltr' id='par_1_101' title="bbox 2330 4098 3880 4190">
     <span class='ocr_line' id='line_1_101' title="bbox 2330 4098 3880 4190; baseline -0.007 -18"><span class='ocrx_word' id='word_1_824' title='bbox 2330 4119 2459 4187; x_wconf 86' lang='lat' dir='ltr'><strong>plet.</strong></span> <span class='ocrx_word' id='word_1_825' title='bbox 2492 4117 2808 4185; x_wconf 86' lang='lat' dir='ltr'><strong>Pergamum</strong></span> <span class='ocrx_word' id='word_1_826' title='bbox 2851 4098 3237 4190; x_wconf 39' lang='lat' dir='ltr'><strong>inle&#39;rpretatur</strong></span> <span class='ocrx_word' id='word_1_827' title='bbox 3274 4110 3536 4165; x_wconf 87' lang='lat' dir='ltr'><strong>dividendi</strong></span> <span class='ocrx_word' id='word_1_828' title='bbox 3561 4121 3880 4168; x_wconf 20' lang='lat' dir='ltr'><strong>cornuaqeo-</strong></span> 
     </span>
    </p>
   </div>
   <div class='ocr_carea' id='block_1_102' title="bbox 2332 4190 3881 4276">
    <p class='ocr_par' dir='ltr' id='par_1_102' title="bbox 2332 4190 3881 4276">
     <span class='ocr_line' id='line_1_102' title="bbox 2332 4190 3881 4276; baseline -0.006 -11"><span class='ocrx_word' id='word_1_829' title='bbox 2332 4224 2471 4266; x_wconf 88' lang='lat' dir='ltr'><strong>rum.</strong></span> <span class='ocrx_word' id='word_1_830' title='bbox 2496 4190 2575 4263; x_wconf 72' lang='lat' dir='ltr'><strong>ni‘</strong></span> <span class='ocrx_word' id='word_1_831' title='bbox 2585 4194 2811 4276; x_wconf 78' lang='lat' dir='ltr'><strong>quorum</strong></span> <span class='ocrx_word' id='word_1_832' title='bbox 2834 4203 3181 4271; x_wconf 78' lang='lat' dir='ltr'><strong>nisi&#39;Christi,</strong></span> <span class='ocrx_word' id='word_1_833' title='bbox 3198 4211 3255 4257; x_wconf 89' lang='lat' dir='ltr'><strong>et</strong></span> <span class='ocrx_word' id='word_1_834' title='bbox 3281 4200 3512 4256; x_wconf 84' lang='lat' dir='ltr'><strong>diaboli?</strong></span> <span class='ocrx_word' id='word_1_835' title='bbox 3537 4194 3595 4252; x_wconf 81' lang='lat' dir='ltr'><strong>lu</strong></span> <span class='ocrx_word' id='word_1_836' title='bbox 3629 4198 3881 4255; x_wconf 70' lang='lat' dir='ltr'><strong>cornibus</strong></span> 
     </span>
    </p>
   </div>
   <div class='ocr_carea' id='block_1_103' title="bbox 2313 4285 3882 4371">
    <p class='ocr_par' dir='ltr' id='par_1_103' title="bbox 2313 4285 3882 4371">
     <span class='ocr_line' id='line_1_103' title="bbox 2313 4285 3882 4371; baseline -0.008 -17"><span class='ocrx_word' id='word_1_837' title='bbox 2313 4298 2515 4371; x_wconf 66' lang='lat' dir='ltr'><strong>itaque</strong></span> <span class='ocrx_word' id='word_1_838' title='bbox 2541 4296 2739 4352; x_wconf 82' lang='lat' dir='ltr'><strong>Christi</strong></span> <span class='ocrx_word' id='word_1_839' title='bbox 2771 4306 2993 4365; x_wconf 89' lang='lat' dir='ltr'><strong>regnum</strong></span> <span class='ocrx_word' id='word_1_840' title='bbox 3020 4293 3135 4363; x_wconf 67' lang='lat' dir='ltr'><strong>eius</strong></span> <span class='ocrx_word' id='word_1_841' title='bbox 3153 4290 3474 4353; x_wconf 86' lang='lat' dir='ltr'><strong>ostenditur,</strong></span> <span class='ocrx_word' id='word_1_842' title='bbox 3500 4286 3556 4342; x_wconf 89' lang='lat' dir='ltr'><strong>id</strong></span> <span class='ocrx_word' id='word_1_843' title='bbox 3580 4296 3666 4342; x_wconf 88' lang='lat' dir='ltr'><strong>est</strong></span> <span class='ocrx_word' id='word_1_844' title='bbox 3697 4285 3882 4343; x_wconf 83' lang='lat' dir='ltr'><strong>Eccle-</strong></span> 
     </span>
    </p>
   </div>
   <div class='ocr_carea' id='block_1_104' title="bbox 2336 4376 3880 4449">
    <p class='ocr_par' dir='ltr' id='par_1_104' title="bbox 2336 4376 3880 4449">
     <span class='ocr_line' id='line_1_104' title="bbox 2336 4376 3880 4449; baseline -0.01 -4"><span class='ocrx_word' id='word_1_845' title='bbox 2336 4391 2433 4445; x_wconf 89' lang='lat' dir='ltr'><strong>sia.</strong></span> <span class='ocrx_word' id='word_1_846' title='bbox 2458 4389 2516 4445; x_wconf 86' lang='lat' dir='ltr'><strong>ln</strong></span> <span class='ocrx_word' id='word_1_847' title='bbox 2537 4386 2785 4444; x_wconf 87' lang='lat' dir='ltr'><strong>cornibus</strong></span> <span class='ocrx_word' id='word_1_848' title='bbox 2808 4401 2934 4440; x_wconf 83' lang='lat' dir='ltr'><strong>vero</strong></span> <span class='ocrx_word' id='word_1_849' title='bbox 2961 4384 3179 4447; x_wconf 86' lang='lat' dir='ltr'><strong>diaboli,</strong></span> <span class='ocrx_word' id='word_1_850' title='bbox 3205 4381 3322 4449; x_wconf 84' lang='lat' dir='ltr'><strong>ejus</strong></span> <span class='ocrx_word' id='word_1_851' title='bbox 3346 4380 3505 4434; x_wconf 88' lang='lat' dir='ltr'><strong>etiam</strong></span> <span class='ocrx_word' id='word_1_852' title='bbox 3535 4394 3777 4449; x_wconf 88' lang='lat' dir='ltr'><strong>regnum,</strong></span> <span class='ocrx_word' id='word_1_853' title='bbox 3822 4376 3880 4437; x_wconf 83' lang='lat' dir='ltr'><strong>id</strong></span> 
     </span>
    </p>
   </div>
   <div class='ocr_carea' id='block_1_105' title="bbox 2331 4468 3883 4551">
    <p class='ocr_par' dir='ltr' id='par_1_105' title="bbox 2331 4468 3883 4551">
     <span class='ocr_line' id='line_1_105' title="bbox 2331 4468 3883 4551; baseline -0.008 -15"><span class='ocrx_word' id='word_1_854' title='bbox 2331 4488 2416 4536; x_wconf 90' lang='lat' dir='ltr'><strong>est</strong></span> <span class='ocrx_word' id='word_1_855' title='bbox 2445 4479 2611 4551; x_wconf 90' lang='lat' dir='ltr'><strong>impii.</strong></span> <span class='ocrx_word' id='word_1_856' title='bbox 2658 4477 2795 4534; x_wconf 76' lang='lat' dir='ltr'><strong>Audi</strong></span> <span class='ocrx_word' id='word_1_857' title='bbox 2815 4478 2975 4547; x_wconf 90' lang='lat' dir='ltr'><strong>igitur</strong></span> <span class='ocrx_word' id='word_1_858' title='bbox 2998 4474 3309 4529; x_wconf 88' lang='lat' dir='ltr'><strong>divisionem</strong></span> <span class='ocrx_word' id='word_1_859' title='bbox 3347 4486 3670 4526; x_wconf 88' lang='lat' dir='ltr'><strong>cornnorum</strong></span> <span class='ocrx_word' id='word_1_860' title='bbox 3693 4487 3718 4521; x_wconf 86' lang='lat'><strong>-:</strong></span> <span class='ocrx_word' id='word_1_861' title='bbox 3756 4468 3883 4523; x_wconf 69' lang='lat' dir='ltr'><strong>0st-</strong></span> 
     </span>
    </p>
   </div>
   <div class='ocr_carea' id='block_1_106' title="bbox 2336 4555 3883 4633">
    <p class='ocr_par' dir='ltr' id='par_1_106' title="bbox 2336 4555 3883 4633">
     <span class='ocr_line' id='line_1_106' title="bbox 2336 4555 3883 4633; baseline -0.01 -12"><span class='ocrx_word' id='word_1_862' title='bbox 2336 4567 2423 4621; x_wconf 84' lang='lat' dir='ltr'><strong>nia</strong></span> <span class='ocrx_word' id='word_1_863' title='bbox 2450 4582 2643 4619; x_wconf 79' lang='lat' dir='ltr'><strong>cornua</strong></span> <span class='ocrx_word' id='word_1_864' title='bbox 2676 4573 2998 4633; x_wconf 80' lang='lat' dir='ltr'><strong>peccatorum</strong></span> <span class='ocrx_word' id='word_1_865' title='bbox 3043 4560 3384 4630; x_wconf 75' lang='lat' dir='ltr'><strong>confringant,</strong></span> <span class='ocrx_word' id='word_1_866' title='bbox 3428 4566 3478 4610; x_wconf 87' lang='lat' dir='ltr'><strong>et</strong></span> <span class='ocrx_word' id='word_1_867' title='bbox 3517 4555 3883 4609; x_wconf 70' lang='lat' dir='ltr'><strong>mirabuntur</strong></span> 
     </span>
    </p>
   </div>
   <div class='ocr_carea' id='block_1_107' title="bbox 2335 4636 3885 4719">
    <p class='ocr_par' dir='ltr' id='par_1_107' title="bbox 2335 4636 3885 4719">
     <span class='ocr_line' id='line_1_107' title="bbox 2335 4636 3885 4719; baseline -0.006 -13"><span class='ocrx_word' id='word_1_868' title='bbox 2335 4665 2530 4706; x_wconf 75' lang='lat' dir='ltr'><strong>cornua</strong></span> <span class='ocrx_word' id='word_1_869' title='bbox 2546 4649 2678 4718; x_wconf 77' lang='lat' dir='ltr'><strong>justi</strong></span> <span class='ocrx_word' id='word_1_870' title='bbox 2698 4646 2867 4719; x_wconf 73' lang='lat' dir='ltr'><strong>(Ptol.</strong></span> <span class='ocrx_word' id='word_1_871' title='bbox 2912 4662 3092 4711; x_wconf 79' lang='lat' dir='ltr'><strong>Lxxiv,</strong></span> <span class='ocrx_word' id='word_1_872' title='bbox 3123 4646 3230 4715; x_wconf 80' lang='lat' dir='ltr'><strong>ii).</strong></span> <span class='ocrx_word' id='word_1_873' title='bbox 3273 4645 3528 4714; x_wconf 75' lang='lat' dir='ltr'><strong>Thyatira</strong></span> <span class='ocrx_word' id='word_1_874' title='bbox 3553 4643 3747 4699; x_wconf 84' lang='lat' dir='ltr'><strong>dicitur</strong></span> <span class='ocrx_word' id='word_1_875' title='bbox 3768 4636 3885 4697; x_wconf 83' lang='lat' dir='ltr'><strong>illu-</strong></span> 
     </span>
    </p>
   </div>
   <div class='ocr_carea' id='block_1_108' title="bbox 2336 4718 3881 4806">
    <p class='ocr_par' dir='ltr' id='par_1_108' title="bbox 2336 4718 3881 4806">
     <span class='ocr_line' id='line_1_108' title="bbox 2336 4718 3881 4806; baseline -0.006 -14"><span class='ocrx_word' id='word_1_876' title='bbox 2336 4740 2567 4802; x_wconf 86' lang='lat' dir='ltr'><strong>minata;</strong></span> <span class='ocrx_word' id='word_1_877' title='bbox 2602 4745 2658 4791; x_wconf 87' lang='lat' dir='ltr'><strong>et</strong></span> <span class='ocrx_word' id='word_1_878' title='bbox 2854 4736 2955 4790; x_wconf 86' lang='lat' dir='ltr'><strong>alia</strong></span> <span class='ocrx_word' id='word_1_879' title='bbox 2984 4736 3279 4791; x_wconf 86' lang='lat' dir='ltr'><strong>illuminata</strong></span> <span class='ocrx_word' id='word_1_880' title='bbox 3304 4732 3615 4800; x_wconf 89' lang='lat' dir='ltr'><strong>intelligitur</strong></span> <span class='ocrx_word' id='word_1_881' title='bbox 3638 4731 3741 4801; x_wconf 85' lang='lat' dir='ltr'><strong>nisi</strong></span> 
     </span>
    </p>
   </div>
   <div class='ocr_carea' id='block_1_109' title="bbox 2334 4814 3884 4897">
    <p class='ocr_par' dir='ltr' id='par_1_109' title="bbox 2334 4814 3884 4897">
     <span class='ocr_line' id='line_1_109' title="bbox 2334 4814 3884 4897; baseline -0.008 -15"><span class='ocrx_word' id='word_1_882' title='bbox 2334 4828 2421 4882; x_wconf 86' lang='lat' dir='ltr'><strong>cui</strong></span> <span class='ocrx_word' id='word_1_883' title='bbox 2445 4840 2541 4897; x_wconf 87' lang='lat' dir='ltr'><strong>per</strong></span> <span class='ocrx_word' id='word_1_884' title='bbox 2571 4825 2764 4881; x_wconf 82' lang='lat' dir='ltr'><strong>isaiam</strong></span> <span class='ocrx_word' id='word_1_885' title='bbox 2794 4826 2990 4880; x_wconf 76' lang='lat' dir='ltr'><strong>dicitur</strong></span> <span class='ocrx_word' id='word_1_886' title='bbox 3020 4843 3034 4877; x_wconf 92' lang='lat'><strong>:</strong></span> <span class='ocrx_word' id='word_1_887' title='bbox 3067 4814 3252 4892; x_wconf 54' lang='lat' dir='ltr'><strong>Surge,</strong></span> <span class='ocrx_word' id='word_1_888' title='bbox 3273 4819 3586 4897; x_wconf 78' lang='lat' dir='ltr'><strong>illuminare,</strong></span> <span class='ocrx_word' id='word_1_889' title='bbox 3630 4818 3884 4897; x_wconf 74' lang='lat' dir='ltr'><strong>Hierusa-</strong></span> 
     </span>
    </p>
   </div>
   <div class='ocr_carea' id='block_1_110' title="bbox 2342 4900 3939 4986">
    <p class='ocr_par' dir='ltr' id='par_1_110' title="bbox 2342 4900 3939 4986">
     <span class='ocr_line' id='line_1_110' title="bbox 2342 4900 3939 4986; baseline -0.007 -15"><span class='ocrx_word' id='word_1_890' title='bbox 2342 4914 2597 4986; x_wconf 71' lang='lat' dir='ltr'><strong>lem(lsa.</strong></span> <span class='ocrx_word' id='word_1_891' title='bbox 2633 4927 2721 4979; x_wconf 76' lang='grc' dir='ltr'><strong>ιι,</strong></span> <span class='ocrx_word' id='word_1_892' title='bbox 2744 4912 2819 4985; x_wconf 80' lang='grc'><strong>1).</strong></span> <span class='ocrx_word' id='word_1_893' title='bbox 2854 4913 2924 4967; x_wconf 79' lang='lat' dir='ltr'><strong>Et</strong></span> <span class='ocrx_word' id='word_1_894' title='bbox 2942 4919 3067 4980; x_wconf 88' lang='lat' dir='ltr'><strong>apte</strong></span> <span class='ocrx_word' id='word_1_895' title='bbox 3089 4900 3382 4964; x_wconf 70' lang='lat' dir='ltr'><strong>inominata</strong></span> <span class='ocrx_word' id='word_1_896' title='bbox 3404 4907 3599 4986; x_wconf 80' lang='lat' dir='ltr'><strong>dicitur</strong></span> <span class='ocrx_word' id='word_1_897' title='bbox 3623 4903 3886 4962; x_wconf 83' lang='lat' dir='ltr'><strong>Ecclesia.</strong></span> <span class='ocrx_word' id='word_1_898' title='bbox 3932 4974 3939 4979; x_wconf 84' lang='lat'>_</span> 
     </span>
    </p>
   </div>
   <div class='ocr_carea' id='block_1_111' title="bbox 2341 4983 3882 5075">
    <p class='ocr_par' dir='ltr' id='par_1_111' title="bbox 2341 4983 3882 5075">
     <span class='ocr_line' id='line_1_111' title="bbox 2341 4983 3882 5075; baseline -0.003 -18"><span class='ocrx_word' id='word_1_899' title='bbox 2341 5012 2411 5059; x_wconf 80' lang='grc' dir='ltr'>ιιι.</span> <span class='ocrx_word' id='word_1_900' title='bbox 2430 4983 2732 5058; x_wconf 74' lang='lat' dir='ltr'><strong>meininerit</strong></span> <span class='ocrx_word' id='word_1_901' title='bbox 2756 4983 2815 5056; x_wconf 63' lang='lat' dir='ltr'><strong>se</strong></span> <span class='ocrx_word' id='word_1_902' title='bbox 2849 5000 3098 5075; x_wconf 50' lang='lat' dir='ltr'><strong>rerum</strong></span> <span class='ocrx_word' id='word_1_903' title='bbox 3121 4998 3305 5053; x_wconf 74' lang='lat' dir='ltr'><strong>fuisse.</strong></span> <span class='ocrx_word' id='word_1_904' title='bbox 3338 4994 3489 5052; x_wconf 78' lang='lat' dir='ltr'><strong>Unde</strong></span> <span class='ocrx_word' id='word_1_905' title='bbox 3508 4983 3790 5065; x_wconf 77' lang='lat' dir='ltr'><strong>Apostolus</strong></span> <span class='ocrx_word' id='word_1_906' title='bbox 3811 4994 3882 5053; x_wconf 85' lang='lat' dir='ltr'><strong>ad</strong></span> 
     </span>
    </p>
   </div>
   <div class='ocr_carea' id='block_1_112' title="bbox 2341 5080 3881 5162">
    <p class='ocr_par' dir='ltr' id='par_1_112' title="bbox 2341 5080 3881 5162">
     <span class='ocr_line' id='line_1_112' title="bbox 2341 5080 3881 5162; baseline -0.006 -14"><span class='ocrx_word' id='word_1_907' title='bbox 2341 5094 2458 5162; x_wconf 70' lang='lat' dir='ltr'><strong>eius</strong></span> <span class='ocrx_word' id='word_1_908' title='bbox 2802 5087 2999 5151; x_wconf 70' lang='lat' dir='ltr'><strong>Fuistis</strong></span> <span class='ocrx_word' id='word_1_909' title='bbox 3024 5084 3322 5162; x_wconf 73' lang='lat' dir='ltr'><strong>aliquando</strong></span> <span class='ocrx_word' id='word_1_910' title='bbox 3347 5086 3589 5150; x_wconf 68' lang='lat' dir='ltr'><strong>tenebris,</strong></span> <span class='ocrx_word' id='word_1_911' title='bbox 3627 5098 3762 5139; x_wconf 69' lang='lat' dir='ltr'><strong>nunc</strong></span> <span class='ocrx_word' id='word_1_912' title='bbox 3783 5080 3881 5139; x_wconf 65' lang='lat' dir='ltr'><strong>aa-</strong></span> 
     </span>
    </p>
   </div>
   <div class='ocr_carea' id='block_1_113' title="bbox 2342 5158 3882 5250">
    <p class='ocr_par' dir='ltr' id='par_1_113' title="bbox 2342 5158 3882 5250">
     <span class='ocr_line' id='line_1_113' title="bbox 2342 5158 3882 5250; baseline -0.003 -20"><span class='ocrx_word' id='word_1_913' title='bbox 2342 5158 2444 5232; x_wconf 68' lang='grc' dir='ltr'>ιὶπι</span> <span class='ocrx_word' id='word_1_914' title='bbox 2467 5176 2563 5231; x_wconf 66' lang='grc' dir='ltr'>ια</span> <span class='ocrx_word' id='word_1_915' title='bbox 2588 5158 2645 5230; x_wconf 76' lang='lat' dir='ltr'><strong>in</strong></span> <span class='ocrx_word' id='word_1_916' title='bbox 2666 5174 2883 5231; x_wconf 66' lang='lat' dir='ltr'><strong>nam</strong></span> <span class='ocrx_word' id='word_1_917' title='bbox 2912 5174 3183 5246; x_wconf 81' lang='lat' dir='ltr'><strong>(Ephes.v,</strong></span> <span class='ocrx_word' id='word_1_918' title='bbox 3209 5174 3285 5245; x_wconf 76' lang='grc' dir='ltr'><strong>ε).</strong></span> <span class='ocrx_word' id='word_1_919' title='bbox 3316 5158 3504 5228; x_wconf 80' lang='lat' dir='ltr'><strong>Sardis</strong></span> <span class='ocrx_word' id='word_1_920' title='bbox 3524 5169 3712 5247; x_wconf 65' lang='lat' dir='ltr'><strong>Latin</strong></span> <span class='ocrx_word' id='word_1_921' title='bbox 3726 5176 3882 5250; x_wconf 80' lang='lat' dir='ltr'><strong>sanat</strong></span> 
     </span>
    </p>
   </div>
   <div class='ocr_carea' id='block_1_114' title="bbox 2341 5254 3884 5336">
    <p class='ocr_par' dir='ltr' id='par_1_114' title="bbox 2341 5254 3884 5336">
     <span class='ocr_line' id='line_1_114' title="bbox 2341 5254 3884 5336; baseline -0.005 -17"><span class='ocrx_word' id='word_1_922' title='bbox 2341 5258 2565 5336; x_wconf 73' lang='lat' dir='ltr'><strong>principi</strong></span> <span class='ocrx_word' id='word_1_923' title='bbox 2586 5254 3113 5334; x_wconf 65' lang='lat' dir='ltr'><strong>pniebﬁtudinismbi</strong></span> <span class='ocrx_word' id='word_1_924' title='bbox 3131 5254 3713 5331; x_wconf 77' lang='lat' dir='ltr'><strong>subiutelligetidutnest</strong></span> <span class='ocrx_word' id='word_1_925' title='bbox 3733 5266 3884 5329; x_wconf 71' lang='lat' dir='ltr'><strong>aph—</strong></span> 
     </span>
    </p>
   </div>
   <div class='ocr_carea' id='block_1_115' title="bbox 2344 5343 3885 5425">
    <p class='ocr_par' dir='ltr' id='par_1_115' title="bbox 2344 5343 3885 5425">
     <span class='ocr_line' id='line_1_115' title="bbox 2344 5343 3885 5425; baseline -0.001 -15"><span class='ocrx_word' id='word_1_926' title='bbox 2344 5363 2437 5419; x_wconf 24' lang='lat' dir='ltr'><strong>ta,&#39;.</strong></span> <span class='ocrx_word' id='word_1_927' title='bbox 2472 5355 2554 5409; x_wconf 84' lang='lat' dir='ltr'><strong>vel</strong></span> <span class='ocrx_word' id='word_1_928' title='bbox 2601 5344 2913 5424; x_wconf 52' lang='lat' dir='ltr'><strong>praeparata.</strong></span> <span class='ocrx_word' id='word_1_929' title='bbox 2960 5344 3214 5423; x_wconf 78' lang='lat' dir='ltr'><strong>Princeps</strong></span> <span class='ocrx_word' id='word_1_930' title='bbox 3258 5343 3436 5406; x_wconf 80' lang='lat' dir='ltr'><strong>autem</strong></span> <span class='ocrx_word' id='word_1_931' title='bbox 3475 5345 3885 5425; x_wconf 77' lang='lat' dir='ltr'><strong>pulchritudinis</strong></span> 
     </span>
    </p>
   </div>
   <div class='ocr_carea' id='block_1_116' title="bbox 2345 5431 3881 5517">
    <p class='ocr_par' dir='ltr' id='par_1_116' title="bbox 2345 5431 3881 5517">
     <span class='ocr_line' id='line_1_116' title="bbox 2345 5431 3881 5517; baseline -0.004 -22"><span class='ocrx_word' id='word_1_932' title='bbox 2345 5441 2434 5495; x_wconf 84' lang='lat' dir='ltr'><strong>ille</strong></span> <span class='ocrx_word' id='word_1_933' title='bbox 2452 5451 2557 5507; x_wconf 88' lang='lat' dir='ltr'><strong>est,</strong></span> <span class='ocrx_word' id='word_1_934' title='bbox 2581 5441 2647 5496; x_wconf 86' lang='lat' dir='ltr'><strong>de</strong></span> <span class='ocrx_word' id='word_1_935' title='bbox 2669 5450 2786 5511; x_wconf 67' lang='grc' dir='ltr'>ἰι-ο</span> <span class='ocrx_word' id='word_1_936' title='bbox 2814 5435 3093 5517; x_wconf 80' lang='lat' dir='ltr'><strong>Psalmista</strong></span> <span class='ocrx_word' id='word_1_937' title='bbox 3119 5439 3196 5495; x_wconf 86' lang='lat' dir='ltr'><strong>alt</strong></span> <span class='ocrx_word' id='word_1_938' title='bbox 3222 5455 3236 5492; x_wconf 92' lang='lat'><strong>:</strong></span> <span class='ocrx_word' id='word_1_939' title='bbox 3274 5433 3547 5509; x_wconf 60' lang='lat' dir='ltr'><strong>Species“</strong></span> <span class='ocrx_word' id='word_1_940' title='bbox 3570 5431 3881 5507; x_wconf 64' lang='lat' dir='ltr'><strong>formam</strong></span> 
     </span>
    </p>
   </div>
   <div class='ocr_carea' id='block_1_117' title="bbox 764 5568 3199 5679">
    <p class='ocr_par' dir='ltr' id='par_1_117' title="bbox 764 5568 3199 5679">
     <span class='ocr_line' id='line_1_117' title="bbox 764 5568 3199 5679; baseline 0.003 -25"><span class='ocrx_word' id='word_1_941' title='bbox 764 5632 772 5637; x_wconf 98' lang='lat'><strong><em>-</em></strong></span> <span class='ocrx_word' id='word_1_942' title='bbox 797 5611 823 5640; x_wconf 84' lang='grc' dir='ltr'><strong>ι</strong></span> <span class='ocrx_word' id='word_1_943' title='bbox 848 5599 994 5655; x_wconf 72' lang='lat' dir='ltr'><strong>lianc</strong></span> <span class='ocrx_word' id='word_1_944' title='bbox 1015 5613 1069 5658; x_wconf 89' lang='lat' dir='ltr'><strong>et</strong></span> <span class='ocrx_word' id='word_1_945' title='bbox 1117 5613 1396 5675; x_wconf 80' lang='lat' dir='ltr'><strong>sequentes</strong></span> <span class='ocrx_word' id='word_1_946' title='bbox 1442 5608 1747 5665; x_wconf 75' lang='lat' dir='ltr'><strong>urbieorum</strong></span> <span class='ocrx_word' id='word_1_947' title='bbox 1776 5606 2049 5666; x_wconf 81' lang='lat' dir='ltr'><strong>nominum</strong></span> <span class='ocrx_word' id='word_1_948' title='bbox 2087 5600 2557 5679; x_wconf 73' lang='lat' dir='ltr'><strong>interpretationes</strong></span> <span class='ocrx_word' id='word_1_949' title='bbox 2582 5611 2700 5679; x_wconf 81' lang='lat' dir='ltr'><strong>quis</strong></span> <span class='ocrx_word' id='word_1_950' title='bbox 2721 5609 2959 5665; x_wconf 83' lang='lat' dir='ltr'><strong>eruditus</strong></span> <span class='ocrx_word' id='word_1_951' title='bbox 2980 5568 3199 5678; x_wconf 71' lang='lat' dir='ltr'><strong>probet?</strong></span> 
     </span>
    </p>
   </div>
  </div>
