4262 6208
384 297 515 354 1097

1152 292 1551 347 EXEGETICA.
1587 322 1656 333 —
1692 286 2040 346 COIMENT.
2082 284 2149 339 ιε
2188 284 2471 339 APOCAL.
2506 314 2571 323 -——
2594 284 2717 338 LIB.
2758 284 2797 337 Ι.

3442 286 3577 339 1098

378 411 500 480 ﬁliis
528 405 790 460 hominum
812 401 979 474 (Psal.
1004 418 1147 466 thv,
1172 402 1247 472 5).
1277 402 1343 456 Et
1368 418 1485 472 quae
1504 411 1586 457 est
1619 402 1742 457 huic
1783 416 1921 469 pra:—
1954 401 1999 458 Α
2025 412 2204 449 aurea.
2233 395 2363 449 Illud
2391 396 2661 449 sciendum
2691 395 2832 463 quod
2863 394 3045 447 Daniel
3071 392 3204 445 vidit
3231 394 3399 448 \irum
3440 409 3577 461 pra--

378 496 604 569 parata?
628 495 727 547 nisi
757 494 841 547 illa
868 494 934 547 de
961 508 1065 561 qua
1089 493 1259 548 eidem
1292 496 1517 563 principi
1541 494 1673 548 dicit
1691 494 1926 562 Prophe-

379 598 428 640 ta
465 605 479 639 :
509 584 677 653 Auitit
720 581 893 651 regina
940 599 972 633 a
1007 583 1200 634 dextris
1232 584 1333 636 tuis
1370 584 1425 636 in
1458 584 1636 637 vestitu
1678 583 1925 636 deaurato

379 672 777 731 circumamicta
815 670 1056 724 varietate
1077 670 1398 737 (Ibid."t'ers.
1430 670 1538 739 10).
1569 670 1927 739 Philadelphia

381 766 760 831 interpretatur
812 758 1022 811 salvans
1074 758 1433 811 hzereditatem
1479 758 1719 812 Domino.
1780 758 1925 813 Unde

381 861 502 920 apte
521 848 827 916 intelligitur
860 847 1145 900 electorum
1171 847 1421 907 Ecclesia.
1460 863 1577 915 qua:
1605 862 1724 900 cum
1751 847 1927 901 divino

381 936 643 1004 adjutorio
668 950 726 988 se
763 935 928 1001 ipsam
977 933 1183 987 salvare
1206 935 1497 989 contendit.
1524 934 1619 987 De
1648 936 1747 987 hac
1788 935 1926 988 enim

382 1027 687 1081 hmrczlitale
707 1025 934 1078 dicitur:
958 1023 1102 1076 Dabo
1123 1023 1213 1076 tibi
1232 1032 1400 1092 gentes
1416 1023 1767 1077 hereditatem
1787 1032 1929 1074 tuam

381 1116 550 1181 (Psal.
574 1132 635 1179 ιι,
662 1104 738 1183 8).
770 1114 1018 1168 Laodicia
1053 1114 1431 1181 interpretatur
1474 1113 1643 1165 tribus
1692 1112 1932 1165 amabilis

384 1207 625 1268 Domino,
654 1207 784 1268 sive,
814 1204 1027 1257 fuerunt
1063 1203 1114 1256 in
1143 1204 1371 1264 vomitu;
1402 1218 1517 1271 quzc
1560 1201 1930 1269 interpretatio

382 1296 664 1362 permistos
683 1293 851 1347 bonos
878 1308 997 1348 cum
1023 1293 1174 1345 malis
1200 1294 1251 1346 in
1276 1293 1510 1346 Ecclesia
1536 1291 1788 1345 ostendit.

457 1384 611 1437 Vsus.
646 1383 731 1436 12.
754 1411 823 1422 —-
844 1382 911 1434 Et
957 1398 1227 1434 conversus
1254 1376 1367 1433 sum
1405 1390 1458 1433 nt
1503 1380 1721 1433 riderent
1767 1394 1933 1430 rocem

383 1486 498 1539 qua!
542 1468 845 1539 loquebatur
896 1483 1107 1519 mecum.
1152 1466 1381 1519 Dicendo
1420 1466 1661 1527 viderem,
1705 1465 1935 1518 ostendit

384 1576 488 1613 non
506 1557 833 1625 corporalem
858 1556 1016 1609 fuisse
1041 1572 1249 1619 vocem,
1270 1572 1387 1624 qua:
1414 1555 1575 1609 videri
1600 1571 1704 1607 non
1728 1563 1930 1622 potest;

385 1648 478 1700 sed
531 1642 845 1714 spiritalem,
872 1660 1030 1713 quam
1060 1645 1190 1698 nihil
1232 1645 1373 1697 aliud
1400 1653 1483 1697 est
1531 1645 1729 1704 videre,
1775 1658 1933 1709 quam

2037 488 2271 540 cinctum
2318 498 2492 548 renes,
2533 484 2762 539 Joannes
2812 486 2880 536 ad
2924 482 3198 541 mamilius,
3256 484 3377 551 quia
3424 485 3583 536 Vetus

2028 575 2425 629 Testamentum
2481 574 2739 627 luxuriam
2777 574 2984 634 carnis,
3024 571 3224 623 Novum
3259 587 3383 624 vero
3420 573 3581 626 etiam

2026 664 2218 718 mentis
2240 665 2435 718 frenat.
2485 663 2687 732 Duplex
2712 671 2888 716 autem
2918 662 3005 715 illa
3050 662 3355 729 praecinctio
3383 676 3485 715 non
3518 664 3584 714 ad

2024 762 2204 821 caput,
2258 754 2350 806 sed
2393 754 2457 807 ad
2488 754 2723 806 membra
2754 753 3032 822 redigitur,
3080 767 3199 803 cum
3248 760 3459 804 constet
3486 750 3587 804 lle-

2026 841 2356 911 demptorcm
2391 853 2630 896 nostrum
2658 857 2756 896 nec
2782 842 3023 908 corporis
3050 857 3148 894 nec
3174 842 3352 895 cordis
3380 840 3586 893 luxnria

2028 937 2249 983 tactum.
2277 929 2399 984 Haec
2422 930 2584 998 igitur
2608 944 2737 984 zona
2764 930 2898 982 bene
2946 943 3106 981 aurea
3144 927 3308 981 fuisse
3356 929 3552 982 dicitur

2027 1016 2151 1084 quia
2190 1016 2432 1084 quisquis
2460 1030 2701 1085 superna:
2725 1016 2911 1085 patria:
2936 1015 3067 1068 civis
3099 1023 3203 1077 est,
3236 1030 3340 1068 non
3387 1017 3577 1069 timore

2030 1104 2292 1173 supplicii,
2323 1104 2416 1156 sed
2444 1118 2625 1156 amore
2652 1117 2895 1170 superna:
2915 1102 3172 1156 claritatis
3195 1102 3583 1155 immunditiam

2029 1192 2243 1245 deserit.
2293 1191 2444 1257 Quod
2488 1202 2667 1246 autem
2705 1192 2959 1259 apostolis
2988 1192 3039 1244 in
3066 1189 3213 1243 Novo
3242 1190 3588 1244 Testamento

2023 1280 2261 1347 jubetur,
2288 1282 2390 1333 sint
2410 1280 2571 1332 lumbi
2598 1281 2745 1333 vestri
2787 1281 3050 1348 praecincti
3091 1279 3237 1349 (Luc.
3266 1295 3362 1343 xu,
3393 1281 3507 1349 55),
3538 1283 3588 1333 in

2031 1384 2214 1421 eorum
2235 1383 2459 1435 persona
2483 1368 2562 1419 eis
2588 1368 2802 1435 juhetur
2837 1369 2924 1435 qui
2957 1366 3179 1420 necdum
3202 1368 3379 1420 carnis
3422 1366 3588 1421 forni-

2034 1455 2294 1507 cationem
2317 1454 2609 1515 lrcnantes,
2637 1455 2703 1507 ad
2735 1454 2853 1505 vita:
2894 1454 3091 1507 veteris
3117 1454 3383 1506 hominem
3428 1456 3592 1521 perti-

2034 1549 2180 1594 nent.
2213 1540 2345 1594 Nam
2391 1542 2491 1609 ipsi
2518 1543 2669 1609 prius
2708 1542 2883 1594 carnis
2925 1542 3311 1595 immunditiam
3340 1542 3587 1595 deserue-

2038 1637 2177 1681 rant.
2201 1628 2389 1688 Aliter,
2414 1627 2479 1680 ad
2503 1626 2767 1695 mamillas
2797 1643 2926 1681 zona
2951 1641 3108 1680 aurea
3138 1628 3353 1697 angelus
3376 1631 3590 1696 prmcin-

385 1736 589 1790 audire.
631 1734 924 1803 Allegorire
957 1734 1191 1787 Ecclesia
1224 1748 1477 1787 conversa
1526 1742 1607 1786 est
1650 1741 1707 1784 ut
1753 1748 1933 1786 vocem
1967 1705 2009 1760 Β
2038 1737 2068 1789 g

1906 1748 1933 1784 η
1967 1705 2009 1760 Β
2038 1721 2201 1789 gitur,
2240 1719 2363 1786 quia
2412 1718 2646 1770 Ecclesia
2676 1732 2740 1769 cx
2792 1717 2997 1769 duobus
3045 1720 3251 1785 populis
3273 1720 3511 1783 veniens,
3540 1722 3589 1773 in

386 1824 609 1883 videret,
637 1822 762 1889 quia
791 1821 981 1874 mentis
1009 1820 1271 1873 desiderio
1294 1822 1358 1872 ad
1390 1819 1547 1872 verba
1573 1819 1704 1887 legis
1728 1827 1783 1871 ct
1807 1834 1933 1886 pro-

384 1913 659 1980 phetarum
683 1924 741 1964 se
775 1908 1017 1971 contulit,
1057 1917 1117 1962 ut
1142 1924 1325 1962 eorum
1358 1916 1689 1962 sacramenta
1722 1908 1932 1976 impleta

381 2004 488 2070 jam
520 2008 778 2055 cerneret.
829 1999 895 2052 Et
935 2016 1204 2052 conversus
1250 2000 1350 2051 ridi
1396 2008 1584 2067 septem
1626 1996 1934 2063 candelabra

387 2107 564 2153 aurea,
598 2090 779 2159 (Vens.
812 2088 895 2157 15)
925 2098 972 2141 et
998 2089 1051 2140 in
1090 2088 1252 2139 medio
1283 2098 1470 2154 septem
1509 2085 1934 2139 candelabrorum

386 2193 657 2228 aureorum
687 2174 905 2227 similem
923 2173 1032 2241 filio
1051 2174 1289 2226 hominis.
1316 2172 1415 2225 Per
1452 2181 1651 2240 septem
1692 2171 1935 2224 candela-

386 2264 479 2317 bra
526 2261 846 2330 septiformis
875 2262 1109 2315 Ecclesia
1140 2258 1463 2331 designatur,
1508 2261 1559 2312 in
1589 2259 1739 2325 cujus
1762 2259 1936 2312 medio

387 2360 468 2403 est
508 2350 769 2413 Christus,
809 2350 899 2418 qui
930 2350 1045 2402 ideo
1074 2349 1263 2402 similis
1306 2347 1413 2400 lilio
1456 2348 1684 2401 hominis
1720 2347 1933 2407 dicitur,

388 2444 510 2509 quia
534 2439 645 2511 jam
682 2450 797 2497 erat
835 2442 1179 2503 immortalis;
1227 2442 1338 2494 sive
1367 2443 1488 2509 quia
1519 2456 1622 2493 non
1670 2455 1789 2492 cum
1815 2453 1936 2507 pec—

389 2538 525 2589 cato.
557 2529 648 2583 sed
678 2529 728 2581 in
757 2529 1099 2582 similitudine
1127 2530 1305 2581 carnis
1346 2528 1548 2596 peccati
1586 2528 1849 2594 apparuit.
1879 2526 1936 2577 ln

389 2619 563 2672 medio
619 2629 794 2671 autem
842 2618 1145 2685 apparuisse
1174 2616 1394 2684 legitur,
1439 2616 1588 2683 juxta
1624 2613 1748 2666 illud
1793 2631 1803 2663 :
1839 2610 1936 2663 Ubi

390 2709 516 2770 duo,
561 2707 636 2761 rel
678 2717 781 2760 tres
809 2706 1099 2776 congregati
1127 2706 1323 2759 fuerint
1372 2708 1426 2758 in
1467 2705 1667 2757 nomine
1696 2718 1828 2762 meo,
1867 2701 1938 2753 ibi

391 2812 504 2848 sum
528 2796 581 2848 in
619 2795 781 2847 medio
809 2810 983 2848 eorum
1023 2793 1233 2861 (Matth.
1266 2810 1419 2855 xvtu,
1447 2792 1555 2859 ΞΟ).
1589 2792 1653 2843 Et
1675 2798 1792 2858 apte
1842 2804 1937 2857 per

393 2888 592 2949 septem
638 2880 950 2935 candelabra
1006 2894 1164 2933 aurea
1204 2879 1436 2955 Ecclesia
1480 2877 1753 2946 ﬁguratur.
1805 2875 1937 2928 Nam

394 2969 714 3038 septiformis
739 2970 975 3038 operatio
998 2970 1166 3024 sancti
1190 2969 1420 3038 Spiritus
1448 2984 1543 3038 per
1562 2980 1861 3029 numerum,
1883 2974 1937 3019 et

395 3068 605 3114 :eterna:
642 3058 913 3128 sapientia
937 3058 1150 3113 claritas
1185 3072 1280 3126 per
1304 3072 1491 3110 aurum
1521 3056 1796 3125 ﬁguntur.
1825 3053 1936 3107 Sic—

398 3158 457 3202 ut
484 3150 660 3217 itaque
708 3164 892 3201 aurum
912 3164 1016 3216 per
1054 3148 1229 3217 ignem
1257 3147 1557 3217 probatum,
1588 3144 1940 3213 percussioni-

398 3243 499 3296 bus
544 3241 853 3312 perductum
895 3236 1569 3309 candelabrumetlicitur;
1600 3237 1677 3289 sic
1706 3235 1939 3289 Ecclesia

400 3332 523 3397 igne
551 3326 905 3383 tribulationis
925 3326 990 3377 ad
1023 3340 1212 3394 purum
1245 3332 1460 3381 excocta
1490 3323 1837 3377 tentationum
1869 3323 1941 3374 ic-

400 3420 543 3473 tibus
561 3419 615 3481 in
640 3417 1090 3486 longanimitatem
1114 3398 1327 3469 extenta
1351 3422 1764 3468 consummatur.
1796 3412 1942 3465 Unde

399 3506 568 3559 lsaias’
594 3504 703 3556 ait:
753 3502 895 3555 Dixit
914 3492 1172 3553 Dominus
1196 3502 1344 3567 cujus
1370 3508 1444 3552 est
1485 3499 1616 3566 ignis
1642 3499 1694 3549 in
1720 3496 1865 3556 Sion,
1894 3506 1941 3548 et

403 3592 631 3645 caminus
650 3592 761 3659 ejus
796 3590 849 3641 in
880 3586 1199 3641 Hierusalem
1226 3587 1356 3656 (lsa.
1392 3602 1540 3647 xxxr,
1571 3585 1648 3653 9).
1681 3584 1941 3637 Prreterea

402 3681 671 3735 sciendum
716 3678 838 3745 quia
882 3686 937 3729 et
967 3691 1062 3744 per
1103 3682 1301 3741 septem
1357 3672 1703 3733 candelabra,
1751 3680 1805 3723 et
1851 3687 1946 3739 per

404 3766 569 3819 lilium
615 3763 845 3818 hominis
894 3762 1011 3815 una
1047 3763 1350 3828 designatur
1391 3760 1648 3822 Ecclesia,
1696 3759 1941 3826 quoniam

346 3906 359 3919 .
402 3867 507 3905 una
542 3859 624 3905 est
642 3848 835 3905 Christi
862 3857 915 3902 et
943 3848 1189 3901 Ecclesim
1220 3840 1471 3916 persona.
1495 3847 1643 3902 Unde
1668 3848 1805 3903 idem
1846 3849 1945 3901 Do-

404 3943 579 3997 minus
620 3941 710 4010 qui
747 3941 965 3995 vestitus
1005 3939 1198 4007 podere
1226 3940 1277 3991 in
1308 3937 1478 3991 medio
1504 3937 1943 3991 candelabrorum

403 4030 669 4099 apparuit,
697 4030 909 4085 indutus
942 4036 1024 4083 est
1066 4028 1179 4096 ipsa
1224 4026 1559 4080 candelabra.
1615 4025 1946 4093 Quapropter

406 4122 507 4174 hoc
527 4128 612 4175 est
634 4120 798 4174 vestis
820 4118 1017 4172 Christi
1048 4117 1188 4186 quod
1204 4124 1404 4183 septem
1426 4115 1762 4177 candelabra,
1792 4114 1842 4166 id
1867 4123 1946 4166 est

409 4208 663 4262 Ecclesia.
705 4206 883 4261 Genus
938 4206 1077 4259 enim
1098 4204 1340 4274 jungitur
1390 4205 1593 4273 generi,
1631 4220 1749 4258 cum
1776 4214 1827 4257 et
1854 4218 1947 4271 per

409 4305 604 4364 septem
627 4294 956 4355 candelabra,
986 4300 1041 4347 et
1075 4308 1172 4362 per
1188 4292 1356 4387 lilium
1385 4293 1615 4348 hominis
1640 4293 1945 4362 intelligitur
1977 4332 2023 4387 υ

412 4383 662 4437 Ecclesia.
702 4383 769 4437 Et
805 4390 925 4436 nota
969 4382 1092 4451 quia
1139 4380 1205 4433 ad
1258 4395 1356 4434 nos
1388 4382 1621 4449 pertinet
1661 4384 1948 4436 similitudo

414 4471 504 4524 filii
528 4472 779 4547 hominis,
799 4471 1043 4539 quoniam
1064 4469 1199 4523 sicut
1224 4470 1512 4523 resurrexit
1532 4480 1690 4538 caput
1711 4481 1946 4525 nostrum
1976 4508 1981 4513 -

415 4561 465 4612 in
496 4574 576 4624 re,
601 4560 673 4613 ita
693 4568 746 4613 et
770 4575 867 4614 nos
903 4561 955 4614 in
982 4574 1092 4628 spe.

491 4641 739 4698 Vestitum
764 4645 971 4712 podere.
1002 4644 1170 4698 Pedes
1210 4642 1413 4703 Graece,
1444 4642 1627 4697 Latine
1672 4644 1831 4714 pedes
1872 4645 1951 4698 di-

416 4738 621 4785 cuntur.
652 4729 785 4795 Quid
823 4746 948 4801 ergo
974 4747 1067 4799 per
1098 4732 1368 4807 poderem,
1397 4731 1449 4785 id
1471 4742 1552 4785 est
1574 4732 1789 4788 talarem
1816 4734 1951 4787 tuni-

414 4835 554 4883 cam,
575 4834 732 4889 quam
760 4819 1045 4873 Zacharias
1072 4816 1448 4875 sacerdotalem
1489 4835 1604 4875 esse
1627 4822 1774 4885 dicit,
1818 4824 1955 4877 acci—

414 4906 610 4974 pimus,
638 4908 738 4961 nisi
765 4907 1063 4976 specialiter
1086 4908 1280 4963 Christi
1304 4924 1513 4963 carnem
1531 4950 1544 4970 ,
1565 4918 1618 4962 et
1644 4911 1959 4979 generaliter

417 5009 624 5047 omnem
678 4997 1001 5051 Ecclesiam?
1030 4997 1142 5064 lpse
1167 4996 1358 5066 quippe
1403 4999 1510 5053 Deo
1532 4996 1674 5052 Patri
1704 4999 1755 5052 in
1798 5010 1956 5053 cruce

420 5096 476 5135 se
504 5080 775 5134 offerendo
800 5084 1151 5136 sacerdotium
1178 5088 1359 5151 gessit.
1388 5084 1494 5139 Sed
1523 5089 1635 5141 hzec
1658 5088 1957 5140 sacerdota-

418 5172 483 5225 lis
516 5172 677 5225 vestis
700 5184 865 5237 usque
904 5172 967 5223 ad
997 5173 1127 5226 talos
1152 5180 1252 5233 est,
1288 5173 1409 5240 quia
1438 5189 1631 5242 corpus
1654 5174 1790 5241 ejus,
1819 5176 1957 5243 quod

378 5316 381 5317 ν
420 5266 501 5310 est
535 5256 791 5319 Ecclesia,
839 5269 1005 5323 usque
1033 5259 1098 5310 ad
1128 5260 1408 5313 novissima
1460 5262 1719 5323 membra,
1757 5278 1818 5317 ea
1842 5278 1957 5331 qua:

424 5343 611 5399 desunt
629 5346 933 5412 passionum
960 5345 1155 5398 Christi
1187 5349 1463 5417 adimplet;
1490 5350 1570 5402 vel
1608 5360 1753 5406 certe
1798 5354 1959 5407 vestis

421 5428 534 5492 ejus
568 5446 735 5499 usque
774 5433 839 5485 ad
880 5433 1035 5495 talos,
1067 5432 1165 5486 luit
1208 5450 1341 5504 opus
1374 5434 1650 5493 charitatis
1675 5454 1842 5507 usque
1892 5443 1957 5495 ad

423 5520 715 5584 passionem
746 5522 949 5574 mortis.
999 5521 1065 5574 Et
1095 5526 1420 5591 prcrcinrtum
1450 5527 1517 5578 ad
1545 5527 1799 5581 mamilius
1830 5546 1957 5583 zona

815 5610 1079 5671 PATROL.
1134 5612 1201 5671 C.

2034 1808 2247 1860 Christo
2269 1806 2546 1858 eharitatis
2572 1819 2824 1873 compage
2846 1806 3044 1857 unitur.
3079 1806 3260 1873 (Vens.
3293 1806 3400 1873 ll.)
3424 1804 3587 1875 Caput

2033 1909 2202 1951 autem
2232 1898 2344 1966 ejus
2372 1905 2417 1949 et
2444 1896 2618 1964 capilli
2643 1905 2787 1947 erant
2817 1896 3025 1947 candidi
3049 1906 3290 1965 tanquam
3322 1896 3442 1949 lana
3470 1897 3588 1949 albo

2034 1997 2079 2038 et
2125 1997 2370 2055 tanquam
2396 1986 2504 2037 nix.
2544 1983 2713 2051 Caput
2732 1982 2931 2036 Christi
2958 1994 3039 2035 est
3070 1984 3206 2036 Deus
3230 1983 3414 2045 Pater;
3446 1984 3583 2037 unde

2035 2073 2351 2140 Apostolus:
2382 2070 2546 2139 Caput
2588 2069 2779 2123 Christi
2806 2069 2942 2123 Deus
2973 2070 3023 2139 (1
3056 2069 3176 2123 Cor.
3210 2089 3285 2134 ιι,
3316 2075 3400 2139 ὖ);
3445 2075 3598 2142 cujus

2034 2162 2465 2230 :cternitasjuxta
2486 2176 2687 2214 morem
2710 2161 2954 2216 humanm
2985 2162 3263 2215 locutionis
3286 2165 3336 2215 in
3360 2165 3588 2216 random

2033 2251 2224 2319 capitis
2281 2250 2710 2301 demonstratur.
2773 2240 3075 2317 Allegoricel
3127 2258 3286 2317 caput
3342 2251 3592 2305 Ecclesia!

2033 2337 2357 2405 Redemptor
2384 2337 2498 2405 ejus
2531 2344 2641 2397 est;
2666 2334 2817 2402 juxta
2844 2336 3005 2390 illud:
3036 2335 3199 2405 Caput
3230 2340 3321 2391 viri
3352 2338 3587 2392 Christus

2035 2422 2241 2493 (Ibid).
2267 2422 2453 2491 Capilli
2480 2423 2729 2492 praecipui
2760 2433 2885 2476 sunt
2910 2424 2960 2476 in
2985 2424 3237 2487 Ecclesia,
3272 2428 3359 2495 qui
3382 2437 3598 2495 propter

2036 2512 2391 2565 innocentiam
2423 2512 2594 2580 agnis,
2621 2512 2671 2565 id
2694 2521 2775 2564 est
2816 2511 2970 2573 lanm,
3006 2521 3225 2581 propter
3252 2517 3592 2571 resurrectio-

2034 2617 2156 2654 nem
2209 2602 2313 2654 nivi
2345 2610 2739 2669 comparantur.
2788 2601 2851 2653 Et
2879 2603 3001 2670 quia
3041 2610 3324 2670 utrumque
3352 2603 3595 2658 Christus

2037 2692 2090 2744 in
2116 2706 2172 2744 se
2194 2691 2447 2753 ostendit,
2477 2692 2530 2745 id
2554 2701 2635 2744 est
2659 2691 3016 2744 innocentiam
3042 2700 3096 2745 et
3128 2694 3593 2753 resurrectionem.

2034 2795 2261 2848 quorum
2297 2781 2523 2834 alterum
2566 2780 2785 2841 imitari,
2831 2779 3057 2832 alterum
3095 2788 3404 2847 exspectare
3444 2780 3597 2846 jube-

2037 2886 2183 2933 mur;
2223 2871 2419 2923 idcirco
2447 2885 2549 2922 non
2595 2869 2764 2923 solum
2794 2869 2991 2937 capilli.
3028 2870 3119 2923 sed
3160 2880 3221 2921 et
3245 2880 3413 2924 totum
3439 2883 3599 2940 caput

2018 2958 2172 3039 .laute
2198 2960 2328 3011 albm
2357 2966 2411 3011 et
2450 2960 2555 3011 niti
2593 2946 2937 3011 assimilatur.

2110 3045 2177 3097 Et
2220 3046 2353 3097 oculi
2392 3046 2503 3112 ejus
2554 3044 2697 3096 velut
2736 3046 2947 3112 ﬂamina
3003 3044 3153 3111 ignis.
3196 3045 3285 3098 Isti
3336 3046 3473 3101 oculi
3520 3046 3594 3099 illi

2042 3142 2180 3192 sunt.
2209 3134 2272 3187 de
2294 3134 2486 3201 quibus
2508 3132 2728 3187 inferius
2748 3134 2968 3186 dicitur:
3001 3132 3114 3185 Vidi
3135 3151 3324 3201 agnum
3351 3128 3598 3205 tanquam

2042 3225 2265 3276 occisum
2308 3223 2575 3275 habentem
2622 3222 2795 3274 oculos
2842 3232 3050 3291 septem,
3110 3224 3197 3292 qui
3240 3234 3358 3276 sunt
3410 3237 3600 3292 septem

2040 3313 2249 3379 spiritus
2282 3311 2375 3363 Dei
2403 3311 2583 3378 (Apoc.
2609 3326 2663 3373 ν,
2694 3310 2767 3380 6).
2797 3309 2927 3362 Nam
2952 3312 3073 3378 quia
3106 3312 3338 3379 Spiritus
3382 3324 3599 3368 sanctus

2042 3408 2095 3450 et
2120 3398 2365 3451 adﬁdem
2389 3398 2649 3450 illuminat
2682 3397 2996 3461 Ecelesiam,
3040 3398 3171 3451 etin
3218 3415 3453 3454 amorem
3502 3403 3594 3454 Dei

2042 3497 2374 3551 concrcmat;
2410 3498 2554 3543 recte
2602 3490 2873 3541 oculorum
2921 3489 3208 3543 luminibus
3273 3501 3326 3542 et
3370 3491 3595 3546 ﬂammae

2043 3576 2179 3643 ignis
2200 3574 2539 3628 assimilatur.
2569 3573 2796 3627 Possunt
2819 3584 2873 3627 ct
2895 3588 2989 3641 per
3009 3575 3106 3628 hos
3122 3577 3304 3629 oculos
3325 3581 3595 3645 spiritales

2044 3661 2214 3729 angeli
2250 3662 2302 3713 in
2327 3661 2561 3715 Ecclesia
2599 3660 2890 3728 designari,
2914 3662 3004 3728 qui
3032 3662 3149 3716 luce
3168 3664 3405 3720 scicntia:
3448 3682 3593 3721 eam-

2043 3749 2162 3802 dem
2191 3748 2476 3801 Ecelesiam
2501 3748 2786 3811 illustrant,
2818 3757 2871 3801 et
2893 3750 3094 3804 amoris
3118 3750 3417 3807 incendium
3456 3771 3593 3824 prte-

2046 3840 2186 3891 bcnt.
2230 3838 2409 3905 (Vsus.
2458 3836 2567 3906 15.)
2614 3836 2682 3889 Et
2705 3838 2857 3906 pedes
2898 3838 3009 3906 ejus
3035 3838 3224 3893 similes
3273 3844 3573 3899 aurichalco

2047 3930 2183 3983 sicut
2215 3929 2265 3981 in
2308 3928 2516 3981 camino
2541 3927 2765 3981 ardenti.
2794 3927 3095 3983 Aurichalci
3133 3931 3252 3985 talis
3285 3935 3593 4004 perhibetur

2045 4016 2285 4079 effectus,
2310 4016 2450 4085 quod
2483 4030 2556 4070 res
2580 4018 2632 4071 in
2668 4018 2932 4071 caminum
2960 4019 3202 4082 missum,
3234 4022 3473 4078 adhibito
3506 4041 3595 4079 vc-

2046 4104 2279 4157 hementi
2302 4102 2569 4167 incendio,
2589 4104 2830 4157 immisso
2852 4106 3012 4158 etiam
3035 4107 3264 4173 quodam
3292 4112 3595 4169 medicami-

2048 4205 2135 4254 ne,
2159 4198 2212 4243 et
2253 4190 2537 4244 ﬁrmiorem
2591 4192 2818 4260 accipiat
2860 4190 3249 4257 fortitudinem,
3290 4206 3343 4249 et
3390 4180 3445 4250 in,
3484 4204 3600 4254 auri

2048 4290 2387 4336 convertatur
2413 4280 2686 4350 fulgorem.
2720 4282 2867 4337 Unde
2911 4293 3031 4352 apte
3057 4286 3208 4353 pedes
3242 4288 3433 4341 similes
3454 4293 3600 4347 ηανξ-

2049 4376 2227 4429 ehaleo
2251 4377 2316 4429 ad
2342 4376 2427 4429 illa
2463 4376 2747 4430 novissima
2791 4376 3041 4433 Ecclesia:
3073 4379 3309 4433 membra
3357 4383 3603 4450 reJigun—

2048 4475 2156 4529 tur,
2184 4482 2299 4535 qum
2330 4466 2428 4519 sub
2456 4465 2779 4520 Antichristo
2808 4466 2971 4520 nimio
2999 4468 3380 4535 persecutionis
3421 4469 3599 4525 incon-
3630 4522 3631 4525 η

2049 4553 2135 4605 dio
2184 4559 2311 4605 sunt
2359 4550 2746 4619 excoquenda;
2804 4552 2896 4604 sed
2952 4553 3189 4607 adhibito
3250 4554 3600 4611 medicamine

2049 4639 2364 4699 tolerantiae,
2392 4636 2610 4692 fortium
2636 4652 2698 4691 ac
2734 4637 2957 4691 clariora
3004 4639 3350 4706 reperientur.
3380 4640 3447 4694 Et
3475 4644 3598 4712 quia

2052 4732 2101 4783 in
2128 4731 2305 4785 Judtca
2334 4730 2696 4785 vehementior
2716 4730 2819 4782 erit
2849 4729 3076 4791 vexatio,
3106 4731 3153 4781 u'
3180 4730 3194 4782 i
3235 4730 3489 4801 Dominus
3533 4736 3601 4787 ab

2052 4824 2227 4892 impiis
2268 4821 2463 4877 Judmis
2497 4822 2780 4877 cruciﬁxus
2809 4831 2911 4883 est,
2954 4822 3151 4879 idcirco
3187 4827 3289 4880 alia
3324 4825 3601 4880 translatio

2051 4911 2407 4967 aurichalcum
2430 4911 2615 4966 Libani
2644 4912 2817 4981 posuit
2839 4952 2853 4974 ,
2884 4914 2973 4981 qui
2998 4928 3149 4967 mons
3176 4916 3226 4967 in
3252 4914 3430 4973 Judma
3480 4930 3597 4969 esse

2049 5002 2372 5071 perhibetur.
2406 5001 2470 5055 Et
2497 5018 2593 5055 ros:
2618 5003 2730 5073 ejus
2752 5014 2996 5072 tanquam
3018 5019 3111 5056 ros:
3132 5019 3384 5072 aquarum
3413 5004 3599 5059 multa-

2052 5109 2185 5145 rum.
2210 5093 2465 5164 Superius
2490 5093 2646 5161 hujus
2676 5092 2764 5161 qui
2799 5091 3044 5161 apparuit
3065 5106 3247 5146 vocem
3286 5093 3421 5149 tuba:
3458 5110 3598 5149 com-

2052 5183 2278 5248 paravit,
2309 5196 2449 5235 nunc
2497 5192 2671 5235 autem
2702 5181 2817 5235 voci
2848 5195 3106 5249 aquarum
3132 5182 3438 5241 multarum.
3477 5186 3599 5251 quis

2052 5272 2192 5337 quod
2222 5272 2365 5339 prius
2392 5270 2543 5338 pauci
2574 5269 2968 5337 prmdicatores.
2998 5278 3179 5339 postea
3214 5278 3353 5323 totus
3372 5272 3601 5325 mundus

2052 5357 2317 5411 clamavit.
2342 5357 2509 5410 Aliter
2527 5372 2622 5426 per
2644 5372 2825 5413 vocem
2857 5358 3013 5421 tuine,
3041 5373 3141 5412 vox
3162 5357 3370 5411 Veteris
3394 5366 3448 5409 et
3471 5358 3597 5410 Novi

2055 5445 2406 5506 Testamenti;
2436 5454 2489 5499 et
2516 5462 2611 5513 per
2632 5460 2814 5502 vocem
2839 5461 3095 5515 aquarum
3122 5446 3403 5500 multarum
3429 5448 3598 5500 chari—

2056 5542 2136 5584 tas
2172 5541 2343 5600 potest
2373 5534 2606 5600 intelligi,
2636 5537 2784 5603 cujus
2810 5536 3077 5602 multiplex
3105 5535 3185 5587 lex
3208 5544 3304 5593 est.
3339 5546 3395 5588 ut
3427 5534 3552 5589 illud
3586 5553 3597 5588 :

3137 5627 3211 5686 35
