4262 6228
1510 328 1571 388 Β.
1609 334 1670 387 F.
1709 331 1930 386 ALBlNl
1966 331 2097 386 SEU
2134 329 2403 385 ALCUINI
2439 328 2718 384 erant!
2755 325 2929 381 PARS
2964 325 3026 378 ll.

3748 322 3882 375 “00

631 425 637 430 -
701 451 768 507 Et
815 451 953 505 scies
990 447 1129 520 quod
1184 444 1448 514 multiple:
1477 453 1562 498 est
1596 444 1681 497 te:
1711 445 1824 511 ejus
1882 440 2025 509 (Job.
2063 442 2238 507 xi,6).
2270 444 2313 496 Α
2341 439 2454 506 ejus
2493 447 2739 506 tanquam
2755 410 3041 486 ~mortuus.
3081 430 3314 485 Joannes
3366 431 3465 485 hoc
3515 431 3632 485 loco
3683 430 3883 484 Christi

775 541 936 595 Vnus.
984 533 1506 591 iﬁ—Ethubebut
1545 531 1602 584 in
1651 530 1863 584 dextera
1920 545 2018 582 suo
2053 537 2242 596 septeni

701 717 938 788 exponit,
970 713 1142 784 angeli
1574 709 1692 763 Non
1713 717 1892 761 autem
1912 707 1988 760 illi
2012 706 2245 762 celestis

704 786 894 877 patria
913 801 1146 870 spiritus,
1173 799 1226 852 in
1458 795 1592 850 nihil
1611 794 2024 866 reprehensibile
2044 795 2246 847 inveni-

705 903 816 959 tur,
847 893 941 946 sed
983 889 1238 945 Ecclesia:
1278 887 1672 956 pradicatores,
1702 885 1768 938 de
1794 884 1986 953 quibus
2009 884 2205 938 dicitur
2229 900 2244 935 :

706 981 885 1052 Angeli
905 979 1242 1049 μυξη-ιω
1266 975 1458 1044 μω
1484 972 1621 1046 (ιω.
1645 987 1844 1034 min,
1865 970 1943 1041 7),
1979 972 2069 1041 qui
2104 978 2246 1024 recte

703 1063 1328 1140 perstellasetangelos
1364 1062 1727 1132 designantur,
1754 1061 1952 1129 quiaet
1990 1061 2045 1114 in
2089 1059 2247 1140 hujus

702 1157 882 1214 Iaculi
918 1165 1073 1212 nocte
1090 1155 1269 1209 lucent
1290 1166 1386 1222 per
1404 1151 1720 1205 munditiam
1739 1150 1881 1214 vita,
1912 1156 1966 1204 et
1991 1149 2248 1202 auditori-

703 1248 807 1302 bns
857 1246 970 1298 suis
1008 1245 1246 1298 celestia
1287 1239 1604 1303 nuntiando,
1648 1236 1820 1308 angeli
1855 1238 2095 1292 veritatis
2135 1235 2248 1290 exi-

706 1341 874 1387 stunt.
900 1332 1187 1399 οιιίλναο
1208 1338 1410 1398 agitem
1436 1343 1543 1382 non
1564 1341 1787 1382 numero
1816 1334 1959 1389 sunt,
1979 1327 2072 1381 sed
2090 1328 2250 1397 signi-

709 1419 957 1474 ﬁcatione
982 1417 1364 1480 universitatis,
1385 1430 1573 1471 omnes
1596 1415 1836 1469 ecclesiae
1870 1414 2248 1482 prmdicatores

707 1507 822 1561 hac
852 1506 1057 1574 φθόαι
1091 1505 1517 1573 comprehendit.
1569 1503 1720 1558 Unde
1764 1502 1820 1555 in
1865 1501 2248 1570 signiﬁcatione

709 1593 1840 1665 nonjamseptem,sedunusangelus,id
1877 1592 2250 1661 estperfectus

706 1685 844 1738 enin
886 1684 1311 1752 pradicatorum.
1369 1681 1519 1735 Sicut
1560 1688 1616 1735 et
1656 1688 1857 1748 septem
1907 1679 2246 1742 candelabra,

2340 528 2596 588 membra,
2621 525 2838 595 angelus
2859 533 3035 579 autem
3055 521 3354 592 specialiter
3375 520 3644 576 Christum
3675 521 3883 591 signiti-

2340 625 2444 671 cat.
2465 613 2697 668 Joannes
2721 627 2848 682 ergo
2867 613 3021 682 quasi
3041 619 3282 679 mortuus
3301 611 3366 665 ad
3388 611 3549 680 pedes
3586 611 3758 680 angeli
3795 627 3884 665 ca-

2340 705 2440 767 dit,
2466 704 2591 772 quia
2619 702 2854 757 Ecclesia
2874 708 2933 754 ut
2960 700 3220 754 moriatur
3247 699 3464 763 mundo,
3486 697 3689 753 Christi
3723 701 3884 754 vesti-

2339 789 2428 856 gia
2465 791 2724 860 sequitur.
2772 791 2839 844 Et
2882 797 3004 857 apte
3028 789 3222 842 dicitur
3265 789 3418 857 quasi
3458 799 3716 852 mrtuus,
3758 790 3885 858 quia

2339 878 2597 942 Ecclesia,
2621 880 2724 932 etsi
2760 880 2956 933 mundo
2977 887 3033 931 et
3056 878 3204 931 vitiis
3223 879 3510 942 moriatur,
3541 879 3672 933 vivit
3707 889 3884 934 tamen

2342 967 2467 1021 Deo.
2493 967 2559 1019 Et
2578 966 2747 1035 posuit
2765 984 2919 1035 super
2947 983 3026 1020 me
3049 968 3312 1028 desierunt
3337 986 3486 1023 suum
3517 970 3692 1023 dicens
3717 984 3736 1021 :
3761 970 3885 1024 Noli

2340 1056 2536 1130 timere.
2583 1055 2687 1108 Per
2711 1057 2981 1111 dexteram
3017 1057 3189 1124 angeli
3219 1058 3322 1112 hoc
3359 1058 3477 1112 loco
3508 1059 3887 1129 pradieatores

2341 1145 2702 1214 designantur.
2743 1145 2878 1200 liinc
2915 1162 3009 1215 per
3051 1146 3262 1217 Moysen
3299 1149 3496 1202 dicitur
3521 1165 3536 1201 :
3566 1147 3632 1201 In
3673 1148 3886 1202 dextero

2340 1233 2454 1300 ejus
2492 1234 2641 1302 igneo
2678 1232 2764 1287 lex
2806 1234 2982 1303 (Deut.
3013 1251 3201 1296 xxxiii,
3225 1236 3312 1304 2);
3360 1237 3411 1290 id
3439 1246 3548 1296 est,
3594 1237 3646 1290 in
3687 1239 3888 1290 sanctis

2342 1323 2773 1389 praedicatoribus
2790 1323 3028 1392 doctrina
3051 1322 3281 1392 Spiritus
3299 1325 3489 1378 sancti.
3513 1324 3713 1378 SZlctur
3735 1325 3888 1393 plane

2343 1410 2470 1476 quid
2513 1409 2730 1476 angelus
2756 1411 3087 1480 superposita
3111 1411 3327 1465 dextera
3360 1411 3578 1476 fecerit;
3607 1414 3703 1466 sed
3739 1423 3888 1468 certa

2345 1498 2549 1550 ratione
2593 1497 2910 1566 colligimus,
2952 1501 3076 1568 quia
3105 1501 3219 1554 sive
3255 1500 3534 1565 Joannem,
3563 1502 3675 1556 sive
3702 1503 3887 1557 Eccle-

2343 1589 2498 1652 siam,
2526 1589 2580 1641 in
2600 1589 2732 1642 illoa
2760 1597 2900 1642 terra
2921 1591 3130 1643 levavit.
3159 1589 3265 1643 Sed
3292 1592 3527 1660 nunquid
3560 1591 3794 1646 Ecclesia
3821 1595 3888 1647 ab

2345 1676 2637 1730 imitatione
2680 1679 2982 1745 passionum
3029 1677 3224 1732 Christi
3271 1681 3512 1732 submota
3551 1680 3672 1734 est?
3712 1681 3886 1735 Absit.

707 1788 814 1827 non
841 1745 1045 1825 tantum
1086 1772 1229 1825 Asia:
1246 1770 1529 1834 Ecclesia,
1561 1771 1655 1824 sed
1678 1745 2028 1825 universalem
2063 1769 2239 1824 Eccle-
2281 1745 2324 1802 Β
2348 1763 2601 1832 Angelum
2628 1778 2758 1832 ergo
2777 1763 2964 1818 Joanni
2985 1773 3236 1834 tanquam
3257 1777 3469 1820 mortuo
3496 1768 3562 1820 ad
3764 1783 3892 1822 suos

709 1862 846 1916 siam
881 1861 1182 1930 designant.
1223 1859 1294 1912 Et
1317 1859 1363 1913 si
1391 1859 1655 1912 subtiliter
1695 1857 2036 1922 intendimus,
2083 1857 2139 1909 in
2164 1857 2250 1910 his
2337 1850 2536 1918 iacenti
2556 1854 2827 1906 dexteram
2852 1868 3231 1922 superponere,
3262 1868 3490 1924 eumque
3529 1871 3561 1909 a
3609 1864 3753 1913 terra
3784 1857 3892 1911 eri-

709 1955 913 2017 septem
959 1946 1126 2000 stellis
1163 1945 1327 2000 etiam
1358 1945 1672 2002 candelebn
1717 1945 2046 2009 invenimus;
2089 1945 2252 1998 idest

660 2038 662 2040 ’
711 2034 767 2087 in
818 2033 1018 2087 sanctis
1063 2031 1498 2101 pradicatoribus
1550 2031 1900 2086 uuiversalem
1942 2031 2248 2085 Ecelesiani.

713 2121 864 2177 Unde
910 2119 1164 2174 Dominus
1209 2132 1332 2172 mm
1358 2118 1450 2171 uni
1493 2118 1681 2188 angelo
1726 2117 1980 2186 loquitur,
2023 2118 2247 2172 subdit:

713 2211 902 2266 Audiat
928 2211 1052 2281 quid
1102 2209 1476 2280 spiritusdieut
1503 2208 1749 2262 Ecclesiis
1796 2208 1979 2280 (Apoc.
2032 2225 2093 2273 ιι,
2135 2207 2248 2280 as).

711 2298 939 2353 Dextera
966 2299 1142 2352 inhoc
1164 2297 1281 2351 loco
1306 2311 1512 2350 summa
1539 2296 1812 2350 beatitudo
1835 2297 1989 2351 debet
2010 2296 2249 2366 intelligi,

714 2399 834 2455 qua
877 2400 1020 2438 nunc
1063 2385 1255 2451 inspe,
1303 2392 1430 2452 tunc
1467 2384 1571 2437 erit
1606 2384 1661 2437 in
1695 2398 1771 2437 re.
1819 2383 2080 2438 Undeest
2124 2382 2253 2437 illud

711 2467 896 2526 Isaia:
921 2471 1248 2545 Suscipiette
1287 2471 1499 2523 dextero
1528 2471 1785 2539 jussit-ci
1811 2470 1944 2540 (luo.
1985 2487 2094 2534 xu,
2139 2470 2248 2540 ιο).

713 2559 848 2616 Cum
892 2575 1021 2629 ergo
1063 2559 1354 2613 Ecelesiam
1398 2559 1453 2630 in
1497 2559 1716 2613 dextera
1738 2559 1908 2612 teneri
1936 2559 2196 2623 audimus,
2220 2575 2252 2612 a

717 2656 833 2702 toto
865 2656 1074 2716 partem
1120 2646 1411 2713 intelligere
1445 2646 1715 2709 debemus,
1746 2662 1865 2715 quae
1888 2648 1946 2700 in
1967 2647 2144 2701 futuro
2184 2648 2253 2700 ad

716 2734 988 2788 dexteram
1014 2731 1319 2786 collocanda
1341 2739 1441 2786 est.
1465 2731 1533 2786 Et
1561 2733 1626 2786 de
1643 2749 1730 2787 ore
1753 2735 1866 2803 ejus
1888 2733 2092 2803 gladius
2114 2743 2256 2787 utru-

714 2837 812 2890 que
862 2829 1010 2889 parte
1052 2829 1235 2874 acutus
1279 2820 1497 2873 edebat.
1554 2821 1693 2886 Quid
1734 2836 1832 2891 per
1871 2822 2119 2892 gladium,
2151 2823 2253 2876 nisi

715 2910 1022 2978 pradicatio
1048 2909 1254 2964 Veteris
1278 2918 1334 2963 et
1358 2909 1489 2964 Novi
1507 2910 1864 2965 Testamenti?
1888 2920 1949 2964 ut
1966 2913 2094 2966 illud
2118 2913 2255 2964 Pau-

714 2998 752 3043 li
782 3014 798 3051 :
830 2999 896 3051 Et
919 2997 1150 3067 gladium
1176 2999 1403 3067 spiritus,
1428 2998 1565 3068 quod
1592 3008 1667 3051 est
1687 2999 1890 3052 uerbum
1918 2999 2012 3052 Dei
2038 2999 2248 3069 (Ephes.

715 3103 790 3151 vi,
823 3087 931 3156 Π).
961 3086 1064 3154 Qui
1085 3088 1218 3141 bene
1250 3093 1471 3154 utraque
1486 3095 1649 3155 parte
1663 3096 1851 3148 acutus
1871 3087 2082 3150 dicitur,
2128 3089 2254 3156 quia

721 3175 849 3227 hinc
872 3174 1056 3241 uilpas
1081 3174 1282 3240 operis,
1310 3173 1456 3227 illine
1489 3186 1695 3228 resecat
1737 3176 1947 3228 illicitas
1973 3178 2252 3245 cogitatio-

721 3266 834 3314 nes.
881 3257 1006 3313 Sive
1048 3261 1172 3326 quia
1208 3259 1544 3326 imperfectos
1578 3261 1731 3329 juxta
1759 3263 1988 3315 litteram
2022 3264 2258 3318 exterius

720 3349 987 3413 informat,
1018 3357 1074 3403 et
1120 3349 1383 3418 perfectos
1415 3349 1566 3418 juxta
1607 3355 1887 3423 mysticum
1932 3353 2256 3408 intellectum

720 3440 944 3493 interius
970 3438 1165 3492 erudit.
1197 3439 1266 3491 ει
1303 3440 1462 3508 facies
1488 3441 1600 3509 ejus
1624 3441 1756 3494 sicut
1781 3441 1861 3494 sd
1899 3442 2031 3496 lucet
2076 3444 2131 3495 in
2157 3444 2258 3497 eir-

721 3538 830 3582 tute
854 3544 974 3582 suo.
998 3527 1102 3580 Per
1125 3526 1314 3584 faciem
1341 3525 1628 3596 fulgentem
1653 3536 1713 3581 ut
1738 3529 1838 3592 sol,
1859 3529 2010 3583 electi
2036 3540 2260 3598 possunt

721 3617 911 3686 accipi,
933 3623 994 3669 ut
1006 3615 1132 3669 illud
1157 3632 1171 3668 τ
1203 3612 1491 3684 Fulgebunt
1500 3616 1636 3684 justi
1649 3616 1788 3670 sicut
1809 3617 1887 3670 sol
1905 3615 2053 3686 (sap.
2076 3633 2157 3681 Ill,
2177 3617 2255 3686 7).

722 3703 780 3758 II
808 3717 913 3771 qua
940 3702 1200 3756 sententia
1227 3701 1273 3754 si
1313 3701 1482 3756 sole
1525 3702 1684 3755 istum
1731 3702 1988 3756 visibilem
2019 3703 2260 3757 volumus

722 3791 1034 3859 intdligere,
1065 3789 1336 3843 sciendum
1359 3789 1484 3857 quia
1519 3797 1645 3844 tunc
1672 3789 1887 3856 maioris
1909 3791 2011 3844 erit
2049 3790 2260 3844 clarita-

721 3878 966 3946 tisqnam
987 3892 1147 3940 nunc,
1175 3885 1230 3930 et
1255 3885 1558 3930 sanctorum
1585 3886 1710 3930 tunc
1721 3877 1886 3946 gloria
1908 3878 2096 3945 major,
2127 3877 2258 3930 Isaia

725 3973 1008 4019 attestante
1033 3968 1126 4032 qui
1152 3965 1263 4016 ait:
1295 3963 1410 4016 Erit
1438 3963 1530 4015 lux
1571 3963 1706 4016 luna
1732 3965 1865 4016 sicut
1899 3963 1992 4016 lux
2033 3963 2188 4027 solis;
2213 3974 2261 4016 et

726 4049 820 4102 lu
859 4047 980 4100 solis
1003 4045 1391 4115 septempliciter
1433 4045 1564 4097 sicut
1605 4045 1696 4097 lux
1729 4056 1916 4114 septem
1938 4047 2158 4109 dierum,
2207 4048 2260 4099 in

726 4138 936 4207 dieque
962 4133 1244 4203 alligaverit
1291 4132 1538 4185 Dominus
1582 4132 1762 4185 vulnus
1786 4132 1959 4201 populi
1997 4133 2081 4186 sui
2127 4134 2259 4203 (Iso.

728 4242 852 4291 xxx,
879 4226 989 4296 26).
1024 4225 1170 4280 Unde
1191 4224 1292 4276 hoc
1326 4222 1443 4276 loco
1470 4221 1703 4275 additum
1723 4230 1838 4274 est:
1861 4221 1917 4272 in
1944 4221 2125 4274 virtute
2144 4239 2258 4274 suo.

2343 1956 2491 2010 gere,
2512 1951 2596 1996 est
2619 1943 2897 1996 Dominum
2926 1943 3332 2011 Redemptorem
3369 1944 3660 1998 Ecelesiam
3685 1947 3892 2014 passio—

2346 2031 2571 2098 nesejus
2591 2031 2883 2084 imitantem
2913 2046 2944 2082 a
2971 2032 3148 2085 cordis
3174 2046 3403 2086 minume
3428 2033 3496 2087 ad
3523 2049 3670 2102 spem
3699 2033 3892 2090 futunc

2346 2120 2528 2188 gloriae
2546 2134 2644 2187 per
2666 2127 2880 2172 sanctos
2905 2120 3282 2188 praedicatores
3299 2121 3626 2177 exhortando
3650 2123 3889 2185 elevare;

2347 2217 2406 2262 ut
2432 2208 2559 2261 illud
2585 2226 2598 2260 :
2633 2205 2750 2260 Non
2768 2216 2888 2259 sunt
2905 2208 3171 2276 condigna
3188 2210 3453 2277 passiones
3472 2210 3630 2280 hujus
3651 2213 3893 2279 temporis

2346 2295 2415 2346 od
2438 2295 2668 2363 futurum
2691 2293 2936 2362 gloriam,
2959 2310 3076 2362 qua
3106 2294 3413 2349 revelabitur
3443 2298 3500 2350 in
3543 2299 3686 2351 nobis
3713 2298 3892 2368 (Rom.

2347 2398 2464 2445 vni,
2497 2383 2606 2451 i8).
2658 2381 2725 2434 Et
2744 2390 2865 2449 apte
2893 2383 3041 2445 dicit,
3073 2381 3198 2434 Noli
3232 2386 3445 2448 timere;
3478 2401 3543 2439 ac
3566 2387 3612 2439 si
3639 2387 3896 2442 Dominus

2348 2471 2596 2525 Ecclesia:
2620 2470 2797 2524 dicat:
2824 2469 3051 2538 Accepta
3099 2471 3325 2540 desuper
3350 2472 3540 2526 ﬁducia
3560 2514 3576 2537 ,
3603 2473 3892 2528 humanum

2347 2561 2593 2614 timorem
2643 2560 2795 2628 longe
2837 2561 3104 2629 propulsa.
3136 2561 3319 2630 (Vsus.
3357 2564 3466 2634 l8.)
3496 2563 3608 2632 Ego
3649 2582 3764 2617 sunt
3783 2568 3895 2636 pri-

2349 2665 2482 2711 mus,
2510 2659 2558 2701 et
2583 2650 2883 2702 nouissimus
2899 2666 2919 2712 ;
2946 2659 2994 2703 et
3018 2651 3158 2702 uisus
3200 2650 3299 2718 fui,
3326 2661 3376 2704 et
3414 2663 3668 2715 mortuus,
3708 2664 3756 2707 et
3781 2671 3895 2708 ecce

2349 2753 2462 2790 sunt
2483 2739 2646 2792 virens
2671 2738 2727 2789 in
2753 2737 2944 2791 surculo
2971 2738 3294 2791 seculorum.
3321 2739 3420 2794 Hic
3445 2739 3746 2794 declaratur
3769 2745 3894 2812 quia

2351 2825 2567 2895 angelus
2611 2825 2709 2879 iste
2763 2826 2970 2878 Domini
3003 2824 3129 2880 Iesu
3153 2826 3351 2880 Christi
3394 2829 3696 2896 specialiter
3713 2847 3897 2900 perso-

2353 2927 2476 2964 nam
2523 2913 2706 2978 gessit,
2757 2913 2845 2966 eui
2889 2923 3002 2966 uice
3027 2915 3206 2967 omnia
3251 2916 3587 2969 conveniunt.
3627 2917 3698 2971 Et
3735 2918 3896 2971 habeo

2355 3001 2520 3054 claves
2549 3001 2726 3052 mortis
2746 3009 2795 3052 et
2823 2999 3132 3055 inferorum.
3161 3000 3264 3054 Per
3281 3002 3467 3068 claves
3481 3012 3713 3071 potestas
3731 3005 3894 3058 divini

2347 3087 2535 3155 iudicii
2578 3087 2904 3157 designatur,
2950 3103 3111 3156 quam
3140 3087 3314 3141 nullus
3338 3087 3570 3158 ell'ugere
3613 3091 3772 3153 valet,
3803 3092 3896 3145 sed

2351 3184 2572 3229 condes
2616 3183 2676 3228 ut
2721 3176 2887 3229 clavis
2933 3175 3182 3238 includit;
3222 3174 3375 3243 juxta
3430 3177 3595 3230 illud:
3625 3177 3818 3231 claudit
3846 3190 3895 3231 ct

2354 3280 2501 3315 nemo
2525 3265 2689 3332 operit
2716 3264 2894 3332 (Apoc.
2933 3279 3018 3326 in,
3048 3262 3123 3331 7).
3153 3263 3256 3316 Per
3297 3275 3520 3317 mortem
3545 3280 3672 3319 vero
3697 3267 3806 3329 ille,
3831 3267 3896 3320 de

2353 3364 2460 3416 quo
2479 3349 2736 3416 scriptum
2754 3357 2836 3402 est
2851 3367 2866 3400 :
2885 3349 3092 3400 Invidia
3115 3359 3287 3401 autem
3300 3349 3493 3401 diaboli
3512 3366 3652 3402 usors
3669 3351 3897 3405 introivit

2355 3439 2410 3488 in
2425 3437 2595 3490 orbein
2618 3429 2872 3489 terrorum
2891 3436 3043 3505 (Sep.
3069 3453 3132 3499 ιι,
3151 3435 3264 3505 24).
3292 3435 3358 3488 Et
3373 3451 3467 3505 per
3489 3436 3776 3502 infems,bi
3802 3440 3896 3508 qui

2355 3529 2424 3581 ad
2464 3543 2584 3581 eum
2609 3528 2876 3595 pertinent
2920 3527 3308 3594 exprimuntur.
3337 3526 3431 3580 liis
3457 3527 3634 3596 itaque
3661 3529 3898 3583 clavibus

2356 3613 2564 3666 laxatur
2606 3614 2844 3667 diabolus
2889 3615 2956 3666 ad
2995 3614 3303 3667 tentandum
3341 3614 3653 3678 Ecclesium,
3688 3623 3742 3668 et
3782 3616 3898 3669 istis

2357 3702 2628 3770 religatur.
2657 3701 2807 3755 Unde
2838 3700 3096 3766 scriptum
3120 3707 3236 3752 est:
3269 3697 3466 3752 Fidelis
3499 3699 3636 3753 Deus
3661 3701 3748 3770 qui
3795 3718 3898 3754 non

2355 3792 2580 3857 potietur
2598 3805 2684 3842 eos
2707 3790 2891 3842 tentari
2914 3807 3072 3858 supra
3094 3805 3254 3857 quam
3275 3790 3483 3858 potestis
3505 3788 3680 3844 facere
3697 3789 3752 3860 (ι
3771 3787 3894 3844 Cor.

2359 3892 2411 3939 x,
2441 3877 2549 3946 i3).
2602 3878 2785 3947 (Vnus.
2815 3878 2927 3948 l9.)
2963 3877 3142 3931 Scribe
3168 3894 3288 3945 ergo
3335 3895 3450 3946 qua
3476 3879 3670 3941 vidisti,
3693 3888 3742 3930 et
3783 3885 3906 3947 quit

2356 3975 2493 4031 sunt,
2520 3974 2568 4017 et
2588 3982 2704 4034 qua
2735 3974 2926 4033 oportet
2966 3965 3079 4031 ﬁeri
3103 3975 3216 4034 post
3242 3965 3370 4017 hac.
3398 3965 3610 4018 Transit
3637 3980 3668 4018 a
3708 3979 3898 4034 genere

2358 4054 2423 4106 ad
2473 4054 2724 4122 speciem.
2762 4053 2896 4107 Hinc
2932 4055 3072 4107 enim
3106 4053 3336 4106 Joaimes
3363 4052 3737 4119 praedicatores
3779 4067 3899 4122 spe-

2358 4143 2564 4197 cialiter
2593 4142 2854 4213 designat.
2879 4142 2947 4194 Et
2982 4150 3109 4194 nota
3137 4142 3260 4209 quia
3287 4155 3405 4209 quae
3424 4138 3536 4206 jam
3581 4141 3788 4194 dixerat
3817 4155 3901 4194 re.

2358 4233 2514 4299 petit,
2540 4238 2600 4282 ut
2640 4229 2795 4296 culpa
2823 4229 3050 4296 torporis
3075 4235 3400 4282 amoveatur.
3431 4227 3605 4281 Scribe
3628 4244 3767 4297 ergo,
3803 4229 3897 4291 ait,

727 4319 918 4379 Aliter,
965 4311 1092 4381 quid
1117 4325 1212 4380 per
1245 4311 1432 4364 faciem
1468 4311 1660 4376 angeli,
1687 4309 1788 4362 nisi
1834 4301 2131 4362 incarnatio
2158 4309 2262 4362 Re-
2287 4338 2340 4397 υ
2360 4336 2410 4388 φ

2216 4325 2262 4362 θ-
2287 4338 2340 4397 D
2360 4333 2487 4388 quor
2517 4317 2705 4379 uidisti,
2744 4325 2992 4404 tanquam
3040 4317 3257 4379 diceret,
3286 4315 3340 4368 in
3383 4314 3497 4383 lege
3530 4323 3584 4367 et
3627 4315 3899 4381 prophetis

730 4404 1019 4474 demptam
1040 4400 1339 4462 manifesta.
1359 4413 1475 4466 (ιη
1494 4399 1636 4450 velut
1656 4407 1830 4452 οτιιιω
1844 4399 2028 4452 habuit
2047 4413 2262 4453 nam
2362 4408 2538 4461 futura
2564 4408 2630 4461 de
2671 4422 2784 4472 me;
2812 4399 2862 4460 εε
2902 4421 3017 4476 σιω
3040 4414 3180 4470 sunt,
3205 4404 3409 4459 scilicet
3434 4402 3650 4470 impleta
3668 4416 3763 4470 per
3793 4417 3896 4461 me,

730 4492 818 4559 do,
861 4505 1110 4547 occasum
1134 4488 1424 4548 moriendo,
1452 4493 1509 4540 et
1544 4487 1669 4539 item
1708 4494 1884 4538 ortum
1909 4487 2263 4554 resurgendo?

734 4580 799 4634 Et
822 4581 944 4649 quia
961 4581 1071 4650 jam
1098 4577 1214 4645 ejus
1261 4574 1576 4630 resurrectio
1613 4589 1708 4642 per
1732 4581 1898 4627 totum
1937 4573 2120 4627 orbem
2147 4574 2258 4628 cla-

735 4677 931 4730 ruerat,
952 4667 1102 4733 quasi
1120 4665 1199 4720 sol
1218 4664 1535 4718 meridianas
1548 4663 1706 4716 horas
1723 4663 2120 4726 conscenderat,
2139 4677 2259 4717 eu

733 4756 962 4810 Joannes
1001 4756 1102 4818 ista
1149 4755 1427 4816 cernebat;
1471 4751 1689 4819 ideoque
1738 4765 1858 4802 eum
1907 4751 2264 4804 additamenta

737 4844 809 4895 ait
839 4861 854 4896 ε
883 4844 1015 4897 sicut
1035 4840 1164 4893 lucet
1183 4841 1258 4894 sol
1286 4843 1340 4892 in
1367 4841 1547 4892 uirtute
1565 4855 1678 4891 sua.

807 4932 963 4985 Vnus.
991 4931 1076 4982 i7.
1098 4957 1167 4968 ——
1188 4927 1251 4980 Et
1276 4944 1390 4979 cum
1411 4928 1641 4979 uidissent
1669 4943 1804 4988 eum,
1831 4925 1989 4977 cecidi
2021 4925 2089 4978 ιδ
2115 4927 2264 4994 pedes

2360 4508 2408 4553 et
2427 4513 2541 4568 qua
2559 4506 2755 4566 oportet
2774 4496 2889 4563 fieri
2911 4503 3026 4564 post
3045 4495 3175 4557 hac,
3217 4493 3272 4546 id
3304 4499 3386 4546 est
3419 4506 3538 4560 qua
3561 4497 3684 4543 sunt
3725 4489 3898 4544 adim-

2360 4584 2549 4653 plenda
2579 4585 2633 4636 in
2659 4582 2909 4636 membris
2956 4582 3106 4634 meis.
3139 4579 3243 4633 Sed
3282 4579 3370 4631 hic
3396 4577 3530 4631 liber
3566 4577 3678 4648 jam
3718 4576 3900 4631 debito

2365 4673 2470 4727 line
2495 4671 2818 4725 claudendus
2839 4678 2940 4733 est,
2966 4683 3034 4722 ne
3067 4675 3191 4720 ante
3222 4664 3480 4720 Iassemur
3504 4666 3559 4718 in
3591 4679 3898 4733 camporum

2364 4759 2603 4830 planitie,
2626 4771 2782 4826 quam
2806 4756 2874 4810 ad
2896 4755 3052 4823 hujus
3075 4753 3414 4824 Apocalypsis
3436 4753 3735 4808 subeundos
3755 4765 3902 4804 mon-

2367 4856 2448 4901 tes
2467 4845 2757 4900 veniamus.

1874 5169 2166 5244 LIBER
2221 5167 2765 5244 SECUNDUS.

822 5373 889 5426 ιι
911 5371 1230 5440 procedenti
1254 5371 1389 5424 libro
1425 5369 1537 5438 jam
1562 5365 1820 5427 diximus,
1862 5365 1998 5417 hanc
2019 5363 2271 5415 visionem

2375 5358 2552 5429 [ϐοείη
2585 5357 2760 5427 discit]
2789 5370 3028 5426 persona.
3061 5353 3117 5407 Si
3151 5369 3274 5425 vero
3296 5352 3567 5420 spiritalis,
3592 5349 3900 5419 quihusdam

749 5461 840 5512 alii
868 5437 1170 5525 niuium.
1212 5459 1300 5512 alii
1333 5437 1736 5512 intellectualem
1763 5463 2023 5508 asserunt.
2056 5449 2206 5516 Quod
2229 5453 2274 5502 Ii
2375 5447 2506 5500 locis
2529 5447 2791 5512 quomodo
2815 5443 3206 5511 intelligentiam
3234 5440 3453 5494 visionis
3475 5437 3734 5504 acceperit
3753 5437 3902 5497 dicit,

752 5549 1113 5601 intuitectualis
1152 5546 1251 5600 fuit
1274 5588 1288 5610 ,
1334 5561 1437 5600 non
1463 5547 1516 5598 ln
1543 5560 1633 5599 sua
1676 5543 1770 5597 sed
1797 5543 1847 5593 in
1892 5540 2109 5591 aliorum
2152 5538 2277 5590 dicit
2377 5533 2688 5600 quibusda
2723 5538 2896 5584 autem
2938 5539 3090 5583 tacet.
3143 5530 3205 5581 Et
3242 5531 3342 5582 hoc
3381 5527 3589 5595 quidem
3618 5526 3904 5585 moderate,
