4262 6212
329 337 463 392 1105

1088 336 1575 391 EXEGETICA.—
1611 332 1957 391 COMMENT.
2000 333 2064 386 IN
2103 335 2388 391 APOCAL.
2421 368 2488 376 --
2511 339 2636 391 LIB.
2676 339 2735 391 ιι.

3386 346 3515 397 “illi

321 444 667 506 convertitur,
698 442 986 495 doctrinam
1013 458 1135 497 vero
1159 444 1370 496 Balaam
1398 444 1673 497 consilium
1698 450 1872 502 vocat,
1903 446 1946 496 Δ
1976 442 2057 495 lus
2087 444 2217 512 lapis
2246 456 2327 499 est
2367 449 2629 514 pretiosus
2649 489 2663 511 ,
2694 450 2781 516 qui
2804 460 2857 502 et
2886 452 3239 509 carbunculus
3260 466 3511 518 vocatur,

322 534 461 603 quod
489 534 633 587 dedit
653 531 813 586 Balac
854 542 912 585 ut
939 544 1153 601 poneret
1193 534 1442 587 mulieres
1483 534 1869 600 pulcherrimas

322 638 501 677 coram
544 622 666 675 ﬁliis
711 622 910 685 Israel,
945 638 1167 690 quarum
1211 624 1483 691 speciebus
1520 624 1765 677 delectati
1816 624 1869 676 in

322 711 597 778 amplexus
624 710 834 765 illicitos
860 719 1093 773 ruerent,
1136 726 1425 778 earumque
1452 711 1720 766 blanditiis
1740 712 1869 765 deli-

322 799 421 852 niti
448 799 514 852 de
539 798 813 851 sacriﬁciis
850 798 1211 866 Behelphegor
1235 800 1621 853 manducarent
1645 816 1659 864 ;
1690 814 1754 852 ac
1773 814 1871 867 per

324 888 421 941 hoc
444 902 473 940 a
500 886 609 939 Deo
636 888 832 941 deserti
859 902 1035 941 coram
1060 888 1288 941 inimicis
1310 889 1420 941 suis
1450 888 1717 941 caderent.
1764 888 1870 944 Sed

321 975 366 1028 si
396 989 423 1026 a
454 975 775 1043 proprietate
797 976 861 1028 ad
889 974 1108 1044 ﬁguram
1132 975 1473 1039 recurrimus,
1502 974 1729 1043 qualiter
1751 984 1871 1045 post

319 1064 399 1116 vel
452 1072 596 1131 gesta
652 1064 733 1116 vel
781 1064 1008 1130 gerenda
1066 1071 1224 1125 sunt,
1283 1064 1598 1118 invenimus.
1655 1063 1869 1116 Balaam

318 1154 509 1219 quippe
546 1154 921 1221 interpretatur
943 1156 1166 1223 populus
1188 1156 1405 1219 varius;
1455 1152 1593 1208 unde
1622 1164 1742 1223 apte
1781 1156 1870 1209 de-

318 1241 489 1307 signat
516 1241 816 1304 hmreticos,
846 1244 936 1310 qui
963 1244 1185 1297 diversis
1210 1242 1481 1297 erroribus
1506 1252 1827 1296 evanescunt
1853 1263 1864 1296 :

320 1328 475 1382 llalac
502 1338 678 1381 autem
708 1329 927 1393 elidens,
956 1346 1051 1399 per
1074 1346 1230 1399 quem
1254 1329 1409 1396 hujus
1434 1330 1610 1383 saeculi
1637 1336 1867 1398 potesta-

317 1428 397 1470 tes
420 1418 805 1485 exprimuntur,
834 1436 950 1487 qum
975 1422 1308 1488 plerumque,
1343 1420 1609 1473 hmreticis
1646 1420 1871 1472 suaden-

317 1508 480 1568 tibus,
506 1508 813 1576 dignitatem
838 1509 1089 1563 Ecclesia:
1114 1511 1179 1563 ad
1207 1519 1414 1576 tempus
1436 1509 1694 1562 inclinant
1718 1526 1730 1561 :
1774 1523 1871 1575 per

317 1595 473 1648 lsrael
504 1611 649 1659 vero,
695 1598 863 1648 virum
896 1598 1057 1650 Deum
1082 1598 1344 1655 videntem
1377 1596 1682 1659 Dominum,
1712 1597 1868 1650 electi

318 1685 627 1751 figurantur.
684 1684 913 1738 Dueente
959 1686 1133 1754 itaque
1181 1688 1428 1749 Balaam,
1478 1686 1640 1739 mittit
1688 1702 1867 1739 coram

1969 533 2213 599 quoniam
2237 536 2373 587 sicut
2392 537 2553 589 carbo
2573 552 2873 601 succensus,
2897 556 2999 607 qua
3020 527 3380 611 magnitudine
3398 549 3517 599 sult-

1970 622 2177 676 sistitea
2192 623 2245 675 in
2260 625 2492 678 tenebris
2508 627 2707 693 positus
2720 626 2899 695 fulget,
2916 631 2987 681 ita
3009 638 3059 682 et
3090 631 3175 685 hic
3190 631 3323 699 lapis
3346 632 3518 689 facere

1968 708 2293 775 perhibetur.
2318 709 2453 775 Quid
2475 712 2653 778 itaque
2671 726 2767 780 per
2792 714 3050 767 calculum
3075 716 3354 771 candidum
3374 760 3389 781 ,
3418 722 3516 773 nisi

1968 792 2210 847 Christus
2235 795 2386 849 Jesus
2412 796 2752 865 designatur?
2780 801 2869 866 qui
2894 802 3005 854 sine
3032 802 3134 855 ulla
3161 806 3362 871 peccati
3388 805 3518 859 offu-

1966 882 2203 935 scatione
2229 884 2455 937 mundus
2478 885 2615 939 inter
2642 886 2881 941 homines
2906 891 3167 957 apparuit,
3195 900 3248 944 et
3275 892 3519 947 divinita-

1968 970 2036 1023 tis
2067 986 2176 1024 sua:
2205 972 2324 1025 luce
2356 974 2601 1028 tenebras
2622 984 2815 1030 nostrae
2841 980 3179 1034 mortalitatis
3218 981 3513 1036 illustravit.

1967 1059 2032 1112 Et
2058 1069 2139 1114 est
2168 1075 2392 1115 sensus:
2423 1064 2488 1116 de
2527 1066 2713 1119 mortis
2738 1076 2954 1121 auctore
2989 1070 3401 1139 triumphantem
3434 1086 3519 1125 co-

1970 1150 2231 1205 hteredem
2261 1166 2435 1205 meum
2482 1152 2536 1209 in
2586 1168 2748 1222 regno
2774 1155 2948 1209 Patris
2976 1156 3217 1210 efﬁciam.
3251 1158 3365 1212 Alia
3395 1175 3520 1214 vero

1969 1238 2245 1292 translatio
2264 1253 2360 1309 pro
2384 1239 2588 1293 calculo
2612 1243 2954 1310 margaritum
2979 1246 3171 1313 posuit.
3196 1245 3395 1301 Nomen
3426 1264 3522 1303 no-

1968 1340 2089 1377 vum
2118 1327 2245 1379 dicit
2267 1326 2627 1382 Christianum
2651 1332 2852 1398 pridem
2876 1332 3185 1398 inauditum,
3210 1336 3273 1390 de
3302 1352 3407 1405 quo
3427 1354 3523 1407 per

1966 1415 2152 1482 [saiam
2189 1416 2441 1469 Dominus
2464 1417 2713 1470 Ecclesia:
2741 1419 2898 1471 dicit:
2938 1418 3317 1477 Vocabimrtibi
3341 1443 3523 1480 nomen

1968 1520 2177 1569 novum,
2200 1505 2335 1575 quod
2354 1523 2407 1559 os
2432 1505 2637 1559 Domini
2654 1507 2883 1561 locutum
2910 1519 2991 1564 est
3008 1510 3138 1579 (Isa.
3168 1515 3392 1585 13152).
3418 1515 3521 1571 Sed

1967 1609 2085 1647 cum
2132 1596 2279 1648 multi
2326 1612 2355 1649 a
2403 1596 2610 1651 diabolo
2636 1598 2762 1652 victi
2806 1599 2905 1654 hoc
2946 1602 3155 1655 nomine
3183 1614 3518 1669 censeantur,

1968 1686 2229 1751 quomodo
2276 1686 2401 1739 solis
2442 1687 2778 1743 vincentibus
2820 1690 2919 1745 hoc
2964 1706 3021 1745 se
3060 1691 3186 1746 dare
3214 1693 3521 1762 pollicetur?

317 1771 439 1823 filiis
477 1770 632 1823 lsrael
660 1772 814 1825 Balac
856 1775 1161 1828 scandalum
1207 1775 1507 1838 mulierum,
1555 1774 1755 1827 scilicet
1779 1774 1867 1827 de-
1898 1756 1941 1813 Β
1969 1772 2065 1824 nisi
2094 1774 2215 1841 quia
2242 1773 2383 1826 datio
2414 1774 2498 1827 hic
2526 1776 2614 1827 illa
2638 1778 2937 1844 accipienda
2982 1790 3091 1838 est,
3124 1756 3230 1849 qua
3251 1782 3519 1849 pia-desti-

317 1858 609 1926 ceptionem
636 1873 754 1911 cum
782 1859 973 1928 quibus
1003 1861 1067 1913 de
1089 1862 1391 1929 idolothytis
1414 1863 1592 1925 edant,
1623 1870 1675 1913 ct
1701 1861 1866 1915 forni-

316 1956 526 2012 ccntur,
559 1949 702 2016 quia,
732 1949 995 2003 hzereticis
1022 1950 1382 2013 suadentibus,
1427 1950 1691 2017 principes
1715 1950 1869 2015 hujus

316 2036 516 2099 szeculi,
542 2051 725 2089 eorum
750 2047 944 2100 sectas,
980 2039 1131 2106 quasi
1160 2038 1407 2105 pulchras
1431 2037 1559 2091 foris
1588 2039 1870 2103 ostendunt

316 2126 368 2176 in
393 2124 765 2190 locationibus,
795 2142 911 2195 qua:
938 2128 1078 2181 intus
1106 2130 1248 2181 omni
1277 2128 1529 2195 spurcitia
1556 2128 1725 2195 picum
1750 2138 1867 2180 esse

316 2224 623 2267 noscuntur.
678 2214 843 2269 Aliter
886 2216 1093 2269 Balaam
1120 2256 1133 2279 ,
1176 2217 1228 2270 id
1276 2226 1357 2270 est
1392 2216 1662 2279 diabolus,
1715 2216 1868 2269 docet

308 2299 490 2364 ‘Balac,
520 2302 573 2354 id
600 2312 685 2355 est
708 2319 944 2366 carnem,
976 2313 1035 2355 ut
1055 2306 1229 2356 mittat
1268 2304 1519 2356 mulieres
1538 2342 1551 2365 ,
1597 2303 1649 2355 id
1670 2312 1751 2355 cst
1772 2319 1868 2356 sm—

317 2390 421 2444 culi
449 2390 764 2459 voluptates,
797 2392 1458 2461 quibuspereant'animte.

386 2482 545 2535 Vens.
576 2480 656 2533 l5.
705 2510 773 2519 —-
813 2480 895 2533 Ita
936 2481 1087 2534 habes
1126 2490 1173 2533 et
1212 2490 1267 2535 tu
1318 2468 1541 2535 ieneutcs
1581 2482 1867 2535 doctrinam

323 2568 725 2622 Nicolaitarum.
769 2571 840 2623 De
884 2569 1038 2624 factis
1072 2570 1449 2624 Nicolaitarum
1491 2571 1620 2624 satis
1654 2570 1765 2638 jam
1790 2569 1867 2623 di-

316 2665 461 2711 ctum
487 2667 586 2711 est.
625 2658 755 2710 Dum
776 2666 951 2711 autem
988 2658 1082 2720 ait,
1122 2676 1227 2712 non
1254 2660 1416 2712 habes
1441 2659 1570 2721 illic,
1600 2660 1693 2714 sed
1714 2659 1869 2712 habes

316 2758 366 2798 et
388 2756 463 2809 tu,
480 2748 704 2815 ostendit
731 2748 947 2822 a‘specie
970 2748 1032 2801 ad
1046 2748 1274 2816 speciem
1295 2760 1590 2802 sermonem
1610 2748 1864 2799 converti.

319 2838 384 2893 Et
403 2836 525 2905 quia
550 2836 679 2889 nihil
695 2837 915 2890 interest
939 2846 1113 2891 utrum
1142 2838 1261 2905 quis
1282 2851 1377 2904 pro
1404 2837 1643 2890 doctrina
1656 2835 1867 2888 Balaam

318 2925 384 2980 an
406 2941 504 3001 pro
526 2923 901 2979 Nicolaitarum
926 2928 1152 2981 tacuisse
1178 2927 1541 2995 redarguatur,
1577 2933 1719 2979 recte
1747 2925 1869 2977 sub-

312 3018 585 3086 iungitur:
638 3017 883 3071 similiter
906 3020 1269 3086 paenitentiam
1312 3034 1447 3089 age;
1494 3034 1599 3087 quo
1625 3020 1765 3073 dicto
1795 3017 1891 3071 illi‘

316 3106 473 3159 etiam
514 3106 578 3159 ad
628 3107 991 3174 pmnitentiam
1036 3108 1261 3162 latenter
1296 3117 1688 3176 provocamur,
1736 3123 1870 3175 quos

320 3197 457 3250 idem
487 3204 758 3265 torpentes
794 3198 1169 3266 przedicatores
1208 3212 1543 3267 nequaquam
1570 3199 1870 3253 correxisse

320 3291 604 3345 notantur;
655 3284 793 3336 unde
816 3291 870 3337 et
898 3282 1142 3337 subditur
1188 3300 1199 3335 :
1231 3284 1415 3352 (Vens.
1448 3283 1533 3352 16)
1572 3282 1663 3337 Sin
1690 3294 1867 3337 autem

317 3374 471 3426 venio
508 3368 622 3435 tibi,
668 3381 716 3425 et
748 3370 993 3442 pugnabo,
1023 3390 1138 3426 cum
1168 3372 1270 3428 illis
1311 3375 1364 3428 in
1405 3372 1575 3444 gladio
1612 3374 1715 3428 oris
1748 3376 1866 3429 mei.

317 3461 425 3517 Cur
453 3463 591 3517 enim
619 3476 721 3516 non
752 3463 827 3515 ait
856 3464 1101 3532 pugnabo
1131 3470 1329 3527 tecum,
1372 3464 1464 3517 sed
1493 3462 1729 3532 pugnabo
1753 3480 1867 3515 cum

318 3550 419 3604 illis
446 3551 471 3603 9
506 3552 606 3603 nisi
633 3552 779 3619 quia,
806 3560 864 3603 ut
892 3553 1091 3604 dictum
1120 3559 1221 3614 est,
1254 3552 1371 3605 illos
1397 3552 1555 3604 etiam
1578 3550 1644 3605 ad
1677 3552 1870 3606 lamen-

321 3648 429 3692 t-im
462 3640 641 3693 venire
682 3640 926 3693 hortatur
949 3652 1081 3706 quos
1114 3638 1518 3706 praedicatorum
1543 3648 1756 3707 torpore
1779 3656 1870 3708 pen

321 3730 455 3783 risse
482 3737 817 3797 eogzroverat.
862 3726 1011 3793 Quod
1032 3727 1137 3781 tale
1165 3734 1245 3781 est
1273 3741 1336 3779 ac
1362 3727 1405 3779 si
1431 3727 1631 3780 diceret
1657 3744 1669 3779 :
1703 3728 1869 3780 Venio

323 3818 435 3879 tibi,
465 3826 517 3871 et
551 3818 793 3885 pugnabo
816 3826 1011 3879 tecum,
1040 3819 1177 3872 sicut
1210 3818 1311 3871 alia
1350 3818 1625 3872 translatio
1654 3819 1869 3873 demon-

320 3914 471 3982 strat.
520 3906 610 3959 Vel
643 3905 795 3958 venio
833 3905 1002 3967 vobis,
1044 3913 1094 3959 et
1124 3908 1366 3974 pugnabo
1392 3907 1681 3961 vobiscum.
1734 3906 1869 3971 Quid

320 4007 402 4050 est
425 4006 599 4049 autem
626 3997 800 4051 dicere
822 3998 977 4049 venio
1002 3996 1116 4059 tibi,
1161 3996 1262 4049 nisi
1294 4008 1591 4063 respectum
1621 3999 1715 4049 ira:
1739 4015 1870 4053 mem

321 4085 517 4138 sentire
544 4094 593 4139 te
621 4085 790 4139 facio?
812 4085 906 4141 γει
925 4084 1072 4153 quid,
1098 4083 1331 4153 pugnabo
1358 4098 1473 4136 cum
1496 4083 1597 4136 illis
1623 4085 1675 4135 in
1696 4085 1869 4153 gladio

321 4174 423 4225 oris
462 4174 579 4237 mei,
617 4174 715 4226 nisi
743 4176 912 4227 acutis
944 4174 1271 4241 eloquiorum
1314 4186 1551 4225 meorum
1593 4172 1869 4225 sententiis

320 4263 620 4316 damuaho?
646 4264 828 4332 (Vens.
869 4262 1106 4331 17.)οιιί
1136 4262 1283 4316 habet
1312 4279 1491 4315 aurem
1536 4262 1716 4313 audiat
1742 4261 1867 4331 quid

324 4353 545 4420 Spiritus
566 4336 703 4405 dicat
739 4353 1019 4405 Ecclesiis:
1048 4355 1265 4406 vincenti
1292 4354 1423 4406 dabo
1443 4370 1632 4406 utanna
1657 4354 1868 4405 abscon-

320 4443 501 4497 ditum.
552 4444 737 4497 Manna
782 4443 1143 4497 absconditum
1174 4458 1364 4510 panem
1390 4445 1521 4498 dicit
1545 4443 1865 4498 invisibilem

322 4534 411 4601 qui
438 4534 503 4588 de
527 4534 665 4587 coelo
694 4533 981 4596 descendit,
1024 4533 1114 4600 qui
1146 4532 1263 4586 ideo
1290 4532 1461 4585 factus
1498 4541 1581 4585 est
1602 4534 1780 4596 homo,
1810 4540 1870 4586 ut

326 4637 513 4688 panem
542 4623 845 4691 angelorum
884 4623 1224 4677 manducaret
1262 4624 1437 4676 homo.
1483 4622 1633 4687 Quod
1674 4638 1868 4675 manna

326 4725 464 4765 nunc
501 4712 726 4765 sumitur
755 4713 805 4766 in
845 4708 1178 4779 sacramento
1216 4727 1310 4780 per
1338 4712 1512 4774 ﬁdem,
1555 4712 1868 4779 quandoque

324 4809 499 4857 autem
521 4801 573 4854 in
602 4804 826 4856 veritate
864 4819 960 4871 per
1000 4788 1270 4871 speciem;
1308 4803 1458 4870 juxta
1489 4802 1613 4855 illud
1648 4800 1867 4854 Psalmi-

321 4897 451 4942 δίκε
499 4887 743 4943 Satiabor
784 4862 905 4943 dum
945 4862 1371 4947 maniflestabitur
1414 4890 1549 4945 mihi
1582 4888 1747 4959 gloria
1777 4898 1866 4941 tua

323 4974 492 5043 (Psal.
535 4994 645 5042 xvr,
690 4980 797 5047 15).
848 4980 1030 5034 Manna
1060 4984 1201 5036 enim
1244 4985 1643 5052 interpretatum
1691 4988 1863 5042 sonat,

322 5067 445 5131 quid
471 5076 552 5121 est
592 5067 731 5130 hoc;
778 5069 917 5136 quod
957 5084 1062 5123 non
1108 5072 1353 5134 dicimus,
1404 5072 1505 5123 nisi
1533 5071 1597 5124 de
1623 5086 1680 5123 re.
1708 5083 1863 5136 quam

321 5161 442 5207 ante
485 5169 589 5209 non
633 5157 876 5212 vidimus.
926 5157 1057 5226 Apte
1094 5173 1228 5227 ergo
1263 5158 1346 5210 illa
1376 5160 1592 5211 satietas
1637 5154 1865 5209 cmlestis

322 5242 500 5308 gloria
524 5258 716 5298 manna
758 5256 989 5307 vocatur,
1025 5246 1145 5315 quia
1164 5245 1314 5313 juxta
1343 5246 1489 5301 Pauli
1521 5252 1735 5308 vocem,
1768 5259 1864 5297 nec

304 5333 499 5387 oculus
519 5334 663 5397 vidit,
692 5350 782 5387 nec
802 5336 855 5387 in
878 5353 965 5388 cor
987 5336 1205 5389 hominis
1245 5337 1490 5397 ascendit,
1523 5354 1641 5405 qua'
1663 5350 1865 5403 pra‘pao

325 5424 451 5477 rasit
476 5423 619 5478 Dens
641 5424 975 5494 diligentibus
996 5443 1053 5481 se
1070 5425 1126 5495 (1
1150 5424 1269 5479 Cor.
1302 5442 1382 5487 ιιι,
1415 5428 1489 5494 9).

310 5520 313 5523 ’
392 5510 459 5564 Et
488 5512 620 5565 dabo
645 5507 723 5566 illi
746 5506 998 5567 ealculum
1033 5515 1307 5568 candidum
1332 5554 1343 5575 ,
1372 5525 1417 5567 et
1453 5516 1505 5567 in
1531 5515 1730 5568 calculo
1773 5529 1862 5565 no-

326 5616 435 5657 men
467 5621 665 5670 novum,
696 5604 830 5676 quod
860 5620 1004 5659 nemo
1031 5607 1196 5669 novit,
1220 5605 1318 5659 nisi
1342 5606 1428 5674 qui
1456 5604 1655 5671 accipit.
1682 5602 1861 5658 Calcu-

1966 1870 2119 1914 natos
2148 1862 2214 1914 ail
2247 1863 2409 1915 vitam
2453 1878 2693 1932 superna:
2735 1867 2965 1921 civitatis
3011 1869 3251 1923 novimus
3297 1870 3510 1927 electos.

1969 1950 2066 2004 Ubi
2094 1959 2213 2020 apte
2239 1952 2498 2017 subditur,
2526 1955 2662 2024 quod
2689 1972 2833 2009 nemo
2861 1958 3025 2019 novit,
3058 1958 3155 2011 nisi
3181 1960 3269 2028 qui
3304 1961 3515 2031 accipit;

1969 2047 2214 2107 tanquam
2239 2040 2438 2094 diceret
2464 2058 2476 2093 :
2506 2042 2678 2095 nullus
2694 2044 3000 2113 dignitatem
3022 2046 3248 2099 nominis
3259 2047 3511 2100 Christia-

1968 2127 2019 2177 ni
2043 2128 2148 2178 vita
2170 2137 2222 2179 et
2249 2130 2484 2183 moribus
2511 2130 2773 2193 defendit,
2801 2134 2901 2186 nisi
2929 2135 3018 2201 qui
3058 2135 3159 2189 hoc
3183 2135 3357 2189 divina
3385 2152 3516 2205 pra:-

1966 2218 2313 2273 destinatione
2362 2220 2426 2297 ad
2483 2221 2643 2274 vitam
2688 2230 2939 2275 mternam
2994 2228 3302 2292 promeruit.
3354 2226 3518 2281 Nosse

1966 2308 2107 2360 enim
2133 2307 2329 2363 Christi
2355 2324 2567 2373 nomen,
2592 2309 2657 2363 ad
2682 2312 2974 2365 custodiam
3002 2312 3370 2366 mandatorum
3397 2328 3516 2382 per-

1969 2395 2128 2457 tinet;
2174 2397 2414 2463 accipere
2438 2412 2592 2461 vero,
2621 2398 2687 2451 ad
2718 2399 2939 2466 gratiam
2969 2400 3159 2453 divinae
3177 2399 3516 2468 prmdestina-

1968 2483 2128 2537 tionis
2154 2482 2397 2537 refertur.

2037 2572 2194 2626 Vens.
2224 2574 2303 2627 18.
2331 2604 2400 2613 -
2428 2573 2491 2626 Et
2528 2574 2708 2643 angelo
2737 2575 2997 2644 Thyatira:
3040 2577 3286 2632 Ecclesia:
3312 2582 3472 2633 scribe
3498 2596 3514 2630 .-

1970 2663 2096 2716 Hier.
2136 2664 2257 2715 dicit
2297 2660 2461 2715 Filius
2489 2662 2617 2726 Dei,
2649 2666 2735 2732 qui
2769 2664 2916 2716 habet
2943 2664 3117 2718 oculos
3162 2674 3218 2719 ut
3251 2668 3514 2733 ﬂammam

1969 2750 2127 2818 ignis,
2176 2762 2223 2803 et
2262 2750 2409 2820 pedes
2456 2752 2567 2820 ejus
2613 2751 2803 2804 similes
2832 2751 3145 2805 aurichalco.
3185 2752 3367 2822 (Vens.
3406 2752 3515 2822 l9.)

1972 2838 2104 2891 Novi
2129 2856 2281 2908 opera
2309 2851 2422 2903 tua,
2455 2850 2503 2892 et
2532 2841 2832 2893 charitatem
2852 2881 2865 2903 ,
2909 2851 2953 2894 et
2988 2842 3171 2909 ﬁdem,
3210 2852 3256 2898 et
3294 2843 3519 2897 ministe-

1971 2927 2123 2990 rium,
2146 2938 2192 2979 et
2216 2929 2533 2996 patientiam,
2555 2939 2601 2981 et
2627 2944 2779 2997 opera
2804 2938 2893 2981 tua
2916 2931 3189 2983 novissima
3211 2932 3361 3002 plura
3378 2934 3521 3001 prio-

1972 3014 2128 3068 ribus.
2159 3016 2279 3069 Hmc
2322 3016 2608 3069 universali
2654 3016 2903 3071 Ecclesiae
2945 3018 3214 3085 dicuntur,
3244 3020 3393 3087 cujus
3418 3020 3519 3074 Do-

1971 3104 2145 3158 minus
2191 3118 2353 3173 opera
2377 3144 2391 3164 ,
2422 3100 2733 3160 charitatem
2777 3114 2832 3159 et
2874 3105 3029 3160 ﬁdem
3069 3108 3243 3172 novit,
3273 3111 3396 3177 quia
3426 3126 3519 3177 per

1969 3194 2243 3249 electionis
2290 3196 2515 3265 gratiam
2540 3180 2543 3187 ’
2571 3196 2846 3265 approbat.
2896 3194 2999 3249 Sed
3048 3197 3160 3251 htec
3202 3207 3519 3266 prmpostero

1970 3283 2243 3347 dicuntur;
2277 3285 2505 3352 primum
2550 3285 2692 3338 enim
2738 3293 2819 3339 est
2866 3286 3112 3350 credere,
3160 3286 3349 3341 dehinc
3378 3289 3517 3356 quod

1968 3371 2140 3424 credis
2184 3386 2395 3435 amare,
2441 3381 2764 3439 postremum
2797 3374 2935 3441 quod
2963 3389 3111 3428 amor
3141 3384 3195 3428 et
3234 3376 3518 3430 credulitas

1968 3456 2246 3525 compellat
2266 3458 2493 3525 operari.
2524 3458 2868 3513 Ministerium
2894 3461 2994 3515 hoc
3016 3462 3131 3516 loco
3157 3463 3265 3515 vult
3294 3464 3515 3533 intelligi

1970 3544 2261 3613 impensam
2320 3546 2735 3599 misericordiam
2791 3558 3028 3601 extrema
3083 3549 3351 3605 facultate.
3413 3552 3515 3607 Sed

1968 3634 2308 3700 quaerendum
2334 3643 2416 3689 est
2447 3652 2541 3689 cur
2565 3636 2812 3691 Ecclesia:
2836 3624 3002 3707 iopera
3048 3640 3331 3695 novissima
3363 3644 3512 3709 plura

1968 3724 2320 3789 praedicentur
2337 3740 2497 3793 quam
2529 3728 2730 3795 priora.
2749 3726 3028 3781 Sciendum
3058 3729 3235 3795 itaque
3260 3731 3382 3797 quia
3414 3735 3516 3799 pri-

1968 3825 2054 3863 mo
2082 3810 2147 3863 ab
2174 3812 2424 3879 apostolis
2448 3824 2675 3881 quatuor
2702 3824 2905 3869 tantum
2939 3816 3169 3884 capitula
3192 3818 3433 3884 gentibus
3450 3822 3514 3873 ad

1968 3898 2233 3954 Christum
2258 3903 2527 3955 conversis
2550 3906 2748 3957 servari
2786 3916 3047 3973 praecepta
3088 3917 3244 3961 sunt:
3276 3908 3513 3963 videlicet

1970 3997 2026 4041 ut
2050 3989 2380 4044 abstinerent
2404 4005 2461 4045 se
2482 3991 2548 4044 ab
2570 3993 2855 4047 immolatis
2879 4003 2937 4048 et
2963 3994 3329 4059 fornicatione,
3357 3996 3515 4050 suffu—

1967 4089 2089 4133 cato
2116 4088 2168 4157 et
2194 4082 2467 4148 sanguine.
2516 4082 2583 4136 At
2612 4099 2730 4137 cum
2770 4099 3015 4153 processu
3065 4087 3316 4155 temporis
3352 4101 3511 4154 parva

1968 4170 2137 4236 spatia
2163 4171 2404 4225 devoluta
2433 4172 2654 4226 fuissent
2674 4215 2689 4237 ,
2716 4185 2999 4230 creverunt
3024 4178 3089 4231 ad
3114 4178 3319 4231 culmen
3343 4179 3513 4248 perfe-

1968 4258 2190 4323 ctionis;
2222 4260 2293 4313 ita
2328 4268 2385 4313 ut
2410 4261 2559 4314 multi
2590 4264 2915 4316 credentium
2940 4275 3128 4318 cuncta
3157 4270 3335 4322 mundi
3372 4280 3516 4339 post-

1891 4381 1942 4440 D
1968 4356 2243 4433 ponerent.
2276 4348 2370 4403 Vel
2399 4350 2519 4418 quia
2547 4350 2614 4403 ab
2642 4351 2947 4404 Antichristi
2997 4356 3363 4420 persecutione
3405 4374 3513 4411 ain-

1968 4437 2101 4506 plior
2119 4437 2171 4491 in
2192 4454 2253 4492 ea
2276 4439 2444 4494 virtus
2462 4440 2682 4494 enitebit
2698 4441 3040 4509 operationis.
3067 4439 3358 4504 Qum‘enim
3379 4462 3519 4500 nime

1966 4542 2033 4581 ex
2062 4528 2304 4595 gentibus
2331 4528 2441 4583 sola
2469 4528 2692 4593 laborat,
2723 4538 2842 4583 tunc
2868 4528 3074 4583 Judzcos
3093 4530 3251 4582 ctiam
3271 4531 3335 4583 ad
3362 4531 3516 4584 ﬁdem

1967 4616 2259 4684 perducens
2289 4618 2447 4686 duplo
2471 4618 2750 4673 laborabit.

2038 4706 2199 4760 Vens.
2230 4707 2318 4759 20.
2341 4736 2411 4746 -—
2435 4705 2538 4760 Sed
2566 4708 2725 4760 habeo
2751 4710 2992 4763 adversus
3032 4721 3079 4763 te
3110 4710 3230 4780 quia
3268 4711 3515 4778 permittis

1967 4795 2232 4848 mulierem
2260 4794 2495 4857 Iezabel,
2540 4812 2654 4865 qua:
2684 4814 2737 4851 sc
2765 4800 2888 4852 dicit
2910 4800 3211 4869 propheten,
3249 4800 3431 4853 docere
3469 4811 3517 4854 et

1964 4884 2203 4937 seducere
2224 4900 2391 4937 servos
2422 4899 2580 4947 meos,
2604 4885 2871 4953 fornicari,
2902 4897 2949 4940 et
2977 4888 3288 4941 manducare
3315 4888 3379 4940 de
3401 4889 3512 4949 ideo

1966 4972 2191 5041 lothytis.
2235 4974 2356 5026 ilzec
2402 4988 2504 5025 non
2553 4973 2625 5025 illi
2679 4978 3029 5039 conveniunt,
3070 4991 3226 5044 quem
3272 4979 3516 5046 superius

1966 5063 2299 5116 tantalaude
2324 5072 2639 5130 prosecutus
2665 5064 2774 5127 cs't;
2816 5068 2907 5119 sed
2934 5066 3233 5135 specialiter
3257 5066 3321 5119 ad
3352 5067 3517 5121 malos

1963 5154 2380 5220 pnedicatores,
2425 5150 2516 5218 qui
2552 5168 2643 5204 sua
2687 5154 3002 5223 negligentia
3037 5152 3437 5207 fomicationenl
3464 5167 3517 5209 et

1966 5240 2318 5295 idololatriam
2347 5240 2402 5291 in
2429 5238 2665 5293 Ecclesia
2696 5242 2894 5294 sinunt.
2922 5241 3034 5295 Non
3080 5248 3256 5293 autem
3298 5242 3517 5297 creden-

1962 5330 2086 5384 dum
2130 5337 2212 5383 est
2253 5338 2420 5396 ustme
2474 5330 2538 5381 ad
2605 5328 2731 5382 illud
2779 5337 2984 5399 tempus
3032 5328 3243 5382 Iezabel
3297 5345 3515 5386 uxorem

1962 5420 2143 5473 Achab
2172 5418 2224 5471 in
2253 5432 2477 5485 corpore
2511 5406 2798 5482 mansisse,
2828 5431 2985 5487 quam
3012 5430 3267 5485 equorum
3308 5420 3517 5490 ungulis

1962 5506 2204 5559 novimus
2251 5506 2669 5567 comminutam;
2696 5506 2811 5558 ,δρᾶ
2838 5504 2977 5571 .quia
3010 5513 3161 5559 erant
3191 5514 3317 5561 tunc
3342 5508 3395 5561 in
3428 5507 3512 5560 illa

1963 5596 2048 5664 qui
2079 5595 2250 5648 coitus
2276 5594 2417 5648 illius
2446 5592 2806 5654 imitabantur,
2846 5592 3041 5647 idcirco
3066 5594 3129 5647 in
3149 5596 3227 5651 eis
3249 5598 3357 5664 ipsa
3403 5608 3510 5645 ma-
