4262 6264
397 385 533 438 “09

1155 383 1555 437 EXEGETICA.
1593 413 1663 423 —
1697 385 2048 440 (ΞΟΗΙΕΝΤ.
2088 385 2155 440 ιδ
2192 387 2478 443 APOCAL.
2517 421 2587 429 —
2783 391 2844 445 ll.

3423 378 3425 381 ’
3455 401 3622 457 me»

390 507 445 548 et
467 493 639 548 sancti
669 493 1045 561 prulicatores
1070 505 1170 544 nec
1208 493 1309 544 sibi
1335 507 1436 550 nec
1461 492 1580 546 aliis
1605 502 1792 547 contra
1814 493 1941 546 vitia
1969 494 2019 552 Δ
2045 492 2184 545 intra
2211 495 2387 548 sinum
2429 495 2679 550 Ecclesia
2698 536 2714 561 ,
2744 499 2838 565 qui
2875 500 3042 553 vitam
3080 501 3147 557 ab
3174 506 3318 558 omni
3364 506 3590 562 eti-lno

391 595 612 649 parcere
640 589 930 640 noverunt;
963 580 1056 632 sed
1079 581 1134 632 in
1159 595 1218 632 se
1241 581 1372 633 etin
1399 580 1521 633 aliis
1541 589 1748 634 tantum
1781 579 1940 648 justi-

391 671 478 722 tia:
526 669 797 722 tramitem
838 669 1068 737 dirigere
1111 670 1344 722 student.
1376 668 1525 722 Unde
1560 669 1774 723 Christo
1810 671 1940 723 dici-

388 770 477 813 tur
500 777 514 812 :
551 758 714 828 Virga
735 766 882 812 recta
901 766 986 812 est
1010 758 1150 826 uirga
1177 760 1320 826 regni
1360 759 1439 810 tsi
1476 756 1648 827 (Psol.
1689 773 1834 822 xciv,
1859 758 1934 824 7).

387 850 454 902 Et
478 857 598 915 apte
623 848 900 902 credentes
925 845 1069 898 vasis
1095 846 1346 899 ﬁctilibus
1377 855 1786 914 comparantur;
1809 860 1938 899 vasa

385 939 529 992 enim
568 947 692 991 nt
730 936 994 1005 portando
1023 936 1328 989 thesaurum
1355 951 1386 988 a
1425 936 1634 990 seculis
1662 935 1941 990 abscondi—

384 1039 536 1094 tum;
574 1029 758 1082 ﬁctilia
787 1037 996 1092 autem,
1043 1030 1170 1096 quia
1216 1028 1394 1082 carnis
1443 1027 1784 1096 corruptione
1825 1043 1940 1095 gra-

381 1127 596 1172 vantur.
626 1118 778 1173 Unde
797 1117 1116 1187 Apostolus:
1146 1119 1410 1171 habemus
1443 1117 1753 1170 thesaurum
1779 1117 1939 1170 istum

382 1207 440 1258 in
464 1206 606 1259 vasis
645 1205 896 1258 ﬁctilibus
925 1204 1011 1274 (ll
1033 1203 1156 1257 Cor.
1182 1221 1261 1267 ιν,
1289 1205 1362 1275 7).
1405 1204 1554 1269 Quod
1600 1212 1778 1258 autem
1825 1198 1943 1258 uc

380 1309 510 1348 vasa
536 1303 682 1348 tactu
707 1295 871 1364 virga:
896 1293 1158 1362 confringi
1189 1303 1498 1357 narrantur,
1530 1309 1656 1363 pars
1691 1310 1938 1348 vasorum

380 1383 538 1436 debet
557 1383 779 1451 intelligi
804 1398 923 1450 qua:
952 1383 1127 1436 adhuc
1158 1383 1451 1451 dissipatur
1472 1391 1533 1435 ut
1558 1383 1615 1435 in
1640 1383 1831 1437 melius
1859 1398 1938 1436 re-

381 1469 660 1523 formetur.
687 1470 824 1524 llinc
850 1471 1068 1522 humani
1093 1456 1307 1539 generis
1332 1470 1491 1538 ﬁgulo
1517 1472 1747 1526 dicitur:
1782 1470 1937 1525 Verte

376 1560 562 1628 impios
590 1569 640 1613 et
663 1577 764 1613 non
788 1569 940 1613 erant
967 1557 1143 1630 (Prov.
1173 1575 1271 1624 sit,
1299 1560 1384 1629 7);
1409 1563 1733 1635 subauditur
1755 1564 1936 1631 impii,

376 1647 467 1701 sed
493 1648 585 1715 pii.
611 1648 718 1701 Sed
741 1649 869 1715 quid
894 1648 994 1701 sibi
1025 1648 1139 1701 vult
1185 1648 1327 1717 quod
1361 1651 1725 1717 prcmittitur,
1747 1654 1836 1720 qui
1857 1654 1936 1705 si-

374 1737 521 1798 cerit,
541 1746 587 1788 et
609 1738 907 1790 custodierit
925 1753 1080 1807 opera
1098 1753 1213 1790 mea
1233 1754 1392 1808 usque
1408 1739 1464 1791 in
1482 1739 1636 1806 ﬁnem
1651 1741 1677 1791 .’
1691 1738 1938 1809 Nunquid

2037 583 2397 639 custodientes
2419 624 2435 647 ,
2465 585 2573 638 vivi
2601 586 2740 654 apud
2779 587 3022 644 homines
3067 592 3396 650 aestimantur
3421 610 3437 645 :
3463 596 3588 663 quia

2039 669 2264 724 intentio
2288 680 2432 724 recta
2463 687 2568 726 non
2591 674 2853 741 procedit,
2881 676 3017 743 apud
3045 677 3211 731 Deum
3257 681 3456 734 mortui
3493 681 3590 736 the

2037 767 2326 824 putantur;
2358 762 2552 829 quibus
2577 762 2774 816 dicitur
2796 783 2811 816 :
2844 765 2971 819 Esto
2996 768 3236 837 vig'laas,
3263 780 3314 822 et
3335 770 3589 840 conﬁrma

2037 855 2224 900 cetera
2241 865 2356 916 qua
2383 851 2634 903 moritura
2651 861 2832 916 erant;
2858 869 2922 908 ac
2942 855 2986 907 si
3012 856 3281 910 diceretur
3302 875 3317 909 :
3343 856 3400 912 Si
3421 859 3504 914 vis
3527 868 3589 912 ut

2037 948 2294 1002 compago
2319 938 2576 992 virtutum
2607 940 2769 1004 vivat,
2793 956 2922 996 cave
2947 943 3294 997 intentionem
3312 947 3578 1014 operatio-

2038 1023 2142 1086 nis,
2173 1023 2334 1077 elatio
2365 1027 2524 1078 vivet.
2554 1027 2678 1080 Non
2716 1030 2852 1082 enim
2892 1031 3091 1083 ins-eain
3118 1047 3274 1101 opera
3309 1042 3398 1086 tu
3431 1033 3584 1102 plena

2037 1126 2210 1163 eorum
2234 1112 2345 1165 Deo
2370 1130 2501 1166 meo.
2529 1114 2584 1167 ld
2611 1123 2693 1169 est
2721 1118 2846 1185 quia
2874 1128 3033 1186 caput
3055 1118 3289 1187 elanguit
3329 1121 3581 1175 intentio.-

2037 1198 2150 1262 nis,
2199 1214 2536 1270 nequaquam
2578 1205 2732 1271 plena
2758 1206 2843 1259 vel
2873 1192 3088 1277 pinguia
3132 1210 3313 1278 vigent
3345 1211 3582 1269 membra

2037 1288 2336 1352 virtutum,
2386 1291 2480 1345 sed
2532 1293 2814 1348 macilenta
2873 1312 2938 1350 ac
2993 1312 3130 1365 pene
3173 1307 3384 1352 mortua
3435 1299 3586 1352 tabo-

2036 1386 2209 1430 scunt.

2106 1463 2266 1518 Vsns.
2289 1467 2344 1518 3.
2368 1496 2434 1504 —
2457 1466 2524 1520 In
2546 1477 2713 1522 mente
2731 1486 2851 1538 ergo
2871 1472 3001 1526 [urbe
3015 1472 3241 1542 qualiter
3263 1475 3584 1543 acceperint

2034 1554 2284 1620 audieris,
2309 1565 2358 1609 et
2377 1574 2546 1622 serra,
2571 1567 2622 1611 et
2641 1561 2990 1628 penitentiam
3023 1579 3137 1630 age.
3162 1561 3289 1617 Hae
3320 1564 3580 1617 sententia

2035 1643 2103 1696 ad
2124 1652 2406 1714 utrumque
2433 1648 2671 1701 redditur
2710 1663 2945 1702 sensum.
2972 1649 3228 1704 Audierat
3253 1653 3397 1704 enim
3427 1670 3443 1704 :
3469 1650 3574 1717 Qui

2034 1734 2398 1788 observaverit
2437 1745 2596 1788 totam
2627 1736 2810 1806 legem,
2835 1737 3114 1792 oﬂcnderit
3137 1748 3308 1792 autem
3349 1743 3406 1794 in
3439 1756 3575 1804 suo,

373 1846 480 1883 non
532 1833 668 1898 regit
705 1833 986 1886 credentes
1031 1833 1226 1900 aliquis
1268 1833 1578 1899 priusquam
1615 1832 1682 1885 de
1723 1832 1932 1885 diabolo
1961 1822 2056 1891 BI

1892 1835 1932 1885 lo
1961 1833 2007 1891 Β
2032 1822 2203 1888 factas
2227 1833 2300 1876 est
2325 1825 2552 1876 omnium
2582 1841 2698 1878 reas
2722 1826 2924 1895 (lat-ob.
2954 1843 3013 1891 ιι,
3043 1828 3131 1899 l0)
3152 1845 3168 1882 :
3192 1829 3344 1894 item,
3364 1827 3428 1883 Si
3450 1845 3575 1883 σε.-

373 1920 664 1988 triumphet
707 1924 1066 1990 perveniendo
1113 1937 1283 1991 usque
1331 1922 1399 1974 ad
1443 1921 1755 1975 linemYaut
1788 1923 1930 1978 forte

371 2013 708 2078 postmodum
733 2013 916 2082 reget?
941 2011 1278 2080 Quapropter
1301 2011 1577 2065 sciendum
1599 2012 1724 2079 quia
1749 2012 1929 2066 futuro

371 2099 626 2153 Dominus
650 2115 749 2168 pro
776 2101 1050 2169 praeterito
1074 2107 1248 2160 utens,
1270 2113 1370 2167 per
1382 2098 1618 2167 gratiam
1654 2098 1929 2165 praedesti-

368 2190 604 2242 nationis
619 2188 734 2256 jam
763 2190 978 2253 vicisse,
1004 2188 1118 2256 jam
1145 2203 1308 2256 opera
1337 2201 1435 2240 sua
1462 2201 1635 2254 usque
1672 2185 1740 2238 ad
1769 2185 1926 2239 ﬁnem

367 2278 666 2332 custodisse
714 2279 958 2348 designat
984 2319 1000 2344 ,
1054 2277 1250 2346 quibus
1294 2291 1354 2330 se
1404 2283 1723 2345 potestatem
1769 2289 1928 2342 super

368 2377 556 2437 gentes
598 2368 849 2421 daturum
881 2369 1218 2435 pronuntiat;
1251 2382 1316 2421 ac
1340 2368 1387 2420 si
1411 2367 1615 2421 diceret
1641 2385 1654 2417 :
1685 2366 1761 2418 illi
1793 2365 1928 2419 bene

370 2457 585 2527 regendi
610 2456 856 2510 eﬂectum
886 2455 1204 2511 ministrabo
1225 2470 1384 2523 quem
1405 2455 1662 2507 victorem
1691 2461 1746 2505 et
1764 2466 1925 2519 opera

367 2561 486 2599 mea
514 2560 682 2614 usque
714 2545 782 2598 ad
810 2544 970 2599 linem
991 2552 1455 2612 perseveraturum
1481 2555 1828 2609 perspexero.
1857 2541 1924 2593 Et

366 2634 470 2686 hoc
491 2635 631 2697 ideo,
654 2635 779 2701 quia
803 2631 982 2687 futura
1015 2633 1153 2699 apud
1182 2630 1329 2684 illum
1372 2630 1652 2698 pmsentia
1679 2638 1823 2683 sum.
1853 2628 1924 2681 Et

365 2722 500 2774 dabo
537 2720 616 2774 illi
650 2719 852 2774 stellam
895 2719 1221 2772 matutinum.
1251 2717 1310 2770 In
1338 2717 1615 2784 Scriptura
1637 2733 1790 2771 sacra
1816 2719 1925 2771 sin-

365 2810 535 2878 gulari
572 2825 796 2863 numero
836 2808 990 2863 stella
1021 2807 1280 2860 matutina
1321 2805 1593 2858 Christum
1637 2805 1918 2873 signiﬁcat.

367 2897 518 2951 Unde
541 2894 764 2949 inferius
787 2914 799 2948 :
832 2895 945 2965 Ego
963 2912 1076 2955 sum
1092 2893 1240 2948 stella
1262 2893 1556 2956 matutina;
1579 2892 1772 2960 plurali
1795 2907 1921 2946 vero

365 2985 600 3055 angelos.
630 2983 942 3038 llatutinam
977 2999 1106 3052 ergo
1148 2983 1356 3037 stellam
1379 2981 1637 3036 Dominus
1662 2980 1922 3034 vincenti-

363 3075 465 3128 bus
489 3075 659 3137 dabit,
689 3073 902 3140 quando
927 3086 1124 3138 corpus
1153 3069 1470 3123 humilitatis
1510 3076 1709 3123 nostra:
1754 3067 1922 3122 refor-

2026 1909 2108 1963 las
2158 1921 2279 1966 tuas
2325 1929 2541 1982 nequam
2585 1923 2860 1977 est,totas
2907 1934 3093 1986 corpus
3135 1920 3578 1974 tenebrosumerit

2027 1999 2238 2068 (lculi.
2269 2016 2345 2064 vi,
2371 2001 2484 2071 25).
2511 2001 2573 2056 Si
2599 2013 2777 2056 autem
2803 2021 2907 2056 non
2929 2005 3249 2074 rigiloseris,
3272 2009 3473 2061 ueniam
3499 2011 3572 2062 ad

2024 2098 2073 2142 te
2097 2101 2344 2160 tamquam
2363 2092 2470 2161 far,
2500 2101 2554 2147 et
2580 2109 2688 2148 non
2705 2095 2844 2150 scies
2865 2097 3078 2163 quando
3099 2099 3316 2151 tertia.
3339 2098 3574 2168 Vigilare

2023 2189 2109 2233 est
2136 2197 2166 2233 a
2187 2184 2390 2248 peccati
2434 2199 2624 2239 somno
2642 2168 2739 2255 per
2773 2190 3100 2256 pmoitentia:
3125 2189 3307 2244 deum
3329 2191 3399 2246 ad
3415 2191 3574 2258 justi-

2024 2269 2153 2321 tiam
2180 2285 2488 2339 exsurgere.
2511 2272 2648 2340 Apta
2668 2283 2846 2328 autem
2870 2277 2961 2329 hic
2983 2276 3118 2330 furis
3141 2280 3470 2347 comparatio
3489 2281 3576 2335 in-

2026 2358 2344 2423 troducitur,
2369 2360 2462 2426 qui
2485 2361 2610 2413 dum
2638 2361 2962 2429 improvidus
2979 2363 3224 2427 advenit,
3240 2364 3568 2421 domieotet

2023 2463 2264 2519 quosque
2296 2452 2568 2518 reperiens
2602 2450 2808 2520 jugulat
2831 2492 2847 2517 ,
2875 2461 2934 2504 et
2957 2454 3096 2506 bona
3141 2467 3328 2507 eorum
3359 2454 3567 2530 dcpr:e_-

2023 2535 2154 2589 dat:
2179 2537 2259 2590 sic
2281 2538 2516 2591 celestis
2533 2538 2696 2604 iudex
2722 2541 2847 2593 dum
2879 2542 3183 2609 insperatus
3210 2543 3447 2598 occurrit
3467 2543 3569 2598 ins-

2020 2627 2344 2693 pmnitentes
2384 2626 2858 2680 animadversionis
2899 2630 3180 2690 sententia,
3207 2631 3455 2697 perimit,
3482 2646 3574 2685 eo-

2024 2728 2250 2782 rumque
2295 2723 2416 2768 acta
2475 2714 2624 2767 velut
2670 2714 2992 2769 fortissimus
3052 2717 3234 2784 prodo
3289 2719 3567 2786 dispertiit.

2021 2802 2208 2870 (Vsus.
2222 2802 2300 2872 ι.)
2317 2803 2424 2857 Sed
2437 2803 2783 2873 habeopoaea
2797 2803 3368 2876 nomininSsrdisni
3381 2811 3576 2862 noniu-

2017 2893 2355 2958 qaiaaaersnt
2367 2894 3192 2958 vestimentasaa,etaasbalabant
3204 2912 3403 2951 mecum
3417 2899 3474 2952 in
3490 2897 3572 2952 al-

2019 2979 2096 3032 bis
2113 2980 2239 3048 quia
2253 2981 2398 3049 digni
2416 2993 2553 3036 sunt.
2568 2984 2646 3036 Illi
2664 2985 2982 3039 vestimenta
2998 3001 3093 3040 sua
3106 2987 3468 3043 sordibusnun
3491 2989 3576 3043 il-

2020 3069 2262 3138 tingunt,
2292 3071 2382 3138 qui
2407 3079 2529 3139 post
2566 3071 2902 3140 baptismatis
2929 3085 3321 3130 sacramentum
3349 3079 3575 3133 mortals

363 3163 550 3226 “nbit,
579 3161 786 3216 scilicet
803 3161 1017 3228 quando
1044 3171 1231 3212 omnes
1251 3156 1420 3222 quiin
1442 3156 1803 3209 monumentis
1822 3169 1918 3208 au-
1939 3155 1990 3220 c
2019 3170 2222 3210 cnmen
2267 3171 2372 3210 non
2417 3147 2722 3236 admittunt.
2765 3158 2872 3214 Sed
2894 3162 3019 3228 quia
3052 3164 3160 3216 rari
3186 3172 3310 3216 sunt
3327 3202 3345 3227 ,
3374 3164 3574 3221 idcirco

361 3253 511 3306 diem
538 3267 722 3306 vocem
748 3251 870 3304 Filii
900 3249 1028 3312 Dei,
1066 3257 1123 3300 et
1159 3246 1446 3316 proceden.
1471 3263 1486 3298 :
1513 3250 1649 3312 quos
1687 3246 1756 3299 ad
1796 3262 1919 3314 per-

364 3337 558 3392 fectum
590 3339 734 3392 diem
760 3338 1034 3406 perducet,
1060 3350 1180 3389 cum
1210 3333 1506 3388 divinitatis
1551 3347 1661 3387 suae
1702 3333 1920 3388 clarita-

365 3437 474 3482 tem
503 3427 609 3481 illis
640 3426 904 3480 ostendet.

961 3554 1186 3610 CAPUT
1225 3555 1308 3608 lll.

430 3686 591 3739 Vsus.
623 3685 670 3738 Ι.
696 3714 765 3724 -η
785 3684 853 3737 Et
875 3685 1056 3753 angelo
1077 3684 1323 3736 Ecclesia
1347 3682 1528 3735 Sardis
1558 3684 1722 3736 scribe
1743 3699 1762 3736 :
1785 3682 1914 3736 Har:

360 3776 480 3828 dicit
505 3776 593 3844 qui
620 3774 770 3827 habet
797 3783 987 3842 septem
1011 3773 1222 3842 spiritus
1251 3771 1347 3824 Dei
1387 3780 1436 3824 et
1470 3781 1659 3842 septem
1690 3770 1866 3825 stellas
1893 3787 1912 3822 :

362 3863 478 3914 Scio
499 3879 652 3930 opera
677 3873 791 3926 tua,
806 3864 928 3929 quia
953 3879 1136 3915 nomen
1157 3861 1312 3914 habes
1332 3861 1470 3930 quod
1485 3861 1648 3924 vivas,
1670 3861 1764 3914 sed
1782 3877 1917 3913 mor-

360 3961 479 4004 tuas
503 3968 576 4005 es.
610 3951 794 4022 (Vsus.
819 3951 898 4021 2.)
936 3950 1065 4003 Esto
1089 3950 1336 4018 uigilans,
1367 3960 1414 4003 et
1453 3952 1702 4020 conﬁrma
1728 3960 1914 4004 cetera

359 4059 476 4111 qua
496 4042 750 4094 moritura
769 4050 938 4094 erant.
963 4039 1133 4092 Aliter
1155 4039 1411 4092 Dominus
1436 4048 1640 4106 septem
1662 4041 1882 4107 spiritus
1897 4080 1912 4104 ,

362 4133 517 4185 aliter
559 4133 719 4185 habet
760 4129 958 4184 stellas.
991 4128 1159 4183 Habet
1183 4127 1326 4182 enim
1356 4125 1718 4194 septiformem
1747 4128 1916 4196 Spiri—

362 4228 474 4272 tum
504 4219 760 4286 mqualem
791 4219 894 4272 sibi
918 4218 971 4271 in
1000 4223 1188 4270 natura
1219 4215 1512 4269 divinitatis
1536 4233 1548 4266 :
1577 4213 1737 4267 habet
1753 4215 1914 4282 septi-

363 4307 585 4362 lormem
609 4309 899 4361 Ecclesium
922 4305 1214 4373 subiectam
1252 4305 1357 4359 sibi
1394 4313 1643 4371 tanquam
1669 4303 1913 4358 ancillam

362 4397 418 4449 lu
465 4397 683 4450 ditione-
709 4396 1006 4464 potestatis.
1041 4393 1146 4450 Sed
1193 4395 1239 4447 si
1283 4395 1396 4448 sola
1433 4393 1554 4447 ﬁdei
1583 4391 1913 4447 confessione

2017 3244 2378 3313 prtemittitur,
2424 3259 2605 3315 pasco,
2627 3248 2867 3316 nomine.
2911 3247 3028 3314 Quo
3075 3249 3260 3318 igitur,
3307 3251 3562 3317 Domine,

2017 3339 2194 3385 tecum
2219 3330 2537 3386 ambulaturi
2567 3334 2728 3388 sunt?
2752 3334 2921 3400 Unde,
2947 3345 3004 3390 et
3029 3352 3167 3406 quo,
3196 3339 3302 3393 nisi
3326 3340 3394 3396 de
3427 3349 3482 3396 te
3514 3343 3570 3395 in

2017 3421 2106 3472 te?
2134 3419 2330 3474 Tecum
2354 3422 2496 3474 enim
2534 3423 2770 3496 quotidie
2812 3425 3112 3490 ambulant,
3140 3428 3264 3496 quia
3305 3415 3570 3496 passionis

2016 3517 2120 3561 une
2148 3509 2370 3577 vestigia
2398 3519 2683 3577 sequentes
2719 3511 3022 3568 observant.
3053 3516 3133 3569 'l‘u
3153 3518 3346 3585 quippe
3369 3532 3568 3588 prace-

2015 3598 2097 3651 dis
2122 3598 2362 3665 exempla
2394 3598 2590 3662 dando,
2619 3599 2694 3652 illi
2721 3601 3040 3658 bmeadem
3065 3604 3321 3659 imitando
3338 3620 3570 3676 sequun-

2017 3696 2121 3739 tur.
2150 3685 2308 3753 Digni
2337 3695 2514 3740 autem
2547 3687 2678 3741 dicit
2699 3729 2714 3752 ,
2737 3698 2832 3741 aut
2855 3689 3038 3744 mundi
3062 3729 3078 3751 ,
3116 3700 3210 3744 aut
3235 3708 3352 3746 mea
3380 3693 3568 3762 digna-

2015 3775 2158 3828 tione
2198 3776 2468 3844 condigni.
2501 3776 2606 3831 Sed
2635 3778 2874 3845 nunquid
2919 3778 3308 3846 desperandum
3351 3790 3436 3836 est
3480 3785 3566 3839 his

2014 3864 2104 3930 qui
2131 3873 2252 3932 post
2277 3864 2604 3932 baptismum
2631 3867 2794 3919 vitam
2822 3862 3208 3935 coinquinant?
3230 3869 3405 3925 Absit.
3430 3871 3566 3926 Cur-

2012 3961 2132 4007 rant
2161 3953 2338 4020 itaque
2379 3954 2447 4006 ad
2493 3955 2804 4023 sanguinem
2851 3958 2993 4026 agni,
3045 3972 3149 4011 non
3193 3971 3302 4025 quo
3346 3973 3566 4015 rursum

2014 4056 2152 4109 aqua
2176 4041 2510 4109 baptismatis
2552 4042 2608 4094 in
2635 4055 2701 4095 eo
2735 4042 3178 4109 tinguantur,.sed
3205 4044 3562 4114 laerymarum

2014 4129 2160 4184 fonte
2204 4145 2234 4183 a
2280 4139 2622 4200 peccatorum
2658 4129 2879 4194 maculis
2920 4131 3222 4185 abluantur.
3251 4131 3402 4188 Unde
3437 4150 3561 4190 mos

2012 4223 2252 4287 sequitur
2277 4237 2291 4274 :

2084 4312 2242 4365 Vens.
2273 4313 2334 4366 5..
2353 4343 2423 4354 ———
2449 4313 2555 4377 Qui.
2582 4313 2792 4375 vicerit,
2834 4314 2909 4365 sic
2939 4315 3178 4367 vestietur
3203 4314 3355 4370 albis.
3381 4315 3438 4371 id
3477 4328 3564 4372 est

2013 4401 2103 4469 qui
2126 4414 2232 4468 pro
2250 4399 2568 4468 recipiendis
2594 4398 2832 4452 vestibus
2869 4413 2992 4450 cum
3037 4401 3257 4456 inimico
3297 4404 3576 4460 dimicans

363 4490 475 4544 sive
496 4491 550 4543 in
569 4486 1026 4557 pradicatoribus,
1057 4500 1152 4538 seu
1177 4485 1233 4537 in
1263 4483 1576 4552 quibusdam
1604 4484 1718 4538 suis
1762 4484 1912 4536 andi-
1937 4482 1988 4541 Β
2010 4491 2216 4553 vicerit,
2246 4490 2319 4543 ita
2347 4504 2532 4543 rursus
2555 4489 2754 4544 eisdem
2793 4489 3012 4543 indutus
3036 4490 3366 4558 splendebit,
3395 4503 3456 4549 ut

363 4580 589 4644 toribus,
615 4579 756 4632 hunc
783 4575 1026 4645 angelum
1055 4587 1265 4626 nomen
1308 4571 1508 4626 habere
1550 4570 1692 4636 quod
1728 4570 1908 4634 vivat,

363 4668 613 4735 operibus
660 4679 789 4720 vero
833 4671 1100 4717 mortuum
1143 4661 1413 4728 designat,
1441 4657 1708 4724 quomodo
1735 4657 1909 4711 eidem

362 4755 695 4808 admonendo
722 4752 982 4807 subinfert
1005 4769 1019 4802 :
1042 4749 1169 4814 Esto
1191 4747 1432 4817 uigilans,
1453 4755 1500 4798 et
1522 4745 1770 4813 conﬁrma
1810 4762 1910 4798 ec-

363 4854 470 4897 tera
491 4859 608 4912 quae
628 4845 883 4895 moritura
900 4851 1046 4895 erant
1061 4841 1086 4892 ?
1102 4827 1392 4938 Sciendum
1417 4838 1593 4906 itaque
1623 4836 1747 4905 quia
1770 4851 1912 4890 mor—

365 4946 508 4986 tuum
535 4948 599 4986 ex
635 4940 795 5000 parte
811 4929 1146 4994 criminibus,
1173 4945 1240 4986 ex
1267 4938 1422 4996 parte
1448 4944 1573 4982 vero
1593 4929 1746 4983 bonis
1781 4943 1910 4996 ope-

365 5027 512 5079 ribus
536 5027 710 5079 vivum
733 5024 982 5076 ostendit.
1007 5021 1114 5074 Sed
1146 5021 1417 5087 quomolo
1449 5036 1517 5072 es
1557 5028 1708 5086 parte
1752 5020 1906 5080 vivit,

364 5118 453 5181 qui
496 5116 580 5170 vel
614 5130 720 5169 uno
743 5113 968 5167 criice
1011 5117 1251 5164 mortuus
1285 5110 1408 5161 est?
1441 5110 1545 5163 nisi
1572 5110 1697 5177 quia
1734 5109 1780 5162 si
1813 5123 1910 5176 per

366 5205 728 5272 pmnitentiam
758 5219 788 5257 a
811 5210 1029 5272 peccato
1055 5199 1374 5261 surrexerit,
1403 5214 1504 5253 nec
1526 5199 1612 5253 illa
1633 5201 1770 5254 bona
1791 5213 1909 5265 qua

366 5303 606 5350 mortuus
630 5295 813 5359 gessit,
843 5301 964 5360 post
987 5293 1172 5344 vivens
1195 5288 1420 5350 amittit,
1445 5289 1570 5356 quia
1592 5303 1711 5345 cum
1739 5286 1840 5340 illo
1858 5292 1912 5338 et

368 5389 477 5454 ipsa
498 5383 834 5438 viviﬁcantur
852 5399 867 5444 ;
887 5391 942 5436 et
969 5384 1087 5436 ideo
1098 5380 1255 5459 ,laudit
1278 5397 1289 5429 :
1315 5378 1440 5444 Esto
1463 5379 1700 5447 vigilans,
1721 5385 1769 5429 et
1792 5391 1888 5432 con

368 5477 519 5542 ﬁrma
545 5483 729 5528 ea'tera
770 5488 885 5540 quc
919 5475 1171 5525 moritura
1199 5479 1362 5524 erant.
1395 5468 1447 5522 Id
1485 5477 1568 5524 est
1592 5470 1636 5523 si
1665 5484 1727 5522 ea
1764 5474 1912 5534 parte

370 5575 471 5627 qua
497 5571 734 5616 mortuus
758 5576 817 5613 es
846 5561 1117 5614 reviviscis
1141 5601 1159 5624 ,
1191 5570 1383 5613 caetera
1424 5572 1542 5624 qua:
1568 5556 1742 5610 adhuc
1769 5557 1822 5608 in
1862 5563 1912 5608 te

372 5651 572 5712 vivunt,
599 5668 662 5704 nc
688 5652 1000 5706 moriantur,
1029 5650 1331 5707 conﬁrmas.
1366 5647 1544 5708 Aliter,
1595 5646 1742 5698 naulti
1789 5653 1907 5698 sunt

2011 4581 2101 4648 qui
2130 4595 2223 4634 eas
2250 4577 2618 4633 immaculatas
2643 4586 2943 4633 servaan
2967 4577 3144 4632 Potest
3171 4577 3275 4632 hoc
3293 4586 3346 4632 et
3374 4580 3569 4637 inﬁdo-

2011 4669 2150 4722 libus
2176 4669 2367 4736 aptari,
2397 4669 2488 4735 qui
2513 4668 2795 4722 hortantur
2815 4674 2876 4720 ut
2897 4667 3129 4730 vincant,
3159 4665 3214 4720 id
3237 4674 3318 4720 est
3338 4668 3565 4724 credant

2011 4756 2064 4810 in
2093 4756 2401 4818 Christum;
2429 4757 2553 4823 quia
2582 4757 2696 4810 hac
2718 4764 2801 4809 est
2828 4756 3045 4811 victoria
3072 4771 3190 4824 qua
3212 4756 3372 4810 vinci'
3405 4772 3556 4813 multo

2010 4845 2154 4907 dum,
2177 4845 2308 4897 fides
2334 4852 2534 4896 nostra.
2564 4842 2632 4895 Et
2669 4859 2772 4896 non
2792 4843 2968 4897 delebo
2994 4861 3174 4898 nomen
3196 4845 3310 4914 ejus
3334 4845 3399 4897 de
3423 4844 3554 4903 ειη

2008 4932 2142 4984 νίιω.
2174 4930 2360 4999 Magna
2389 4930 2542 4983 nobis
2565 4931 2669 4984 hoc
2690 4930 2810 4987 loco
2834 4933 3007 4986 oritur
3028 4934 3266 5002 quatit).
3295 4931 3386 4988 Sic
3407 4935 3554 4992 enim

2009 5019 2168 5071 verba
2208 5033 2400 5072 sumre
2423 5017 2693 5082 videntur,
2716 5034 2781 5072 ac
2804 5019 2850 5073 si
2873 5019 2990 5087 eius
3013 5021 3105 5088 qui
3130 5036 3234 5076 non
3261 5021 3428 5077 vincit
3459 5038 3556 5081 no-

2010 5124 2131 5162 men
2153 5110 2218 5163 de
2245 5109 2382 5163 libro
2418 5107 2675 5170 deleatur,
2721 5124 2842 5162 cum
2881 5118 3090 5164 constet
3134 5125 3236 5164 non
3269 5110 3403 5166 alios
3441 5114 3551 5170 nisi

2009 5199 2207 5252 electos
2233 5199 2287 5251 in
2315 5197 2434 5252 οωιί
2461 5197 2598 5252 libro
2613 5198 2784 5254 beata:
2805 5199 3285 5266 prtedestinationis
3311 5201 3450 5270 ston
3473 5211 3549 5257 te-

2009 5290 2124 5342 neri
2153 5290 2436 5357 ascriptus.
2462 5288 2645 5342 Restat
2667 5289 2848 5356 itaque
2886 5298 2945 5343 ut
2983 5289 3268 5344 secundum
3299 5290 3554 5347 usitatam

2009 5393 2176 5432 sacra:
2220 5379 2510 5447 Scriptura:
2552 5378 2872 5439 locutionem
2911 5380 3263 5449 intelligamus
3307 5383 3555 5450 rcpmbo-

2009 5482 2126 5520 rum
2153 5467 2364 5522 nomina
2389 5468 2455 5520 de
2483 5467 2619 5522 libro
2646 5470 2766 5522 vita:
2785 5469 2973 5531 deleri;
3004 5469 3059 5522 id
3080 5478 3160 5524 est
3185 5483 3280 5536 per
3303 5471 3551 5527 meritum

2009 5554 2395 5622 reprobationis
2418 5569 2749 5623 nequaquam
2776 5558 2934 5611 scribi
2959 5558 2987 5619 ;“
3001 5557 3439 5625 quemadmodum
3461 5576 3555 5617 cor

2011 5641 2303 5694 Pharaonis
2331 5658 2361 5693 a
2392 5641 2614 5696 Domino
2643 5643 2836 5696 dicitur
2879 5645 3137 5702 indurari.
3183 5644 3340 5700 Liber
3376 5658 3552 5701 autem
