4262 6224
651 364 776 415 ΜΗ

1476 362 1531 412 s.
1574 361 1632 413 l-‘.
1675 359 1891 413 ALBINI
1931 360 2059 413 sui;
2100 358 2368 412 summ
2406 357 2685 411 ornauit
2724 357 2899 411 rans
2936 326 2995 409 u.

3710 359 3846 411 ηιξ

651 474 747 525 iste
770 478 853 525 est
880 470 957 522 vis
976 470 1214 537 quzedam
1242 469 1438 530 divina,
1460 482 1578 536 quae
1598 468 1886 522 electorum
1916 482 2193 521 numerum
2221 474 2271 529 Α
2296 481 2347 517 ιι
2366 505 2381 529 ,
2418 465 2537 534 25);
2569 468 2661 535 qui
2690 481 2831 519 nunc
2867 465 3077 519 Judzeus
3121 482 3177 520 se
3221 483 3338 521 esse
3376 468 3579 531 dicunt,
3608 468 3699 522 sed
3739 486 3843 523 non

648 568 853 612 certum
894 572 957 610 ac
999 558 1271 610 deﬁnitum
1310 566 1433 609 ante
1482 556 1671 609 szecula
1721 556 2113 624 predestinavit
2141 557 2193 607 in

647 648 819 714 gloria
841 645 1094 699 futurum.
1123 644 1338 697 Dicatur
1360 659 1488 713 ergo
1515 644 1578 697 de
1605 644 1807 696 victore
1830 661 1842 695 :
1878 643 1996 696 Non
2020 644 2194 695 delebo

651 752 832 787 nomen
857 736 966 803 ejus
992 738 1056 789 de
1072 734 1202 786 libro
1225 736 1339 787 vita
1354 751 1372 797 ,'
1398 749 1461 787 ac
1485 734 1530 786 si
1562 733 1761 787 diceret
1784 750 1797 784 :
1827 748 1983 802 quem
2024 735 2193 785 victo-

656 844 765 880 rem
797 827 1029 879 futurum
1060 829 1189 890 scio,
1222 842 1411 881 nomen
1440 827 1555 894 ejus
1582 825 1693 893 jam
1723 827 1978 895 scriptum
2008 828 2059 880 in
2088 842 2195 881 ete-

648 914 713 965 lis
732 922 913 967 teneo.
945 914 1009 967 Et
1037 916 1312 981 conﬁtebor
1330 932 1512 968 nomen
1539 916 1652 983 ejus
1686 932 1858 968 coram
1900 916 2059 969 Patre
2082 932 2193 968 meo

651 1013 695 1052 rt
730 1005 924 1071 angelis
946 1003 1077 1071 ejus.
1102 1004 1238 1069 Quid
1264 1012 1344 1056 est
1368 1004 1502 1057 Filio
1530 1004 1621 1056 Dei
1652 1004 1871 1056 victoris
1896 1018 2084 1055 nomen
2112 1019 2194 1056 cn-

651 1107 762 1143 ram
804 1091 961 1144 Patre
993 1104 1045 1145 et
1086 1090 1288 1154 angelis
1316 1091 1553 1143 conﬁteri
1581 1132 1595 1151 ,
1624 1092 1722 1143 nisi
1752 1091 1907 1143 bonis
1946 1093 2194 1159 operibus

652 1178 854 1231 unitnn:
886 1179 984 1232 sihi
1014 1179 1156 1233 illum
1188 1181 1464 1232 ostendere
1505 1180 1595 1248 qui
1640 1181 1860 1232 vicerit?
1886 1183 2025 1247 quod
2069 1191 2193 1234 tunc

652 1269 1009 1333 principaliter
1036 1271 1127 1321 lict
1166 1285 1287 1323 cum
1334 1272 1517 1324 electis
1554 1272 1794 1324 dicturus
1839 1282 1959 1325 est:
1998 1272 2192 1335 Venite,

647 1356 890 1405 benedicti
923 1355 1091 1407 Ριιιηδ
1122 1360 1219 1409 mei
1248 1358 1455 1427 (Matth.
1484 1375 1609 1421 xxv,
1631 1360 1742 1427 54),
1770 1368 1824 1412 et
1853 1362 2070 1428 reliqua.

717 1441 873 1491 Vens.
909 1441 957 1491 7.
986 1472 1048 1479 —-
1082 1442 1145 1495 Et
1172 1446 1350 1513 angelo
1379 1443 1751 1516 Philadelphia:
1776 1448 2025 1501 Ecclesia:
2062 1452 2189 1502 scri-

650 1530 748 1581 lve:
776 1529 899 1581 Ηατ
937 1531 1057 1582 dicit
1089 1532 1311 1586 Sanctus
1352 1544 1400 1585 ct
1466 1533 1641 1589 Verus.
1690 1536 1777 1603 qni
1816 1537 1961 1587 habet
2003 1536 2193 1588 clarcm

650 1618 829 1677 Ilarid,
872 1620 960 1685 qui
988 1624 1147 1687 apt-rit
1180 1634 1225 1673 et
1270 1641 1414 1675 nemo
1457 1622 1675 1684 claudit,
1717 1625 1911 1676 claudit
1957 1635 2005 1677 ct
2050 1643 2193 1679 nemo

642 1725 655 1749 ι
677 1706 821 1767 perit.
856 1706 1035 1772 (νίας.
1064 1709 1140 1775 8.)
1168 1708 1297 1761 Ecce
1321 1710 1440 1761 dedi
1464 1727 1635 1762 coram
1659 1723 1705 1762 te
1730 1713 1912 1763 ostium
1939 1724 2192 1780 apertum,

2296 564 2439 617 sunt,
2467 557 2589 622 quia
2618 570 2810 608 nomen
2838 556 2978 623 quod
3002 556 3239 608 exterius
3280 555 3567 611 secundum
3611 554 3843 612 litteram

2294 654 2505 713 gemat,
2537 646 2677 698 intus
2718 645 3008 698 secundum
3034 645 3277 713 spiritum
3305 647 3613 700 amiserunt.
3640 645 3847 703 Judae-

2296 750 2411 786 rum
2434 736 2628 802 quippe
2662 735 2891 788 ncminis
2911 736 3204 803 expressio,
3226 734 3423 790 Christi
3455 744 3540 789 est
3559 736 3842 792 confessio.

2294 823 2408 875 Elia
2452 832 2629 876 autem
2654 833 2709 876 et
2736 823 2913 876 Enoch
2954 824 3384 891 praedicantibus,
3411 834 3536 878 ante
3560 826 3721 894 pedes
3748 826 3847 880 Ec-

2291 914 2465 967 clesia:
2491 915 2761 967 adoraturi
2788 914 3020 976 venient,
3061 916 3189 983 quia
3218 915 3442 969 actionis
3466 914 3580 982 ejus
3603 917 3844 985 exempla

2293 1003 2550 1057 imitando
2575 1003 2989 1057 venerabantur.
3022 1004 3208 1073 (Vsus.
3245 1004 3353 1069 IO.)
3383 1004 3640 1067 Quoniam
3675 1022 3847 1058 serva-

2292 1092 2357 1143 sti
2396 1095 2596 1143 uerbum
2631 1092 2913 1159 patientur,
2958 1098 3014 1142 ct
3052 1098 3267 1143 caetera.
3302 1090 3532 1144 Verbum
3577 1091 3845 1158 patientia:

2268 1188 2271 1191 '
2292 1189 2373 1231 est
2392 1180 2532 1247 quod
2554 1179 2809 1233 Dominus
2826 1178 3067 1248 exemplo
3096 1180 3429 1240 monstravit,
3450 1194 3570 1232 cum
3595 1180 3645 1232 in
3677 1194 3837 1234 cruce

2290 1268 2496 1334 positus
2534 1282 2631 1334 pro
2675 1265 3107 1355 persecutoribus
3150 1267 3343 1327 oravit,
3382 1276 3438 1318 et
3463 1265 3645 1319 verbis
3666 1267 3846 1331 ὀοᾳείι

2291 1355 2509 1409 dicens:
2546 1354 2612 1406 In
2629 1352 2877 1422 patientia
2901 1362 3065 1406 vestra
3084 1352 3408 1420 possidebitis
3428 1352 3627 1405 animas
3654 1363 3844 1406 rastros

2292 1444 2441 1509 (Luc.
2470 1460 2559 1497 ut
2580 1484 2595 1505 ,
2635 1442 2740 1511 l9).
2769 1442 2919 1507 Quod
2944 1450 3121 1495 autem
3155 1441 3415 1510 sequitur,
3440 1450 3487 1494 et
3524 1457 3615 1509 ego
3640 1450 3689 1493 te
3731 1458 3838 1494 ser-

2295 1532 2423 1584 vabo
2471 1534 2535 1584 ab
2564 1534 2693 1584 liora
2726 1531 3027 1583 tentationis
3056 1546 3170 1599 qua
3205 1540 3417 1583 ventura
3457 1540 3531 1582 est
3575 1530 3631 1582 in
3673 1530 3843 1582 orbem

2295 1628 2589 1678 universum
2610 1635 2811 1677 tentare
2839 1623 3130 1675 habitantes
3161 1622 3214 1675 in
3240 1631 3395 1677 terra.
3430 1622 3497 1674 ad
3533 1621 3843 1675 Antichristi

2296 1726 2531 1783 tempora
2559 1714 2892 1767 referendum
2924 1721 3028 1774 est,
3061 1713 3159 1764 sub
3196 1725 3301 1779 quo
3324 1718 3466 1763 tanta
3496 1712 3600 1763 erit
3627 1710 3847 1763 tribula-

644 1795 775 1857 quod
810 1812 957 1847 nemo
977 1807 1137 1864 potest
1165 1798 1420 1852 claudere.
1450 1800 1649 1855 Idcirco
1676 1802 1928 1855 Dominus
1958 1804 2189 1869 siagnla-
2223 1796 2263 1852 Β
2294 1804 2389 1866 tio,
2418 1812 2618 1872 quanta
2654 1818 2757 1855 non
2786 1801 2884 1854 fuit
2926 1800 2992 1853 ab
3038 1800 3190 1854 initio
3236 1798 3434 1852 saeculi.
3475 1800 3613 1852 Dura
3654 1800 3847 1867 quippe

646 1884 774 1934 riter
797 1894 1011 1938 sanctus
1030 1902 1091 1939 ac
1116 1901 1274 1941 verus
1302 1887 1516 1949 dicitur,
1544 1889 1665 1956 quia
1688 1889 1754 1941 ad
1774 1890 1889 1957 ejus
1914 1904 2191 1959 compara-

644 1973 837 2024 tionem
883 1975 1053 2027 nullus
1097 1985 1179 2028 est
1206 1987 1422 2029 sanctus
1453 1978 1534 2030 vel
1564 1992 1745 2030 verax.
1798 1978 2063 2046 Scriptum
2111 1988 2193 2032 est

642 2061 779 2112 enim
806 2079 817 2111 :
854 2061 1016 2115 Nemo
1044 2066 1268 2116 mundus
1299 2082 1327 2117 a
1357 2065 1529 2117 sorde.
1562 2065 1628 2118 Et
1653 2066 1778 2117 item
1808 2083 1820 2115 :
1854 2067 2016 2117 omnis
2040 2067 2189 2117 homo

640 2149 863 2199 mendax
886 2148 1053 2217 (Psal.
1083 2167 1205 2209 μιν,
1242 2152 1349 2217 ll}.
1376 2150 1588 2203 Clavem
1616 2159 1791 2203 autem
1821 2150 1986 2203 David
2014 2151 2190 2204 incar-

641 2237 906 2288 nationem
932 2238 1297 2307 Redemptoris
1326 2241 1489 2293 nostri
1516 2241 1826 2307 accipimus,
1854 2256 2015 2309 quam
2046 2257 2187 2295 sum-

642 2322 744 2389 psit
764 2339 827 2376 ex
854 2327 1052 2378 semine
1081 2328 1261 2379 Dmid.
1291 2328 1494 2381 Ostium
1520 2329 1657 2394 quod
1684 2327 1867 2380 eadem
1888 2329 2052 2381 clavis
2066 2345 2187 2397 ape-

644 2414 717 2462 rit
760 2422 849 2465 aut
892 2416 1115 2477 claudit,
1171 2418 1280 2482 ipse
1340 2426 1424 2469 est
1467 2416 1710 2469 Christus
1748 2435 1761 2477 ;
1801 2416 1953 2482 juxta
2002 2416 2126 2470 illud
2172 2433 2183 2470 :

647 2502 753 2567 biga
779 2519 889 2555 sum
918 2504 1121 2563 ostium,
1168 2514 1221 2557 et
1258 2515 1471 2557 cu‘tet'a.
1501 2504 1676 2563 (Joan.
1727 2522 1783 2567 Χ,
1829 2506 1905 2573 9.)
1934 2505 2019 2559 Sic
2045 2507 2185 2559 enim

640 2586 805 2637 rlavis
832 2594 882 2638 et
908 2588 1101 2639 ostium
1132 2588 1263 2639 sicut
1295 2590 1345 2639 in
1393 2588 1673 2655 Evangelio
1711 2598 1909 2655 pastor,
1939 2598 1993 2641 et
2026 2591 2186 2642 ostia-

645 2674 754 2727 rius
774 2674 927 2726 simul
951 2683 1005 2727 et
1029 2676 1222 2727 ostium
1254 2685 1489 2729 vocatur.
1514 2676 1717 2729 Ostium
1744 2677 1920 2743 itaque
1941 2687 2182 2746 apertum

641 2773 722 2815 est
747 2763 987 2817 Christus
1013 2766 1297 2817 secundum
1325 2779 1538 2819 carnem
1583 2775 1756 2828 natus,
1793 2776 1848 2819 et
1883 2782 2092 2835 passus,
2120 2783 2183 2821 ac

641 2854 725 2903 die
760 2854 913 2905 tertia
944 2854 1261 2917 suscitatus;
1309 2863 1548 2923 apertum
1586 2869 1713 2908 vero
1749 2870 1849 2908 non
1876 2856 2179 2919 incredulis,

639 2958 698 2995 se
720 2946 730 2995 l
752 2944 1106 2998 credentibus.
1137 2944 1245 2999 lloe
1273 2948 1466 3000 ostium
1490 2946 1738 3001 claudere
1766 2947 2071 3001 nitebantur
2096 2947 2179 3001 ,1η-

2291 1903 2447 1947 erunt
2470 1907 2751 1961 corporum
2780 1891 3017 1951 vulnera,
3046 1889 3139 1943 sed
3165 1888 3407 1957 graviora
3422 1886 3844 1940 adversariorum

2289 1981 2464 2048 jacula
2494 1980 2672 2050 [Cod.,
2694 1976 2994 2046 miracula].
3028 1976 3132 2028 Sed
3160 1975 3330 2027 sancti
3359 1990 3390 2027 a
3429 1973 3719 2027 tentatione
3755 1972 3847 2026 de-

2290 2070 2549 2136 ceptionis
2576 2066 3012 2125 reservabuutur,
3042 2064 3168 2131 quia
3196 2078 3299 2116 non
3334 2062 3758 2130 provocabuntur
3779 2062 3847 2113 ad

2288 2154 2486 2207 Christi
2512 2153 2861 2221 negationem.
2886 2151 3069 2219 (Vnus.
3104 2148 3213 2219 ll.)
3244 2147 3401 2201 Venio
3424 2149 3547 2210 cito,
3581 2155 3692 2199 tene
3710 2148 3846 2215 quod

2288 2242 2459 2294 habes.
2489 2241 2607 2295 Cito
2624 2255 2684 2293 se
2697 2240 2950 2293 Dominus
2969 2245 3251 2290 venturum
3268 2236 3419 2297 dicit,
3434 2250 3499 2288 ne
3522 2234 3642 2303 quis
3662 2234 3714 2286 in
3736 2248 3847 2287 cer-

2290 2330 2485 2381 tamine
2504 2326 2774 2381 deﬁceret.
2792 2324 3062 2379 Citoenim
3084 2323 3141 2377 ﬁt
3170 2338 3328 2378 omne
3341 2322 3481 2392 quod
3509 2321 3723 2375 transit.
3744 2321 3844 2374 Te-

2287 2434 2415 2472 nere
2450 2426 2627 2471 autem
2656 2417 2799 2469 illum
2824 2416 3073 2469 admonet
3095 2414 3327 2468 caelestis
3345 2414 3467 2467 vita:
3488 2412 3845 2466 conversatio-

2286 2520 2429 2567 nem,
2466 2513 2521 2557 et
2555 2504 2726 2556 reddit
2771 2518 3011 2564 causam,
3043 2500 3367 2569 subjungens
3399 2518 3411 2552 :
3456 2508 3511 2551 ut
3535 2514 3681 2551 nemo
3708 2498 3844 2551 alius

2283 2593 2502 2660 accipiat
2539 2605 2783 2642 coronam
2824 2599 2988 2641 tuam.
3035 2589 3090 2641 In
3117 2603 3221 2656 qua
3259 2586 3523 2641 sententia
3549 2584 3841 2639 electorum

2283 2694 2561 2733 numerum
2605 2685 2812 2732 certum
2842 2692 2905 2732 ac
2940 2678 3215 2731 deﬁnitum
3242 2676 3482 2730 videmus
3519 2674 3835 2743 complecti;

2284 2767 2543 2835 stupenda
2578 2782 2797 2835 prorsus
2828 2765 3253 2819 consideratione
3292 2764 3580 2823 intuentes,
3603 2762 3726 2816 huic
3742 2776 3841 2814 nec

2277 2853 2395 2907 addi
2431 2870 2751 2923 quemquam
2791 2868 2947 2923 posse
2981 2868 3079 2907 nec
3132 2852 3324 2905 minui.

2350 2940 2510 2993 Vsus.
2536 2940 2618 2991 l2.
2641 2970 2709 2977 —
2727 2940 2827 3003 Qui
2852 2940 3045 3002 vicerit,
3074 2939 3265 3007 faciam
3292 2938 3439 2991 illum
3466 2938 3757 2991 columnam
3784 2940 3839 2991 in

639 3032 910 3094 alnei,cum
932 3035 1084 3086 wsis
1119 3035 1366 3101 apostolis
1407 3036 1707 3089 nuntiarent
1753 3051 1819 3089 ne
1871 3038 1922 3089 in
1970 3038 2181 3090 nomine
2278 3038 2322 3080 ιε

2158 3052 2181 3090 ε
2278 3026 2465 3095 templo
2497 3026 2591 3079 Dei
2630 3027 2748 3079 mei.
2780 3026 3052 3094 Templum
3081 3027 3173 3081 Dei
3214 3027 3449 3081 Ecclesia
3476 3034 3580 3090 est,
3600 3024 3752 3093 juxta
3780 3026 3841 3077 il-

638 3120 759 3171 Jesu
790 3121 1156 3189 loquerentur;
1185 3124 1276 3176 sed
1298 3124 1419 3192 quia
1450 3124 1537 3177 illo
1562 3125 1831 3192 aperiente
1855 3140 2009 3177 nemo
2042 3126 2183 3177 clau-
2207 3115 2250 3173 C
2283 3118 2368 3170 Iud
2395 3136 2407 3171 :
2441 3117 2702 3184 Templum
2725 3117 2822 3170 Dei
2848 3127 3081 3170 sanctum
3106 3128 3180 3171 est
3208 3118 3344 3187 quod
3364 3117 3483 3170 estis
3514 3134 3598 3169 eos
3628 3115 3679 3185 (1
3717 3114 3837 3167 Cor.

643 3207 735 3267 dit,
791 3210 1041 3263 continuo
1089 3213 1513 3281 responderunt:
1582 3214 1702 3268 Non
1753 3232 2023 3282 possumus
2087 3231 2183 3268 nos

640 3313 752 3363 qua!
776 3296 1061 3351 audivimus
1106 3316 1208 3353 non
1235 3300 1373 3370 loqui
1400 3304 1531 3369 (Aet.
1579 3318 1651 3364 tv,
1689 3303 1799 3371 9.0).
1839 3300 1948 3356 Hoc
1976 3303 2185 3357 Asianis

643 3383 881 3437 elatisum
930 3388 1150 3454 apostoli
1192 3390 1399 3457 aperire
1427 3397 1794 3453 tentaverant;
1839 3391 1929 3443 sed
1968 3392 2090 3459 quia
2120 3406 2185 3444 eo

641 3472 917 3527 claudente
945 3489 1098 3528 nemo
1123 3478 1310 3543 aperit,
1356 3478 1625 3545 prohibuit
1650 3493 1743 3530 eos
1782 3469 1999 3546 spiritus
2036 3476 2180 3531 Jesu.

640 3560 820 3615 Potest
842 3571 897 3616 et
922 3579 1017 3631 per
1046 3567 1231 3618 ostium
1262 3576 1491 3634 apertum
1520 3566 1793 3633 Scriptura
1826 3565 2061 3632 intelligi,
2089 3581 2185 3632 per

641 3666 793 3712 quam
840 3654 957 3704 ﬁdei
982 3653 1249 3721 gressibus
1276 3655 1341 3706 ad
1381 3654 1647 3706 Christum
1696 3654 1971 3705 intramus.
2005 3654 2185 3721 Aperit

647 3746 823 3806 itaque
858 3742 1053 3794 ostium
1079 3742 1227 3795 clave
1271 3743 1456 3805 David,
1504 3749 1559 3794 et
1604 3757 1759 3795 nemo
1801 3740 2016 3803 claudit,
2060 3742 2184 3808 quia

642 3829 930 3896 Scriptura:
965 3845 1132 3885 saeue
1172 3832 1401 3899 eloquia,
1429 3847 1546 3899 qua:
1573 3846 1668 3899 per
1691 3832 1913 3899 gratiam
1944 3831 2185 3883 incarna-

642 3919 797 3969 tionis
823 3932 933 3969 sua:
958 3918 1154 3971 electos
1194 3920 1501 3987 spiritaliter
1530 3919 1817 3987 intelligere
1845 3918 1993 3982 facit,
2041 3919 2184 3971 nullo

639 4005 936 4058 Judarorum
966 4007 1224 4060 velamine
1263 4009 1313 4061 in
1358 4024 1542 4061 eorum
1587 4007 1836 4061 cordibus
1865 4007 2184 4060 adumbrare

644 4094 799 4145 \alel.
844 4094 885 4145 E
911 4097 1177 4148 contrario
1224 4094 1417 4148 Judzcis
1450 4110 1556 4147 non
1601 4095 1937 4148 credentibus
1964 4094 2182 4155 claudit,

645 4192 696 4233 rt
718 4201 744 4233 ιι
773 4198 1037 4251 quoquam
1072 4183 1264 4251 aperiri
1293 4200 1394 4237 non
1423 4193 1613 4252 potest.
1646 4183 1755 4237 Hoc
1783 4185 1941 4237 etiam
1968 4183 2181 4237 morali-

642 4282 721 4322 ter
749 4272 936 4325 discuti
963 4272 1139 4325 valet:
1185 4274 1305 4342 quia
1342 4272 1594 4326 modicam
1639 4273 1792 4325 habes
1840 4274 2095 4335 virtutem,
2136 4281 2183 4325 et

640 4362 851 4413 servasti
878 4362 1081 4414 verbum
1122 4378 1313 4427 meum,
1351 4373 1398 4415 et
1427 4380 1528 4415 non
1558 4363 1751 4431 negasti
1782 4379 1965 4415 nomen
1990 4379 2179 4415 meum.

2282 3223 2376 3267 Ill,
2424 3206 2527 3273 l7).
2576 3205 2640 3257 Et
2687 3206 2811 3273 quia
2849 3220 2955 3257 non
2998 3205 3167 3257 solum
3209 3205 3605 3273 prmdicatorcs,
3651 3202 3745 3256 sed
3784 3210 3840 3255 et

2280 3298 2401 3351 boni
2429 3297 2721 3359 auditores,
2757 3296 2823 3350 de
2850 3297 3069 3364 antiquo
3108 3298 3260 3351 hoste
3289 3296 3647 3365 triumphant;
3680 3302 3839 3363 atque

2283 3387 2333 3438 in
2365 3388 2465 3440 hoc
2486 3387 2749 3440 versiculo
2784 3388 2957 3440 omnis
2984 3388 3071 3455 qui
3106 3387 3314 3451 vicerit,
3338 3386 3587 3441 columna
3613 3387 3665 3439 in
3704 3393 3838 3439 tem—

2280 3477 2366 3546 plo
2394 3478 2485 3531 Dei
2525 3478 2637 3529 tieri
2670 3478 2997 3543 perhibetur,
3029 3477 3182 3531 fateri
3214 3480 3452 3547 cogimur
3481 3478 3580 3530 hoc
3605 3490 3724 3529 esse
3748 3489 3839 3527 co—

2282 3566 2510 3618 lumnam
2549 3566 2689 3633 quod
2745 3565 3037 3634 templum;
3069 3568 3120 3619 id
3157 3576 3239 3619 est
3266 3566 3620 3619 universalcm
3653 3564 3836 3618 Eccle-

2282 3657 2432 3708 siam.
2466 3656 2521 3709 In
2548 3672 2611 3710 eo
2641 3673 2766 3709 vero
2788 3658 2926 3724 quod
2952 3658 3233 3710 subditur:
3281 3667 3328 3710 et
3367 3657 3507 3725 foras
3543 3673 3644 3709 non
3687 3671 3839 3723 egreu

2280 3747 2451 3797 dietur
2475 3747 2719 3814 amplius,
2748 3755 2929 3815 aperte
2966 3748 3263 3799 ostenditur
3286 3747 3409 3814 quia
3444 3744 3677 3798 Ecclesia
3697 3743 3836 3810 jam-

2283 3834 2483 3902 pridem
2520 3833 2572 3885 in
2590 3833 2801 3899 jnniore
2825 3832 2987 3884 fratre
3011 3832 3079 3884 ab
3112 3832 3313 3887 unitate
3342 3832 3462 3885 ﬁdei
3490 3841 3544 3885 et
3571 3831 3835 3900 operatio-

2282 3927 2385 3986 nis,
2444 3940 2602 3992 quam
2642 3926 2694 3977 in
2718 3925 2989 3993 prophetis
3031 3926 3129 3979 sub
3150 3925 3265 3992 lege
3288 3924 3478 3986 tenuit,
3505 3924 3570 3975 ad
3593 3937 3832 3976 errorem

2281 4012 2514 4079 perﬁdim
2541 4022 2594 4065 et
2626 4028 2801 4079 prava:
2839 3998 3063 4067 actionis
3092 4014 3407 4071 transierat;
3445 4012 3538 4065 sed
3567 4011 3832 4064 occisione

2283 4102 2431 4153 vituli
2462 4103 2686 4171 saginati
2738 4110 2946 4173 recepta
2984 4111 3084 4155 est.
3129 4102 3314 4164 Aliter,
3348 4102 3400 4154 in
3447 4084 3615 4155 Adam
3649 4116 3834 4152 omnes

2281 4192 2543 4244 exivimus
2596 4201 2704 4243 tam
2741 4190 2908 4244 Judmi
2944 4208 3103 4259 quam
3148 4200 3360 4260 gentes;
3408 4190 3500 4243 sed
3545 4190 3831 4242 introlucti

2283 4281 2514 4334 victores
2540 4280 2607 4333 ad
2630 4282 2918 4333 secundum
2944 4279 3135 4341 Adam,
3160 4279 3402 4332 columna
3434 4277 3609 4346 templi
3638 4278 3729 4330 Dei
3752 4276 3834 4330 el-

2286 4369 2523 4430 ﬁcimur;
2570 4368 2693 4435 quia
2746 4380 2841 4436 per
2882 4366 3197 4435 sanguinem
3235 4366 3471 4433 ejusdem
3524 4364 3833 4418 mediatoris

652 4448 745 4501 llic
788 4463 889 4501 non
929 4464 1091 4519 parva
1131 4450 1302 4501 oritur
1328 4452 1575 4517 quaestio;
1628 4450 1889 4517 quomodo
1925 4450 2185 4503 modicam
2212 4432 2265 4491 υ
2288 4454 2489 4516 nostri,
2539 4432 2763 4520 antiqui—
2795 4454 2961 4507 hostis
2984 4432 3314 4506 tentamenta
3360 4460 3691 4521 superantes,
3739 4449 3827 4502 illa

648 4538 837 4591 habeat
877 4538 1147 4600 virtutem,
1176 4538 1264 4607 qui
1292 4537 1511 4592 verbum
1539 4536 1630 4591 Dei
1660 4545 1858 4599 servat,
1895 4545 1951 4590 et
1993 4552 2183 4592 nomen

637 4626 752 4691 l‘lus
778 4641 880 4679 non
912 4635 1085 4694 negat.
1114 4626 1394 4680 Sciendum
1424 4627 1585 4695 igitur
1614 4627 1737 4693 quia
1767 4622 1916 4690 juxta
1956 4625 2184 4678 arstima-

643 4716 839 4768 tionem
881 4714 1121 4767 humana:
1164 4713 1488 4767 inﬁrmitatis
1511 4712 1708 4766 dictum
1747 4720 1852 4771 est,
1879 4712 2001 4779 quia
2029 4711 2181 4765 electi

640 4818 761 4855 cum
806 4802 970 4855 multa
1007 4815 1104 4871 per
1125 4802 1393 4856 Christum
1427 4807 1663 4875 possunt,
1704 4814 1889 4868 parum
1936 4814 1992 4853 se
2030 4815 2185 4868 posse

638 4898 979 4957 praesumunt.
1018 4888 1109 4944 Sic
1133 4891 1274 4943 enim
1300 4889 1515 4950 dicitur,
1550 4888 1804 4939 modicam
1843 4887 1996 4939 habes
2025 4888 2184 4939 uirtu-

641 4988 763 5037 ma,
801 4986 1050 5044 tanquam
1095 4977 1379 5037 diceretur,
1429 4990 1647 5042 parvam
1692 4984 1741 5028 te
1783 4984 1937 5042 putas
1984 4975 2180 5030 habere

642 5072 915 5115 virtutem.

711 5166 868 5216 Vens.
896 5167 949 5219 9.
985 5193 1055 5205 —-
1092 5167 1224 5219 Ecce
1248 5164 1382 5218 dabo
1416 5167 1480 5220 de
1516 5183 1774 5237 synagoga
1814 5166 2047 5228 Satanae,
2092 5184 2177 5237 qui

641 5272 693 5306 se
730 5254 905 5307 dicunt
944 5271 1051 5308 csse
1075 5254 1309 5318 Iudicas,
1348 5266 1395 5309 et
1427 5273 1527 5311 non
1555 5268 1693 5318 sunt,
1721 5258 1809 5310 sed
1837 5256 2173 5309 mentiuntur.

646 5345 773 5397 Ecce
803 5344 991 5410 faciam
1017 5342 1134 5396 illos
1182 5353 1237 5395 ut
1275 5346 1497 5407 reniant,
1538 5356 1586 5397 et
1633 5346 1846 5399 adorent
1875 5353 1993 5407 ante
2030 5345 2178 5412 pedes

642 5450 777 5497 tuos,
801 5446 848 5487 et
871 5436 1028 5488 scient
1053 5436 1300 5504 quoniam
1344 5451 1436 5504 ego
1468 5436 1626 5487 dilexi
1654 5444 1720 5488 te.
1766 5434 1877 5489 Hoc
1903 5435 2019 5488 loco
2049 5433 2180 5487 ﬁdes

641 5523 943 5592 przedicitur
968 5520 1284 5582 Jndmorum,
1314 5524 1462 5591 juxta
1502 5523 1627 5578 illud
1658 5538 1673 5573 :
1717 5522 1875 5575 donec
1916 5520 2176 5590 plenitudo

643 5613 860 5680 gentium
891 5614 1126 5675 introeat,
1157 5623 1201 5663 et
1224 5615 1295 5665 sic
1322 5615 1485 5666 ainnis
1508 5612 1671 5695 Israel
1690 5613 1781 5679 ﬁat
1802 5616 1969 5663 salrns
1999 5611 2169 5678 (Rom.

2288 4542 2651 4597 mandatorum
2688 4543 2975 4597 stabilitate
3000 4542 3055 4594 in
3084 4554 3313 4609 superna
3337 4546 3641 4613 sanctorum
3660 4535 3828 4604 gloria

2287 4638 2593 4700 solidamur,
2631 4651 2790 4705 quam
2834 4636 2886 4688 in
2917 4634 3087 4703 primo
3130 4633 3297 4687 Adam
3345 4630 3586 4684 amisisse
3630 4629 3826 4697 proba-

2288 4742 2423 4780 mur.
2485 4726 2590 4780 Sed
2648 4738 2981 4793 nequaquam
3026 4722 3251 4790 amplius
3308 4719 3452 4772 foras
3504 4716 3825 4786 egredimur,

2285 4816 2409 4883 quia
2434 4815 2590 4868 nullis
2611 4813 2809 4867 inimici
2835 4797 3267 4867 suasionibus‘ah
3289 4808 3375 4861 illa
3396 4806 3626 4861 cmlestis
3645 4806 3830 4875 patria:

2285 4905 2551 4957 communi
2576 4902 2823 4955 felicitate
2848 4902 3158 4955 avellemur.
3193 4899 3262 4952 Et
3284 4907 3409 4952 nota
3435 4897 3559 4966 quia
3581 4897 3745 4950 Deum
3768 4908 3828 4947 se

2279 4990 2406 5045 dicit
2452 4992 2669 5052 habere,
2723 4989 3011 5043 secundum
3051 4985 3434 5039 humanitatem
3480 4984 3718 5050 loquens.
3754 4977 3824 5033 Et

2276 5080 2497 5135 scribam
2512 5094 2665 5146 super
2687 5078 2833 5130 illum
2854 5092 3037 5130 nomen
3064 5075 3159 5128 Dei
3182 5075 3299 5137 mei,
3322 5084 3372 5127 et
3397 5087 3583 5126 nomen
3605 5068 3824 5122 civitatis

2278 5167 2373 5219 Dei
2400 5166 2499 5217 mei
2526 5181 2667 5231 nocte
2709 5162 3036 5217 Hierusalem
3064 5180 3180 5233 ante
3218 5159 3479 5214 dacendit
3520 5158 3584 5210 de
3628 5156 3754 5211 caelo
3791 5174 3825 5209 a

2276 5256 2384 5309 Deo
2408 5271 2542 5315 meo,
2568 5264 2614 5307 et
2636 5270 2817 5306 nomen
2836 5268 3003 5305 meum
3031 5266 3235 5305 novum.
3265 5248 3446 5317 (Vsus.
3473 5248 3581 5316 l3.)
3616 5246 3716 5311 Qui
3736 5246 3828 5298 ha-

2284 5343 2362 5395 bet
2390 5358 2563 5403 aures,
2602 5342 2780 5398 audiat
2813 5340 2937 5409 quid
2967 5338 3191 5408 Spiritus
3226 5337 3365 5389 dicat
3406 5334 3671 5390 Ecclesiis.
3712 5329 3824 5384 No-

2282 5448 2405 5487 men
2431 5431 2603 5486 Patris
2636 5446 2792 5501 supra
2818 5433 3133 5485 vincentem
3158 5428 3343 5491 scribi,
3364 5436 3446 5482 est
3468 5440 3563 5494 per
3586 5422 3824 5491 adoptio-

2282 5534 2399 5573 nem
2430 5518 2657 5587 Spiritus
2690 5519 2879 5573 Filium
2912 5517 3027 5584 ejus
3044 5516 3199 5571 edici.
3228 5515 3343 5582 Quo
3366 5514 3506 5567 enim
3534 5510 3670 5579 style
3693 5510 3824 5566 scri-

2279 5609 2443 5669 bitur,
2475 5607 2572 5659 nisi
2611 5607 2884 5659 amborum
2923 5605 3090 5673 gratia
3129 5602 3389 5672 Spiritus?
3419 5599 3566 5655 Unde
3598 5602 3822 5670 Aposto-
