4154 6260
364 367 497 423 IIIS

1120 360 1515 417 EXEGETICA.
1555 389 1622 399 ——
1658 360 2002 416 (ΣΟΜΜΕΝΤ.
2047 362 2107 416 ιδ
2147 360 2435 419 APOCAL.
2476 394 2541 403 --
2580 364 2705 418 LIB.
2747 364 2828 417 ΙΙΙ.

3413 358 3585 451 ιαμ,

357 480 440 534 lus
468 497 480 531 :
510 477 629 546 Ipse
657 472 880 544 Spiritus
923 474 1262 527 testiinonium
1291 472 1457 524 reddit
1477 472 1679 539 spiritui
1724 481 1897 525 nostro
1927 481 1971 533 Α
1998 484 2046 526 et
2086 490 2205 530 ecce
2245 477 2383 545 facta
2408 486 2529 528 sunt
2554 477 2723 528 omnia
2764 490 2891 527 noua
2926 472 3010 541 (II
3034 472 3155 526 Cor.
3186 488 3236 535 v,
3282 474 3386 542 l7).
3421 456 3551 535 Hie?»

354 570 492 639 quod
522 582 696 621 sums
720 566 817 633 ﬁlii
858 564 953 619 Dei
994 563 1167 634 (Rom.
1218 579 1339 624 vm,
1403 562 1506 631 16).
1565 561 1894 619 Hierusalem

356 670 502 719 vero,
531 656 663 708 visio
694 654 838 721 pacis
876 654 1282 720 interpretatur,
1311 666 1427 718 qua:
1457 651 1521 704 de
1553 651 1687 705 cmlo
1724 667 1755 704 a
1787 652 1894 705 Deo

356 744 672 799 descendere
713 743 1040 810 perhibetur,
1102 743 1223 809 quia
1276 741 1563 794 electorum
1626 741 1891 806 Ecclesia,

354 847 474 899 quae
522 833 589 886 ad
631 832 888 885 visionem
944 843 1183 898 superna:
1226 829 1371 896 pacis
1416 828 1658 895 passibus
1694 829 1893 883 amoris

354 919 542 982 tendit,
572 935 691 974 eum
730 918 973 981 Domino,
1014 918 1163 986 cujus
1204 931 1397 982 corpus
1433 922 1535 977 est,
1584 916 1636 966 in
1678 922 1889 967 uterum

353 1007 585 1075 Virginis
632 1008 999 1076 prmdestinata
1043 1008 1311 1061 descendit
1342 1024 1355 1062 :
1391 1006 1475 1059 vel
1517 1006 1639 1073 quia
1688 1005 1889 1059 cmlesti

350 1096 522 1165 gratia
550 1097 784 1164 quotidie
822 1093 935 1161 ejus
963 1109 1216 1147 numerus
1251 1102 1490 1160 augetur.
1539 1092 1683 1145 Nova
1713 1100 1888 1145 autem

351 1182 471 1239 ideo
510 1190 750 1246 vocatur,
797 1183 920 1249 quia
964 1196 1060 1249 per
1094 1180 1507 1253 baptismumret
1550 1176 1887 1229 dilectionem

351 1268 548 1322 terreni
575 1268 803 1323 hominis
831 1275 1092 1322 vetustate
1116 1266 1460 1334 exspoliatur,
1486 1272 1539 1318 et
1567 1264 1769 1317 cmlesti
1794 1278 1889 1316 no-

351 1356 513 1409 vitate
533 1356 775 1409 vestitur.
830 1355 978 1409 Unde
1006 1365 1087 1409 est
1138 1355 1262 1408 illud
1291 1368 1306 1405 :
1342 1354 1654 1406 transierunt
1701 1361 1889 1414 cetera,

1998 564 2233 618 rusalcm
2261 581 2389 634 ergo
2419 581 2605 620 nomen
2632 579 2791 632 super
2823 564 3080 617 victorem
3120 563 3393 627 scribitur,
3420 578 3542 617 cum

1996 662 2302 710 sanctorum
2339 669 2557 707 numero
2578 654 2828 707 sociatur.
2860 651 3009 707 Unde
3034 650 3186 705 nobis
3224 652 3340 706 hac
3365 651 3545 705 omnia

1997 742 2121 801 sint,
2153 743 2390 812 aperitur
2416 756 2538 796 cum
2552 738 2798 795 subditur
2818 780 2832 801 ,
2862 749 2909 792 et
2933 754 3115 791 nomen
3146 754 3315 791 meum
3335 753 3542 801 novum,

1996 828 2331 892 subauditur,
2357 828 2624 891 scribam;
2661 826 2789 881 illud
2815 826 3018 879 scilicet
3036 824 3177 893 quod
3220 824 3391 878 eidem
3434 839 3543 885 inc-

1994 918 2190 971 diatori
2236 919 2460 973 accessit
2488 933 2551 971 ex
2588 924 2846 983 tempore,
2895 916 2949 970 id
2982 922 3064 969 est
3104 914 3362 970 Christus.
3409 913 3543 967 Hinc

1993 1005 2151 1059 nobis
2178 1007 2422 1073 dignitas,
2447 1006 2570 1059 hinc
2590 1003 2843 1059 celsitudo
2872 1004 3135 1073 provenit,
3162 1004 3285 1077 hinc
3304 1001 3396 1055 lilii
3423 1001 3539 1065 Dei,

1993 1091 2119 1145 hinc
2144 1108 2277 1145 nova
2316 1091 2665 1156 Hierusalem,
2706 1093 2828 1145 hinc
2850 1091 3135 1145 Christiani
3156 1105 3422 1145 vocamur.
3443 1090 3541 1158 lgi-

1995 1189 2086 1233 tur
2112 1181 2199 1234 ubi
2242 1182 2402 1235 totius
2432 1196 2635 1235 summa
2667 1179 2850 1233 salutis
2874 1188 3046 1242 sonat,
3073 1179 3143 1233 ibi
3168 1179 3378 1233 tandem
3409 1176 3545 1232 liber

1993 1267 2233 1321 debitum
2260 1270 2415 1321 linem
2439 1268 2684 1322 aceiuiat.

1462 1488 3534 1516 ——————-————_———————-———d—

1533 1584 1825 1657 LIBER
1877 1582 2346 1658 TERTIUS.

417 1765 576 1818 Vens.
614 1762 697 1816 η.
733 1791 805 1802 -
828 1760 897 1814 Et
924 1758 1103 1829 angelo
1131 1756 1384 1809 Laodicia:
1412 1754 1655 1807 Ecclesitc
1688 1752 1887 1805 scribe:
1922 1754 1966 1812 Β
1991 1751 2178 1805 dorum
2204 1751 2423 1819 quilibet
2450 1766 2557 1804 non
2587 1750 2846 1821 intelligit,
2878 1760 3020 1807 recte
3044 1754 3225 1819 miser,
3247 1761 3298 1810 et
3321 1753 3538 1808 misera.

352 1857 479 1910 "ac
496 1854 617 1907 dicit
642 1866 660 1904 :
688 1852 870 1915 Amen,
895 1850 1036 1902 testis
1064 1845 1231 1915 ﬁdelis
1259 1853 1306 1897 et
1334 1860 1503 1906 verus,
1542 1843 1726 1911 quiest
1749 1840 1893 1909 prin-

347 1943 533 2012 cipium
568 1948 817 2007 creatura
864 1937 979 1990 Dei.
1027 1936 1209 1996 Amen,
1255 1946 1439 1985 verum
1492 1930 1888 1997 interpretatur,

344 2031 485 2098 quod
508 2029 573 2082 ad
603 2026 745 2081 illam
784 2025 1070 2079 Veritatem
1111 2019 1453 2090 redigendum
1492 2026 1574 2071 est
1602 2030 1719 2085 qua:
1746 2017 1810 2070 de
1833 2030 1890 2069 se

344 2120 457 2187 ipsa
484 2118 594 2171 ait:
621 2116 731 2185 Ego
751 2129 865 2168 sum
890 2112 1069 2166 veritas
1092 2110 1271 2181 (Joan.
1315 2123 1420 2170 xiv,
1447 2108 1521 2177 6).
1552 2106 1687 2160 Cum
1714 2114 1890 2160 autem

343 2205 599 2259 Dominus
635 2201 827 2256 multos
871 2207 926 2253 et
964 2198 1145 2253 ﬁdeles
1189 2205 1244 2251 et
1274 2211 1429 2250 veros
1471 2195 1663 2249 habeat
1706 2202 1885 2257 testes,

341 2301 461 2360 apte
497 2289 833 2360 singulariter
878 2288 989 2353 ipsc
1024 2284 1193 2337 ﬁdelis
1230 2291 1283 2337 et
1308 2298 1467 2335 verus
1514 2281 1730 2344 dicitur,
1762 2281 1887 2347 quia

340 2383 415 2451 in,
444 2379 561 2449 ejus
610 2376 1003 2447 comparatione
1040 2372 1215 2427 nullus
1265 2380 1346 2426 est
1386 2371 1556 2424 ﬁdelis
1605 2378 1659 2423 et
1684 2385 1884 2424 verax:

342 2470 429 2524 ille
450 2470 591 2522 enim
620 2473 807 2520 natura
844 2463 1031 2525 ﬁdelis,
1075 2470 1127 2515 et
1163 2476 1346 2522 verax,
1373 2464 1427 2511 et
1470 2458 1640 2511 bonus
1664 2466 1761 2519 est,
1791 2473 1888 2512 nos

339 2570 466 2610 vero
494 2555 607 2624 eius
632 2550 1055 2622 participatione.
1084 2542 1355 2613 Quomodo
1381 2560 1506 2599 vero
1544 2545 1687 2598 solus
1720 2544 1888 2598 Filius

339 2644 488 2697 testis
517 2642 741 2701 dicatur,
781 2655 900 2692 cum
946 2645 1055 2690 tres
1098 2636 1206 2687 sint
1250 2633 1338 2700 qui
1394 2633 1758 2684 testimonium
1806 2633 1888 2685 di-

338 2737 486 2793 cunt,
521 2727 575 2781 in
604 2728 775 2795 primo
802 2726 938 2779 libro
957 2725 1067 2793 jam
1087 2722 1281 2775 dictum
1311 2726 1411 2772 est.
1442 2716 1763 2785 Principium
1794 2719 1887 2772 dc-

339 2808 497 2885 nique
516 2826 773 2869 creatura:
799 2814 891 2866 Dei
914 2812 1079 2866 Filius
1102 2809 1316 2873 dicitur,
1332 2808 1456 2875 quia
1483 2808 1551 2861 ab
1578 2806 1668 2860 illo
1689 2808 1887 2861 habent

334 2917 525 2964 cuncta
541 2905 796 2961 exiSteudi
810 2904 1039 2957 initium.
1052 2902 1206 2965 Nam,
1222 2902 1357 2956 sicut
1374 2900 1627 2969 scriptum
1639 2907 1719 2953 est
1737 2918 1748 2951 :
1768 2898 1887 2953 Om-

335 2999 423 3053 nia
451 3014 541 3067 per
567 2996 731 3066 ip:um
755 2994 891 3063 facta
913 3001 1029 3045 sunt
1054 2991 1229 3061 (loan.
1253 3006 1299 3053 ι,
1326 2990 1401 3060 5).
1426 2988 1608 3058 (Vens.
1636 2988 1745 3057 15.)
1764 2984 1897 3042 Scio

1989 1837 2131 1901 bilis,
2162 1846 2215 1890 et
2239 1853 2458 1907 pauper,
2485 1847 2539 1891 et
2562 1839 2732 1891 nudus
2756 1847 2810 1893 et
2842 1855 3013 1896 caecus
3040 1857 3069 1894 a
3108 1842 3331 1896 Domino
3353 1843 3536 1895 redar-

1989 1926 2197 1993 guitur;
2228 1926 2407 1988 miser,
2435 1926 2557 1995 quia
2574 1927 3165 1996 semetipsumdecipit;
3194 1929 3535 1994 miserabilis,

1988 2014 2109 2079 quia
2138 2030 2243 2068 non
2266 2015 2395 2069 illud
2421 2014 2679 2083 intelligit,
2712 2015 2855 2084 quod
2885 2032 2941 2071 se
2972 2018 3141 2086 ipsum
3174 2018 3375 2083 illuditt,
3408 2033 3538 2087 pau-

1985 2114 2083 2169 per
2114 2108 2167 2154 et
2195 2102 2385 2165 nudus,
2417 2103 2541 2169 quia
2578 2103 2718 2177 veris
2747 2104 3031 2157 virtutibus
3066 2120 3293 2169 vacuus;
3337 2106 3428 2160 sed
3448 2122 3537 2176 pe-

1980 2190 2069 2258 jus
2093 2191 2215 2259 quia
2244 2207 2343 2245 nec
2386 2191 2651 2256 conscius,
2696 2192 2835 2246 unde
2876 2202 2931 2247 et
2974 2193 3165 2249 merito
3190 2210 3381 2249 caecus.
3432 2195 3535 2249 Sed

1986 2282 2107 2348 quia
2133 2281 2309 2335 divina
2334 2282 2506 2350 pietas
2531 2281 2737 2350 aliquos
2769 2298 2839 2342 es;
2862 2282 3051 2352 tepidis
3076 2284 3142 2338 ad
3171 2283 3429 2337 fervorem
3449 2282 3535 2351 ju-

1985 2370 2143 2424 stitia:
2169 2378 2345 2434 vocat,
2391 2379 2538 2424 recte
2574 2370 2914 2440 subiungitur
2954 2386 2968 2423 :
2999 2371 3305 2443 (Vsus.'18)
3331 2370 3535 2431 Suadeo

1983 2459 2074 2511 tibi
2105 2476 2267 2512 emere
2291 2474 2478 2511 aurum
2503 2457 2721 2527 ignitum
2745 2458 3039 2527 probatum,
3071 2469 3126 2511 ut
3152 2460 3375 2529 locuples
3412 2459 3531 2528 ﬁas.

1982 2550 2085 2604 Per
2109 2566 2296 2605 aurum
2320 2550 2424 2604 hoc
2452 2549 2568 2603 loco
2607 2549 2883 2602 incuruata
2914 2547 3006 2601 Dei
3045 2549 3308 2617 sapientia
3340 2546 3533 2601 intelli-

1982 2640 2142 2709 gitur,
2165 2639 2229 2693 de
2248 2654 2352 2708 qua
2378 2637 2503 2691 alibi
2528 2637 2725 2691 dicitur
2748 2634 3028 2709 :Accipite
3057 2636 3378 2711 sapientiam
3395 2634 3534 2689 sicut

1982 2743 2190 2781 aurum.
2229 2728 2297 2780 Et
2330 2728 2464 2780 bene
2515 2728 2617 2780 hoc
2658 2711 2846 2780 aurum
2889 2716 3167 2794 probatum
3216 2733 3272 2779 et
3313 2716 3532 2794 ignitum

1981 2825 2216 2879 vocatur,
2257 2817 2379 2885 quia
2407 2817 2728 2883 Redemptor
2757 2816 3085 2886 uosterigue
3117 2814 3380 2885 passionis
3404 2804 3529 2869 exaé

1980 2912 2211 2965 minatus
2247 2917 2347 2963 est.
2388 2909 2456 2962 Et
2486 2916 2568 2962 est
2605 2922 2833 2960 sensus:
2879 2905 2938 2960 Si
2964 2907 3047 2962 vis
3076 2907 3361 2983 virtutibus
3387 2906 3534 2961 dives

1981 2999 2231 3060 existere,
2262 3011 2348 3049 me
2367 2995 2678 3049 imitandum
2704 3007 2936 3058 assume,
2967 3000 3025 3045 ut
3062 2992 3159 3049 llas
3193 3000 3249 3060 et
3282 2992 3396 3060 ipse
3437 3008 3533 3045 au-

330 3103 488 3156 opera
509 3096 620 3149 tua,
645 3084 765 3153 quia
786 3098 943 3151 neque
964 3078 1182 3148 frigidus
1208 3093 1279 3140 es,
1309 3092 1468 3145 neque
1510 3074 1731 3165 calidus.
1764 3073 1877 3165 illi}
1902 3078 1948 3138 C
1980 3104 2097 3142 rum
2146 3087 2267 3155 igne
2314 3070 2609 3165 excoctum.
2652 3082 2717 3136 Et
2756 3082 2896 3151 quod
2924 3096 3019 3150 pro
3047 3081 3150 3135 hoc
3177 3072 3307 3145 auro
3333 3094 3529 3165 pauper

331 3195 451 3231 nam
488 3176 687 3230 calidus
731 3190 886 3235 esses,
932 3180 1023 3224 aut
1076 3167 1327 3238 frigidus!
1373 3165 1557 3233 (Vens.
1614 3162 1723 3232 l6.)
1774 3162 1877 3217 Sed

326 3264 450 3332 quia
477 3261 675 3331 tepidus
699 3277 773 3322 es,
810 3270 856 3313 et
884 3277 973 3312 nec
994 3256 1232 3325 frigidus,
1270 3270 1360 3306 nec
1386 3250 1608 3315 calidus,
1634 3250 1876 3318 incipiam

326 3364 378 3407 te
403 3368 628 3406 evomere
654 3350 717 3404 ea:
740 3366 826 3403 ore
846 3365 976 3401 meo.
1002 3344 1199 3413 Frigidi
1240 3350 1361 3395 sunt
1386 3355 1521 3408 quos
1549 3348 1640 3392 aut
1673 3336 1878 3391 Iud-.eo-

331 3458 447 3496 rum
475 3442 714 3509 perﬁdia,
754 3447 845 3492 aut
886 3451 1036 3490 error
1086 3433 1356 3503 gentilium
1404 3436 1549 3484 tenet
1602 3430 1871 3491 astrictos,

328 3530 579 3599 quoniam
606 3528 692 3582 ille
717 3538 809 3580 eos
855 3542 949 3579 sua
992 3524 1157 3593 glacie
1206 3520 1518 3586 constringit
1561 3518 1651 3585 qui
1699 3518 1871 3569 dixit:

330 3616 525 3674 Sedebo
550 3618 605 3667 in
636 3614 877 3667 lateribus
903 3612 1155 3681 aquilonis
1180 3609 1309 3677 (Isa.
1336 3622 1444 3669 xw,
1483 3606 1603 3675 l3);
1634 3619 1665 3657 e
1690 3615 1873 3658 contra

323 3703 478 3759 calidi
508 3710 631 3755 sunt
653 3716 876 3769 quorum
900 3700 1056 3753 corda
1084 3706 1278 3755 auster,
1305 3695 1357 3747 id
1378 3701 1460 3747 est
1489 3692 1720 3761 Spiritus
1747 3706 1873 3744 san-

324 3798 444 3846 ctus
468 3790 754 3844 adveniens
788 3786 965 3839 calore
996 3785 1115 3836 fldei
1140 3782 1322 3851 tangit,
1351 3789 1407 3833 ut
1438 3780 1666 3835 resoluta
1696 3780 1871 3833 incre-

326 3879 565 3936 dulitatis
588 3877 801 3937 duritia,
828 3885 881 3929 et
918 3875 1115 3928 amisso
1138 3872 1337 3926 erroris
1364 3870 1581 3939 frigore,
1612 3872 1874 3924 bonorum

322 3981 543 4036 operum
568 3963 897 4054 ﬂag/antiam
936 3969 1200 4016 emancut.
1241 3960 1471 4027 TCpltiUS
1507 3966 1682 4012 autem
1725 3967 1780 4011 et
1806 3974 1871 4012 ex

324 4055 514 4125 frigido
537 4045 671 4108 solet
706 4052 819 4105 fieri
842 4059 897 4121 et
916 4066 981 4104 ex
1018 4049 1207 4111 calido,
1234 4048 1356 4115 quia
1383 4056 1435 4101 et
1456 4046 1591 4100 alius
1614 4063 1643 4099 a
1675 4045 1871 4115 frigore

321 4142 615 4209 iniquitatis
650 4153 935 4193 conversus
962 4140 1027 4192 ad
1049 4135 1338 4206 perfectum
1355 4134 1575 4202 iustitia:
1608 4134 1868 4188 fervorem

324 4229 674 4291 nan,transit;
705 4236 760 4281 et
786 4227 919 4279 alius
963 4241 993 4278 a
1036 4225 1215 4279 calore
1239 4223 1459 4291 iustitia:
1500 4224 1769 4277 descendit
1805 4224 1870 4277 ad

319 4316 550 4383 torporis
572 4314 853 4384 ignaviam.
880 4312 1076 4366 Omnes
1100 4313 1263 4380 igitur
1292 4312 1656 4378 experimento
1684 4311 1871 4365 didici-
1894 4348 1898 4351 Α

1975 3175 2202 3243 pretium
2226 3174 2393 3237 dabit,
2418 3162 2526 3227 nisi
2549 3173 2795 3226 devotum
2822 3171 3094 3241 petitionis
3120 3162 3400 3224 affectum?
3426 3167 3520 3223 Cui

1976 3261 2042 3316 ad
2062 3262 2175 3316 haec
2202 3261 2481 3315 subditur:
2508 3258 2887 3314 etttvestimentis
2910 3257 3039 3313 albis
3070 3257 3326 3321 induaris,
3350 3265 3406 3312 ut
3428 3273 3529 3310 nou

1973 3359 2215 3418 appareat
2242 3349 2474 3414 confusio
2520 3348 2769 3418 nuditatis
2796 3356 2920 3400 tum.
2961 3346 3045 3399 Ad
3066 3346 3405 3413 operiendam
3435 3362 3528 3398 nu-

1974 3412 2159 3487 d'itatis
2201 3412 2567 3487 confusionem
2603 3412 2934 3493 vestimentis
2976 3412 3115 3485 albis
3156 3432 3412 3496 induitur,
3440 3433 3542 3500 qui'

1971 3535 2160 3573 aurum
2190 3520 2413 3587 ignitum
2435 3519 2715 3586 probatum
2748 3528 3042 3583 mercatur,
3073 3520 3162 3586 qui
3188 3519 3256 3572 ad
3292 3520 3527 3573 devitan—

1971 3610 2097 3662 dum
2142 3610 2430 3678 tepiditatis
2467 3610 2718 3677 pudorem
2774 3604 2828 3663 in
2872 3612 3022 3663 nova:
3068 3609 3192 3661 vita:
3225 3610 3526 3661 conversio-

1971 3712 2090 3750 nem
2121 3696 2459 3760 transfertur,
2490 3698 2579 3765 qui
2606 3710 2745 3749 novo
2772 3694 3081 3764 etnlestique
3118 3696 3318 3749 honzini
3346 3695 3524 3747 imita-

1972 3785 2128 3838 tionis
2156 3785 2350 3839 virtute
2389 3785 2646 3838 inhaerere
2688 3792 2939 3837 meretur.
2984 3782 3063 3855 Et"
3093 3782 3306 3851 collyrio
3340 3782 3526 3851 inunge

1971 3874 2144 3928 oculos
2178 3886 2315 3941 tuos,
2343 3885 2397 3927 ut
2426 3874 2616 3928 rideas.
2655 3873 2731 3927 Ac
2756 3873 2800 3927 si
2828 3857 3093 3927 diceretur
3116 3889 3129 3924 :
3162 3866 3369 3926 Adhibe
3394 3871 3525 3925 divi-

1971 3982 2039 4019 na
2064 3976 2327 4035 praecepia
2355 3965 2423 4019 ad
2460 3973 2692 4018 mentem
2723 3978 2936 4027 amcam,
2976 3971 3235 4031 quatenus
3266 3962 3522 4015 virtutum

1970 4052 2260 4105 nuditatem
2307 4068 2468 4120 quam
2512 4053 2735 4122 pateris,
2785 4052 2969 4105 videns
3022 4051 3230 4119 operire
3284 4050 3520 4106 festines.

1968 4140 2078 4193 Nisi
2103 4141 2244 4193 enim
2279 4140 2453 4193 divina
2480 4148 2740 4208 przecepta
2765 4139 3043 4207 collyrium
3070 4150 3267 4201 essent,
3302 4139 3523 4192 Psalmi-

1970 4240 2049 4285 sta
2076 4246 2181 4285 non
2208 4230 2445 4284 diceret:
2480 4229 2799 4298 Prazceptum
2819 4228 3026 4280 llomiui
3061 4216 3289 4281 lucidum
3328 4228 3521 4281 illumi-

1970 4336 2099 4373 nans
2126 4317 2300 4373 oculos
2330 4316 2498 4387 (Psal.
2546 4333 2711 4380 xvur,
2748 4318 2823 4387 9).
2873 4315 3056 4371 Potest
3098 4330 3194 4385 per
3242 4314 3516 4387 collyrium

318 4417 456 4466 mus,
491 4402 616 4469 quia
654 4399 899 4470 frigidum
927 4398 1054 4467 quid
1083 4399 1164 4450 vel
1190 4399 1423 4451 calidum
1467 4399 1623 4452 facile
1667 4401 1721 4452 in
1747 4416 1865 4453 cor-
1898 4402 1943 4458 D
1966 4411 2107 4477 quod
2136 4424 2202 4463 ex

1974 4411 2107 4477 quod
2136 4424 2202 4463 ex
2226 4417 2365 4463 terra
2394 4409 2471 4472 lit,
2501 4417 2555 4461 et
2585 4418 2740 4462 terra:
2762 4407 3032 4476 pulverem
3064 4408 3130 4460 ab
3158 4407 3324 4461 oculis
3351 4404 3533 4476 ejicit,’

319 4504 417 4558 pus
459 4486 754 4554 trajicitur;
803 4487 1031 4554 tepidum
1061 4493 1237 4538 autem
1265 4500 1387 4537 cum
1431 4485 1617 4543 nausia
1659 4486 1725 4537 ab
1754 4486 1866 4553 ipso

317 4592 417 4633 ore
453 4575 744 4646 projicitur.
782 4574 871 4629 Sic
908 4576 985 4628 sic
1034 4574 1143 4643 (Ita
1192 4572 1330 4642 cod.)
1356 4574 1613 4627 doctores
1660 4572 1867 4629 facilius

317 4674 541 4736 possunt
567 4665 829 4719 infidelem
869 4666 939 4719 ad
962 4665 1139 4729 fidem,
1163 4674 1254 4719 aut
1280 4680 1589 4733 perversum
1610 4666 1867 4721 Christia-

316 4768 445 4809 num
474 4754 558 4849 ad.
573 4752 834 4849 fervorem
866 4752 989 4805 boni
1027 4754 1202 4849 operis
1241 4754 1472 4849 trahere,
1522 4768 1681 4821 quam
1726 4754 1863 4849 tepi-

314 4842 475 4903 dum;
509 4839 732 4908 ideoque
767 4838 1017 4893 deserunt
1043 4838 1182 4923 ἐμω,
1224 4839 1368 4893 velut
1416 4839 1648 4907 agricola
1692 4838 1863 4893 infru-

314 4934 557 4981 ctuosam
582 4935 783 4981 terram
803 4925 1014 4993 linquit,
1042 4931 1096 4979 et
1136 4924 1277 4976 illam
1305 4924 1500 4978 excolit
1524 4925 1590 4977 de
1622 4940 1730 4993 qua
1750 4922 1862 4991 jam

316 5016 499 5084 spinas
528 5016 667 5069 emit
703 5024 759 5070 et
797 5015 1197 5079 estfructuosa,
1226 5014 1309 5069 vel
1344 5014 1489 5069 illam
1530 5029 1653 5083 qua:
1692 5017 1865 5072 adhuc

314 5103 473 5173 plena
498 5102 710 5171 quidem
736 5112 818 5156 est
842 5104 1026 5171 spinis,
1053 5104 1148 5159 sed
1179 5102 1450 5157 fructuosa
1469 5100 1645 5157 futura
1672 5105 1862 5172 praevi-

316 5198 491 5251 detur.
1060 5213 1065 5220 ·

391 5284 547 5339 πω.
578 5284 664 5339 l7.
692 5315 759 5327 —
797 5283 933 5349 Quia
971 5282 1099 5337 dicis
1128 5286 1251 5352 quia
1290 5284 1429 5339 dices
1468 5299 1601 5347 sum,
1640 5282 1857 5337 etlocu-

313 5374 555 5441 plausus,
573 5383 621 5427 et
648 5373 839 5429 nullius
868 5390 1009 5444 egeo,
1034 5383 1080 5427 et
1105 5374 1269 5426 nescis
1297 5375 1419 5442 quia
1443 5383 1499 5427 tu
1521 5389 1573 5427 es
1612 5371 1787 5436 miser,
1808 5382 1855 5425 et

316 5459 639 5525 miserabilis,
662 5469 712 5513 et
743 5477 958 5531 pauper,
995 5471 1041 5515 et
1068 5478 1254 5517 cacus.
1298 5460 1549 5531 Quisquis
1574 5476 1670 5531 pro
1696 5469 1855 5516 recta:

316 5548 438 5603 ﬁdei
473 5546 805 5604 confessione
843 5562 901 5601 se
940 5551 1155 5605 divitem
1188 5548 1371 5619 iactat,
1402 5550 1503 5603 nisi
1533 5550 1670 5605 mala
1699 5563 1855 5622 agere

318 5636 558 5704 d:sistat,
584 5650 687 5692 non
713 5635 880 5701 dives,
909 5639 1001 5693 sed
1034 5654 1231 5709 pauper
1268 5646 1373 5703 est;
1406 5639 1545 5709 quod
1582 5640 1702 5706 quia
1726 5640 1857 5709 tepi«

1965 4502 2235 4562 assumpta
2270 4510 2368 4563 pro
2406 4495 2566 4552 nobis
2592 4493 2959 4562 Redemptoris
3002 4496 3171 4549 nostri
3214 4494 3517 4564 temporalis

1964 4588 2173 4649 egestas
2218 4581 2503 4649 designari.
2530 4581 2631 4646 Qui
2655 4596 2782 4650 ergo
2818 4590 3048 4639 caecatos
3090 4581 3272 4636 oculos
3304 4582 3517 4651 pulvere

1964 4669 2145 4732 habet,
2188 4667 2466 4736 collyrium
2510 4668 2925 4737 superimponat,
2955 4674 3014 4721 ut
3046 4667 3223 4721 lumen
3260 4671 3510 4741 recipiat;

1963 4758 2015 4812 id
2033 4764 2115 4812 est
2137 4757 2229 4825 qui
2250 4770 2345 4823 per
2382 4762 2589 4808 terrena
2610 4754 2995 4810 delectamenta
3023 4754 3224 4821 deﬂuit,
3250 4765 3513 4827 tempora-

1962 4838 2461 4909 lemVRedemptoris
2487 4841 2568 4895 sui
2601 4850 2891 4911 egestatem
2916 4843 2985 4897 ad
3012 4852 3243 4898 mentem
3273 4847 3506 4908 reducat,

1961 4941 2020 4988 ut
2051 4932 2388 4987 interioribus
2415 4931 2582 4987 oculis
2608 4930 2994 5000 contempletur
3007 4931 3185 4986 futura
3205 4940 3507 4989 sanctorum

1963 5021 2200 5092 prmmia.
2888 5071 2895 5075 _
3144 5007 3149 5011 ’

2032 5109 2191 5162 Vsus.
2224 5106 2311 5159 l9.
2350 5136 2419 5145 —-
2442 5106 2553 5176 Ego
2578 5098 2705 5177 quos
2727 5123 2871 5171 amo,
2896 5123 3057 5176 arguo
3094 5117 3141 5160 et
3162 5109 3373 5176 castigo.
3406 5107 3508 5161 Re-

1961 5196 2203 5266 dargutio
2232 5195 2298 5248 ad
2320 5195 2503 5259 verba,
2527 5195 2805 5265 castigatio
2828 5196 3058 5265 pertinet
3093 5196 3159 5249 ad
3197 5188 3419 5262 ﬂagella.
3447 5194 3505 5247 ln

1960 5289 2062 5342 hac
2102 5294 2280 5338 autem
2322 5284 2583 5338 sententia
2634 5284 2860 5352 amplius
2899 5284 3041 5351 quod
3066 5284 3276 5352 exponi
3316 5284 3507 5337 debeat

1962 5391 2067 5430 non
2086 5381 2188 5436 est,
2215 5374 2307 5427 sed
2325 5373 2465 5442 quod
2493 5372 2719 5427 libenter
2755 5373 3022 5439 amplecti.
3061 5372 3332 5427 Emulare
3354 5387 3501 5442 ergo,

1960 5472 2015 5518 et
2034 5462 2398 5532 pmniteutiam
2427 5475 2542 5527 age.
2572 5459 2649 5514 Ac
2668 5460 2712 5513 si
2742 5460 2943 5514 diceret
2973 5479 2985 5513 :
3014 5462 3115 5515 nisi
3145 5460 3502 5529 temporaliter

1958 5565 2079 5605 cum
2126 5550 2229 5605 illis
2262 5550 2349 5603 hic
2392 5548 2593 5619 ﬂagella
2635 5550 2951 5618 susceperis,
2996 5550 3111 5603 sine
3156 5548 3258 5601 illis
3289 5550 3502 5603 mternis

1961 5639 2283 5694 cruciatibus
2320 5637 2633 5707 subjacebis.
2672 5636 2851 5707 (Vsus.
2882 5635 2994 5707 20.)
3023 5636 3154 5689 Ecce
3196 5646 3271 5688 sto
3318 5637 3384 5690 ad
3421 5655 3502 5691 as—
