4262 6222
575 331 711 383 illi)

1413 332 1470 382 ll.
1515 331 1570 383 li.
1614 332 1834 384 ALDlNl
1872 334 1994 388 εει·
2037 334 2302 388 ΛΜΣΗΝΙ
2340 336 2617 392 υιοειιωι
2658 340 2829 393 PARS
2867 342 2926 394 ll.

3634 349 3768 403 lilii

571 439 721 499 τίηιν
750 435 981 504 ιιραέεσο
1025 433 1081 488 δέ
1110 438 1222 504 quis
1250 437 1471 486 ηκάἱυνδί
1493 452 1658 487 ιότθιη
1701 454 1889 513 turam.
1929 449 1975 500 tl
2004 455 2124 505 αρέ-
2156 440 2197 496 Δ
2228 442 2293 495 lis
2314 446 2491 498 carnis
2521 448 2665 510 vidit,
2697 466 2879 505 verum
2910 454 3069 505 etiam
3114 456 3357 511 manibus
3392 461 3765 514 eouﬂectavit.

572 524 972 590 rueritjanuaut
1026 524 1228 575 intrabo
1251 523 1319 573 ad
1340 523 1507 582 illum,
1550 535 1596 575 ct
1640 508 1846 576 αωιὰὺο
1872 541 1985 576 cum
2014 525 2125 588 illo,

570 622 616 661 et
646 613 752 677 ipse
798 626 1016 663 meum.
1062 610 1245 663 Status
1272 610 1358 663 hic
1400 627 1503 663 nou
1546 600 1855 679 corpondis,
1886 613 1976 664 sed
2014 613 2128 667 sine

573 697 687 750 loco
725 699 1059 765 accipiendus
1087 709 1189 762 est,
1217 700 1339 767 quia
1377 714 1534 766 quem
1560 700 1812 753 Dominus
1847 701 2125 763 inhabitat,

573 800 675 836 non
723 785 922 838 deserit
962 787 1028 840 ad
1075 786 1236 839 alium
1291 789 1637 841 transeundo.
1694 789 1900 843 Ostium
1950 798 2126 843 autem

572 876 767 927 mentis
790 874 989 927 aditum
1015 875 1294 944 signiﬁcat,
1323 892 1482 946 quem
1509 888 1599 930 aut
1626 894 1723 946 per
1753 894 1810 932 se
1839 880 1953 931 sine
1982 880 2128 932 socio

573 960 881 1028 iuspirando
911 963 1164 1016 Dominus
1186 964 1358 1032 pulsat
1384 981 1399 1018 :
1424 966 1573 1034 cujus
1603 983 1787 1020 vocem
1814 970 1959 1022 audit
1984 970 2129 1037 quis-

572 1046 695 1111 quis
736 1061 918 1099 amore
951 1049 1251 1103 dilectionis
1295 1062 1679 1119 prieceptorum
1738 1054 1881 1107 illius
1928 1055 2128 1106 monita

571 1139 822 1190 custodit.
855 1139 916 1191 Et
947 1137 1166 1203 januam
1212 1143 1382 1209 aperit
1411 1158 1530 1194 cum
1574 1142 1639 1194 ad
1668 1144 1953 1196 videndum
1980 1159 2127 1197 sum—

574 1243 718 1278 mmn
741 1227 1056 1281 aeternitatis
1083 1231 1277 1282 bonum
1304 1246 1398 1284 cor
1427 1226 1642 1285 dilatat;
1675 1233 1871 1301 Aperta
1902 1234 2129 1300 denique

567 1310 752 1378 jauua,
781 1314 1034 1367 Dominus
1073 1314 1137 1366 ad
1183 1315 1326 1368 illum
1358 1315 1540 1380 intrat,
1570 1318 1692 1385 quia
1729 1332 1825 1385 per
1866 1319 2128 1371 internam

573 1402 905 1456 dulcedinem
940 1401 1206 1457 desiderio
1253 1404 1486 1456 animam
1520 1412 1832 1457 :estuantem
1882 1405 2125 1457 illustrat.

570 1490 759 1542 (linunt
794 1492 955 1560 igitur
975 1502 1168 1558 caput.
1206 1531 1217 1543 .
1253 1532 1265 1543 .
1297 1532 1309 1543 .
1344 1531 1357 1542 .
1388 1491 1511 1559 quia
1542 1490 1784 1547 faciendo
1805 1493 2127 1546 voluntatem

572 1577 746 1631 Patris
776 1577 1013 1645 quotidie
1046 1617 1058 1629 .
1087 1619 1101 1631 .
1130 1619 1143 1631 .
1171 1619 1184 1631 .
1213 1620 1226 1632 .
1260 1581 1495 1633 membra
1532 1595 1651 1633 cum
1699 1580 1893 1649 capite.
1930 1596 2048 1649 qua:
2071 1589 2133 1633 ut

571 1667 899 1721 voluntatem
929 1668 1104 1720 Patris
1141 1670 1357 1731 faciant,
1396 1670 1634 1738 quotidie
1682 1670 1982 1737 moriuntur
2007 1685 2128 1725 eum

572 1755 695 1817 illo;
721 1765 779 1808 ut
812 1756 975 1809 illud:
1019 1758 1211 1809 uior.'ui
1239 1760 1373 1810 enim
1404 1757 1547 1821 estis,
1585 1766 1639 1810 et
1668 1757 1893 1832 reliqua.
1942 1751 2124 1833 (Vens.
2160 1750 2199 1807 Β

571 1843 688 1909 ξι.)
719 1841 821 1907 Qui
864 1843 1057 1906 ricerit,
1099 1841 1286 1896 faciam
1326 1844 1471 1898 illum
1498 1844 1673 1897 sedere
1699 1844 1755 1905 iu
1782 1845 1966 1897 throno
1995 1861 2129 1908 meo,

573 1933 708 1983 sicut
737 1943 785 1984 et
811 1949 902 2001 ego
926 1933 1040 1994 rici,
1067 1943 1114 1984 et
1143 1934 1302 1987 sedeo
1329 1950 1443 1986 cum
1489 1932 1647 1987 Patre
1695 1951 1806 1987 meo
1854 1935 1906 1989 in
1946 1935 2131 2006 throno

569 2022 699 2089 ejus.
734 2022 962 2075 Vincens
992 2022 1243 2078 Dominus
1272 2025 1323 2077 in
1351 2018 1755 2079 thronoxi‘atris
1796 2026 1964 2090 sedet,
2006 2026 2130 2094 quia

572 2120 691 2175 post
711 2111 1009 2177 passionem
1037 2119 1092 2163 et
1130 2108 1573 2165 resurrectionem
1604 2101 1860 2187 requalem
1896 2106 2129 2169 ‘sel‘atri

569 2216 687 2253 esse
731 2200 1001 2252 indicavit.
1037 2198 1100 2251 Et
1136 2214 1233 2253 nos
1258 2199 1443 2254 sulem
1475 2192 1776 2268 ἀίιδίιοψιίιι
1818 2187 2002 2267 imm“
2040 2198 2139 2279 pio“.

571 2302 815 2345 tu-statcm
868 2293 921 2345 in
954 2289 1072 2345 Filii
1113 2292 1311 2345 virtute
1360 2284 1712 2361 percipimus;
1757 2284 1910 2357 juxta
1958 2289 2125 2345 illud:

584 2376 680 2432 Vos
710 2380 799 2446 qui
838 2378 1000 2431 secuti
1028 2379 1147 2430 estis
1196 2384 1297 2440 me,
1345 2378 1581 2431 sudabitis
1625 2393 1777 2446 super
1806 2378 2048 2440 thronos,
2077 2386 2131 2431 et

571 2467 772 2535 reliqua
814 2464 1027 2536 (Matth.
1062 2483 1173 2529 XIX,
1201 2466 1313 2533 28).
1358 2464 1468 2518 Nec
1495 2466 1751 2519 abhorret
1778 2479 1807 2515 a
1843 2480 1971 2518 vero
1990 2464 2131 2531 quod

571 2554 695 2607 alibi
739 2568 899 2621 super
943 2554 1222 2607 duodecim
1272 2554 1516 2614 thronos,
1572 2552 1659 2603 hic
1686 2562 1815 2604 vero
1854 2551 1905 2603 in
1937 2548 2131 2604 throno

569 2658 668 2694 suo
691 2641 935 2712 perhibet
958 2656 1077 2694 esse
1117 2655 1378 2693 sessui-os.
1405 2639 1508 2693 Pcr
1530 2634 1750 2694 thronos
1779 2639 1971 2707 quippe
2001 2640 2131 2691 duo-

568 2731 760 2790 decim,
788 2728 1085 2781 universale
1114 2728 1399 2795 indicium;
1440 2741 1536 2796 per
1559 2726 1810 2777 tln‘onniu
1835 2739 1961 2776 vero
1984 2722 2127 2786 Filii,

569 2817 842 2886 singulare
888 2816 1095 2869 culmen
1136 2816 1433 2884 jtltlll‘lﬂl‘iic
1479 2814 1760 2882 potestatis
1806 2810 2125 2867 ostenditur.

572 2906 683 2959 lloc
707 2919 835 2974 ergo
875 2904 1154 2958 duodecim
1184 2903 1410 2965 thronis,
1444 2903 1582 2971 quod
1622 2917 1727 2954 uno
1771 2901 1964 2953 throno
2011 2900 2129 2953 Filii

570 2994 903 3062 designatur.
953 2991 1060 3047 Sed
1114 2993 1456 3061 quaxrcndum
1510 3000 1589 3045 cst
1635 2992 1899 3058 quomodo
1949 2988 2125 3061 [ϐοείη

569 3078 803 3150 quanio]
842 3095 1030 3135 omnes
1072 3081 1301 3135 victores
1346 3079 1589 3147 judicare
1630 3080 1789 3140 dicat,
1843 3095 1965 3133 cum
2021 3094 2125 3132 non
2152 3062 2197 3122 (ἶ

568 3168 753 3221 omnes
770 3168 1058 3236 jndicaturi
1083 3168 1205 3225 sint,
1237 3167 1329 3219 sed
1359 3166 1446 3220 alii
1477 3182 1542 3219 ex
1578 3165 2133 3231 vincentibusjudica—

569 3258 720 3317 hnut,
759 3253 849 3308 alii
880 3254 1289 3322 ludicabuntur?
1319 3253 1602 3308 Sciendum
1646 3256 1804 3324 igitur
1836 3254 1957 3321 quia
1987 3262 2132 3321 pote-

569 3354 761 3399 statem
796 3359 955 3412 quam
1002 3344 1144 3397 inse
1186 3342 1316 3411 ipsis
1360 3358 1466 3396 non
1508 3342 1721 3405 habent,
1763 3343 2033 3396 habebunt
2078 3343 2130 3395 in

569 3434 711 3497 aliis,
737 3433 893 3487 sicuti
936 3441 1105 3486 totum
1135 3432 1364 3493 hominis
1398 3447 1591 3501 corpus
1627 3419 1939 3499 potest-item
1971 3434 2132 3485 habet

572 3521 713 3588 loqui
744 3535 839 3590 per
859 3535 941 3582 os,
965 3520 1144 3573 videre
1172 3534 1266 3587 per
1288 3519 1491 3572 oculos.
1524 3518 1628 3573 Sed
1659 3519 1702 3571 si
1726 3518 1968 3571 subtilius
1996 3521 2130 3573 hanc

572 3609 888 3662 sententiam
917 3609 1185 3661 intuemur
1210 3622 1313 3674 qua
1354 3607 1570 3669 dicitur,
1600 3608 1729 3658 sicut
1760 3621 1849 3673 ego
1877 3606 1994 3667 vici,
2024 3604 2130 3657 cla-

572 3701 742 3753 riores
765 3698 815 3750 in
840 3696 1063 3749 victoria
1090 3704 1247 3762 atque
1287 3692 1688 3747 excellentiores
1716 3708 1811 3761 per
1837 3706 1954 3745 eam
1986 3692 2127 3745 desi-

570 3788 724 3860 gnari
760 3787 1079 3842 invenimus.

1177 3871 1402 3926 CAPUT
1436 3871 1521 3923 ιν.

640 3967 799 4018 Vens.
842 3965 885 4015 l.
919 3991 986 4001 -ο
1011 3960 1135 4013 Post
1174 3962 1284 4012 Iure
1310 3961 1435 4022 vidi,
1461 3970 1507 4011 et
1544 3976 1655 4011 erce
1685 3961 1867 4011 ostium
1896 3968 2126 4027 apertum

567 4058 625 4107 iu
664 4054 811 4108 rwlo.
860 4050 1224 4120 Recapitulata
1270 4049 1641 4118 Redemptoris
1678 4050 1972 4110 nativitate,
2011 4062 2127 4114 quae

562 4148 675 4214 jam
704 4146 847 4198 dicta
891 4142 1100 4196 fuerant
1124 4140 1223 4194 sub
1252 4141 1370 4192 aliis
1394 4139 1726 4205 diversisque
1753 4138 1965 4205 ﬁguris;
1992 4151 2055 4190 ac
2082 4138 2125 4189 si

564 4239 686 4307 quis
714 4252 873 4290 unam
917 4251 1029 4289 rem
1069 4234 1295 4289 diversis
1326 4232 1498 4287 modis
1527 4240 1763 4293 enarret,
1792 4233 2128 4287 narrationes

468 4322 469 4325 “
564 4325 833 4379 habebunt
859 4323 1125 4377 diversum
1150 4330 1375 4391 tempus,
1403 4337 1507 4374 non
1544 4322 1658 4390 ipsa
1687 4336 1772 4374 res
1801 4335 1918 4389 qua:
1944 4337 2049 4374 uno
2070 4324 2123 4374 in

567 4425 807 4482 tempere
854 4418 1001 4483 gesta
1048 4419 1148 4465 est.
1194 4408 1301 4463 Sed
1351 4409 1691 4476 qiim'rendum
1738 4416 1839 4469 est,
1886 4422 2007 4460 cum
2035 4407 2122 4461 alii

570 4494 843 4569 propheta:
868 4513 964 4567 per
996 4512 1150 4566 rcges
1181 4496 1321 4549 soliti
1347 4496 1457 4548 sint
1483 4494 1827 4549 manifestare
1862 4504 2121 4563 quantum

565 4587 900 4643 intervallum
937 4586 1098 4641 fuerit
1141 4586 1280 4639 inter
1326 4586 1583 4637 visionem
1633 4594 1686 4638 et
1722 4585 1996 4646 visionem,
2029 4601 2125 4639 cur

561 4675 795 4726 Joannes
821 4682 1032 4740 tempus
1073 4672 1364 4740 prophetiae
1391 4685 1495 4723 non
1525 4670 1865 4724 manifestat?
1904 4671 1985 4727 0b
2023 4673 2124 4725 hoc

562 4760 785 4823 scilicet,
811 4748 935 4827 quia
974 4765 1143 4810 totum
1172 4756 1420 4810 Ecclesia:
1458 4764 1666 4823 tempus
1697 4759 1763 4809 ad
1790 4758 1933 4810 illam
1959 4758 2123 4812 conti-

564 4857 777 4901 nuatam
817 4846 1224 4902 resurrectionis
1265 4845 1404 4899 diem
1449 4845 1602 4899 docet
1649 4844 2010 4909 referendum,
2056 4847 2120 4901 de

561 4953 667 5005 qua
700 4937 901 4989 dicitur
921 4950 938 4988 :
961 4934 1153 4987 Beatus
1179 4936 1266 5003 qui
1292 4934 1442 4986 habet
1456 4944 1655 5002 partem
1679 4936 1733 4988 in
1754 4937 2122 4991 resurrectione

559 5030 728 5095 prima
759 5026 939 5097 (Apoc.
970 5040 1061 5087 xx,
1090 5023 1163 5093 6).
1195 5023 1376 5077 Prima
1406 5024 1549 5077 enim
1578 5026 1918 5088 resurrectio,
1948 5025 2002 5079 id
2038 5035 2118 5079 est

560 5130 662 5181 qua
687 5132 717 5166 a
745 5122 915 5167 morte
951 5114 1158 5182 peccati
1188 5113 1254 5167 ad
1285 5113 1442 5166 vitam
1469 5112 1689 5180 justitize
1717 5115 1907 5167 animae
1935 5130 2117 5169 resur-

561 5210 712 5270 gum,
735 5210 847 5255 toto
877 5217 1017 5255 nunc
1038 5210 1273 5268 tempore
1317 5202 1510 5269 agitur.
1560 5198 1667 5254 Sed
1717 5202 1908 5268 quibus
1951 5203 2116 5255 oculis

560 5289 791 5342 Joannes
818 5290 1013 5343 ostium
1051 5290 1151 5342 hoc
1187 5289 1355 5341 vidit?
1381 5290 1641 5343 Nimirum
1667 5299 1921 5357 quantum
1964 5291 2029 5343 ad
2057 5290 2116 5342 ii—

562 5385 808 5443 guratam
834 5378 1212 5436 ostensioucm,
1243 5393 1345 5431 non
1372 5380 1549 5433 carnis
1573 5379 1666 5433 sed
1692 5379 1915 5441 mentis;
1950 5393 2118 5445 quan-

562 5478 672 5517 tum
705 5480 829 5517 vero
858 5466 923 5517 ad
967 5465 1128 5534 ipsius
1157 5469 1229 5521 rei
1259 5467 1558 5525 veritatem,
1592 5481 1709 5533 qua!
1740 5463 1852 5531 jam
1896 5465 2115 5516 Domino

561 5564 844 5621 apparcntc
870 5555 919 5608 iu
947 5570 1105 5609 carne
1141 5555 1474 5609 manifestata
1498 5564 1628 5611 erat.
1665 5571 1764 5607 non
1794 5552 1961 5605 solum
1994 5569 2116 5605 ocu-

2230 533 2330 586 l'er
2379 537 2574 589 ostium
2619 550 2795 592 autem
2845 553 3085 609 apertum
3149 543 3392 600 Christus
3439 548 3770 615 designatur.

2228 624 2506 685 nascendo,
2540 628 2833 691 morien.!o,
2857 632 3203 718 resurgendo,
3236 636 3441 691 cunctis
3463 636 3573 705 jam
3603 636 3773 692 Meli—

2227 711 2327 764 bus
2353 712 2750 780 manilestatus;
2792 719 2932 784 quod
2962 711 3169 787 apte‘iu
3198 722 3355 785 coelo,
3382 722 3433 777 id
3461 732 3545 777 est
3582 725 3636 778 in
3676 724 3771 778 Ee-

2225 802 2408 866 clesia,
2433 803 2655 867 videtur,
2679 805 2801 872 quia
2825 804 3145 875 Redemptor
3165 819 3348 862 noster
3374 794 3547 873 natus,
3577 819 3631 863 et
3649 824 3769 879 pas-

2227 903 2340 952 sus,
2365 892 2671 954 suscitatus,
2694 902 2851 960 atque
2873 894 2939 946 ad
2965 896 3128 950 celos
3152 897 3454 952 ascendisse
3478 899 3531 951 iu
3553 914 3617 952 ea
3638 915 3771 968 pra-

2228 978 2436 1030 dicatur
2459 988 2514 1030 et
2531 982 2781 1034 creditur.
2812 981 2878 1033 Et
2904 998 2998 1035 rex
3024 985 3192 1051 prima
3235 1001 3389 1054 quam
3430 987 3606 1040 audiri
3651 997 3768 1040 tau-

2198 1084 2379 1139 ,quam
2419 1070 2554 1122 tuba:
2580 1071 2830 1140 loquentis
2875 1089 3087 1127 mecum
3113 1074 3327 1129 dicens:
3375 1075 3605 1130 Asceude
3644 1078 3767 1133 huc.
3866 1127 3885 1145 ,

2228 1160 2375 1224 Quo?
2402 1161 2502 1214 uisi
2533 1163 2601 1215 ad
2626 1164 2817 1216 ostium
2844 1174 2897 1217 et
2941 1166 3156 1229 ctelum,
3196 1166 3249 1220 id
3280 1175 3364 1220 est
3406 1166 3679 1222 Christum
3715 1177 3772 1223 et

2230 1249 2553 1303 Ecclesium?
2576 1261 2631 1305 et
2650 1236 2842 1321 quitus
2873 1256 3163 1323 gressibus,
3202 1257 3303 1310 nisi
3334 1257 3593 1313 nilei?in
3630 1269 3773 1313 recte

2227 1335 2455 1391 Joannes
2484 1339 2550 1391 ad
2594 1339 2693 1393 hoc
2719 1356 2749 1393 a
2772 1356 2900 1396 voce
2944 1344 3112 1412 prima
3150 1345 3423 1407 invitatur,
3450 1348 3576 1415 quia
3603 1362 3767 1401 unus-

2227 1424 2450 1492 quisque
2472 1426 2781 1492 electorum,
2808 1439 2865 1483 ut
2886 1430 3138 1487 iuoll'euso
3164 1433 3490 1490 credulitatis
3520 1437 3653 1504 pede
3676 1452 3774 1505 per

2229 1515 2573 1585 l-Zvangehum
2612 1516 2678 1571 ad
2731 1532 2871 1570 vera:
2928 1519 3048 1572 lidei
3094 1531 3424 1575 sacramenta
3484 1524 3768 1593 pertingat,

2231 1605 2437 1661 Veteris
2473 1605 2798 1661 Testamenti
2828 1607 3086 1671 doctrina,
3116 1624 3233 1676 quae
3263 1625 3453 1664 novam
3495 1613 3769 1679 praeedit,

2232 1697 2531 1749 roboratur.
2561 1696 2627 1750 Et
2653 1706 2795 1751 recte
2820 1698 2932 1752 hzec
2960 1713 3060 1752 vos
3085 1698 3223 1752 tuba:
3253 1711 3617 1770 comparatur,
3647 1705 3771 1771 quia

2228 1785 2293 1838 ad
2316 1785 2511 1839 bellqu
2536 1797 2789 1855 provocat
2814 1789 3065 1859 spiritale.
3096 1789 3243 1845 Unde
3268 1800 3351 1847 est
3388 1792 3517 1846 illud
3546 1812 3558 1845 :
3607 1793 3771 1859 Quasi

2229 1879 2351 1930 tuba
2379 1878 2551 1931 exulta
2576 1894 2742 1931 rocem
2770 1888 2911 1931 tuam
2942 1878 3074 1947 (Isa.
3118 1896 3272 1944 LVIII,
3325 1882 3395 1953 l).
3439 1882 3497 1936 ln
3540 1897 3607 1937 eo
3643 1899 3771 1937 vero

2227 1969 2368 2037 quod
2407 1959 2649 2023 subditur
2676 1982 2691 2021 :
2721 1968 2985 2021 ostendam
3013 1969 3103 2022 tibi
3128 1986 3245 2040 ante
3272 1980 3469 2041 oportet
3505 1972 3621 2040 fieri
3658 1982 3771 2041 post

2151 2103 2153 2105 ,
2227 2056 2370 2119 lia-c,
2414 2070 2519 2111 non
2583 2063 2738 2124 negat
2778 2055 2903 2109 dum
2948 2058 3458 2119 esseesaltationes
3498 2060 3771 2126 Ecclesiie,

2227 2144 2320 2199 sed
2342 2146 2567 2200 ostendit
2589 2146 2726 2215 quod
2751 2157 3097 2217 permaneant
3124 2163 3292 2217 usque
3312 2149 3368 2202 in
3392 2149 3551 2215 linem
3569 2152 3768 2206 articuli.

2298 2234 2455 2288 Vsus.
2484 2233 2537 2287 2.
2560 2262 2630 2272 --
2668 2234 2734 2287 Et
2768 2236 2942 2289 statim
2977 2236 3055 2305 fui
3091 2237 3144 2292 iu
3185 2240 3387 2308 spiritu.
3437 2239 3549 2297 Hoc
3597 2242 3643 2297 si
3702 2244 3770 2298 ad

2226 2321 2483 2377 Joannem
2508 2324 2786 2390 relcratur,
2802 2326 2855 2379 in
2876 2327 3097 2380 estasim
3112 2341 3233 2381 eum
3253 2327 3381 2383 dicit
3403 2340 3769 2399 assmptum;

2227 2413 2273 2467 si
2303 2427 2429 2466 vero
2453 2416 2518 2467 ad
2548 2414 2859 2480 Ecclesium,
2882 2416 2979 2470 hoc
3006 2417 3145 2471 dicto
3189 2416 3442 2487 spiritalis
3480 2418 3599 2486 ejus
3643 2435 3770 2474 con-

2171 2523 2173 2526 ‘
2229 2504 2459 2557 versatio
2480 2499 2799 2557 declaratur.
2829 2502 2897 2556 Et
2921 2518 3045 2559 εσσε·
3056 2504 3196 2558 sedes
3217 2505 3384 2575 posita
3408 2516 3519 2559 erat
3546 2507 3599 2560 in
3620 2508 3768 2573 celo,

2227 2603 2276 2648 σε
2309 2607 2469 2661 super
2505 2591 2673 2647 sedem
2718 2593 2917 2646 sedens.
2961 2594 3088 2646 Taui
3130 2608 3227 2665 per
3263 2594 3456 2651 caelum
3488 2612 3646 2664 quam
3676 2613 3770 2666 per

2228 2680 2407 2735 sedem
2441 2680 2676 2735 Ecclesia
2703 2681 3038 2750 designatur;
3065 2684 3145 2738 sic
3175 2683 3316 2737 enim
3342 2700 3510 2754 genus
3526 2687 3770 2757 jungitur

2228 2772 2429 2841 generi,
2463 2782 2525 2825 ut
2565 2786 2668 2826 non
2709 2773 2834 2835 duo,
2867 2774 2961 2827 sed
3001 2786 3162 2827 unum
3214 2773 3557 2844 intelligatur.
3605 2775 3771 2833 Sedes

2229 2877 2355 2929 ergo
2382 2862 2434 2914 in
2468 2861 2604 2915 (telo
2627 2862 2860 2928 ponitur,
2889 2877 3007 2913 cum
3030 2862 3199 2930 ipsum
3221 2862 3433 2927 celum,
3461 2864 3515 2917 id
3539 2872 3622 2917 est
3668 2863 3766 2920 Ec-

2228 2950 2409 3011 clesia,
2439 2965 2468 3002 a
2493 2950 2715 3003 Domino
2760 2950 3028 3018 pnesideri
3058 2960 3311 3006 uteretur.
3356 2951 3550 3008 Sedens
3596 2966 3770 3007 autem

2229 3037 2603 3104 supersedens,
2648 3036 2721 3091 nil
2755 3038 2898 3092 aliud
2928 3046 3008 3093 est
3040 3054 3199 3108 quam
3247 3039 3389 3095 illius
3437 3042 3667 3098 hominis
3712 3043 3765 3097 in

2230 3128 2402 3183 medio
2429 3127 2863 3185 candelabrorum
2886 3144 3168 3184 aureorum
3186 3145 3477 3201 apparens:
3501 3133 3603 3187 nisi
3627 3134 3771 3203 quod

2229 3217 2336 3272 illic
2364 3217 2619 3279 ambulat,
2649 3217 2701 3271 id
2733 3228 2815 3272 est
2837 3220 2970 3272 dona
3002 3221 3216 3284 tribuit;
3250 3221 3337 3276 hic
3362 3238 3489 3277 vero
3524 3225 3693 3288 sedet,
3716 3226 3769 3279 id

2228 3316 2311 3361 est
2345 3322 2441 3374 pro
2469 3307 2676 3362 collatis
2704 3308 3011 3363 muneribus
3029 3310 3285 3378 judicium
3314 3327 3570 3368 exercens
3589 3315 3765 3385 singu-

2230 3394 2307 3448 los
2336 3396 2605 3463 dijudicat.
2636 3396 2765 3452 Nam
2785 3400 2925 3466 quod
2945 3415 3039 3467 per
3057 3401 3322 3455 sedentem
3343 3403 3443 3457 hoc
3461 3404 3579 3457 loco
3603 3403 3771 3460 Filius

2228 3489 2547 3559 designetur,
2580 3490 2879 3546 declaratur
2905 3509 3024 3547 cum
3072 3494 3315 3550 subditur
3347 3512 3360 3548 :
3401 3494 3586 3564 (Vsus.
3611 3496 3667 3565 ὅ)
3696 3494 3765 3549 Et

2225 3578 2313 3645 qui
2334 3577 2537 3632 sedebat
2554 3579 2734 3634 similis
2761 3591 2871 3634 erat
2889 3584 3116 3649 aspectui
3144 3582 3329 3651 lapidis
3340 3584 3565 3653 juspidis
3586 3595 3636 3639 et
3656 3602 3771 3639 sar»~

2225 3667 2353 3720 dini.
2383 3667 2483 3722 Per
2500 3667 2786 3736 jaspidem,
2804 3672 2893 3737 qui
2916 3685 2981 3724 ex
3009 3672 3197 3725 virenti
3227 3673 3402 3739 specie
3425 3682 3654 3739 constat,
3679 3675 3767 3727 illa

2225 3756 2455 3824 paradisi
2470 3757 2690 3813 virentia
2713 3766 2905 3825 pascua
2927 3760 3287 3828 designantur.
3300 3761 3364 3816 Et
3377 3777 3495 3831 qua:
3509 3770 3632 3820 sunt
3655 3763 3763 3827 illa,

2226 3846 2328 3900 nisi
2355 3845 2549 3903 Christi
2579 3849 2846 3911 divinitas,
2871 3850 2923 3904 iu
2953 3866 3055 3917 qua
3083 3852 3261 3913 omnia
3288 3853 3505 3905 vivunt?
3534 3853 3604 3909 Ut
3625 3854 3765 3908 idem

2224 3934 2455 3990 Joannes
2486 3955 2498 3988 :
2529 3936 2631 4001 Qui
2652 3937 2812 3991 habet
2838 3935 3055 4001 Filium,
3087 3938 3237 3990 habet
3270 3938 3423 3992 titan
3452 3938 3644 4009 (locis.
3671 3954 3763 4005 ιιι,

2224 4026 2333 4094 56).
2362 4025 2463 4078 Per
2490 4026 2758 4080 sardinum
2784 4042 2930 4091 vero,
2952 4029 3041 4096 qui
3073 4036 3227 4092 terrai
3251 4028 3424 4083 rubrae
3466 4029 3768 4085 similitudk

2225 4126 2346 4165 nem
2387 4112 2565 4171 habet.
2599 4113 2903 4170 humanitas
2953 4116 3121 4170 nostri
3172 4115 3542 4182 Redemptoris
3586 4117 3768 4185 expri-

2224 4202 2409 4265 mitur,
2435 4203 2556 4269 quia
2587 4203 2781 4258 veritas
2810 4205 2874 4257 de
2910 4212 3051 4258 terra
3087 4212 3207 4260 orta
3241 4212 3343 4258 est.
3376 4204 3557 4260 Potest
3598 4206 3762 4263 etiam

2224 4307 2320 4359 per
2346 4292 2532 4345 horum
2553 4291 2784 4359 lapidum
2827 4293 3030 4360 species
3082 4292 3318 4348 Ecclesia
3363 4292 3648 4364 designari.
3694 4292 3764 4345 Et

2151 4380 2198 4439 ι)
2223 4378 2313 4432 iris
2338 4389 2445 4431 erat
2472 4379 2522 4433 iu
2542 4380 2757 4435 circuitu
2778 4382 2932 4444 sedis,
2961 4382 3140 4435 similis
3164 4381 3370 4436 visionis
3396 4382 3760 4452 smaragdina.

2225 4471 2328 4524 Per
2352 4472 2477 4533 irin,
2506 4487 2624 4538 qu:e
2660 4470 2842 4524 Gneca
2878 4470 3168 4538 Latiuaque
3204 4469 3380 4539 lingua
3422 4486 3582 4529 arcus
3608 4487 3764 4529 voca-

2224 4571 2339 4621 tur,
2366 4562 2723 4616 reconciliatio
2776 4561 2957 4614 mundi
3002 4561 3307 4629 designatur
3352 4576 3450 4630 per
3499 4562 3761 4619 incarnati

2226 4652 2383 4705 Verbi
2406 4653 2845 4720 dispensationem
2872 4652 3026 4707 facta.
3058 4650 3179 4705 Sole
3203 4652 3395 4719 quippe
3417 4654 3614 4708 nubem
3641 4652 3762 4707 illu—

2224 4750 2425 4795 strante
2445 4744 2540 4797 iris
2564 4744 2825 4811 apparuit,
2845 4743 2968 4808 quia
2990 4756 3109 4794 enim
3138 4740 3309 4797 Patris
3332 4742 3563 4796 Verbum
3579 4778 3597 4803 ,
3617 4740 3760 4809 quod

2223 4832 2300 4886 sol
2320 4834 2538 4902 justitiae
2559 4842 2659 4894 est,
2688 4834 2968 4885 humanam
2997 4840 3240 4885 naturam
3262 4830 3600 4897 suscipiendo
3622 4830 3760 4884 irrao

2222 4926 2404 4988 dinvit,
2431 4926 2542 4991 ipsa
2572 4922 2917 4975 humanitatis
2960 4920 3074 4988 ejus
3115 4920 3407 4989 susceptio,
3428 4933 3548 4987 quin
3572 4934 3604 4972 a
3634 4933 3759 4987 pro-

2218 5018 2375 5086 pheta
2396 5014 2550 5068 nubes
2574 5022 2812 5076 vocatur,
2842 5012 3221 5066 reconciliatid‘
3242 5008 3381 5063 facta
3425 5017 3511 5062 est
3550 5007 3753 5061 mundi.

2218 5104 2381 5172 Cujus
2415 5106 2489 5157 rei
2536 5106 2647 5173 ipsa
2694 5100 3057 5168 interpretatio
3104 5099 3331 5155 nominis
3372 5104 3647 5159 consonat.
3694 5094 3763 5149 Si,

2217 5199 2358 5248 enim
2386 5210 2489 5247 una
2534 5196 2714 5257 littera
2749 5190 2923 5244 addita
2968 5189 3086 5242 irini
3136 5186 3363 5258 (εἰρήνη),
3387 5187 3535 5238 dicas
3577 5198 3678 5253 pa!
3720 5197 3754 5239 a

2216 5288 2401 5341 (imo
2424 5288 2474 5339 in
2498 5286 2740 5339 Latinum
2767 5285 3158 5351 interpretatur.
3188 5280 3320 5335 Cum
3351 5277 3517 5330 solida
3543 5284 3754 5332 sancto-

2211 5394 2332 5431 rum
2358 5376 2517 5431 corda
2564 5390 2682 5443 quire
2709 5376 2874 5429 nubes
2897 5382 3020 5426 sunt
3058 5376 3260 5429 vocata,
3287 5369 3569 5431 illuminat,
3594 5380 3752 5420 arcus

2216 5469 2443 5535 speciem
2472 5464 2713 5523 reddunt,
2735 5465 2857 5531 quia
2887 5461 3086 5513 orando
3109 5460 3269 5516 Deum
3296 5460 3362 5512 ad
3391 5460 3639 5526 pietatem
3671 5455 3752 5506 iu-

2218 5558 2515 5609 ﬂcvluutur.
2554 5553 2619 5605 Et
2682 5562 2799 5619 apta
2839 5552 3121 5617 ﬁgurarum
3164 5550 3439 5611 connexio,
3461 5546 3585 5615 (uia
3616 5542 3749 5596 infe-
