4262 6224
477 347 606 399 ΗΠ

1264 347 1664 402 EXEGETICA.
1702 379 1746 388 —
1808 347 2156 405 COMhlENT.
2196 348 2261 401 IN
2299 348 2584 404 APOCAL.
2613 380 2680 389 -—
2716 350 2841 402 LIB.
2884 352 2946 403 Ill

3537 355 3668 408 lllB

473 459 585 510 rius
611 456 812 525 fulgora
837 465 891 508 et
914 427 1146 509 tonitrua
1166 455 1234 509 de
1260 456 1450 510 throno
1482 466 1734 524 tanquam
1875 436 2015 510 nube
2039 460 2090 517 Α
2115 456 2256 524 quod
2282 465 2520 526 gestatur
2544 457 2795 519 interius;
2840 457 2911 509 ita
2937 458 3186 511 Ecclesiae
3215 457 3343 511 ﬁdes
3365 458 3510 512 intus
3541 461 3669 515 sim~

472 547 759 614 procedere
790 555 1092 599 narrantur.
1119 547 1283 614 Igitur
1311 547 1435 614 quia
1463 561 1618 606 arcus
1641 549 1845 602 duobus
1871 549 2016 616 prin-

471 635 717 702 cipaliter
735 635 1002 690 coloribus
1028 635 1344 702 resplendet,
1368 650 1518 703 aqua;
1540 634 1744 689 scilicet
1781 645 1836 689 et
1859 636 2014 704 ignis,

472 724 779 790 designatur
798 722 882 777 vel
900 723 1195 792 baptismus
1219 737 1371 790 aqum
1408 733 1463 777 et
1502 722 1732 792 Spiritus
1769 731 2013 786 sanctus;

472 810 552 864 vel
569 810 828 878 judicium
853 810 1158 877 praecedens
1181 825 1278 878 per
1302 810 1582 874 diluvium,
1605 826 1668 865 ac
1691 812 2017 879 subsequens

470 910 566 962 per
591 895 786 964 ignem.
816 895 884 950 Ut
911 910 1007 964 per
1034 912 1157 950 eum
1186 897 1288 951 hoc
1314 897 1431 952 loco
1457 898 1802 967 repropitiata
1821 898 2018 952 mundo

470 983 720 1037 divinitas
729 985 965 1051 apertius
973 986 1302 1050 ostendatur,
1315 986 1517 1041 idcirco
1530 986 1718 1040 visioni
1731 987 2020 1056 smaragdi-

471 1080 918 1140 mccomparatur.
935 1073 1184 1128 llicenim
1200 1075 1334 1144 lapis
1356 1065 1666 1130 viridissimi
1687 1077 1882 1131 coloris
1911 1087 2016 1141 est,

469 1163 557 1229 qui
613 1162 908 1217 divinitatis
938 1171 1144 1217 natura:
1173 1179 1287 1220 non
1315 1151 1752 1219 inconvenienter
1779 1173 2012 1234 aptatur.

540 1253 699 1305 Vsus.
723 1252 773 1304 ι.
801 1281 871 1290 -—
905 1251 973 1304 Et
1000 1251 1056 1304 in
1083 1251 1300 1305 circuitu
1323 1253 1458 1306 sedis
1486 1253 1667 1306 sedilia
1695 1253 1870 1322 viginti
1891 1271 2021 1323 qua-

469 1351 608 1400 tuor,
635 1349 682 1392 et
712 1356 865 1408 super
891 1340 1101 1395 thronos
1132 1341 1309 1408 uiginti
1338 1351 1567 1411 quatuor
1592 1343 1817 1397 seniores
1842 1344 2022 1398 seden-

469 1439 562 1478 tes.
587 1426 717 1479 Cum
748 1427 1005 1482 Dominus
1039 1428 1092 1480 in
1141 1428 1430 1497 Evangelio
1473 1431 1751 1486 duodecim
1800 1433 2023 1488 thronos

469 1523 870 1578 commemoret,
899 1515 1028 1582 quid
1065 1515 1168 1570 sibi
1220 1515 1334 1569 vult
1375 1517 1518 1585 quod
1559 1515 1792 1572 Joannes
1835 1519 2019 1587 viginti

469 1612 698 1670 quatuor
723 1602 880 1657 dicit?
929 1604 1032 1657 nisi
1075 1604 1200 1674 quia
1246 1612 1464 1673 propter
1507 1606 1778 1674 geminum
1809 1607 2017 1671 ,Testa-

470 1700 708 1745 mentum
733 1707 986 1746 numerus
1009 1693 1171 1746 etiam
1205 1693 1483 1748 duodecim
1514 1695 1745 1748 tribuum
1788 1695 2020 1764 duplica-

2113 543 2233 612 plex
2259 553 2344 597 est
2367 543 2700 606 credulitate,
2725 552 2780 597 et
2798 542 2929 597 loris
2950 559 3114 598 verax
3139 543 3437 598 ostenditur
3450 545 3665 601 confes-

2114 633 2282 686 sione.
2329 631 2434 685 Sed
2477 647 2543 686 ne
2582 630 2770 700 fragile
2795 640 3073 700 putaretur
3100 643 3159 686 ut
3186 633 3400 695 vitrum,
3431 634 3667 687 additum

2113 731 2196 775 est
2219 721 2384 776 simile
2401 720 2664 790 crystallo.
2689 720 2838 775 Sicut
2850 722 2993 774 enim
3014 722 3213 790 glacies
3233 722 3447 775 hiemali
3471 720 3669 790 frigore

2113 827 2297 879 pressa
2325 821 2444 880 post
2477 811 2672 866 multos
2717 826 2886 865 annos
2931 812 2984 866 in
3032 811 3434 866 similitudinem
3483 811 3670 880 lapidis

2114 901 2371 954 obdurata
2389 901 2698 970 crystallum
2714 901 2961 965 ellicitur,
2974 902 3047 955 ita
3063 901 3194 956 ﬁdes
3209 911 3515 957 sanctorum
3533 901 3671 954 inter

2116 1003 2394 1056 pressuras
2417 1003 2514 1058 per
2533 989 2860 1044 incrementa
2890 997 3191 1057 temporum
3219 991 3495 1045 solidatur.
3524 990 3592 1043 Et
3615 992 3669 1042 in

2117 1077 2283 1131 medio
2307 1078 2441 1131 sedis
2462 1087 2510 1131 et
2536 1078 2591 1131 in
2609 1080 2830 1134 circuitu
2848 1082 2984 1134 sedis
3002 1092 3228 1151 quatuor
3247 1081 3494 1134 animalia
3519 1082 3670 1150 plena

2116 1166 2280 1219 oculis
2315 1175 2436 1220 ante
2467 1176 2515 1220 et
2545 1177 2701 1222 retro.
2741 1168 2881 1223 Nulli
2917 1171 3132 1224 dubium
3167 1179 3248 1223 est
3281 1170 3409 1237 quin
3437 1184 3534 1237 per
3558 1170 3674 1223 hate

2115 1263 2344 1322 quatuor
2379 1255 2627 1308 animalia
2682 1266 2910 1326 quatuor
2955 1258 3251 1328 ﬁgurentur
3304 1258 3661 1328 evangelista.

2119 1342 2224 1398 Sed
2251 1344 2296 1396 si
2326 1344 2380 1396 in
2399 1344 2576 1398 medio
2599 1344 2759 1409 sedis,
2786 1347 3050 1412 quomodo
3069 1346 3123 1399 in
3143 1347 3371 1400 circuitu
3394 1346 3536 1400 sedis
3555 1359 3674 1399 esse

2117 1432 2496 1499 perhibentur?
2533 1435 2830 1502 praesertim
2866 1448 2987 1487 cum
3026 1434 3080 1488 in
3121 1433 3297 1488 medio
3324 1432 3466 1486 sedis
3495 1431 3673 1485 Domi-

2118 1536 2277 1587 num,
2309 1529 2364 1577 et
2398 1523 2450 1576 in
2482 1523 2711 1577 circuitu
2763 1524 2904 1578 sedis
2937 1524 3126 1594 viginti
3154 1531 3383 1592 quatuor
3428 1522 3670 1576 seniores

2118 1610 2306 1662 sedere
2325 1608 2437 1676 jam
2465 1611 2665 1664 dictum
2697 1613 2787 1666 sit.
2816 1612 3149 1680 Quapropter
3171 1612 3444 1666 sciendqu
3469 1612 3593 1680 quia
3621 1611 3675 1663 in

2121 1697 2344 1752 Domino
2380 1699 2660 1766 animalia,
2698 1708 2754 1753 et
2809 1701 2863 1754 in
2911 1702 3230 1754 animalibus
3273 1700 3564 1763 Dominus;
3621 1710 3676 1751 et

471 1790 574 1834 tur.
599 1780 763 1850 Igitur
783 1789 1039 1849 quantum
1059 1781 1127 1834 ad
1145 1781 1539 1836 distinctionem
1552 1783 1826 1852 utriusque
1839 1783 2021 1837 Testa-
2051 1786 2098 1845 Β
2122 1801 2307 1840 rursus
2328 1787 2381 1840 in
2401 1787 2700 1842 senioribus
2720 1787 2990 1851 animalia,
3009 1795 3064 1841 et
3083 1788 3137 1841 in
3165 1785 3482 1841 animalibus
3505 1787 3674 1840 senio-

472 1870 656 1934 meuti,
686 1870 870 1939 viginti
891 1880 1118 1939 quatuor
1137 1879 1260 1927 sunt
1279 1871 1474 1934 throni,
1504 1873 1828 1942 totidemque
1845 1873 2024 1929 senio-

473 1973 588 2021 res;
617 1965 874 2026 quantum
902 1973 1025 2011 vero
1059 1958 1126 2011 ad
1155 1958 1414 2012 unitatem
1447 1967 1500 2012 et
1550 1961 1890 2014 concordiam
1933 1977 2024 2015 eo-

451 2047 730 2121 runidcm,
745 2053 948 2099 tantum
970 2046 1267 2101 duodecim.
1293 2044 1402 2100 Sed
1427 2061 1525 2101 nec
1545 2048 1797 2102 debemus
1819 2056 2022 2102 tantum

469 2135 753 2191 carnaliter
772 2150 980 2205 sapere,
1007 2146 1064 2190 ut
1091 2136 1232 2190 aliud
1261 2137 1588 2192 aestimemus
1622 2153 1784 2191 unam
1818 2139 2022 2202 sedem,

471 2225 612 2279 aliud
636 2224 821 2295 viginti
849 2234 1077 2292 quatuor
1110 2227 1347 2280 thronos.
1375 2226 1507 2281 Nam
1531 2227 1657 2295 quia
1681 2228 2022 2296 singulariter

472 2329 534 2369 ac
565 2312 932 2381 Principaliter
952 2313 1255 2367 universam
1286 2313 1540 2366 Dominus
1559 2314 1818 2383 judicabit
1842 2315 2023 2370 Eccle~

473 2406 628 2468 siam,
661 2405 859 2463 idcirco
880 2404 1122 2464 seniores
1143 2412 1195 2457 et
1224 2403 1399 2458 throni
1444 2419 1549 2457 una
1585 2404 1737 2460 sedes
1783 2419 1900 2459 esse
1945 2405 2024 2460 di-

474 2504 698 2557 cuntur;
739 2495 876 2563 quia
923 2508 1050 2547 vero
1077 2496 1264 2559 sancti
1317 2495 1694 2562 praedicatores
1748 2496 2024 2564 utriusque

476 2583 798 2650 Testamenti
821 2598 942 2636 cum
961 2581 1144 2636 eodem
1161 2581 1400 2635 subditas
1419 2583 1601 2649 plebes
1621 2584 2022 2648 cxaminabunt,

473 2678 862 2739 consequenter
887 2672 940 2725 in
967 2671 1196 2725 circuitu
1221 2671 1361 2726 sedis
1382 2685 1543 2740 super
1578 2671 1764 2737 viginti
1796 2680 2024 2739 quatuor

476 2762 694 2816 thronos
719 2761 940 2816 totidem
961 2762 1146 2815 sedent
1176 2762 1433 2815 seniores.
1460 2761 1610 2827 Quod
1639 2770 1816 2815 autem
1848 2762 1913 2816 de
1942 2776 2025 2816 se-

477 2853 713 2905 nioribus
757 2850 1000 2904 subditur
1044 2868 1055 2902 r
1105 2853 1474 2905 circumamirti
1519 2854 1824 2906 vestimentis
1872 2851 2025 2917 albis,

474 2951 520 2992 et
555 2942 609 2994 in
634 2940 884 3008 capitibus
907 2954 1084 2992 eorum
1119 2955 1324 2991 corona:
1348 2956 1553 3002 aurem;
1593 2942 1659 2993 ad
1686 2957 1896 2995 omnem
1926 2941 2044 2996 Ec-

474 3032 690 3086 clesiam
719 3031 967 3100 pertinet,
997 3045 1116 3097 quae
1142 3028 1475 3084 vestimentis
1500 3028 1636 3082 albis
1679 3030 1949 3093 induitur,
1972 3030 2025 3084 id

473 3130 558 3176 est
579 3091 848 3174 inviolatis
873 3091 1119 3188 baptismi
1155 3117 1522 3173 sacramentis.
1550 3116 1786 3172 Qironas
1830 3091 2025 3173 aureas
2050 3091 2100 3154 ο

479 3212 531 3264 in
558 3212 732 3278 capite
760 3209 949 3273 habet,
993 3207 1116 3277 quia
1163 3209 1427 3263 veraciter
1475 3207 1541 3260 de
1585 3209 1773 3262 mortis
1815 3217 2030 3262 auctore

479 3299 790 3366 triumphat.
819 3297 1006 3359 Aliter,
1031 3304 1207 3364 potest
1228 3310 1320 3362 per
1347 3297 1489 3349 hunc
1527 3311 1807 3350 numerum
1844 3306 2026 3352 sancta

476 3387 712 3442 Ecclesia
737 3387 952 3455 ﬁgurari
970 3394 1182 3454 propter
1203 3385 1466 3440 senariam
1491 3385 1893 3454 perfectionem,
1913 3404 2030 3456 qum

475 3491 568 3544 per
592 3483 820 3544 quatuor
839 3475 1109 3545 Evangelii
1138 3475 1301 3529 libros
1326 3485 1750 3537 consummatur;
1777 3477 1859 3531 vel
1885 3485 2029 3530 certe

475 3567 599 3636 quia
623 3566 832 3620 Veteris
858 3565 1184 3618 Testamenti
1211 3564 1398 3632 viginti
1426 3571 1656 3630 quatuor
1674 3563 2022 3617 utiturlibris.

545 3655 707 3709 Vens.
737 3654 788 3707 5.
816 3683 887 3694 -—
931 3653 999 3705 Et
1040 3652 1104 3705 de
1145 3652 1330 3704 throno
1381 3653 1673 3720 procedunt
1705 3651 1910 3720 fulgora
1933 3691 1947 3714 ,
1978 3661 2026 3705 et

475 3760 638 3807 uoces,
655 3752 702 3795 et
730 3742 978 3794 tonitrua.
1004 3741 1100 3794 Hic
1128 3748 1311 3807 aperte
1335 3741 1630 3792 ostenditur
1657 3755 1752 3807 per
1777 3742 2024 3795 thronum

476 3829 764 3883 Ecclesiam
803 3827 1050 3895 ﬁgurari,
1077 3826 1161 3879 cui
1204 3826 1316 3878 lucc
1361 3825 1541 3878 omnia
1580 3827 1918 3881 conveniunt.
1968 3828 2025 3882 ln

477 3919 771 3987 fulgoribus
794 3919 934 3972 enim
963 3915 1338 3970 miraculorum
1366 3915 1514 3983 signa
1538 3915 1846 3982 accipimus.
1879 3916 2027 3971 Unde

476 4009 752 4062 Psalmista
777 4027 789 4062 :
815 4007 1105 4061 llluxerunt
1135 4005 1338 4075 fulgora
1365 4002 1454 4058 tua
1488 4004 1598 4057 orbi
1641 4014 1793 4057 teme
1835 4003 2050 4074 (Ptol.-

479 4115 656 4161 Lxxvt,
693 4098 797 4168 l9).
847 4098 948 4150 Per
984 4113 1125 4150 uoces
1171 4103 1346 4148 autem
1377 4102 1423 4146 et
1455 4094 1684 4146 tonitrua
1719 4094 2026 4162 praedicatio

479 4188 717 4242 veritatis
740 4187 1073 4252 expiimitur,
1090 4185 1228 4239 sicut
1248 4184 1385 4236 idem
1409 4182 1686 4236 Psalmista
1706 4182 1837 4237 dicit
1861 4201 1873 4235 :
1913 4181 2026 4235 Vox

475 4275 688 4331 tonitrui
707 4274 780 4326 mi
799 4258 854 4325 in
882 4282 994 4324 rota
1020 4271 1226 4343 (ηεαδ.
1248 4273 1319 4337 Et
1339 4279 1461 4325 nota
1482 4273 1605 4338 quia
1625 4273 1776 4338 quasi
1798 4287 1864 4326 ex
1885 4273 2022 4327 obli—

474 4381 580 4436 quo
607 4364 673 4417 ab
702 4378 804 4414 una
832 4362 999 4431 ﬁgura
1025 4361 1090 4413 ad
1115 4360 1270 4413 aliam
1312 4360 1572 4414 transiens
1591 4398 1605 4422 ,
1631 4361 1696 4412 de
1743 4361 1867 4414 sede
1910 4361 2025 4414 haec

2122 1890 2209 1929 res
2231 1875 2589 1930 inveniuntur.
2618 1876 2801 1931 Potest
2824 1885 2878 1930 et
2904 1883 3135 1945 quatuor
3162 1877 3472 1932 animalium
3495 1877 3674 1945 specie

2120 1963 2387 2033 designari
2425 1966 2746 2037 generaliter
2790 1966 3048 2021 Ecclesia.
3098 1966 3261 2020 Plena
3321 1969 3502 2036 itaque
3553 1976 3676 2020 sunt

2120 2053 2368 2106 animalia
2394 2054 2584 2118 oculis,
2605 2055 2731 2121 quia
2763 2054 2892 2122 quot
2915 2063 3040 2106 sunt
3068 2069 3344 2108 sacrarum
3367 2053 3673 2121 Scriptura-

2120 2157 2238 2197 rum
2263 2141 2492 2210 eloquia,
2518 2149 2598 2208 tot
2623 2149 2748 2196 sunt
2781 2142 3072 2198 electorum
3120 2141 3378 2209 spiritalia
3433 2141 3655 2200 lumina,

2121 2231 2313 2298 quibus
2337 2229 2405 2282 ad
2450 2229 2608 2283 ﬁdem
2650 2229 3038 2284 illuminantur.
3082 2229 3222 2282 Ante
3245 2236 3421 2288 autem
3447 2237 3502 2282 et
3533 2236 3678 2282 retro

2120 2324 2247 2371 sunt
2275 2315 2438 2379 oculi,
2469 2316 2594 2382 quia
2628 2316 2838 2370 Veteris
2863 2324 2917 2370 et
2955 2315 3088 2370 Novi
3125 2317 3450 2372 Testamenti
3499 2332 3678 2372 sacra-

2120 2402 2300 2457 me'nta
2327 2403 2378 2455 in
2404 2417 2462 2457 se
2483 2403 2776 2456 continent.
2791 2403 2924 2455 Ante
2942 2403 3086 2457 enim
3113 2405 3214 2457 hoc
3239 2404 3355 2458 loco
3376 2420 3474 2472 pro
3487 2414 3678 2473 praetc-

2122 2491 2227 2545 rito
2249 2490 2483 2560 ponitur.
2514 2489 2709 2555 Aliter,
2737 2499 2860 2544 ante
2871 2499 2925 2544 et
2937 2499 3082 2544 retro
3100 2490 3518 2554 habentoculos,
3545 2493 3668 2558 quia

2120 2581 2362 2648 quzedam
2399 2579 2632 2648 impleta,
2667 2588 2722 2634 et
2755 2580 2998 2648 quaedam
3033 2578 3296 2650 implenda
3330 2580 3672 2644 denuntiant;

2120 2669 2205 2721 vel
2229 2669 2354 2736 quia
2371 2670 2642 2737 pmterim
2667 2679 2883 2737 peccata
2906 2669 3182 2739 plangunt,
3202 2677 3257 2723 et
3276 2668 3452 2724 futura
3468 2680 3675 2725 cavent.

2192 2757 2351 2810 Vsus.
2381 2757 2432 2808 7.
2461 2786 2532 2799 —
2556 2757 2627 2809 Et
2655 2757 2851 2811 animal
2873 2758 3097 2826 primum
3123 2757 3292 2812 simile
3320 2758 3479 2823 leoni,
3506 2769 3555 2811 et
3600 2775 3679 2812 se-

2122 2847 2347 2902 cundum
2374 2846 2580 2915 animal,
2608 2847 2772 2900 simile
2799 2847 2989 2910 vitulo,
3013 2857 3064 2902 et
3091 2848 3299 2902 tertium
3345 2850 3542 2903 animal
3586 2851 3674 2902 Ita-

2125 2938 2244 2992 bcns
2272 2938 2456 3006 faciem
2482 2938 2632 3007 quasi
2651 2938 2891 3001 hominis,
2917 2946 2965 2991 et
2990 2946 3234 3006 quartana
3271 2938 3468 2990 animal
3491 2997 3494 3000 _
3514 2939 3681 2991 simile

2124 3029 2312 3097 aquilis
2355 3027 2565 3080 uolanti.
2606 3010 2958 3100 (inurendum
3007 3036 3090 3082 est
3118 3041 3283 3096 quare
3309 3025 3540 3082 Joannes
3567 3028 3676 3094 pri-

2125 3130 2271 3169 mum
2297 3115 2493 3170 animal
2515 3115 2655 3172 leoni
2685 3116 2858 3178 simile
2875 3116 3089 3181 dixerit,
3103 3132 3224 3171 cum
3244 3115 3490 3172 Ezechiel
3512 3117 3680 3170 homi-

2126 3203 2210 3258 nis
2253 3203 2485 3270 speciem
2528 3204 2702 3271 primo
2739 3203 2952 3258 animali
2995 3203 3170 3258 inesse
3194 3203 3490 3272 perbibeat.
3519 3203 3684 3272 igitur

2127 3297 2217 3344 aut
2241 3290 2372 3344 ordo
2400 3289 2688 3344 historicus
2720 3297 2956 3343 mutatus
2976 3297 3075 3352 est,
3101 3304 3257 3356 quem
3287 3290 3512 3358 mystica
3538 3290 3684 3345 Scri—

2126 3388 2406 3447 pturarum
2435 3376 2645 3444 eloquia
2673 3385 2781 3430 non
2810 3365 3019 3444 semper
3033 3384 3279 3439 servant;
3318 3376 3401 3430 vel
3425 3378 3550 3444 quia
3576 3393 3682 3432 non

2125 3473 2341 3532 propter
2367 3465 2724 3528 nativitatem,
2754 3472 2846 3520 aut
2892 3465 3192 3538 passionem
3237 3464 3581 3520 crediderunt
3626 3468 3678 3520 in

2125 3556 2393 3612 Christum
2420 3557 2684 3619 homines,
2713 3557 2804 3612 sed
2827 3564 3046 3625 pr0pter
3073 3556 3535 3619 resurrectionem,
3557 3572 3677 3623 quae

2125 3644 2177 3697 in
2224 3644 2374 3698 Lone
2419 3644 2710 3713 ﬁguratur,
2747 3643 2862 3711 ejus
2913 3646 3142 3714 speciem
3199 3644 3427 3713 primam
3479 3647 3675 3711 posuit.

2124 3731 2359 3799 Denique
2395 3731 2518 3798 quia
2553 3732 2619 3784 ab
2652 3730 2880 3786 humana
2919 3731 3262 3799 generatione
3310 3731 3494 3797 erepit,
3537 3740 3679 3784 recte

2124 3834 2219 3888 per
2243 3819 2512 3872 hominem
2537 3818 2846 3882 Matthzeus;
2877 3818 2999 3886 quia
3025 3833 3056 3871 a
3083 3818 3312 3872 clamore
3338 3818 3392 3873 in
3439 3819 3674 3881 deserto,

2126 3915 2267 3963 recte
2295 3921 2390 3976 per
2410 3907 2616 3960 leonem
2642 3906 2884 3971 Marcus;
2932 3907 3054 3976 quia
3082 3920 3111 3960 a
3141 3904 3402 3962 sacriﬁcio
3427 3920 3672 3970 exorsus,

2122 3996 2256 4050 bene
2276 4011 2370 4064 per
2391 3996 2616 4051 vitulum
2642 3997 2843 4059 Lucas;
2872 3997 2961 4064 qui
2987 4011 3113 4050 vero
3137 4010 3168 4048 a
3184 3994 3460 4059 divinitate
3481 3995 3663 4062 empit,

2124 4085 2279 4151 digne
2303 4098 2398 4152 per
2421 4084 2650 4151 aquilam
2677 4083 2924 4136 Joannes.
2949 4083 3177 4136 Possunt
3205 4091 3259 4135 et
3286 4083 3400 4137 haec
3417 4081 3492 4135 ad
3522 4082 3678 4137 Chri-

2125 4183 2263 4232 stum
2291 4173 2500 4237 referri,
2528 4181 2582 4228 et
2621 4174 2686 4225 ad
2712 4180 2902 4226 cuncta
2947 4171 3184 4225 membra
3228 4170 3362 4236 ejus.
3409 4167 3514 4224 Sed
3562 4171 3679 4224 haec

2124 4266 2404 4324 brevitatis
2429 4279 2591 4321 causa
2617 4263 2815 4318 dixisse
2849 4260 3092 4316 sufﬁciat.
3125 4257 3308 4328 (Vsus.
3332 4255 3412 4327 8.)
3452 4255 3520 4312 Et
3549 4273 3681 4324 qua—
3720 4280 3744 4300 τ

2125 4369 2242 4412 tuor
2285 4339 2553 4420 animiin,
2584 4354 2789 4423 singula
2834 4369 3011 4408 eorum
3058 4349 3306 4422 habebant
3348 4366 3498 4404 senas
3541 4348 3676 4402 alas.

477 4419 607 4508 dicit
633 4419 938 4522 procedere,
965 4466 1084 4504 cum
1115 4465 1217 4503 non
1252 4449 1381 4515 sedi,
1410 4449 1503 4501 sed
1531 4448 1656 4502 nubi
1682 4448 2018 4501 conveniant.
2052 4419 2103 4478 Ῑ)
2125 4443 2182 4498 ln
2220 4444 2318 4500 alis
2343 4454 2572 4512 quatuor
2601 4441 2932 4505 animalium,
2962 4420 3183 4496 duorum
3213 4440 3675 4494 Testamentorum

476 4543 646 4613 Ipsam
670 4555 797 4610 ergo
823 4540 999 4593 sedem
1023 4541 1216 4608 nubem
1241 4539 1354 4592 vult
1374 4537 1615 4606 intelligi.
1669 4532 1809 4593 Bene
1844 4545 2024 4592 autem

477 4632 733 4698 instat-uin
763 4631 993 4684 Ecclesia
1023 4644 1115 4697 per
1142 4627 1334 4701 nubem
1381 4629 1665 4698 ﬁguratur,
1691 4629 1813 4696 quia
1841 4629 2028 4696 pradi-

477 4729 688 4776 catores
726 4718 839 4788 ejus
883 4725 938 4769 et
984 4716 1158 4769 verbis
1200 4712 1406 4782 pluunt,
1436 4725 1490 4770 et
1524 4717 2028 4774 comminationibus

481 4816 686 4870 tonant,
714 4817 768 4864 et
804 4804 1074 4862 miraculis
1117 4788 1417 4859 corudcaut.
1451 4805 1518 4861 Et
1545 4816 1732 4875 septem
1763 4805 2028 4875 lampades

477 4898 714 4954 ardentes
732 4908 851 4953 ante
877 4897 1134 4960 thronum,
1164 4912 1279 4964 qua:
1300 4905 1419 4950 sunt
1449 4906 1638 4964 septeni
1659 4896 1873 4965 spiritus
1906 4895 2026 4959 Dei;

379 5026 384 5029 ς
481 4990 662 5061 (Vens.
687 4987 741 5058 6)
765 4997 813 5038 et
854 4988 910 5040 in
936 4997 1202 5057 conspectu
1225 4986 1360 5043 sedis
1381 4995 1626 5055 tanquam
1650 5002 1790 5043 mare
1814 4986 2027 5040 vitreum

480 5077 641 5133 simile
678 5074 944 5144 crystallo.
975 5076 1110 5143 Apte
1159 5076 1390 5145 Spiritus
1440 5084 1654 5132 sanctus
1700 5072 2030 5139 lampadibus

373 5172 376 5174 '
479 5173 833 5241 comparatur,
851 5165 972 5236 quia
991 5165 1060 5246 ad
1071 5179 1306 5222 annorum
1327 5164 1418 5220 Dei
1435 5171 1488 5218 et
1507 5156 1729 5231 proximi
1741 5159 2031 5215 electorum

480 5257 685 5313 animos
706 5257 964 5313 accendit.
993 5255 1130 5325 Quid
1152 5261 1328 5311 autem
1356 5267 1454 5319 per
1478 5267 1628 5312 mare
1652 5250 1901 5311 vitreum,
1923 5249 2025 5305 nisi

479 5345 775 5419 baptismus
820 5344 1107 5414 ﬁguratur?
1150 5331 1216 5403 Et
1264 5353 1432 5412 quam
1471 5340 1720 5403 vitreum.
1755 5337 1854 5397 nisi
1904 5335 2026 5403 quia

483 5432 612 5494 ﬁdes
635 5449 730 5510 per
751 5446 872 5492 eum
903 5433 1284 5494 transeuntium
1314 5429 1513 5501 tropica
1534 5428 1794 5487 locutione
1813 5427 2027 5482 demonv

483 5524 714 5580 stratur?
757 5521 837 5580 Ab
863 5513 1123 5579 obiciente
1168 5521 1368 5579 scilicet
1423 5518 1548 5574 illud
1601 5517 1739 5579 quod
1784 5515 2020 5573 eﬂicitur.

488 5611 631 5666 Sicut
658 5615 797 5668 enim
822 5613 874 5668 in
903 5613 1039 5666 vitro
1067 5612 1192 5664 nihil
1213 5611 1352 5664 aliud
1377 5612 1580 5664 videtur
1601 5607 1850 5665 exterius,
1869 5621 2024 5666 quam

2127 4533 2336 4602 eloquia
2363 4533 2674 4600 accipimus.
2698 4530 2832 4585 Cum
2860 4545 2985 4599 ergo
3013 4530 3127 4584 dua:
3153 4528 3260 4582 sint
3288 4527 3369 4583 δε
3395 4527 3491 4581 alte
3509 4567 3521 4590 ,
3551 4542 3677 4596 pro-

2127 4633 2247 4693 pter
2270 4622 2595 4690 geminatum
2625 4628 2802 4675 tamen
2841 4618 3222 4674 duodenarium
3256 4632 3558 4679 numerum,
3587 4614 3680 4683 qui

2131 4715 2184 4770 in
2210 4709 2452 4766 tribubus
2478 4706 2639 4762 Israel
2664 4714 2718 4759 et
2737 4706 2789 4758 in
2809 4706 3063 4773 apostolis
3084 4705 3373 4768 invenitur,
3396 4704 3679 4759 duodecies

2131 4799 2564 4869 multiplicantur,
2595 4805 2648 4851 et
2673 4795 2859 4866 viginti
2883 4806 3111 4862 quatuor
3138 4797 3202 4849 de
3227 4810 3284 4849 se
3311 4795 3556 4851 reddunt.
3590 4793 3679 4848 Sic

2129 4897 2286 4950 etiam
2315 4899 2531 4960 propter
2572 4888 2852 4945 Trinitatis
2894 4887 3170 4948 notitiam,
3201 4901 3358 4953 quam
3399 4894 3509 4940 toto
3563 4885 3679 4939 urbi

2128 4985 2445 5044 diffundunt,
2477 4990 2558 5036 ter
2587 4977 3018 5048 multiplicantur,
3052 4985 3104 5032 et
3133 4992 3221 5031 sex
3255 4977 3307 5031 in
3334 4976 3556 5032 solidum
3589 4991 3679 5041 ap.

2129 5081 2333 5142 parent.
2360 5069 2548 5130 Aliter,
2580 5075 2801 5136 possunt
2832 5081 2928 5133 per
2955 5079 3045 5122 sex
3068 5063 3180 5118 alas
3217 5078 3308 5120 sex
3349 5062 3490 5131 leges
3521 5061 3675 5117 intel-

2132 5161 2240 5229 ligi.
2281 5157 2452 5215 Prima
2495 5155 2770 5220 naturalis,
2798 5153 3028 5213 secunda
3057 5150 3242 5220 Moysi,
3274 5151 3428 5207 tertia
3451 5150 3678 5218 prophe-

2134 5250 2527 5312 tarum.quarta
2552 5243 2761 5310 gratim,
2782 5240 2966 5308 quinta
2993 5239 3376 5307 apostolorum.
3405 5245 3554 5295 sexta
3592 5251 3678 5302 δῖε

2127 5334 2403 5394 nodorum,
2425 5329 2618 5396 quibus
2641 5328 2875 5387 Ecclesia
2904 5327 3043 5381 volat
3073 5326 3139 5380 ad
3166 5324 3378 5379 coelum.
3409 5323 3474 5376 Et
3504 5321 3554 5372 iu
3575 5322 3675 5375 cir-

2127 5423 2291 5483 cuitu,
2325 5429 2369 5472 et
2399 5419 2536 5472 intus
2565 5417 2715 5484 plena
2741 5426 2859 5470 sunt
2889 5415 3068 5468 oculis.
3096 5413 3358 5474 Animalia
3386 5421 3431 5464 et
3474 5411 3526 5462 in
3572 5410 3674 5460 (ὀμ

2128 5513 2288 5571 cuitu.
2315 5522 2359 5562 et
2390 5511 2525 5561 intus
2553 5508 2701 5576 plena
2730 5505 2889 5558 oculis
2911 5516 3047 5566 sunt,
3078 5504 3200 5571 quia
3228 5513 3410 5559 sancta
3444 5501 3678 5557 Ecclesia

2130 5597 2513 5667 pltcdicalionis
2541 5595 2713 5648 lumcn
2744 5593 2971 5647 ostendit
2995 5590 3350 5656 credentibus,
3382 5588 3678 5644 inﬁdelibus
