4154 6234
556 361 687 411 1H9

549 470 785 524 claudit:
817 468 900 521 vel
939 467 1059 533 quia
1110 467 1281 519 sancti
1337 464 1711 533 pradicatores
1758 459 2098 528 parrulorum
2130 466 2172 519 Α

551 560 817 611 mentibus
838 565 1096 623 tanquam
1121 556 1248 607 loris
1275 569 1367 622 per
1394 553 1557 606 solam
1591 551 1885 611 historiam,
1909 558 1961 600 et
1986 562 2101 617 pcr-

551 648 808 701 l‘ectorum
838 646 990 714 quasi
1017 646 1157 697 intus
1182 657 1275 711 per
1301 643 1605 711 allegoriam
1638 642 1738 693 iter
1758 639 1875 691 ﬁdei
1899 647 1952 691 et
1978 652 2101 690 san-

550 737 749 789 ctitatis
774 736 1090 798 ostendunt;
1124 750 1171 784 νι
1191 734 1207 785 ι
1226 734 1349 800 quia
1385 732 1745 785 indesinenter
1770 727 2102 793 conspiciunt

550 838 607 880 ut
632 825 761 881 l'oris
795 827 931 877 bona
970 824 1211 891 exempla
1250 822 1502 874 fratribus
1539 819 1831 888 praebeant.
1855 825 1909 871 et
1960 817 2102 868 intus

552 925 698 975 recta
726 914 1021 967 intentione
1045 914 1352 979 persistant.

619 1003 686 1055 Et
711 1003 931 1071 requiem
954 1018 1056 1053 non
1088 1001 1271 1053 habent
1301 1000 1383 1052 die
1410 1015 1472 1051 ac
1497 1007 1644 1051 nocte
1678 998 1899 1049 dicentia
1923 1009 1940 1045 :
1968 994 2101 1049 San-

547 1103 679 1152 ctus,
698 1101 925 1151 sanctus,
945 1101 1178 1149 uinctus,
1200 1089 1451 1141 Dominus
1483 1087 1617 1139 Deut
1648 1085 1989 1153 omnipotens,
2012 1084 2102 1151 qui

548 1188 639 1235 est.
670 1188 717 1229 et
745 1179 831 1245 qui
860 1190 987 1235 erat.
1018 1189 1063 1228 et
1093 1178 1179 1245 qui
1211 1186 1453 1229 venturus
1482 1186 1575 1229 est.
1609 1174 1849 1242 Requiem
1880 1190 1981 1225 non
2007 1174 2101 1223 Ita-

557 1272 769 1330 bent.iJ
813 1281 895 1323 est
944 1287 973 1323 a
1013 1270 1245 1323 clamore
1295 1286 1399 1323 non
1446 1278 1676 1323 cessant.
1734 1267 1883 1321 [inde
1933 1268 2111 1321 claret

549 1360 690 1424 quol
719 1358 964 1410 animalia
995 1368 1224 1426 quatuor
1254 1368 1417 1411 totam
1455 1358 1747 1410 Ecclesium
1774 1357 2049 1424 designant
2085 1374 2096 1407 :

550 1448 673 1514 quia
703 1463 805 1498 non
830 1446 925 1499 soli
964 1447 1320 1513 evangelistm,
1347 1446 1437 1497 sed
1469 1455 1522 1497 et
1564 1458 1749 1496 omnes
1794 1444 1973 1496 lideles
2018 1443 2102 1495 die

551 1552 611 1587 ac
644 1544 815 1598 nocte,
846 1535 896 1586 iJ
922 1544 1003 1587 est
1052 1538 1102 1586 in
1147 1537 1412 1601 prosperis
1458 1544 1510 1586 et
1551 1535 1603 1585 in
1642 1533 1904 1593 adversis,
1938 1533 2100 1585 Deum

552 1626 770 1677 laudare
798 1639 901 1676 non
928 1634 1160 1676 cessant.
1187 1625 1240 1676 ln
1279 1640 1343 1676 eo
1368 1636 1545 1676 autem
1592 1624 1730 1690 quod
1788 1633 1867 1675 ter
1920 1613 2103 1675 dicunt

553 1722 779 1770 sanctus,
807 1722 914 1766 tres
942 1728 1193 1780 personas
1223 1714 1515 1780 designant.
1559 1713 1790 1765 Dicendo
1820 1727 1967 1772 vero,
1999 1710 2101 1763 Do-

552 1800 719 1850 minus
756 1799 891 1852 Deut
922 1802 1258 1867 omnipotens,
1291 1804 1448 1853 unius
1483 1801 1790 1853 substantia:
1842 1801 2002 1853 Deum
2048 1802 2099 1853 in
2133 1776 2175 1835 Β

553 1890 635 1940 his
669 1890 838 1941 tribus
872 1892 1173 1943 ostendunt.
1218 1891 1319 1942 Sed
1357 1891 1620 1957 quomodo
1673 1891 1921 1943 Trinitati
1974 1905 2102 1942 con-

551 1992 741 2041 gruere
767 1987 940 2045 potest
969 1980 1109 2045 quod
1137 1982 1187 2030 in
1213 1979 1429 2045 praefata
1457 1980 1606 2033 laude
1629 1980 1823 2032 dicitur
1840 2020 1853 2041 ,
1874 1982 1961 2048 qui
1984 1995 2101 2031 ren-

550 2078 697 2118 turns
722 2078 815 2127 cst,
842 2083 960 2120 cum
998 2069 1139 2121 solus
1163 2068 1327 2122 Filius
1352 2070 1415 2122 ad
1438 2071 1779 2139 judicandum
1820 2070 1873 2121 in
1914 2070 2100 2121 huma-

554 2157 718 2208 nitate
743 2165 998 2208 venturus
1024 2157 1125 2208 sit?
1161 2156 1447 2209 Sciendum
1479 2158 1641 2226 igitur
1670 2157 1791 2223 quia
1824 2157 2101 2209 invisibilis

552 2243 785 2296 Trinitas
812 2258 906 2310 per
925 2252 1248 2310 assumptani
1273 2244 1388 2296 Filii
1411 2259 1689 2310 personam
1707 2242 1879 2309 justos
1897 2252 1948 2296 et
1973 2259 2097 2311 pec~

552 2343 762 2385 ratores
800 2330 1145 2382 examinabit.
1175 2332 1361 2383 Veniet
1390 2341 1562 2384 autem
1611 2346 1712 2383 non
1759 2331 1823 2383 de
1870 2331 1985 2383 loco
2034 2333 2099 2385 ad

556 2422 728 2473 locum
757 2420 1096 2478 transeundo,
1124 2419 1214 2472 sed
1259 2434 1352 2486 per
1395 2429 1691 2487 susceptain
1730 2420 1957 2473 hominis
1989 2420 2097 2471 for-

554 2524 716 2570 tnam,
744 2522 862 2575 qua:
888 2508 954 2560 de
977 2507 1113 2559 cmlo
1150 2508 1215 2559 ad
1258 2507 1504 2560 inferiora
1548 2508 1851 2570 descendet,
1880 2508 2101 2561 manife-

552 2605 689 2648 stam
718 2596 1005 2663 potentiam
1029 2596 1376 2650 ostendendo.
1409 2596 1588 2650 Potest
1614 2607 1663 2650 et
1704 2600 1803 2651 hoe
1830 2597 1944 2651 loco
1967 2612 2100 2665 prte-

551 2700 675 2737 sens
702 2685 994 2737 divinitatis
1034 2686 1321 2747 adventus,
1350 2702 1457 2753 quo
1490 2687 1658 2739 sancti
1702 2688 1819 2754 ejus
1864 2686 2100 2752 quotidie

554 2775 902 2837 illustrantur,
929 2773 1167 2842 intelligi.
1200 2777 1394 2843 (Vsus.
1425 2776 1513 2843 9.)
1552 2762 1616 2827 Et
1643 2791 1757 2827 cum
1788 2776 1970 2828 durent
2008 2775 2097 2828 illa

552 2858 799 2912 animalia
844 2860 1081 2928 gloriam,
1117 2871 1164 2913 et
1192 2864 1451 2923 honorent,
1482 2872 1528 2914 et
1581 2864 1973 2916 benedictionem
2022 2882 2101 2916 se-

550 2950 691 3001 denti
727 2966 879 3016 super
923 2951 1160 3002 thronum
1211 2952 1390 3004 virenti
1434 2953 1487 3003 in
1524 2953 1712 3005 urcqu
1760 2953 2098 3018 circulorum;

552 3038 736 3097 (Vsus.
790 3038 874 3105 10)
908 3039 1236 3106 procidebant
1290 3042 1465 3109 viginti
1507 3052 1733 3111 quatuor
1783 3045 2099 3107 aeniores,et

1381 354 1436 405 Β.
1478 354 1539 405 l".
1581 350 1799 405 ALBlNl
1838 349 1965 403 SEU
2007 347 2271 403 ALCUNI
2309 346 2585 401 Oi’EltL'M
2626 346 2798 400 PARS
2829 348 2890 401 ll.

3615 349 3741 399 [2‘20

2805 460 3025 514 CAPL’T
3068 462 3123 513 γ.

2274 548 2430 598 Vnus.
2462 544 2507 597 1.
2534 576 2600 583 —
2628 546 2708 598 Et
2726 550 2823 599 ridi
2847 550 2898 600 in
2923 550 3131 601 dextera
3162 552 3381 603 sedentia
3403 566 3564 618 super
3604 552 3744 603 thro-

2202 651 2320 685 num
2349 635 2535 686 librum
2560 638 2804 704 scriptum
2828 640 2966 689 intus
2999 649 3043 690 et
3072 638 3218 705 foris.
3249 638 3351 692 Per
3378 642 3649 694 sedentem
3689 641 3743 692 in

2202 722 2422 782 throno,
2461 722 2635 777 Patris
2675 738 2899 792 persona
2955 727 3290 779 ostenditur:
3332 742 3427 795 per
3474 729 3740 781 dexteram

2199 826 2325 864 vero
2349 812 2598 875 sedentis,
2630 812 2865 881 ejusdem
2894 814 3067 867 Patris
3094 814 3258 869 Filius
3282 832 3377 883 per
3400 832 3556 884 quem
3602 816 3741 871 facta

2200 911 2319 953 sunt
2342 902 2517 954 omnia
2538 942 2553 963 ,
2576 912 2627 954 et
2658 904 2721 955 de
2749 918 2853 971 quo
2877 912 3095 970 paterna
3122 919 3250 957 voce
3270 906 3463 958 dicitur
3494 924 3507 958 :
3542 905 3740 959 Tollam

2202 993 2253 1043 in
2302 993 2495 1045 malum
2536 1008 2748 1045 manum
2800 1009 2998 1055 meam,
3028 1003 3082 1047 et
3106 994 3295 1063 jurabo
3323 1010 3419 1064 per
3471 996 3739 1049 dexteram

2202 1097 2391 1135 meam.
2419 1082 2575 1135 Liber
2595 1092 2770 1137 autem
2799 1084 3028 1152 script-ts
3050 1085 3189 1137 intus
3215 1093 3263 1137 et
3288 1086 3436 1153 foris,
3460 1094 3742 1153 utrumque

2202 1172 2617 1233 Testamentum,
2660 1172 2817 1226 Vetus
2861 1174 3062 1225 scilicet
3106 1185 3159 1225 et
3204 1173 3423 1235 Novum,
3470 1181 3741 1227 continere

2202 1262 2432 1321 videtur;
2462 1272 2515 1315 et
2546 1262 2706 1316 Vetus
2746 1246 2956 1329 qdidetn
2986 1261 3136 1327 juxta
3170 1262 3399 1315 litteram
3433 1262 3563 1315 foris
3598 1272 3738 1329 pate-

2202 1349 2311 1411 bat,
2343 1350 2433 1402 sed
2466 1347 2616 1416 juxta
2660 1349 2939 1417 mysticum
2988 1348 3308 1402 intellectum
3359 1349 3501 1400 intus
3544 1348 3738 1401 Novum

2201 1438 2515 1490 occultabat.
2551 1438 2673 1490 Sive
2701 1438 2844 1489 intus
2868 1437 3001 1489 liber
3026 1437 3254 1503 scriptus
3290 1436 3591 1489 ostenditur
3624 1438 3741 1489 alle-

2202 1527 2369 1595 goria,
2397 1525 2530 1578 foris
2556 1527 2796 1579 historia.
2829 1526 3030 1578 Idcirco
3061 1535 3236 1578 autem
3270 1525 3432 1577 Vetus
3453 1534 3507 1578 et
3544 1523 3740 1577 Novum

2204 1618 2595 1671 Testamentum
2635 1632 2767 1667 unus
2802 1616 2936 1669 liber
2960 1617 3173 1679 dicitur,
3201 1614 3322 1683 quia
3350 1630 3447 1669 nec
3475 1614 3679 1669 Novum
3713 1632 3738 1667 a

2203 1706 2399 1766 Veteri,
2428 1718 2523 1756 nec.
2546 1721 2755 1757 rursum
2782 1706 2943 1758 Vetus
2974 1720 3004 1755 a
3032 1703 3175 1755 Novo
3205 1703 3343 1756 valet
3370 1704 3637 1771 distingui.
3681 1705 3739 1757 Et

2205 1800 2345 1845 recte
2371 1793 2421 1845 in
2452 1793 2667 1845 dextera
2697 1792 2829 1844 liber
2872 1806 2991 1845 esse
3035 1793 3247 1854 dicitur,
3285 1792 3407 1858 quia
3441 1792 3740 1860 principalis

2204 1882 2499 1933 divinarum
2532 1880 2913 1949 Scripturarum
2945 1883 3164 1935 intentio
3192 1882 3256 1935 ad
3302 1883 3740 1950 dispensationem

2203 1972 2366 2023 nostri
2386 1971 2751 2037 Redemptoris
2778 1970 3023 2023 relertur.
3045 1971 3314 2039 Signatum
3332 1973 3513 2040 sigillis
3536 1983 3736 2041 septem.

2205 2058 2547 2125 Scptenarius
2586 2074 2836 2111 numerus
2864 2060 3261 2112 universitatem
3306 2075 3445 2127 smpe
3484 2061 3735 2131 designat.
3808 2100 3819 2112 .

2204 2147 2417 2213 Septem
2445 2154 2618 2198 autem
2649 2145 2835 2213 sigillis
2860 2145 2993 2197 liber
3013 2146 3248 2214 signatus
3272 2161 3390 2200 esse
3416 2149 3736 2217 perhibetur.

2203 2234 2323 2301 quin
2353 2233 2676 2301 dispensatio
2721 2233 2925 2285 Domini
2967 2232 3257 2288 Salvatoris
3281 2245 3562 2305 antequam
3591 2252 3736 2291 rere-

2203 2324 2305 2377 lata
2340 2326 2388 2377 in
2420 2324 2747 2392 plenitudine
2787 2334 3080 2393 temporum
3104 2324 3315 2389 fuisset,
3346 2329 3397 2379 in
3427 2328 3617 2382 divinis
3647 2344 3738 2381 vo—

2203 2412 2487 2463 luminibus
2524 2410 2803 2464 omnil'aria
2835 2412 3204 2481 mysteriorum
3251 2412 3526 2467 latentium
3573 2416 3737 2483 pleni—

2204 2498 2384 2551 tudine
2425 2499 2865 2552 abscondebatur.
2913 2499 2966 2552 Si
3008 2498 3161 2553 alicui
3192 2501 3289 2555 iste
3318 2501 3613 2558 intellectus
3639 2518 3739 2556 non

2202 2587 2428 2650 suliicit,
2460 2588 2699 2651 noverit,
2730 2588 2782 2641 in
2834 2597 3034 2655 septem
3085 2590 3270 2658 sigillis
3314 2603 3513 2659 septem
3563 2595 3741 2646 modos

2202 2677 2483 2730 verborum
2529 2677 2919 2745 comprehendi.
2962 2676 3326 2743 lndicativum,
3353 2689 3410 2734 ut
3447 2682 3573 2735 illud
3602 2685 3738 2750 quod

2202 2768 2462 2836 quarrenti
2493 2768 2763 2836 prophetae
2784 2766 2979 2821 dicitur
3005 2786 3017 2820 :
3043 2768 3151 2837 Ego
3173 2769 3422 2824 Dominus
3440 2774 3533 2840 qui
3562 2773 3741 2840 loquor

2196 2857 2455 2924 justitiam
2509 2856 2640 2923 (I80.
2674 2873 2793 2917 m',
2829 2857 2933 2927 l9).
2978 2858 3456 2926 Pronuntiativum,
3487 2870 3544 2915 ut
3573 2862 3695 2916 illud
3724 2882 3736 2916 :

2202 2944 2335 2995 Audi
2364 2960 2443 2995 me
2467 2944 2627 2996 Jacob
2656 2956 2701 2997 et
2739 2944 2906 2998 Israel
2934 2962 3081 3015 quem
3122 2964 3213 3017 ego
3248 2964 3391 3014 voco,
3417 2959 3473 3003 et
3525 2952 3738 3021 reliqua.

2204 3031 2220 3100 (
2245 3030 2352 3084 Isa.
2382 3048 2572 3096 xum,
2602 3033 2688 3085 1‘2.
2714 3032 2732 3103 )
2762 3033 3152 3102 lmperativum,
3174 3045 3233 3090 ut
3255 3037 3380 3090 illud
3413 3056 3424 3091 :
3458 3038 3656 3103 Clama,
3680 3058 3742 3093 ne

549 3131 837 3183 adorabunt
862 3135 1100 3184 liventem
1127 3133 1177 3184 in
1203 3134 1392 3185 aa'cula
1418 3134 1749 3187 aa'culorunt.
1780 3134 1875 3187 H'c
1900 3135 2100 3187 anima-
2127 3100 2171 3160 ε

2205 3136 2360 3173 cesses
2383 3119 2513 3185 (Ita.
2541 3136 2683 3181 LVIII,
2714 3100 2784 3191 1).
2809 3100 3131 3199 optativum,
3152 3125 3303 3193 juxta
3328 3127 3455 3181 illud
3485 3146 3497 3181 :
3531 3100 3737 3182 Utinam

552 3221 621 3273 lia
647 3236 750 3273 non
772 3219 884 3288 jam
918 3236 1103 3289 genus,
1131 3223 1223 3275 sed
1248 3223 1475 3289 speciem
1504 3223 1733 3291 signant,
1757 3224 1807 3275 id
1835 3232 1916 3276 est
1944 3238 2102 3276 evan-

553 3308 790 3375 gelistas.
820 3310 885 3361 At
908 3324 1033 3363 vero
1055 3314 1147 3378 per
1170 3310 1351 3378 \iginti
1378 3320 1607 3379 quatuor
1630 3311 1867 3365 seniores
1893 3313 2102 3367 univer-

552 3396 682 3447 s-dis
713 3395 948 3448 Ecclesia
980 3398 1031 3449 in
1076 3398 1313 3464 pnelatis
1363 3408 1417 3451 et
1462 3398 1715 3465 subjectis
1765 3401 2097 3467 exprimitur.

555 3483 689 3535 Dant
714 3497 842 3551 ergo
862 3483 1111 3536 animalia
1137 3485 1354 3552 gloriam
1391 3493 1444 3539 et
1478 3486 1731 3539 honorem
1759 3488 1965 3540 sedenti
2016 3503 2104 3540 su-

553 3586 648 3637 per
689 3572 955 3635 tlu'onum,
987 3586 1107 3624 cum
1154 3574 1320 3625 sancti
1368 3574 1705 3642 evangelista!
1758 3573 1949 3626 docent
2005 3589 2102 3641 pro

551 3661 979 3717 omnibusbouis
1008 3661 1355 3724 laudandum;
1397 3670 1452 3713 ut
1473 3670 1557 3715 est
1581 3660 1706 3714 illud
1735 3680 1747 3713 ε
1772 3661 1951 3713 datum
1972 3662 2103 3730 apti-

552 3764 711 3809 mnnt,
742 3758 795 3799 et
821 3748 1044 3815 reliqua.
1075 3748 1183 3801 lltis
1213 3749 1284 3801 ita
1313 3750 1631 3812 dicentibus,
1654 3751 1857 3819 viginti
1872 3760 2101 3819 quatuor

553 3839 807 3897 seniores,
842 3837 893 3890 id
932 3846 1016 3888 est
1039 3851 1225 3890 omnes
1253 3840 1440 3901 sancti,
1467 3839 1680 3901 cadunt,
1707 3840 1922 3906 humilia
1953 3840 2017 3892 de
2045 3854 2103 3892 se

550 3926 841 3977 sentiendo.
897 3925 993 3977 Ubi
1048 3935 1225 3978 autem
1271 3927 1495 3985 cadunt,
1531 3926 1603 3978 ibi
1658 3928 1911 3989 adorant;
1970 3927 2096 3994 quia

552 4014 689 4065 unde
717 4014 815 4064 sibi
845 4012 973 4065 nihil
998 4014 1257 4075 tribuunt,
1283 4014 1400 4066 inde
1428 4015 1592 4066 Deum
1624 4014 1904 4067 honorant.
1930 4014 2098 4068 Casus

552 4112 726 4154 autem
768 4112 821 4154 et
861 4102 1097 4155 adoratio
1141 4103 1395 4169 spiritalis
1428 4104 1765 4173 intelligenda
1806 4114 1919 4165 rst,
1946 4105 2097 4172 juxta

552 4192 676 4244 illud
707 4209 717 4241 :
751 4191 886 4242 Deut
914 4191 1125 4257 spiritus
1154 4201 1248 4254 est,
1273 4204 1319 4245 et
1365 4210 1449 4246 eos
1487 4194 1573 4261 qui
1610 4193 1830 4245 adorant
1861 4209 1976 4244 eum
1998 4232 2012 4255 ,
2044 4194 2099 4246 in

549 4281 731 4345 spiritu
754 4289 800 4329 et
831 4280 1036 4330 ueritate
1072 4290 1265 4346 oportet
1309 4282 1529 4333 adorare
1575 4280 1755 4348 (Jonn.
1785 4296 1859 4342 tv,
1886 4281 1996 4351 9.4).
2030 4281 2100 4333 Et

551 4370 811 4423 mittebant
838 4386 1053 4421 coronas
1081 4386 1202 4423 suos
1226 4380 1345 4423 ante
1371 4371 1629 4433 thronum,
1660 4370 1899 4431 dicentes,
1925 4382 1981 4423 et
2009 4386 2097 4423 rc—

550 4466 707 4529 liqua.
743 4461 853 4512 Hoc
882 4461 1054 4527 ipsum
1093 4460 1299 4527 repetit.
1328 4461 1577 4512 Seniurcs
1613 4461 1753 4513 enim
1789 4468 1911 4512 ante
1954 4460 2099 4511 thro-

549 4566 673 4604 num
725 4563 948 4602 coronas
992 4564 1115 4601 suas
1163 4564 1379 4616 ponere,
1415 4557 1498 4603 est
1534 4549 1732 4603 electos
1779 4548 1864 4615 pia
1902 4549 2096 4601 mentis

546 4639 876 4692 confessione
924 4647 1047 4690 ante
1102 4638 1455 4691 conscientias
1512 4650 1666 4698 suas,
1712 4636 1907 4703 quibus
1942 4636 2096 4691 Deus

548 4727 813 4794 przesidet,
842 4727 905 4777 de
934 4726 1167 4792 acceptis
1196 4725 1480 4777 virtutibus
1524 4732 1787 4777 tumorem
1835 4725 2096 4793 superbite

548 4819 831 4883 deponere,
855 4824 908 4868 et
941 4816 1243 4884 prtesidenti
1278 4818 1380 4869 sibi
1426 4826 1616 4868 cuncta
1653 4816 1914 4881 tribuere;
1955 4816 2095 4869 unde

548 4915 600 4957 et
639 4906 821 4957 dicunt
853 4924 864 4957 :
896 4908 1077 4975 (Vens.
1116 4907 1203 4975 11)
1238 4906 1437 4973 Dignus
1476 4920 1557 4966 ea,
1588 4904 1807 4958 Domine
1831 4905 1971 4959 Deus
1999 4924 2087 4959 no-

546 5003 667 5054 ster,
699 4991 927 5058 accipere
963 4993 1200 5061 gloriam,
1220 5001 1269 5045 et
1294 4994 1558 5056 honorent,
1585 5004 1634 5046 et
1664 4994 1918 5047 virtutem.
1944 4995 2019 5050 Ac
2044 4998 2088 5050 si

545 5083 727 5134 dicant
760 5099 772 5133 :
799 5082 916 5135 Tibi
948 5084 1308 5151 principaliter
1333 5084 1434 5137 ista
1462 5084 1801 5146 conveniunt,
1844 5100 1874 5136 a
1905 5101 2011 5154 quo
2038 5094 2093 5138 et

547 5182 639 5236 per
664 5182 818 5236 quem
846 5177 899 5221 et
925 5170 975 5220 in
1003 5185 1107 5235 quo
1130 5179 1215 5223 est
1236 5171 1402 5239 gloria
1428 5180 1485 5225 et
1509 5171 1681 5225 honor
1698 5180 1753 5225 et
1776 5173 1945 5225 virtus
1968 5188 2089 5225 san-

546 5267 775 5308 ctorum.
808 5255 910 5309 Sed
931 5256 1060 5323 quid
1078 5264 1161 5309 est
1192 5259 1335 5325 quod
1374 5260 1615 5326 sequitur
1639 5274 1652 5309 :
1679 5260 1800 5325 quia
1828 5268 1885 5312 tu
1906 5257 2093 5311 creasti

546 5344 734 5403 omnia,
762 5354 809 5396 et
833 5356 1039 5413 propter
1064 5344 1375 5399 roluruatent
1421 5356 1568 5401 tuam
1618 5357 1788 5411 erant,
1815 5357 1863 5401 et
1914 5357 2089 5400 creata

545 5443 659 5485 sunt
678 5436 700 5484 ε’
728 5432 782 5485 Si
814 5434 953 5485 enim
983 5444 1161 5487 creata
1192 5444 1335 5498 sunt,
1356 5436 1619 5503 quomodo
1633 5444 1917 5505 antequam
1942 5449 2090 5488 crea-

546 5533 748 5583 n-iitur,
770 5524 955 5575 erant?
982 5524 1266 5579 Sciendum
1290 5540 1417 5594 ergo
1436 5525 1557 5593 quia
1579 5538 1731 5579 erant
1750 5527 1801 5580 in
1817 5524 2089 5594 pnedesti-

546 5613 777 5678 natione,
802 5614 1108 5693 priusquam
1138 5613 1325 5669 ﬁerent
1345 5614 1397 5667 in
1426 5628 1604 5682 opere.

2198 3208 2498 3261 attendisses
2538 3211 2783 3262 mandata
2811 3228 2923 3264 mea
2969 3211 3100 3282 (Ira.
3129 3228 3313 3278 ιινιιι,
3333 3214 3410 3285 1)ε
3440 3214 3742 3284 Conjuncti—

2200 3313 2349 3358 vum,
2382 3308 2439 3350 ut
2478 3298 2601 3352 illud
2642 3316 2653 3350 :
2694 3296 2755 3351 Si
2781 3302 3123 3356 custodieritis
3152 3313 3357 3371 pactum
3387 3321 3575 3368 meum,
3599 3308 3741 3361 eritis

2198 3385 2323 3437 mihi
2364 3387 2418 3437 in
2455 3386 2710 3454 peculium
2762 3387 2971 3457 (Exod.
3004 3391 3233 3462 xtx,5).
3290 3392 3639 3460 Inﬁnitivum,
3685 3409 3742 3451 ut

2202 3479 2326 3531 illud
2355 3497 2365 3531 :
2390 3478 2673 3533 Continere
2704 3495 2732 3531 a
2774 3479 2911 3533 malo
2941 3481 3284 3550 intelligentia
3331 3494 3432 3539 est.
3479 3486 3737 3555 lmperso-

2202 3566 2337 3628 nale,
2372 3576 2429 3619 ut
2466 3577 2545 3620 est
2574 3584 2588 3619 :
2630 3566 2757 3631 Quis
2798 3567 3033 3633 loquetur
3058 3572 3303 3625 volentia:
3332 3571 3533 3627 Domini
3569 3574 3737 3644 (Prol.

2200 3675 2284 3720 cr,
2306 3658 2396 3725 '2)?

2273 3752 2431 3805 Vens.
2464 3751 2514 3803 Ξ.
2545 3780 2615 3790 -—
2640 3751 2703 3805 Iit
2730 3753 2829 3804 ridi
2868 3752 3104 3822 angelum
3154 3754 3334 3822 fortem
3380 3756 3743 3824 prtedicanteut

2201 3855 2316 3891 rore
2351 3855 2535 3907 magna
2576 3853 2593 3889 :
2635 3839 2762 3903 Quia
2799 3841 2984 3907 dignus
3013 3852 3086 3894 est
3115 3843 3313 3911 operire
3334 3844 3546 3908 librum,
3574 3854 3620 3897 et
3640 3846 3742 3898 sot-

2200 3944 2309 3981 rere
2334 3926 2599 3995 signacula
2630 3928 2783 3995 ejus?
2809 3928 2912 3983 Per
2934 3930 3177 3998 angelum
3204 3930 3392 3985 fortem
3412 3947 3587 4000 praeco
3607 3931 3741 4001 legis

2200 4017 2357 4069 debet
2414 4016 2664 4086 intelligi;
2721 4017 2858 4070 labia
2907 4020 3047 4072 enim
3102 4020 3394 4084 sacerdotis
3444 4021 3743 4076 custodiunt

2201 4106 2495 4168 scientiam,
2525 4114 2577 4158 et
2614 4105 2778 4174 legem
2817 4107 3094 4174 requirunt
3120 4120 3184 4158 ex
3214 4111 3308 4161 ore
3333 4108 3469 4177 ejus,
3494 4108 3741 4177 quoniam

2199 4196 2417 4263 angelus
2442 4194 2649 4246 Domini
2688 4195 3013 4246 exercituum
3044 4202 3142 4247 est.
3162 4193 3306 4261 Quid
3330 4206 3413 4251 est
3447 4208 3618 4251 autem
3660 4213 3743 4250 re-

2198 4287 2426 4352 quirere,
2459 4284 2580 4352 quis
2617 4283 2809 4351 dignus
2852 4284 2923 4337 sit
2960 4284 3165 4339 solvere
3210 4288 3432 4352 librum,
3460 4289 3560 4343 nisi
3588 4290 3743 4341 anxie

2199 4370 2469 4425 Christum
2521 4373 2853 4426 desiderare?
2907 4374 2995 4440 qui
3044 4376 3209 4441 possit
3258 4375 3309 4427 in
3362 4391 3419 4429 se
3464 4378 3743 4432 ostendere

2201 4460 2365 4529 legem
2392 4474 2509 4512 esse
2535 4459 2803 4526 inipletam
2825 4468 2877 4511 et
2900 4462 3205 4522 revelatam,
3222 4472 3484 4529 quatenus
3511 4480 3612 4531 non
3628 4466 3740 4533 jam

2202 4548 2505 4611 carnaliter,
2527 4547 2625 4600 sed
2648 4547 2956 4618 spiritaliter
2981 4550 3171 4603 debeat
3194 4554 3396 4606 servari
3419 4561 3474 4608 et
3500 4554 3736 4623 intelligi.

2198 4637 2264 4689 Et
2291 4643 2434 4688 recte
2472 4636 2620 4703 prius
2644 4636 2777 4691 liber
2804 4640 3061 4705 aperitur,
3085 4639 3272 4695 deinde
3307 4652 3509 4710 septem
3531 4640 3643 4708 ejus
3666 4645 3740 4695 si-

2199 4724 2419 4791 gnacula
2444 4724 2736 4785 solvuntur,
2758 4726 2882 4792 quia
2906 4735 3028 4779 ante
3053 4727 3105 4781 in
3137 4728 3350 4784 Christo
3380 4731 3570 4786 divinae
3609 4732 3739 4802 legis

2198 4815 2457 4881 praeconia
2494 4815 2705 4881 impleta
2737 4822 2879 4879 sunt,
2910 4814 3099 4872 deinde
3132 4819 3185 4872 in
3211 4826 3325 4873 toto
3351 4835 3573 4889 corpore
3600 4839 3737 4893 φη-

2196 4906 2315 4958 dam
2347 4905 2569 4967 ratione,
2601 4904 2737 4957 sicut
2776 4904 3009 4957 declarat
3049 4906 3375 4973 singulorum
3418 4911 3621 4978 apertio
3657 4913 3735 4965 si-

2194 4995 2457 5064 gillorum.
2488 4994 2553 5047 Et
2578 4996 2701 5064 quia
2728 4995 2953 5048 necdum
2985 4994 3230 5050 Christus
3259 4998 3564 5067 advenerat,
3592 5012 3737 5057 recte

2194 5070 2528 5150 subiungitur
2560 5101 2573 5135 :
2608 5085 2790 5153 (Vens.
2841 5083 2897 5152 5)
2930 5082 2994 5136 Et
3047 5099 3192 5139 nemo
3225 5096 3427 5157 poterat
3476 5106 3634 5162 neque
3678 5093 3735 5144 in

2194 5171 2338 5235 cado,
2368 5173 2570 5227 scilicet
2596 5174 2841 5241 angelus;
2890 5191 3047 5245 neque
3087 5178 3140 5229 in
3167 5186 3330 5241 terra,
3356 5179 3411 5233 id
3434 5189 3518 5235 est
3545 5183 3733 5246 homo;

2194 5279 2352 5331 neque
2378 5264 2476 5318 sub
2504 5274 2661 5327 terra,
2686 5265 2737 5319 id
2764 5275 2846 5319 est
2873 5268 3071 5329 anima,
3095 5267 3296 5336 operire
3336 5267 3544 5335 librum,
3576 5287 3737 5341 neque

2195 5352 2439 5420 respicere
2477 5352 2642 5405 illum.
2685 5353 2812 5407 Nam
2846 5354 3022 5407 nullus
3046 5355 3232 5409 horum
3271 5355 3525 5414 humane
3547 5359 3737 5415 salutis

2193 5442 2637 5509 dispensationem
2678 5443 2929 5513 perﬁcere
2970 5452 3195 5514 poterat.
3230 5446 3543 5512 Sed,'heate
3576 5447 3737 5503 Joan-

2196 5545 2311 5592 nes,
2330 5534 2595 5598 quomodo
2638 5544 2793 5585 nemo
2813 5534 2982 5600 potuit
3011 5536 3275 5603 respicere
3292 5537 3507 5598 librum,
3530 5554 3652 5591 cum
3676 5548 3736 5593 tu

2197 5622 2306 5689 ipse
2330 5622 2471 5676 dicas
2498 5641 2507 5673 :
2544 5623 2655 5676 Vidi
2686 5624 2877 5678 librum
2908 5623 2958 5678 in
2982 5626 3195 5682 dextera
3225 5626 3351 5681 Dei?
3392 5627 3530 5681 forte
3558 5644 3655 5683 nec
3684 5631 3741 5685 in
