4154 6222
408 370 545 422 ιηιι

1130 356 1528 414 EXEGETICA.
1568 384 1633 393 —
1671 348 2017 406 (ΖΟΜΜΕΧΤ.
2062 345 2127 399 IN
2165 343 2448 398 ΑΡΟΩᾹΙ..
2490 373 2558 383 —
2597 341 2720 394 LIB.
2768 339 2849 392 Ill.

3472 336 3606 389 ll‘li

404 480 555 537 emlo,
586 489 684 529 nec
703 472 758 528 in
782 481 944 535 terra,
968 486 1064 526 nec
1086 472 1183 524 sub
1202 480 1341 522 terra
1371 466 1548 520 fuisti?
1574 463 1647 517 Ne
1670 477 1796 530 ergo
1821 476 1945 513 cono
1975 460 2020 514 Α
2049 456 2427 509 eminentiores
2478 454 2530 505 in
2577 451 2812 506 Ecclesia
2860 448 3102 516 intelligi,
3142 448 3334 515 quibus
3368 448 3561 501 dicitur
3594 467 3606 499 :

407 566 627 619 trarium
650 564 735 626 sit,
758 562 1002 630 respicer;
1021 573 1117 627 pro
1144 554 1563 625 comprehendere
1586 549 1949 618 accipiendum

405 660 506 704 cst.
539 649 669 715 Quis
694 649 834 701 enim
878 643 1323 713 comprehendere
1355 638 1563 696 sufﬁcit,
1585 634 1849 705 quomodo
1880 633 1952 685 in-

408 746 659 792 carnatur
680 736 794 789 sine
821 736 1022 788 semine
1065 731 1235 785 Deus?
1279 728 1553 794 Quomodo
1597 725 1777 777 clauso
1822 720 1953 774 exiit

411 841 562 882 utero
586 826 802 895 virginis
824 825 980 877 homo
1008 821 1179 874 Deus?
1228 815 1499 883 Quomodo
1548 812 1798 866 Dominus
1843 808 1955 876 glo—

413 918 503 968 ria:
529 914 888 979 cruciligatur,
918 925 1037 963 cum
1074 908 1184 961 sola
1206 922 1328 959 caro
1359 902 1651 956 moriatur?

482 1002 637 1055 Vsus.
667 1000 719 1051 4.
748 1028 814 1038 ——
846 996 909 1048 Et
938 1013 1029 1065 ego
1059 994 1241 1063 flebam
1269 992 1507 1050 multant,
1537 987 1777 1056 quoniam
1810 1000 1955 1035 nemo

412 1093 597 1161 dignus
641 1090 874 1141 inventus
917 1095 991 1139 est
1026 1083 1222 1151 aperire
1249 1080 1465 1139 librant,
1507 1091 1595 1127 nec
1622 1074 1784 1126 ridere
1820 1088 1955 1124 eum.

418 1160 758 1248 Nequaquam
801 1174 1031 1227 Joannes
1070 1173 1119 1223 in
1164 1186 1254 1222 sua
1292 1180 1514 1236 persona
1547 1165 1749 1224 ﬂevisse
1787 1160 1959 1213 credi-

417 1247 520 1327 tur,
549 1265 639 1334 qui
672 1270 790 1332 post
818 1258 973 1326 hujus
1008 1258 1126 1310 libri
1166 1255 1491 1324 apertioneni
1535 1251 1636 1302 ista
1674 1247 1957 1306 scribebat,

416 1358 506 1409 sed
580 1355 632 1406 in
664 1351 779 1417 ejus
824 1348 1071 1402 Ecclesia:
1106 1361 1222 1413 qua:
1271 1351 1393 1395 ante
1442 1341 1723 1392 adventum
1762 1334 1959 1403 Christi

418 1443 544 1505 fuit,
581 1456 698 1508 qum
725 1448 942 1508 gravata
972 1435 1222 1487 oneribus
1252 1439 1616 1499 peccatorum,
1656 1423 1963 1477 mediatoris

417 1533 497 1584 sui
533 1528 867 1599 prmsentiam
901 1522 1054 1575 anxia
1085 1521 1371 1587 quzerebat.
1404 1516 1457 1568 ln
1488 1514 1637 1580 cujus
1663 1513 1820 1564 etiam
1844 1524 1964 1575 per—

418 1633 545 1671 sona
577 1615 738 1667 David
769 1613 896 1665 dicit
924 1629 937 1662 ;
974 1608 1205 1661 Fuerunt
1232 1606 1354 1657 mihi
1382 1604 1622 1671 laCl'leNC
1652 1614 1775 1651 mea:
1809 1613 1963 1660 panes

419 1709 499 1758 die
524 1722 584 1757 ac
608 1713 774 1765 nocte,
802 1702 926 1752 dum
946 1699 1133 1751 dicitur
1160 1696 1282 1746 mihi
1310 1694 1536 1762 quotidie
1559 1704 1574 1739 .'
1606 1688 1701 1740 Ubi
1724 1697 1797 1739 est
1826 1686 1964 1737 Deus

420 1808 537 1848 tuus
565 1792 732 1865 (Psal.
762 1762 877 1851 au,
903 1788 993 1857 4)?
1044 1786 1139 1838 Cui
1188 1782 1483 1836 consolatio
1526 1779 1770 1844 dirigitur
1813 1776 1966 1865 ineo
1998 1762 2038 1817 Β

422 1864 826 1951 quodsuhditur
855 1893 867 1928 :
900 1877 1080 1944 (Vens.
1120 1874 1169 1941 ὅ)
1200 1871 1264 1922 Et
1289 1887 1418 1923 unus
1448 1869 1511 1920 de
1535 1866 1815 1919 senioribus
1840 1864 1968 1916 dicit

423 1976 569 2035 milii,
598 1972 677 2025 Ne
698 1970 913 2038 ﬂeveris.
943 1966 1075 2018 Ecce
1104 1965 1215 2017 vicit
1252 1962 1328 2016 leo
1357 1964 1419 2014 de
1450 1961 1585 2013 tribu
1615 1960 1754 2011 Juda
1773 1957 1969 2020 ,radia:

424 2061 619 2121 Darid,
672 2058 869 2125 operire
914 2055 1129 2114 librum,
1184 2060 1229 2102 ct
1288 2050 1479 2102 solvere
1521 2045 1787 2115 signacula
1836 2044 1964 2111 ejus.

425 2150 526 2201 Per
590 2161 753 2199 mium
819 2144 1078 2197 seniorem
1138 2139 1267 2191 ordo
1325 2136 1633 2205 intelligitur
1692 2132 1971 2201 propheta~

429 2252 574 2299 rum,
604 2251 826 2303 quorum
852 2232 1081 2286 oraculis
1121 2228 1491 2283 consolabatur
1520 2223 1784 2284 Ecclesia;
1821 2222 1970 2287 juxta

429 2327 552 2378 illud
599 2342 611 2375 :
646 2322 765 2376 Non
793 2324 1054 2391 auferetur
1076 2330 1328 2387 sceptrum
1354 2312 1625 2374 de'luda,
1657 2326 1753 2363 nec
1780 2310 1886 2360 dux
1912 2310 1974 2360 de

429 2412 715 2464 iunioribus
744 2410 875 2478 ejus,
918 2408 1075 2460 donec
1123 2406 1287 2457 veniat
1333 2403 1418 2470 qui
1464 2400 1739 2451 mittendus
1782 2408 1874 2449 est.
1912 2397 1975 2447 Et

430 2504 551 2551 not’a
583 2500 723 2567 quod
772 2498 857 2551 hic
886 2495 1129 2549 Christus
1156 2494 1238 2546 leo
1276 2492 1490 2550 dicitur,
1544 2490 1665 2554 quia
1710 2484 1975 2539 diabolum

430 2592 583 2643 vicit:
609 2591 661 2640 in
683 2586 921 2653 sequenti
950 2599 1101 2637 versu
1128 2596 1313 2647 agnus,
1335 2580 1457 2647 quia
1485 2576 1825 2642 semetipsum
1852 2571 1978 2623 oll'e-

434 2696 558 2734 rens
589 2679 839 2731 mundum
872 2678 1111 2730 redemit.
1159 2673 1330 2725 Radix
1366 2680 1535 2723 autem
1568 2667 1730 2719 Dat-id
1751 2707 1765 2728 ,
1813 2666 1861 2718 id
1900 2673 1980 2717 est

433 2784 598 2838 genus
615 2768 817 2821 etﬁlius
840 2766 1024 2819 David.
1051 2764 1346 2818 Notandum
1367 2771 1623 2830 praaterea
1652 2758 1775 2827 quia
1799 2758 1978 2809 dicen-

436 2861 502 2909 do
554 2857 666 2909 t'icit
696 2895 708 2916 ,
736 2855 1058 2922 prmteritum
1084 2867 1178 2920 pro
1207 2852 1385 2903 futuro
1406 2849 1610 2916 posuit;
1637 2847 1786 2914 juxta
1816 2846 1939 2898 illud
1966 2865 1976 2897 :

438 2945 700 2997 Foderuut
756 2959 938 2995 manus
988 2958 1148 3002 meas,
1178 2952 1232 2995 et
1260 2941 1481 3007 reliqua.
1516 2936 1688 3009 (Psal.
1727 2953 1836 2997 ιιι,
1876 2938 1980 3006 l7.)

2064 544 2158 598 l'os
2186 547 2238 597 in
2261 560 2415 597 carne
2456 560 2559 595 non
2598 543 2739 604 estis,
2768 541 2857 593 scd
2885 540 2937 593 in
2966 540 3147 607 spiritu
3178 535 3352 607 (Rom.
3390 553 3510 597 vni,
3533 536 3609 603 9).

2051 636 2232 700 (Vens.
2259 633 2334 702 7.)
2370 634 2431 686 Et
2465 633 2595 686 renit
2620 644 2668 686 et
2696 632 2889 699 occepit
2919 631 3105 683 librum
3134 630 3196 682 de
3219 630 3403 682 dextra
3432 630 3615 681 seden-

2050 724 2115 772 tis
2141 724 2194 773 in
2226 716 2429 772 tlirono.
2479 718 2620 772 idem
2658 728 2739 771 est
2782 718 3000 770 dextera
3031 716 3356 770 sedentisin
3398 716 3611 773 throno.

2050 810 2217 877 quiet
2249 824 2414 876 agnus
2446 817 2699 875 tanquam
2728 808 2935 860 occisus
2965 808 3015 859 in
3050 806 3223 859 medio
3254 806 3459 866 throni;
3490 806 3613 871 quia

2054 881 2144 950 Dei
2176 897 2359 958 Filius,
2386 912 2479 964 per
2505 911 2661 963 quem
2691 904 2903 949 creatus
2929 904 3010 948 est
3034 894 3283 955 mundus,
3305 903 3357 946 et
3386 895 3620 947 hominis

2056 984 2210 1042 ﬁlius.
2255 998 2348 1051 per
2388 998 2544 1051 quem
2590 967 2891 1049 redemptus
2932 989 3033 1041 est,
3061 996 3165 1032 non
3194 980 3321 1042 duo,
3350 982 3441 1032 sed
3482 996 3621 1031 unus

2055 1082 2136 1125 est
2166 1072 2430 1125 Christus.
2469 1071 2821 1135 Quamobrem
2852 1084 3044 1135 agnus,
3078 1069 3129 1121 id
3168 1080 3248 1121 est
3281 1068 3512 1120 hominis
3553 1066 3618 1118 li—

2059 1163 2158 1216 lius
2187 1178 2217 1215 a
2242 1164 2435 1230 seipse,
2476 1161 2526 1213 id
2547 1170 2629 1214 est
2656 1177 2684 1213 a
2712 1177 2803 1212 sua
2834 1160 3135 1220 divinitate,
3166 1160 3372 1226 accepit
3400 1160 3619 1217 librum,

2059 1250 2111 1302 id
2150 1260 2231 1302 est
2272 1251 2516 1302 bumame
2559 1249 2750 1301 salutis
2790 1249 3259 1316 dispensationem,
3288 1246 3390 1300 cui
3436 1262 3624 1299 omnes

2061 1335 2459 1403 Scripturarum
2484 1337 2686 1403 paginre
2714 1345 3052 1387 attestantur.

2135 1443 2293 1493 Vens.
2345 1442 2397 1491 8.
2449 1470 2515 1478 —
2562 1438 2627 1491 Et
2673 1457 2785 1491 cum
2826 1442 3107 1506 aperuisset
3146 1441 3355 1500 librant,
3399 1452 3626 1509 quttuor

2062 1532 2311 1583 animalia
2348 1542 2393 1582 et
2424 1531 2599 1597 riginti
2637 1541 2858 1598 quatuor
2878 1534 3102 1583 seniores
3126 1531 3412 1583 c.°cid.'runt
3450 1550 3621 1583 coram

2064 1638 2197 1689 agno
2241 1621 2480 1671 habentes
2526 1620 2715 1687 singuli
2767 1620 3012 1679 cit/teras,
3069 1636 3128 1669 ac
3179 1621 3381 1687 phialas
3439 1637 3625 1671 auri-ns

2064 1709 2240 1776 plenas
2263 1710 2727 1769 odorumcntorum,
2754 1724 2867 1774 quia
2895 1718 3009 1759 sum
3034 1708 3287 1761 orationes
3309 1720 3622 1762 sanctorum.

2071 1797 2217 1848 Tunc
2258 1811 2424 1861 agnus
2468 1796 2658 1846 librum
2701 1796 2929 1861 aperuit,
2969 1810 3088 1847 cum
3130 1810 3263 1863 opus
3310 1798 3627 1848 voluntaria:

2068 1885 2329 1953 passionis
2360 1884 2612 1951 implevit.
2646 1882 2780 1946 Quid
2812 1897 2939 1934 vero
2964 1891 3046 1934 est
3075 1883 3323 1934 animalia
3353 1890 3405 1933 et
3449 1884 3624 1934 senio-

2072 1990 2157 2027 res
2185 1975 2420 2027 citharas
2465 1974 2690 2029 habere.
2746 1973 2844 2024 nisi
2896 1972 3183 2024 electorum
3230 1958 3520 2025 Eetlcsiain
3565 1988 3627 2023 ea

2070 2078 2186 2129 qu:c
2238 2063 2430 2114 desunt
2486 2075 2852 2126 pressurarum
2908 2060 3102 2112 Christi
3158 2060 3426 2127 implere?
3496 2061 3627 2127 Apte

2073 2159 2247 2200 autem
2281 2162 2373 2214 per
2416 2148 2651 2199 citharas
2675 2148 2949 2212 paSsioncs
2971 2146 3166 2197 Christi
3206 2144 3502 2212 ﬁgurantur
3573 2145 3627 2197 In

2073 2238 2275 2289 cithara
2299 2236 2439 2287 enim
2469 2236 2582 2287 alia:
2612 2234 2817 2291 fortius,
2847 2234 2960 2287 ali-.1:
2983 2235 3193 2287 chord;e
3221 2233 3390 2286 lenius
3411 2234 3632 2286 tendun-

2076 2332 2160 2375 tur
2186 2340 2198 2386 ;
2234 2324 2325 2375 sed
2355 2330 2530 2374 tamen
2560 2322 2887 2375 dissimiliter
2918 2331 3095 2380 tensm,
3124 2337 3455 2388 nequaquam
3479 2322 3631 2374 dissi-

2076 2413 2197 2463 mile
2244 2411 2508 2463 canticum
2550 2410 2792 2461 rctldunt.
2840 2408 2927 2460 Sic
2961 2410 3038 2460 sic
3085 2410 3291 2460 diversa
3338 2409 3389 2460 iu
3438 2409 3639 2462 Christi

2076 2517 2296 2568 corpore
2340 2501 2575 2551 membra
2626 2501 2895 2565 passiones
2942 2498 3055 2564 (με
3108 2497 3209 2548 aliti
3259 2497 3491 2564 plenius,
3532 2497 3634 2549 alia

2080 2589 2293 2648 minus,
2339 2587 2660 2647 imitantur;
2714 2587 2804 2637 sed
2844 2600 3001 2638 unam
3045 2586 3343 2637 concordia:
3389 2593 3641 2637 resonant

2080 2676 2307 2728 laudem.
2352 2676 2482 2727 Cum
2512 2675 2733 2726 citharis
2756 2687 2881 2741 ergo
2907 2673 3150 2724 animalia
3178 2682 3231 2725 et
3251 2675 3489 2726 seniores
3516 2684 3639 2725 ante

2080 2780 2272 2832 agnum
2325 2765 2517 2817 cadunt
2548 2804 2561 2825 ,
2604 2766 2724 2829 quia
2778 2778 2962 2815 omnes
3008 2764 3178 2816 sancti
3228 2764 3483 2831 quidquid
3541 2780 3639 2831 pro

2082 2851 2293 2903 Christo
2318 2851 2609 2919 patiuntur,
2642 2850 2871 2911 Christo,
2908 2865 3009 2902 non
3041 2851 3164 2909 sibi.
3210 2851 3501 2903 ascribunt.
3541 2852 3639 2903 l‘cr

2083 2942 2287 3009 phialas
2320 2956 2509 2993 aureas
2529 2941 2765 2993 cbaritas
2790 2940 3135 3008 intelligitur;
3174 2956 3291 3007 qua:
3332 2957 3434 2993 non
3466 2942 3637 2993 solum

509 3035 665 3089 Vens.
697 3034 746 3087 6.
778 3062 846 3071 —-
871 3031 937 3084 Et
965 3034 1089 3093 ridi,
1117 3040 1162 3082 et
1192 3047 1303 3083 ecce
1323 3030 1376 3083 in
1396 3029 1561 3082 medio
1590 3030 1760 3081 throni
1780 3037 1825 3080 et
1854 3044 1981 3096 qua-
2008 3064 2053 3123 Ο
2082 3046 2177 3098 pro
2206 3032 2409 3092 amicis,
2445 3045 2623 3083 verum
2652 3032 2809 3082 etiam
2832 3045 2928 3097 pro
2958 3032 3185 3084 inimicis
3203 3033 3350 3083 novit
3375 3048 3597 3086 exorare
3623 3053 3634 3085 :

438 3134 553 3176 tuor
580 3122 883 3196 animalium
906 3161 921 3183 ,
952 3134 997 3173 et
1018 3121 1071 3171 in
1090 3120 1253 3172 medio
1273 3120 1530 3172 seniorum
1552 3132 1740 3187 agnum
1764 3125 1980 3170 stantem

438 3213 585 3279 quasi
619 3213 861 3271 occisum,
895 3210 1160 3262 habentem
1209 3226 1403 3261 cornua
1452 3219 1663 3275 septem,
1706 3218 1753 3259 et
1809 3206 1981 3257 oculos

438 3308 646 3366 septem,
677 3298 762 3365 qui
792 3307 909 3349 sunt
936 3306 1123 3365 septem
1162 3297 1372 3362 spiritus
1411 3295 1507 3347 Dei
1534 3296 1677 3346 missi
1707 3295 1758 3345 in
1786 3309 1981 3345 onmem

439 3397 645 3438 terram.
698 3385 763 3439 Ut
785 3385 895 3451 jam
924 3386 1121 3439 dictum
1151 3372 1252 3446 est,
1282 3386 1525 3447 thronus,
1551 3392 1604 3436 et
1632 3383 1896 3444 animalia,
1933 3393 1985 3435 et

440 3476 675 3527 seniores
704 3474 991 3529 Ecclesium
1022 3474 1341 3541 signiﬁcant,
1374 3473 1423 3525 in
1456 3473 1607 3540 cujus
1628 3473 1799 3525 medio
1821 3488 1986 3538 agnus

441 3574 565 3626 stat,
601 3565 753 3632 juxta
793 3563 918 3615 illud
967 3577 982 3613 :
1032 3560 1272 3613 Narrabo
1320 3577 1501 3612 nomen
1552 3571 1697 3612 tuum
1737 3560 1983 3627 fratribus

441 3652 588 3711 meis,
634 3650 685 3701 in
731 3649 895 3701 medio
922 3648 1145 3701 ecclesia
1187 3647 1411 3699 laudabo
1456 3656 1504 3699 te
1538 3644 1705 3715 (Psal.
1737 3663 1847 3707 xxi,
1871 3647 1980 3713 23).

442 3740 556 3792 Non
582 3747 759 3791 autem
787 3736 1111 3790 contrarium
1147 3746 1230 3789 est
1258 3736 1399 3801 quod
1428 3735 1553 3788 alibi
1582 3735 1802 3804 legimus
1830 3754 1841 3787 :
1876 3736 1983 3788 Do-

442 3832 609 3881 minus
636 3828 689 3881 in
720 3827 936 3879 circuitu
960 3826 1134 3895 populi
1162 3826 1241 3877 sui
1264 3823 1433 3893 (Psal.
1461 3842 1640 3886 cunt,
1674 3829 1751 3897 ἱ),
1782 3830 1905 3896 quia
1936 3841 1988 3882 et

437 3917 499 3967 in
536 3916 707 3968 medio
744 3915 1035 3982 prmsidens
1062 3916 1197 3982 regit
1231 3924 1284 3966 et
1315 3914 1548 3980 judicat,
1582 3924 1634 3967 et
1673 3917 1725 3968 in
1766 3918 1987 3969 circuitu

446 4006 685 4057 ainbiens
723 4005 950 4071 protegit
988 4012 1039 4056 et
1070 4002 1320 4056 defendit.
1357 4002 1461 4056 Sed
1494 4019 1656 4071 quare
1697 4005 1781 4057 hic
1826 4015 1986 4066 stare,

447 4092 687 4161 superius
703 4099 878 4153 autem
893 4090 1076 4143 sedere
1092 4090 1317 4158 legitur?
1339 4090 1439 4144 nisi
1459 4093 1581 4159 quia
1602 4092 1674 4145 ibi
1697 4106 1920 4144 examen
1939 4102 1992 4143 et

446 4196 684 4249 regnum,
719 4180 804 4231 hic
819 4186 996 4231 autem
1015 4178 1267 4231 auxilium
1287 4180 1599 4231 ostenditur.
1628 4179 1823 4232 Sedere
1848 4180 1989 4231 enim

449 4270 715 4340 regnantis
755 4277 836 4322 est
865 4276 917 4320 et
956 4266 1278 4333 judicantis,
1331 4275 1472 4319 stare
1520 4282 1643 4319 vero
1670 4268 1987 4335 adjuvantis.

2084 3120 2220 3172 unde
2256 3120 2422 3186 plena:
2454 3119 2613 3171 fuisse.
2641 3129 3023 3173 memorantur.
3053 3121 3116 3172 Et
3150 3123 3281 3175 bene
3310 3132 3429 3190 post
3464 3124 3637 3176 citha-

2087 3223 2171 3258 ras
2200 3207 2389 3274 phiala:
2411 3216 2695 3274 ponuntur,
2737 3209 2859 3273 quia
2896 3207 3044 3274 prius
3067 3209 3319 3263 Dominus
3348 3211 3637 3279 patibulum

2084 3296 2260 3347 crucis
2285 3295 2467 3354 subiit,
2497 3304 2551 3346 et
2570 3295 2646 3346 sic
2673 3308 2768 3359 pro
2787 3295 3215 3361 persecutoribus
3238 3297 3638 3364 incomparabili

2082 3384 2335 3436 cbaritate
2371 3383 2542 3435 oravit
2578 3383 2759 3435 dicens
2791 3402 2801 3433 :
2848 3381 3027 3443 Pater,
3059 3384 3259 3437 d.‘mitte
3288 3387 3414 3450 illis,
3445 3397 3497 3440 et
3525 3390 3640 3441 reli-

2081 3490 2203 3541 qua.
2235 3472 2423 3541 (Marc.
2453 3488 2603 3535 um,
2629 3472 2740 3538 54.)
2766 3472 2947 3539 (Vens.
2972 3473 3049 3540 9.)
3080 3471 3143 3525 Et
3168 3476 3444 3527 cantabant
3474 3479 3641 3527 canti-

2082 3582 2197 3617 cum
2221 3581 2401 3617 uorum
2424 3566 2647 3616 dicentes
2676 3578 2691 3612 :
2722 3563 2918 3631 Dignus
2942 3580 3014 3623 es,
3045 3563 3259 3615 Domine
3280 3563 3417 3615 Dens
3440 3573 3639 3626 noster,

2083 3653 2307 3719 accipere
2328 3652 2602 3713 librum,et
2622 3662 2829 3705 caetera.
2852 3650 3097 3705 Cantavit
3112 3651 3357 3703 Christus
3372 3652 3639 3704 canticum

2086 3754 2300 3798 novum,
2327 3739 2501 3790 verbis
2539 3738 2869 3804 praedicando
2888 3778 2901 3798 ,
2929 3747 2984 3789 et
3006 3738 3159 3791 factis
3186 3738 3455 3790 imitando.
3499 3738 3637 3802 Quid

2089 3838 2169 3880 est
2202 3836 2375 3879 autem
2414 3827 2587 3878 dicere
2612 3866 2623 3884 ,
2668 3825 2862 3891 Dignus
2904 3842 2955 3878 es
2983 3865 2996 3885 ,
3030 3825 3243 3877 Domine
3271 3825 3407 3878 Deus
3438 3835 3639 3885 noster.

2089 3918 2315 3984 accipere
2356 3917 2563 3975 librant,
2602 3926 2647 3968 et
2690 3914 2887 3982 aperire
2920 3913 3190 3982 signacula
3226 3914 3353 3981 ejus,
3398 3916 3641 3982 quoniam

2089 4003 2285 4054 occisus
2331 4019 2404 4062 es,
2436 4013 2481 4052 et
2532 4002 2786 4053 redemisti
2829 4019 2919 4054 nos
2954 4001 3053 4053 Deo
3095 4002 3146 4053 in
3178 4002 3423 4068 snguine
3464 4011 3550 4052 tuo
3581 4018 3645 4053 ea:

2089 4094 2224 4144 οηίηὶ
2274 4092 2427 4151 tribu,
2470 4102 2515 4142 et
2555 4090 2764 4158 lingua,
2808 4101 2855 4142 et
2899 4092 3085 4158 populo
3113 4130 3127 4151 ,
3170 4100 3219 4142 et
3263 4093 3501 4148 natione.
3541 4093 3642 4144 nisi

2091 4182 2153 4231 ad
2200 4179 2645 4245 comparationem
2696 4189 2997 4231 nostrarum
3028 4179 3366 4231 victoriarum
3410 4188 3496 4232 tua
3531 4182 3641 4233 sola

2086 4270 2357 4336 judicatur
2404 4268 2651 4327 victoria,
2684 4284 2785 4335 qua
2837 4284 2933 4319 nos
2972 4270 3035 4320 de
3082 4270 3267 4321 mortis
3316 4270 3553 4338 principe
3590 4280 3645 4323 et

448 4363 511 4415 Et
552 4368 673 4413 nota
716 4357 856 4426 quod
907 4371 1012 4410 non
1063 4357 1291 4417 occisus,
1338 4356 1429 4407 sed
1486 4363 1733 4422 tanquam
1784 4357 1991 4410 occisus
2025 4376 2067 4429 ι)
2095 4357 2375 4409 maledicto
2423 4355 2551 4423 legis
2606 4370 2789 4408 sumus
2826 4356 3113 4423 redempti?
3156 4356 3207 4407 In
3238 4370 3307 4408 eo
3329 4372 3457 4409 vero
3503 4359 3644 4423 quod

447 4452 707 4511 cernitur;
766 4449 888 4515 quia
938 4447 1035 4499 etsi
1089 4446 1376 4499 cruciﬁxus
1420 4454 1501 4496 est
1544 4458 1605 4494 es
1649 4442 1985 4504 inﬁrmitate,

448 4542 575 4593 vivit
642 4548 815 4591 tamen
867 4550 932 4587 ex
988 4537 1177 4589 virtute
1238 4535 1349 4587 Dei.
1402 4534 1609 4595 Aliter,
1673 4534 1829 4587 toties
1886 4549 1987 4586 non

420 4608 725 4689 occiditur,
797 4622 887 4676 sed
952 4624 1103 4689 quasi
1153 4622 1409 4675 occiditur
1457 4620 1735 4682 Christus,
1786 4622 1990 4687 quoties

451 4716 686 4768 membra
714 4712 830 4780 ejus
874 4720 963 4762 aut
1007 4725 1063 4762 se
1105 4718 1293 4777 sponte
1333 4708 1685 4771 mortiﬁcant,
1725 4717 1815 4760 aut
1868 4724 1988 4776 per-

453 4793 750 4856 secutiones
792 4801 1051 4861 tolerant,
1098 4806 1154 4848 ut
1206 4798 1257 4850 in
1285 4812 1341 4850 se
1371 4798 1622 4865 impleant
1652 4812 1714 4850 ea
1743 4812 1859 4864 quae
1905 4800 1993 4851 de-

455 4901 575 4944 Snnt
603 4891 905 4958 passionum
940 4887 1153 4941 Christi.
1194 4886 1293 4939 Per
1318 4896 1516 4953 septem
1548 4900 1766 4948 cornua,
1799 4895 1855 4939 ut
1884 4888 1995 4955 ipse

456 4998 483 5031 c
524 4981 733 5049 posuit,
777 4976 1099 5044 septiformis
1126 4976 1291 5030 sancti
1324 4975 1551 5043 Spiritus
1591 4975 1829 5043 operatio
1856 4975 1995 5029 desi-

457 5078 661 5137 gntur.
694 5082 807 5133 qua:
829 5080 929 5117 non
958 5064 1125 5116 solum
1146 5067 1198 5118 in
1225 5065 1395 5133 capite
1415 5064 1694 5131 quievisse,
1720 5063 1812 5115 sed
1834 5063 1994 5115 etiam

460 5167 625 5209 totum
673 5170 844 5221 ~orpus
887 5140 1177 5207 illustrasse
1216 5154 1468 5219 probatur
1517 5172 1528 5204 :
1577 5152 1712 5205 unde
1754 5151 1853 5204 hoc
1881 5152 1995 5205 loco

460 5252 659 5311 septem
688 5242 909 5310 spiritus
929 5241 1021 5294 Dei
1049 5240 1100 5293 in
1131 5252 1339 5291 omnem
1367 5247 1562 5293 terram
1595 5240 1737 5292 missi
1771 5254 1995 5291 narran-

462 5341 566 5385 tur.
616 5330 737 5385 Haae
775 5338 950 5382 autem
980 5328 1297 5399 septiformis
1325 5329 1590 5395 operatio,
1633 5344 1748 5395 qua:
1785 5338 2000 5397 propter

465 5435 679 5487 regnum
712 5427 764 5471 et
792 5416 1149 5470 fortitudinem
1175 5415 1448 5484 ﬁguratur,
1478 5425 1618 5467 recte
1646 5426 1861 5483 propter
1886 5416 2000 5467 illu-

463 5509 796 5562 minationem
838 5503 1085 5557 Ecclesia:
1117 5514 1277 5556 etiam
1314 5519 1409 5572 per
1450 5501 1629 5556 oculos
1672 5502 1994 5572 designatur.

462 5598 644 5662 Aliter,
677 5604 896 5665 possunt
938 5609 1029 5662 per
1067 5608 1284 5657 cornua,
1324 5610 1439 5661 qua:
1471 5610 1681 5648 carnem
1711 5595 1988 5657 excedunt,

2090 4452 2315 4511 quatuor
2349 4442 2631 4502 animalia,
2674 4451 2727 4494 et
2778 4442 2957 4508 viginti
3000 4451 3227 4507 quatuor
3264 4443 3533 4503 seniores,
3578 4458 3643 4495 ex

2090 4531 2231 4583 (ιιιιηί
2288 4532 2463 4591 tribu,
2519 4539 2571 4583 et
2628 4531 2841 4597 lingua,
2891 4539 2943 4582 et
2991 4531 3202 4582 natione
3250 4531 3545 4597 redemptos
3587 4548 3645 4586 se

2090 4620 2299 4678 dicunt,
2353 4625 2531 4684 aperte
2565 4619 2860 4670 ostenditur
2904 4633 2999 4683 per
3023 4632 3113 4669 eos
3161 4618 3507 4671 universalem
3548 4621 3644 4672 Ec-

2092 4708 2303 4761 clesium
2350 4707 2631 4775 designari;
2682 4708 2862 4774 (Vt-:ns.
2917 4707 3025 4773 i0.)
3092 4705 3153 4757 Et
3204 4708 3366 4774 fecisti
3408 4726 3498 4762 nos
3540 4711 3644 4763 Deo

2094 4806 2263 4849 nostra
2323 4812 2531 4864 regnum
2582 4809 2629 4847 et
2682 4797 2968 4849 sacerdotes
3023 4806 3069 4848 et
3125 4799 3443 4865 regnabimus
3494 4818 3645 4869 super

2094 4898 2301 4937 terram.
2346 4885 2520 4952 Reges
2566 4894 2690 4937 sunt
2728 4885 2922 4946 electi,
2974 4886 3097 4937 dum
3141 4901 3363 4952 corpora
3411 4902 3505 4941 sua
3543 4889 3646 4939 iro-

2096 4976 2264 5028 nando
2290 5014 2303 5035 ,
2350 4975 2497 5039 quasi
2544 4989 2701 5041 super
2729 4973 3016 5039 suljet-tam
3056 4986 3251 5027 terram
3290 4976 3403 5044 lege
3434 4979 3644 5029 virtutis

2095 5072 2316 5133 regnant
2362 5080 2373 5113 :
2417 5064 2553 5116 unde
2586 5074 2640 5116 et
2686 5079 2842 5132 super
2880 5074 3073 5115 terram
3122 5080 3338 5131 regnum
3377 5068 3645 5132 accepisse

2094 5152 2427 5206 conﬁrmant.
2484 5150 2801 5205 Sacerdotes
2848 5161 3000 5209 sunt.
3033 5153 3153 5218 quia
3183 5153 3385 5220 seipsos
3412 5156 3647 5221 quotidie

2096 5238 2431 5306 castigando,
2475 5237 2860 5299 Deooll’erunt,
2902 5238 3051 5305 juxta
3088 5240 3213 5292 illud
3256 5259 3268 5292 :
3314 5241 3644 5310 Sacriﬁcium

2099 5328 2205 5380 Deo
2231 5328 2438 5395 spiritus
2461 5320 2829 5379 contribulatus
2854 5326 3022 5395 (Psal.
3050 5346 3097 5392 ι,
3129 5330 3235 5399 19).

2169 5417 2326 5469 Vens.
2369 5417 2449 5467 ll.
2499 5446 2567 5454 —
2609 5414 2675 5467 Et
2704 5416 2824 5475 ridi,
2868 5426 2913 5467 et
2944 5418 3115 5470 audivi
3141 5435 3307 5471 vocem
3345 5419 3643 5488 angelorum

2100 5502 2375 5555 multorum
2404 5503 2455 5555 in
2484 5503 2698 5555 circuitu
2729 5504 2897 5555 throni
2920 5545 2931 5566 ,
2962 5516 3008 5557 et
3039 5506 3340 5557 animalium
3362 5546 3374 5567 ,
3401 5516 3449 5558 et
3473 5516 3642 5558 sento-

2105 5611 2235 5645 rum.
2278 5591 2331 5645 In
2363 5608 2425 5646 eo
2452 5594 2587 5661 quod
2616 5606 2670 5645 se
2700 5608 2879 5645 vocem
2910 5596 3116 5645 audisse
3151 5594 3309 5657 dicit,
3339 5598 3506 5663 qualis
3536 5598 3644 5649 hzec
