4154 6232
637 316 774 372 “£3

636 529 723 574 tus
748 522 1040 588 ἤδει,εαί
1061 527 1183 581 siin
1207 529 1431 584 circuitu
1455 533 1614 597 sedis,
1642 545 1701 589 ut
1719 535 1832 603 jam
1857 540 2056 594 dictum
2076 551 2180 604 est.

637 611 888 665 animalia
908 623 1034 668 sunt
1071 624 1127 669 et
1145 618 1402 683 seniores,
1429 623 1694 689 quomodo
1720 626 1772 679 in
1793 627 2018 681 circuitu
2039 626 2183 695 ejus.

633 698 756 751 dem
783 700 1005 769 angelus
1023 742 1037 765 ,
1069 704 1172 757 nisi
1203 708 1330 775 quia
1354 709 1544 765 eadem
1569 714 1837 769 animalia
1859 724 1917 770 et
1947 719 2182 772 seniores

632 787 804 855 angeli
836 791 997 843 sunt?
1041 791 1115 844 De
1139 795 1333 860 quibus
1358 796 1592 852 dicitur;
1625 801 1805 870 Augdi
1833 805 1975 873 pacis
2007 823 2184 859 amare

631 873 821 940 ﬂebunt
853 875 988 945 (ιω.
1012 893 1206 944 xxxm,
1233 881 1306 951 7).
1352 882 1500 938 Licet
1517 888 1748 942 celestis
1766 906 1975 960 quoque
1995 893 2181 946 militia

629 963 936 1031 angelorum
958 969 1169 1022 nomine
1187 973 1354 1038 possit
1373 963 1623 1043 intelligi;
1647 978 1758 1031 sive
1783 988 1958 1033 tamen
1982 980 2049 1035 de
2074 981 2180 1046 bis,

632 1048 744 1100 sive
767 1047 835 1103 de
859 1051 965 1106 illis
990 1053 1393 1113 innumerabilis
1420 1063 1720 1118 ostenditur
1755 1068 2033 1134 multitudo
2058 1085 2180 1125 cum
2223 1079 2235 1087 '

629 1134 874 1190 subditur
914 1155 930 1190 τ
973 1139 1041 1192 Et
1078 1153 1187 1195 erat
1233 1162 1475 1201 unum
1518 1167 1696 1203 eorum
1732 1154 1894 1207 millia
1939 1157 2178 1222 millium,

631 1219 815 1287 (Vsus.
847 1223 931 1292 l2)
963 1226 1241 1282 dicentium
1269 1248 1387 1285 uoce
1414 1251 1602 1305 magna
1632 1254 1651 1291 :
1679 1239 1877 1309 Dignus
1909 1252 1982 1296 est
2005 1219 2179 1312 Agnus

627 1305 716 1371 qui
745 1309 941 1392 occisus
965 1321 1039 1364 est
1060 1317 1289 1385 accipere
1312 1321 1569 1387 uirtutem,
1593 1333 1642 1377 et
1665 1305 1999 1392 divinitatem,
2029 1341 2077 1382 et
2097 1349 2180 1383 sa-

627 1393 889 1459 pientiam,
901 1379 951 1451 Et
975 1379 1354 1470 fortitudinem,
1373 1417 1423 1459 et
1439 1409 1702 1477 honorem,
1715 1424 1765 1466 et
1780 1415 2021 1483 gloriam,
2035 1428 2081 1470 et
2103 1419 2183 1472 bo-

628 1480 985 1553 uedictionem,
1010 1488 1191 1554 (Vens.
1225 1493 1312 1561 l3)
1337 1503 1386 1546 et
1411 1511 1610 1551 omnem
1633 1480 1947 1564 creaturam,
1971 1480 2089 1573 quis
2125 1508 2180 1560 in

626 1568 753 1622 calo
793 1582 890 1636 est,
920 1583 969 1626 et
1009 1593 1164 1646 super
1189 1589 1401 1647 terram,
1433 1594 1482 1636 et
1526 1587 1620 1638 sub
1650 1598 1810 1653 terra,
1855 1601 1903 1644 et
2131 1605 2179 1647 et

623 1659 834 1732 qure‘in
863 1676 928 1713 co
955 1673 1097 1714 sunt.
1137 1665 1300 1730 hiare,
1344 1678 1399 1723 et
1436 1688 1554 1738 qua:
1590 1675 1640 1727 in
1674 1691 1740 1728 eo
1770 1687 1915 1739 sunt,
1945 1696 2180 1748 prarseus

627 1729 878 1800 cuculum
908 1749 1166 1820 designat.
1215 1729 1407 1811 Omnes
1435 1729 1612 1814 dudiri
1654 1729 1876 1820 dicentes
1946 1729 2179 1825 rSedcuti
2211 1768 2250 1824 Β

1464 332 1522 384 ιι.
1562 333 1619 385 r.
1662 334 1880 389 sum
1919 336 2046 392 seu
2085 337 2353 394 ALCUIXI
2389 306 2675 397 apsumi
2705 344 2879 400 psus
2912 347 2972 399 ιι.
3015 365 3022 374 ι

526 435 531 440 ’
633 433 770 486 visio
795 433 956 490 fuerit
977 439 1238 494 ostendit.
1270 442 1426 496 Visus
1455 446 1598 499 extim
1627 447 1715 501 ille
1744 451 1924 515 audit,
1951 462 2008 506 et
2031 453 2180 505 audi—
2203 457 2253 511 Δ
2280 453 2334 505 in
2354 454 2537 508 throno
2565 465 2613 508 et
2643 457 2808 525 Agna,
2854 460 3156 522 benedictio,
3186 471 3234 514 et
3275 466 3462 528 honor,
3488 477 3536 520 et
3570 483 3756 538 g:ona,
3780 485 3827 526 et
3920 525 3922 528 ,

3698 361 3825 414 ιιξι

2276 549 2504 607 potestas
2533 541 2588 595 in
2615 544 2808 597 sa-eula
2850 545 3182 600 stt-culorum.
3219 548 3453 605 Dicendo
3480 569 3680 620 omnes,
3717 557 3827 613 illos

2279 630 2476 696 repetit
2492 644 2556 684 ex
2581 633 2773 698 quibus
2797 635 3044 703 superius
3066 644 3231 690 totam
3268 639 3561 695 Ecclesiam
3587 653 3828 701 constare

2277 715 2441 781 dixit;
2473 718 2527 772 id
2554 727 2637 772 est
2655 719 2924 793 animalia,
2947 731 3003 777 et
3033 725 3294 790 seniores,
3321 737 3376 780 et
3397 731 3635 798 angelos.
3661 731 3824 805 [nise-

2275 801 2437 857 dente
2461 818 2590 858 vero
2617 814 2672 858 et
2690 805 2863 876 Agna,
2892 807 2946 861 id
2970 813 3056 863 est
3093 811 3146 863 in
3176 809 3335 868 Patre
3371 828 3427 867 α
3454 815 3606 880 Filio,
3645 801 3828 873 mn-

2277 888 2401 942 dum
2425 884 2536 956 jam
2557 892 2750 946 dictam
2775 893 3011 964 regulam
3027 936 3043 957 ,
3068 899 3230 952 etiam
3258 898 3490 968 Spiritus
3517 916 3734 961 sanctm
3753 910 3824 961 iu-

2278 977 2548 1049 telligitur.
2579 978 2645 1033 Et
2668 991 2892 1049 quatuor
2910 983 3160 1038 animalia
3187 988 3410 1043 dicunt:
3439 991 3623 1046 Anien.
3646 993 3717 1047 Et
3750 999 3822 1049 σε-

2276 1065 2406 1134 ginti
2451 1077 2674 1136 quatuor
2728 1071 2967 1129 seniores.
2989 1074 3291 1132 ceciderunt
3317 1117 3333 1142 ,
3385 1089 3437 1131 et
3486 1083 3843 1140 adomsruut.

2277 1153 2518 1208 uiuentem
2543 1156 2815 1209 iu'steeula
2841 1159 3170 1233 seculorum.
3200 1163 3334 1228 Quia
3371 1169 3621 1223 animalia
3657 1181 3711 1226 et
3741 1188 3823 1226 se-

2277 1241 2454 1295 niores
2488 1258 2650 1297 unum
2673 1254 2798 1299 sunt
2819 1287 2835 1310 ,
2863 1243 2915 1301 id
2938 1248 3024 1303 est
3058 1266 3161 1305 una
3191 1251 3425 1308 Ecclesia
3444 1298 3457 1318 ,
3491 1273 3613 1312 ctum
3635 1263 3823 1317 'seuio-

2278 1331 2425 1385 ribus
2468 1332 2715 1386 animalia
2741 1336 2939 1390 cadunt
2969 1346 3026 1390 et
3071 1339 3330 1406 adorant,
3364 1353 3420 1397 et
3457 1346 3599 1414 ipsas
3646 1346 3821 1403 laudes

2275 1421 2513 1474 seniores
2552 1420 2672 1476 cum
2703 1425 3018 1482 animalibus
3049 1420 3203 1485 veras
3227 1444 3346 1489 esse
3385 1448 3666 1499 asserunt,
3709 1455 3817 1492 ser-

2277 1524 2430 1564 mone
2493 1511 2912 1568 confirmationis
2962 1519 3374 1586 respondentes,
3419 1539 3598 1579 amen.
3653 1526 3816 1582 Casus

2275 1607 2452 1649 autem
2479 1606 2535 1650 et
2568 1599 2826 1665 adoratio,
2871 1611 2930 1655 ut
2948 1602 3055 1668 jam
3081 1605 3285 1660 dictum
3309 1619 3408 1674 est,
3452 1614 3711 1682 spiritalis
3737 1632 3821 1669 ac-

2277 1686 2379 1753 cipi
2419 1687 2594 1740 debet.
2634 1687 2710 1742 Ne
2735 1689 2916 1759 itaque
2951 1691 3108 1762 longo
3133 1711 3416 1766 progressu
3447 1702 3585 1755 ultra
3614 1703 3819 1759 modum

2280 1774 2556 1837 Iassemur,
2579 1777 2722 1832 hunc
2749 1779 2944 1833 librum
2959 1781 3078 1835 isto
3097 1782 3201 1838 line
3221 1787 3550 1844 claudamus.

1789 1970 2083 2050 LIBER
2155 1975 2626 2068 QUARTUS
2990 2015 2994 2020 ι
3244 1932 3248 1935 λ
3326 1970 3328 1973 ’

1233 2168 1458 2228 CAPUT
1495 2175 1582 2230 Vl.

695 2295 853 2348 ηις.
883 2296 934 2347 1.
981 2325 1048 2336 —-
1091 2295 1160 2349 Et
1205 2314 1328 2354 cum
1379 2308 1662 2372 aperuisset
1705 2311 1881 2382 Agnus
1915 2333 2072 2370 unum
2112 2336 2177 2373 ea:

621 2391 811 2450 septem
852 2383 1067 2452 sigillis,
1109 2388 1287 2442 audiui
1325 2407 1484 2444 unum
1519 2409 1586 2448 ex
1622 2409 1844 2464 quatuor
1867 2405 2176 2460 animalibus

623 2469 796 2522 dicens
821 2479 1066 2539 tanquam
1095 2488 1262 2526 uocent
1287 2478 1502 2532 tonitrui
1529 2486 1706 2552 magni
1739 2505 1751 2538 :
1790 2487 1937 2552 Veni,
1963 2501 2010 2544 et
2041 2493 2170 2546 ride.

623 2732 847 2801 singulis
875 2732 1086 2800 longum
1111 2745 1192 2791 est
1214 2747 1462 2807 tractare,
1499 2758 1717 2812 possunt
1744 2751 1986 2807 universa
2011 2755 2066 2808 in
2091 2757 2174 2811 his

620 2819 794 2872 tribus
819 2822 991 2875 modis
1014 2829 1391 2892 comprehendi
1418 2870 1432 2892 ,
1469 2832 1522 2885 id
1544 2844 1626 2887 est
1653 2837 1931 2894 locutionis
1953 2883 1968 2906 ,
1994 2846 2174 2913 cogni-

620 2908 811 2971 tionis,
850 2918 903 2962 et
949 2912 1193 2966 actionis.
1232 2914 1453 2972 Locutio
1489 2924 1666 2977 omnia
1711 2940 1971 2998 praerepta
2021 2908 2086 2985 inv
2116 2948 2174 2987 se

621 2997 906 3052 concludit.
945 2999 1187 3067 Cognitio
1237 3007 1551 3075 regulariter
1596 3014 1828 3070 adhibita
1875 2997 2174 3092 intelligen-

621 3085 708 3136 tia;
735 3083 932 3138 formas
963 3087 1214 3142 insinuat.
1256 3092 1411 3148 Actio
1435 3111 1561 3151 vero
1583 3101 1823 3170 utrisque
1859 3083 2164 3164 concordat.

542 3187 554 3194 -·
587 3175 822 3243 Ἀρεινιο
860 3194 988 3233 vero
1024 3196 1129 3234 uno
1166 3199 1231 3236 ex
1259 3196 1460 3255 septem
1504 3193 1712 3260 sigillis,
1750 3213 1910 3251 unum
1946 3217 2012 3253 ex
2040 3217 2169 3267 qua-

621 3272 741 3317 tuor
781 3268 1097 3339 animalibus
1123 3273 1172 3324 in
1201 3276 1411 3329 modum
1436 3282 1652 3335 tonitrui
1693 3287 1868 3355 magni
1912 3287 2170 3345 Joannem

619 3355 829 3420 invitat,
876 3366 935 3412 ut
959 3362 1157 3425 veniat,
1185 3371 1241 3416 et
1262 3366 1467 3431 videat;
1506 3373 1628 3438 quia
1670 3375 2008 3431 manifestata
2033 3381 2169 3433 veri-

619 3449 728 3495 tate
755 3445 1060 3510 praecedeus
1099 3449 1152 3500 in
1198 3453 1450 3518 apostolis
1482 3444 1715 3512 Ecclesia
1759 3464 2167 3531 subsequentem

618 3528 685 3580 ad
710 3529 864 3598 liJem
890 3543 1158 3598 provocat.
1187 3537 1371 3606 (Vsus.
1394 3541 1473 3610 2.)
1503 3542 1570 3595 Et
1602 3561 1716 3600 ecce
1738 3528 2090 3617 equus'albus,
2122 3566 2168 3608 et

602 3619 706 3684 ,qui
748 3619 955 3672 sedebat
1003 3639 1157 3690 super
1199 3640 1316 3679 eum
1349 3629 1567 3683 habebat
1610 3650 1809 3688 arcum.
1847 3638 1950 3692 Per
1975 3656 2166 3709 equum

619 3706 796 3760 album
825 3707 1017 3763 Christi
1062 3713 1364 3770 humanitas
1389 3720 1694 3788 designatur
1715 3727 1829 3779 sine
1863 3706 2062 3795 peccati
2090 3733 2169 3785 of-

622 3793 950 3860 fuscatione,
981 3813 1139 3866 quam
1166 3802 1398 3857 Verbum
1442 3806 1616 3862 Patris
1648 3793 1986 3880 singulariter
2007 3819 2166 3873 voluit

624 3881 938 3946 praesidere;
975 3886 1088 3938 sive
1113 3901 1302 3942 omnes
1323 3889 1498 3944 electi.
1525 3893 1629 3947 Per
1647 3911 1829 3952 areum
1859 3916 1983 3956 vero
2007 3905 2167 3960 Vetus

618 3977 674 4020 et
702 3967 899 4022 Novum
931 3970 1327 4029 Testamentum
1352 3981 1686 4049 exprimitur,
1709 4001 1772 4039 ex
1805 4004 1910 4057 quo
1943 4001 2019 4044 tot
2040 4011 2164 4062 pro-

621 4054 784 4108 deunt
803 4055 976 4124 iacula
1001 4098 1016 4122 ,
1044 4068 1172 4127 quot
1199 4071 1323 4116 sunt
1352 4054 2061 4148 Testamentorumeloquia:
2092 4082 2166 4137 De

619 4233 750 4286 deus
794 4246 979 4285 arcum
1012 4244 1345 4324 tuumgsuper
1377 4252 1604 4310 sceptra.
1651 4247 1799 4313 Quod
1827 4267 1954 4307 vero
1994 4259 2167 4324 sequi-

619 4324 706 4370 tur
732 4334 744 4367 :
773 4326 822 4368 et
860 4317 984 4370 data
1007 4329 1079 4372 est
1100 4320 1177 4372 illi
1205 4339 1411 4386 corona,
1441 4344 1546 4381 non
1574 4334 1742 4386 solum
1775 4339 1841 4390 ad
1869 4351 2042 4406 caput,
2069 4317 2164 4398 sed

593 4455 596 4458 ,
619 4403 781 4455 etiam
805 4403 869 4457 ad
894 4419 1088 4473 corpus
1116 4407 1364 4462 refertur.
1398 4411 1462 4465 Et
1483 4419 1606 4470 exiit
1627 4422 1827 4477 vincens
1846 4436 1900 4478 ut
1929 4403 2161 4487 uinceret.

625 4491 772 4545 Unde
801 4495 928 4546 exiit
957 4496 1057 4550 nisi
1093 4511 1159 4550 ex
1186 4510 1373 4568 aperto
1411 4505 1624 4574 sigillo?
1668 4510 1798 4565 Nam
1828 4531 1894 4568 ex
1932 4521 2165 4576 revelato

620 4578 1021 4647 Scripturarum
1069 4600 1420 4655 sacramento,
1452 4595 1563 4662 ipsa
1605 4606 1918 4657 sacramenti
1969 4611 2164 4666 veritas

625 4668 904 4727 manifeste
952 4676 1214 4740 apparuit.
1257 4676 1400 4732 Esiit
1449 4692 1625 4737 autem
1667 4689 1889 4753 vincens,

618 4763 797 4822 caput,
836 4768 894 4811 ut
935 4771 1053 4826 post
1079 4763 1132 4816 in
1169 4779 1389 4833 corpore
1419 4770 1656 4824 vinceret
1690 4779 1921 4842 quotidie
1970 4785 2160 4839 diaboli

621 4851 962 4908 tentamcnta,
987 4858 1039 4902 et
1059 4851 1317 4905 malorum
1345 4857 1614 4912 hominum
1642 4870 2055 4928 persecutiones.

694 4931 852 4986 Vens.
879 4934 931 4988 5.
988 4964 1043 4974 -—
1078 4935 1143 4991 Et
1170 4957 1283 4994 eum
1311 4945 1590 5011 aperuisset
1611 4950 1833 5017 sigillum
1861 4960 2159 5019 nandum,

541 5068 546 5072 .
624 5020 798 5076 audivi
827 5024 1105 5078 secundum
1138 5029 1332 5082 animal
1357 5032 1528 5088 dicens
1554 5047 1574 5084 :
1609 5036 1754 5102 Veni,
1783 5053 1829 5093 et
1860 5045 1992 5096 vide.
2025 5046 2159 5110 Quid

622 5117 705 5162 est
744 5111 884 5176 quod
937 5111 990 5167 in
1038 5129 1195 5169 causa
1237 5119 1475 5174 dissimili
1512 5124 1697 5180 similis
1742 5130 1799 5183 fit
1840 5136 2161 5188 admonitio?

624 5198 727 5253 nisi
773 5200 896 5270 quia
942 5201 1077 5257 sicut
1105 5205 1176 5259 ibi
1221 5207 1398 5267 latitia
1439 5211 1506 5265 de
1547 5227 1760 5280 peracta
1804 5219 2046 5286 victoria,
2087 5226 2163 5280 sic

623 5285 784 5336 etiam
828 5286 913 5340 hic
957 5289 1252 5350 sollicitudo
1278 5297 1340 5350 de
1377 5297 1555 5352 futuro
1580 5309 1868 5361 certamine
1897 5285 2160 5366 ministra-

626 5379 729 5424 tur.
756 5371 935 5441 (Vsus.
969 5377 1046 5446 4.)
1074 5375 1141 5431 ει
1179 5383 1330 5436 exivit
1354 5385 1488 5440 alius
1520 5406 1675 5458 equus
1704 5397 1874 5464 rufus,
1901 5410 1948 5450 et
1971 5403 2056 5467 qui
2084 5421 2158 5455 sc-

622 5458 767 5514 debut
812 5477 964 5529 super
988 5481 1126 5530 eum,
1169 5469 1343 5524 datum
1374 5485 1447 5526 est
1468 5478 1529 5544 _ei
1563 5490 1617 5529 ut
1643 5458 1860 5536 sumeret
1891 5502 2064 5554 parem
2097 5495 2157 5546 de

2277 2162 2432 2205 terra.
2461 2135 2641 2224 Equus
2666 2156 2815 2212 rufus
2840 2162 3041 2230 antiqui
3066 2162 3238 2220 hostis
3260 2175 3342 2222 est
3367 2182 3599 2241 corpus;
3639 2191 3817 2232 omnes

2275 2239 2475 2294 scilicet
2516 2243 2725 2311 reprobi
2763 2245 3060 2302 animarum
3107 2239 3480 2314 interfectioue
3524 2267 3811 2333 sanguinei.

2273 2324 2340 2379 Et
2367 2329 2579 2395 quidem
2616 2345 2792 2385 sessor
2814 2333 3267 2396 electorum'tlicit
3291 2361 3304 2374 ·
3335 2339 3527 2401 Pacem
3556 2324 3720 2405 nte-aus
3749 2358 3813 2408 do

2270 2415 2408 2480 soliis
2437 2416 2619 2486 (Joan.
2649 2436 2769 2484 xiv,
2795 2422 2888 2494 27)
2912 2440 2927 2489 ;
2967 2441 3143 2483 sessor
3167 2441 3295 2487 vero
3336 2440 3682 2505 repmborum
3725 2462 3813 2515 pa-

2272 2519 2386 2557 cem
2415 2507 2575 2560 sumit
2602 2509 2667 2564 de
2700 2518 2872 2580 terra,
2911 2518 3035 2585 quia
3065 2519 3152 2574 ille
3177 2529 3472 2584 concordia:
3503 2543 3688 2588 auctor
3713 2507 3810 2600 est,

2273 2603 2372 2646 iste
2399 2610 2526 2649 vero
2568 2599 2866 2657 discordiae.
2897 2605 2964 2658 Et
2991 2618 3112 2663 nota
3149 2614 3288 2680 quod
3318 2632 3421 2672 non
3450 2621 3516 2675 de
3535 2624 3692 2689 cmlo,
3722 2627 3810 2681 sed
3857 2599 3860 2601 ἓ

2271 2680 2336 2731 de
2365 2689 2525 2743 terra,
2557 2685 2608 2739 id
2649 2697 2731 2740 est
2759 2696 2966 2746 terrena
2991 2702 3368 2768 querentibus,
3408 2721 3593 2774 pacem
3623 2680 3806 2768 aufert.

2272 2766 2340 2820 Et
2374 2779 2430 2822 ut
2465 2772 2676 2827 invicem
2710 2792 2765 2830 se
2803 2779 3132 2849 interﬁciant.
3179 2787 3237 2840 In
3275 2766 3374 2845 hac
3408 2766 3676 2852 sententia
3706 2817 3805 2855 non

2270 2857 2497 2910 carnalis
2524 2862 2614 2912 sed
2639 2863 2891 2930 spiritalis
2916 2868 3213 2928 interfectio
3228 2875 3381 2932 debet
3398 2880 3637 2954 intelligi.
3668 2885 3808 2941 Unde

2269 2953 2444 2997 autem
2487 2961 2546 2999 se
2594 2953 2802 3017 reprobi
2831 2955 3184 3024 interﬁciant,
3227 2968 3463 3032 aperitur
3493 2953 3614 3024 cium
3643 2974 3810 3027 delu-

2268 3032 2499 3087 dmorum
2539 3040 2776 3109 principe
2804 3046 3050 3101 subditur
3080 3067 3093 3102 :
3123 3061 3175 3103 et
3201 3054 3356 3108 datus
3379 3069 3455 3110 est
3491 3061 3572 3113 illi
3607 3063 3806 3130 gladius

2267 3134 2484 3188 magnus
2500 3163 2514 3182 .
2547 3126 2599 3179 id
2621 3137 2704 3181 est
2730 3131 2982 3198 spiritalis
2998 3174 3012 3199 ,
3040 3144 3094 3190 et
3119 3139 3374 3211 malignus
3393 3185 3409 3209 ,
3432 3161 3540 3215 quo
3567 3126 3672 3203 non
3694 3168 3807 3205 cor-

2265 3219 2412 3272 pora,
2442 3210 2533 3262 sed
2561 3214 2751 3269 anima:
2778 3221 3122 3287 reproborum
3147 3210 3473 3296 iugulantur:
3521 3235 3672 3292 Hunc
3703 3239 3807 3308 gla-

2266 3294 2411 3352 dium
2454 3299 2691 3358 diabolus
2718 3304 2921 3363 dnobns
2959 3314 3128 3368 modis
3153 3294 3400 3384 exercet;
3429 3337 3549 3376 etim
3591 3336 3683 3378 aut
3704 3294 3809 3395 per

2195 3393 2239 3451 (ζ
2269 3396 2328 3434 se
2353 3385 2576 3452 spiritali
2607 3389 2868 3448 locutione
2895 3397 3118 3454 interius
3140 3403 3350 3472 decipit,
3376 3417 3468 3460 aut
3491 3425 3588 3477 per
3615 3385 3801 3466 carna-

2267 3467 2395 3522 lium
2426 3488 2636 3527 suorum
2683 3478 2914 3547 linguam
2939 3488 3179 3541 exterius
3222 3491 3440 3557 pulsans
3484 3498 3551 3549 ad
3587 3502 3806 3555 occisio-

2264 3572 2384 3612 nem
2430 3564 2618 3618 animze
2669 3570 2938 3639 pertingit.
2981 3574 3104 3630 [ἔξω
3149 3588 3325 3632 autem
3369 3587 3546 3639 omnia
3577 3588 3647 3642 illi
3687 3592 3802 3645 data

2264 3646 2530 3712 dicuntur,
2543 3653 2595 3705 id
2612 3665 2694 3707 est
2707 3657 2817 3711 Deo
2829 3659 2974 3724 justo
2993 3672 3180 3720 cuneta
3200 3667 3510 3735 disponente
3529 3679 3802 3742 permissa.

2339 3738 2491 3791 Vens.
2531 3738 2581 3791 5.
2619 3771 2687 3779 —
2735 3743 2803 3797 Et
2848 3764 2964 3800 cum
3002 3751 3281 3819 aperuisiet
3313 3738 3547 3830 sigillum
3579 3767 3801 3832 tertium,

2262 3824 2436 3878 audiui
2462 3829 2666 3880 tertium
2688 3833 2881 3884 animal
2912 3835 3084 3892 dicens
3113 3852 3148 3889 τη
3182 3840 3327 3907 Veni,
3429 3849 3559 3902 uide.
3597 3849 3664 3904 Et
3693 3824 3804 3908 ecce

2261 3927 2418 3979 equus
2442 3913 2601 3981 niger,
2627 3926 2676 3967 et
2708 3920 2795 3986 qui
2821 3922 3026 3976 sedebat
3067 3942 3220 3996 super
3259 3946 3376 3984 eum
3399 3933 3620 3989 habebat
3652 3949 3802 3994 state-

2263 4015 2374 4050 ram
2413 4001 2466 4052 in
2495 4018 2650 4054 manu
2677 4021 2792 4057 sua.
2839 4007 2893 4063 In
2923 4011 3080 4081 huius
3111 4017 3234 4084 equi
3262 4017 3535 4087 nigredine
3579 4025 3666 4079 illa
3696 4043 3802 4081 ina-

2263 4085 2429 4139 lorum
2452 4092 2654 4145 esuries
2677 4095 2998 4164 designatur,
3023 4116 3128 4168 qua
3150 4085 3356 4162 Christi
3379 4121 3572 4178 ecrpus
3599 4114 3800 4168 inhian-

2140 4201 2166 4212 ο
2264 4180 2344 4224 ter
2367 4175 2642 4240 devorare,
2691 4191 2746 4233 et
2791 4185 2846 4252 in
2889 4187 3102 4242 malitia:
3143 4204 3252 4246 sua
3286 4175 3524 4253 ventrem
3561 4203 3801 4272 trajicere

2262 4257 2638 4332 concupiscunt
2675 4286 2689 4321 :
2735 4286 2961 4339 quorum
3010 4291 3185 4334 sessor
3238 4283 3398 4338 habet
3450 4257 3702 4344 statera'm
3747 4293 3796 4347 in

2263 4366 2418 4405 manu
2469 4371 2563 4408 sua
2589 4397 2604 4420 ,
2651 4360 2774 4427 quia
2824 4365 3200 4433 temporalibus
3235 4371 3511 4438 stipendiis
3544 4378 3796 4433 bonorum

2263 4442 2422 4494 vitam
2453 4447 2675 4498 mercari
2713 4452 2923 4516 quaerit,
2955 4463 3011 4505 ut
3038 4468 3184 4509 suam
3216 4447 3541 4532 suarumque
3575 4469 3793 4520 esuriem

2262 4531 2454 4580 satiare
2478 4533 2658 4597 possit.
2684 4533 2828 4588 lianc
2852 4547 3103 4594 stateram
3132 4543 3183 4596 in
3208 4559 3366 4602 manu
3397 4531 3567 4605 tenuit
3592 4539 3794 4621 quando

2262 4630 2420 4667 unum
2453 4619 2518 4670 ad
2544 4623 2962 4680 manducandum
2985 4631 3174 4687 obtulit
3197 4649 3432 4703 pomum,
3463 4649 3518 4693 et
3541 4619 3703 4695 totum
3730 4642 3791 4694 ad

1935 4697 2161 4762 primum
2194 4694 2238 4747 Ι)
2263 4703 2581 4768 perdendum
2632 4721 2897 4768 mercatus
2931 4726 3013 4770 est
3048 4694 3322 4777 mndum.
3358 4694 3489 4784 Nam
3525 4694 3792 4783 sciendum

2263 4792 2385 4858 quia
2438 4795 2675 4851 diabolus
2717 4803 2866 4867 prius
2910 4809 3155 4865 audiendi
3189 4813 3408 4870 verbum
3453 4815 3544 4872 Dei
3573 4819 3789 4874 alimenv
3890 4855 3893 4858 -
3945 4862 3964 4874 .-

2265 4892 2371 4934 ιυιιι
2406 4887 2701 4952 subtrahit,
2739 4901 2796 4944 ut
2836 4896 3087 4963 spiritalis
3112 4902 3236 4960 cibi
3259 4903 3429 4958 inedia
3479 4907 3694 4964 aﬂ'ectos
3737 4911 3788 4963 in

2261 4983 2598 5039 augmentum
2639 4980 2719 5032 sui
2765 4986 3005 5052 corporis
3041 4985 3247 5044 facilius
3281 5004 3473 5059 sumat.
3509 4996 3658 5051 Unde
3699 5012 3791 5066 per

2260 5060 2565 5126 prophetam
2612 5064 2863 5122 Dominus
2913 5071 3040 5126 dicit
3088 5089 3104 5127 :
3155 5077 3285 5132 Ecce
3317 5095 3416 5148 ego
3463 5085 3665 5137 mittam
3700 5060 3791 5154 *Ιο-

2259 5161 2388 5198 mem
2415 5150 2469 5201 in
2498 5160 2685 5204 terram
2708 5173 2727 5216 ,-
2749 5172 2849 5209 non
2871 5158 3056 5226 [ament
3082 5164 3257 5232 pultis,
3279 5181 3438 5236 neque
3461 5171 3598 5224 sitim
3621 5150 3786 5243 aqua,

2258 5234 2346 5285 sed
2369 5238 2612 5292 quam:
2631 5243 2838 5297 verbum
2866 5246 2961 5300 Dei
2989 5249 3187 5320 (Aluos,
3221 5269 3335 5318 ml,
3354 5234 3472 5330 ιι).
3517 5260 3630 5334 Hoc
3652 5234 3786 5318 em

2260 5320 2510 5376 Dominus
2553 5327 2660 5395 agit
2700 5331 3018 5394 deserendo.
3062 5337 3301 5396 diabolus
3335 5320 3647 5402 invadenda.
3689 5349 3787 5403 Sed
