4154 6228
362 316 497 387 Πῑῦ

1097 316 1491 372 ΕΧΙ-ῌΟΕΪΚΖΑ.
1529 343 1595 351 —-——
1628 306 1975 362 (ῚΟΜἊΕΧΤ.
2018 307 2080 358 IN
2120 305 2401 358 .\l‘0ll.\l..
2441 334 2507 341 -ο
2547 305 2671 356 l.lll.
2714 304 2797 354 l\'.

3436 302 3565 353 lli".

362 447 477 506 leae,
509 435 712 492 vinaria
737 473 752 497 .
782 442 836 487 et
863 443 1107 489 amurca;
1138 435 1191 479 et
1218 426 1315 493 ipsi
1343 429 1625 477 occurrant
1653 419 1717 470 a.l
1745 426 1905 471 statc—
1935 418 1980 474 Α
2009 422 2390 482 praecepturum
2421 414 2600 466 caveis
2636 410 2880 462 carnales
2909 411 3068 462 animi
3100 419 3272 463 tuotas
3303 427 3406 463 non
3440 414 3566 463 reti-

362 504 475 584 ram
525 525 671 581 nullo
713 522 884 593 pretio
925 517 1091 584 digni,
1142 530 1246 568 non
1297 514 1371 566 illi
1413 513 1502 580 qui
1538 504 1734 562 Christi
1784 517 1906 561 sunt

307 673 313 679 ,
360 617 616 687 sanguine
648 609 925 678 redempti.
964 605 1113 660 Unde
1143 617 1263 655 mox
1294 601 1540 654 subditur
1570 617 1582 648 :

2008 511 2221 563 nentur,
2259 502 2464 554 cll'erali
2509 510 2564 552 ut
2619 501 2689 552 ita
2745 500 2972 552 dixerim
3023 499 3252 566 impulsu
3291 497 3566 552 diabolice

2011 591 2360 660 suggestionis
2388 606 2483 659 per
2517 591 2740 657 abrupta
2771 603 2992 656 qumque
3041 589 3362 642 miscrorum
3401 588 3570 642 vitam

431 667 679 761 ϐ.
704 730 777 743 —
807 667 874 752 fit
920 695 1095 750 auditi
1130 702 1374 760 tanquam
1424 706 1589 743 rorem
1643 667 1715 740 ini
1743 686 1907 738 medio
2005 681 2358 748 praecipitant.

359 803 585 863 quatuor
607 785 911 841 uitimaliunt
935 782 1184 835 dicentem
1214 792 1231 828 :
1273 777 1482 830 Bilibris
1516 775 1673 827 tritici
1698 773 1910 825 denario

2081 770 2240 824 Vsus.
2267 771 2319 823 9.
2338 800 2405 808 ——
2428 769 2490 821 Et
2513 785 2627 821 cum
2647 770 2924 837 aperuisset
2945 767 3172 836 sigillum
3192 771 3446 838 quintum,
3464 769 3567 821 ridi

360 860 487 945 uno,
532 890 579 932 et
605 889 706 931 tres
732 875 936 930 bilibres
962 869 1141 924 hordei
1174 864 1388 920 denario
1433 879 1554 924 uno,
1583 873 1632 915 et
1667 864 1835 915 riuum
1865 870 1910 911 et
2008 863 2186 916 subtus
2213 862 2379 916 altare
2416 861 2509 914 Dei
2554 862 2756 914 animus
2801 860 3087 912 ocrisorum
3117 869 3322 928 propter
3363 861 3569 914 rerbnm

359 970 529 1024 oleant
558 983 620 1020 ue
643 963 857 1018 lit:er-is.
898 960 1048 1013 Tune
1065 960 1119 1010 in
1143 955 1309 1009 medio
1335 963 1559 1023 quatuor
1583 949 1910 1008 animalium,

362 1060 414 1112 id
453 1066 536 1112 est
562 1058 614 1110 in
657 1053 834 1108 nuedio
859 1050 1110 1105 Ecclesiae
1132 1087 1148 1113 ,
1188 1049 1301 1100 tunc
1329 1060 1430 1098 vox
1456 1043 1669 1104 sonuit,
1697 1041 1914 1109 quando

362 1148 607 1203 adunatis
635 1146 687 1200 in
725 1144 826 1198 llde
852 1141 1125 1212 gentibus.
1165 1139 1340 1192 divina
1384 1136 1616 1205 potentia
1647 1133 1912 1186 diabolum

361 1241 430 1292 ab
449 1238 735 1291 electorum
761 1234 977 1287 laesione
999 1231 1352 1300 compescuit;
1377 1243 1440 1280 ac
1465 1227 1509 1280 si
1529 1227 1577 1280 ei
1601 1239 1695 1294 per
1716 1223 1915 1278 irrisio-

2013 952 2125 1009 Dii.
2153 962 2197 1002 et
2228 952 2574 1004 testiinonium
2596 949 2734 1018 quod
2756 948 3030 1001 habebant.
3061 948 3116 1001 lu
3138 949 3435 1000 occisorum
3457 952 3572 1001 ani-

2017 1040 2206 1090 mabus
2267 1038 2505 1090 omnium
2560 1037 2853 1090 electorum
2924 1036 3132 1089 animas
3186 1036 3570 1105 intelligimus,

2013 1128 2102 1196 qui
2157 1127 2269 1179 sive
2321 1126 2693 1194 corporalibus
2740 1125 2853 1178 sive
2899 1125 3230 1193 spiritalij-us
3260 1142 3289 1178 a
3335 1127 3576 1194 rcprobis

2016 1215 2501 1283 impugnationibus
2537 1224 2909 1282 angustantur.
2957 1214 3247 1283 Martyrum
3299 1216 3440 1267 enim
3472 1216 3579 1267 duo

363 1342 486 1380 nem
513 1327 783 1380 diceretur
814 1340 828 1373 ε
863 1321 1187 1374 frumentum
1227 1326 1282 1370 et
1309 1315 1566 1370 hordeum
1589 1353 1603 1376 ,
1642 1313 1824 1365 vinum
1865 1320 1921 1363 et
2015 1315 2136 1358 sunt
2168 1320 2380 1371 genera,
2435 1319 2596 1355 unum
2648 1304 2700 1355 in
2733 1313 2939 1371 aperto,
2980 1302 3210 1356 alterum
3263 1304 3314 1356 in
3347 1306 3577 1358 occulto.

361 1416 538 1469 oleum
565 1413 744 1466 ablato
789 1409 1007 1464 denario
1050 1422 1227 1462 sessor
1271 1405 1392 1473 equi
1431 1404 1535 1456 albi
1565 1399 1832 1472 pmelcgit
1866 1408 1920 1452 ct

364 1503 721 1573 comparavit;
751 1500 933 1568 paleas
953 1506 1152 1556 autem,
1175 1495 1403 1555 vinacia,
1424 1501 1480 1546 et
1506 1504 1801 1551 amurcam,
1825 1487 1918 1540 tibi

366 1594 598 1662 reliquit.
642 1591 756 1645 Una
787 1590 947 1659 igitur
979 1585 1206 1648 bilibris,
1231 1600 1349 1653 quze
1377 1584 1435 1636 lit
1461 1598 1526 1635 ex
1556 1581 1767 1634 duobus
1799 1592 1921 1631 sex—

364 1683 538 1744 tariis,
585 1679 818 1733 Ecclesia
865 1685 948 1730 est
989 1689 1053 1729 ex
1102 1674 1306 1727 duobus
1343 1668 1698 1726 Testamentis
1732 1667 1786 1720 in
1829 1666 1919 1718 Dei

2018 1393 2120 1445 l'er
2145 1394 2312 1445 altare
2363 1409 2490 1445 vero
2536 1391 2782 1446 Christus
2832 1392 3184 1459 intelligitur:
3217 1393 3269 1443 in
3321 1407 3427 1459 quo
3475 1392 3584 1447 Dm

2018 1482 2161 1534 l’atri
2195 1482 2456 1536 sacrificia
2510 1489 2694 1535 nostra
2743 1481 3038 1540 offerimus.
3096 1497 3217 1533 eunt
3253 1482 3582 1551 unigenitum

2018 1571 2134 1638 ejus
2163 1571 2352 1624 Filium
2377 1573 2667 1632 imitantes.
2691 1572 2864 1624 hostia
2886 1573 3005 1623 vira
3037 1571 3089 1623 in
3123 1581 3413 1639 conspectu
3441 1573 3584 1626 illius

2021 1677 2356 1732 apparcmus.
2380 1662 2492 1714 Sub
2518 1662 2687 1716 altare
2715 1663 2874 1732 igitur
2895 1662 3087 1715 aninno
3117 1663 3415 1716 oceisontm
3439 1675 3583 1723 sunt.

364 1741 699 1840 proximique
742 1767 1023 1820 dilectione
1068 1763 1384 1816 consistens.
1429 1758 1532 1812 Sed
1574 1759 1626 1810 in
1664 1757 1765 1809 hoc
1802 1755 1919 1809 loco
1951 1741 1994 1799 Β
2022 1753 2146 1819 quia
2192 1752 2472 1806 mediatori
2505 1762 2686 1805 nostro
2727 1753 2973 1805 subsunt.
3007 1752 3063 1805 Si
3115 1767 3240 1804 vero
3283 1767 3377 1819 per
3419 1754 3587 1807 altam

365 1875 527 1915 unam
556 1856 847 1912 Ecelesiam
875 1856 928 1907 in
955 1853 1155 1908 sanctis
1181 1849 1639 1920 pranlieatoribus,
1668 1846 1747 1898 vel
1779 1861 1924 1914 mag-

367 1965 553 2004 narum
580 1948 836 2000 virtutum
865 1945 996 1997 viris
1013 1984 1026 2007 ,
1053 1959 1156 1997 non
1182 1942 1505 2010 generaliter
1533 1940 1586 1992 in
1613 1939 1819 2009 cunctis
1850 1938 1924 1989 in-

367 2038 606 2106 telligere
652 2036 925 2088 debemus.
979 2028 1093 2086 Non
1127 2031 1273 2084 enim
1321 2028 1437 2082 sine
1474 2042 1634 2081 causa
1671 2027 1756 2078 hic
1806 2033 1929 2093 post

366 2125 714 2187 frumentum,
747 2121 1003 2175 hordeum
1030 2120 1260 2189 ponitur.
1311 2117 1563 2187 Designet
1599 2117 1778 2182 itaque
1823 2131 1924 2166 una

366 2213 576 2268 bilibris
627 2211 790 2264 tritici
837 2223 904 2272 ex
952 2208 1157 2262 duobus
1202 2206 1411 2276 populis
1461 2219 1628 2260 novos
1679 2202 1928 2256 Ecclesiae

366 2303 744 2373 pmdicatores
765 2337 783 2364 ,
811 2307 868 2352 et
900 2295 1281 2350 eminentiores
1308 2295 1594 2348 virtutibus
1628 2295 1770 2346 viros
1789 2333 1802 2357 ,
1829 2292 1927 2359 qui

369 2393 769 2459 tribulationum
795 2387 1095 2443 molendin
1113 2386 1394 2449 confracti,
1422 2395 1476 2440 et
1498 2386 1927 2455 persecutionum

370 2485 490 2558 igne
513 2464 755 2542 decocti,
785 2480 938 2549 panis
965 2479 1187 2547 pulcher
1213 2478 1412 2531 Christi
1440 2485 1497 2530 et
1521 2476 1779 2530 candidus
1809 2473 1927 2527 ﬁeri

371 2579 700 2626 meruerunt.
745 2568 1030 2638 Designent
1055 2576 1163 2621 tres
1203 2565 1423 2619 bilibres
1452 2566 1636 2620 hordei
1668 2563 1931 2630 subjecto-

372 2676 490 2716 rutn
514 2670 572 2714 et
615 2657 1000 2712 infirmantium
1029 2655 1190 2708 vitam
1218 2695 1231 2718 ,
1268 2669 1333 2708 ex
1368 2662 1593 2722 utroque
1625 2652 1815 2721 popqu
1843 2667 1932 2704 ve-

371 2749 650 2804 nientium.
702 2747 766 2799 Et
798 2755 921 2800 nota
964 2746 1087 2813 quia
1115 2758 1275 2796 unum
1313 2751 1367 2795 et
1396 2743 1624 2810 pretium
1670 2741 1833 2794 tritici
1879 2749 1934 2791 ct

373 2838 591 2900 hordei,
637 2835 888 2904 quoniam
932 2835 1030 2887 etsi
1067 2834 1247 2900 dispar
1274 2841 1356 2886 est
1400 2841 1708 2886 sanctorum
1757 2832 1928 2893 labor,

372 2942 479 2979 uno
505 2933 682 2979 tamen
716 2935 840 2977 sunt
863 2924 1034 2992 pretio
1060 2922 1245 2988 empti,
1281 2929 1335 2982 et
1363 2936 1526 2973 unum
1557 2929 1680 2973 sunt
1707 2929 1826 2988 post
1859 2920 1934 2972 la-

369 3017 557 3071 borem
580 3015 854 3069 denarium
878 3012 1165 3082 accepturi.
1191 3010 1489 3064 Notandum
1517 3019 1768 3078 prmterea
1802 3009 1925 3077 quia

329 3093 332 3096 ’
371 3105 560 3158 eadem
600 3104 884 3156 sententia
907 3102 1162 3170 repetitur
1186 3115 1305 3153 cum
1337 3099 1579 3152 subditur
1612 3117 1622 3150 :
1668 3100 1840 3151 tinum
1881 3107 1928 3150 et

373 3195 542 3248 oleum
573 3210 635 3246 ne
657 3193 870 3246 (reseris.
899 3192 1171 3258 Quomodo
1196 3188 1372 3260 [Cod.,
1404 3187 1636 3256 quando]
1665 3188 1805 3239 enim
1833 3187 1927 3238 lic-

373 3284 534 3339 clesia
560 3285 739 3337 vinum
767 3291 822 3336 et
845 3282 1018 3336 oleum
1047 3296 1150 3334 non
1187 3288 1306 3343 est,
1336 3295 1455 3348 qua:
1482 3279 1532 3331 in
1561 3293 1930 3348 pressurarttm

376 3371 627 3424 toreulari
656 3377 714 3424 ut
741 3386 841 3424 uva
865 3369 1119 3432 calcatur,
1148 3377 1202 3421 et
1229 3355 1288 3428 in.
1310 3368 1672 3436 angustiarum
1701 3367 1845 3435 prelo
1874 3374 1932 3417 ut

348 3461 513 3515 .oliva
535 3470 755 3514 contusa
789 3460 1056 3528 liquatur?

448 3549 806 3620 Yeus.‘l.—Et
820 3566 935 3601 cum
947 3549 1223 3617 aperuisset
1241 3546 1465 3615 sigillum
1481 3552 1741 3614 quartum,
1756 3544 1930 3596 audiri

380 3658 549 3693 rorem
575 3644 745 3711 quarti
761 3639 1003 3694 animalis
1027 3640 1243 3692 dicentis
1268 3653 1284 3688 :
1307 3636 1433 3692 Veni
1450 3647 1496 3692 et
1514 3638 1653 3691 ride:
1671 3635 1854 3705 (Vens.
1877 3635 1929 3703 8)

382 3727 448 3780 κε
471 3744 583 3780 ecce
600 3745 627 3780 e
641 3744 756 3796 prus
778 3723 1022 3796 pallidus,
1052 3737 1098 3779 et
1114 3727 1201 3801 qui
1227 3726 1430 3778 sedebat
1456 3743 1627 3795 super,
1650 3742 1831 3778 nomen
1859 3724 1932 3778 illi

383 3816 556 3878 Mors;
585 3826 632 3868 et
660 3816 892 3884 infernus
937 3816 1244 3885 sequebatur
1266 3831 1403 3867 eum.
1453 3815 1554 3884 Ipsi
1589 3815 1935 3883 designantur

379 3921 475 3972 per
502 3920 695 3972 equum
718 3903 969 3972 pallidum
998 3905 1087 3972 qui
1116 3912 1168 3957 et
1196 3917 1290 3972 per
1316 3902 1515 3967 rufum,
1537 3918 1763 3971 quorum
1796 3918 1934 3956 nunc

379 3992 637 4060 spiritalis
657 4007 803 4050 mors
823 3992 877 4045 in
897 3992 1064 4061 ipsius
1088 3992 1209 4060 equi
1236 3990 1432 4059 pallore
1459 3990 1732 4060 ﬁguratur.
1763 3990 1932 4059 Supra

380 4095 515 4148 quos
539 4081 674 4132 bene
699 4094 863 4142 mors,
896 4077 948 4132 id
968 4088 1050 4132 est
1073 4079 1330 4140 diabolus,
1358 4086 1539 4134 contra
1564 4079 1710 4133 viros
1736 4094 1933 4149 pugna-

382 4180 533 4222 turus
569 4168 754 4221 sedere
781 4166 1002 4230 dicitur;
1033 4169 1154 4234 quia
1195 4183 1290 4236 per
1310 4167 1538 4224 ollicium
1566 4183 1773 4231 eorum.
1804 4184 1938 4237 quos

375 4262 486 4329 jam
515 4259 828 4328 spiritaliter
852 4257 1067 4319 occidit,
1091 4257 1380 4311 electorum
1403 4260 1566 4311 vitam
1599 4260 1938 4328 exstinguere

381 4350 593 4417 quaerit.
636 4348 880 4401 lnfernus
929 4347 1004 4400 illi
1059 4348 1330 4412 dicuntur,
1387 4349 1436 4401 in
1484 4350 1678 4416 quibus
1729 4351 1933 4404 habitat
1962 4366 2012 4426 υ

381 4451 547 4491 mors.
601 4435 845 4490 lnfernus
889 4452 1016 4507 ergo
1056 4437 1298 4504 sequitur
1332 4445 1586 4497 mortem,
1636 4437 1759 4504 quia
1810 4439 1933 4490 mali

383 4530 660 4585 imitantur
681 4527 967 4583 diabolum.
993 4528 1217 4582 Possunt
1237 4536 1289 4581 et
1308 4527 1610 4596 Speeialiter
1629 4542 1723 4595 per
1741 4543 1934 4596 equum

381 4618 633 4684 pallidum
663 4616 895 4670 bsretici
928 4617 1164 4686 intelligi.
1212 4614 1277 4670 Et
1313 4617 1436 4670 data
1472 4625 1546 4670 est
1591 4617 1670 4668 illi
1714 4628 1935 4685 potestas

381 4723 535 4773 super
552 4779 556 4782 _
575 4715 799 4774 quatuor
824 4716 994 4772 partes
1022 4715 1201 4768 terra,
1235 4706 1518 4772 interﬁcere
1545 4705 1750 4774 gladio,
1777 4708 1933 4774 fame,

383 4808 432 4849 et
471 4806 654 4857 morte,
697 4805 742 4848 et
778 4795 948 4848 bestiis
991 4804 1160 4847 teme.
1207 4796 1330 4850 Duc
1367 4804 1490 4850 sunt
1519 4796 1571 4848 in
1603 4796 1702 4851 hoc
1739 4799 1934 4852 mundo

383 4893 584 4952 partes,
633 4884 686 4935 id
733 4893 814 4938 est
841 4881 1039 4938 Christi
1076 4890 1128 4935 et
1156 4883 1386 4945 diaboli;
1435 4884 1528 4939 sed
1573 4882 1768 4938 Christi
1811 4897 1934 4951 pars

384 4981 596 5026 nonest
638 4972 834 5032 divisa;
877 4972 1028 5037 juxta
1061 4973 1227 5025 illud:
1263 4970 1375 5024 Una
1422 4983 1496 5026 est
1542 4973 1774 5028 columba
1819 4989 1933 5026 mea

384 5058 560 5126 (Cant.
592 5073 664 5117 vt,
689 5059 764 5121 8).
800 5056 926 5110 Pars
964 5073 1089 5114 vero
1115 5061 1304 5114 diaboli
1342 5061 1391 5113 iu
1424 5069 1650 5126 quatuor
1683 5062 1933 5117 dividitur

383 5154 594 5213 partes,
624 5146 675 5198 in
703 5160 957 5212 paganos,
985 5143 1212 5206 ludtnos.
1247 5149 1542 5212 hairetieos.
1572 5157 1626 5201 et
1650 5149 1817 5203 malos
1841 5165 1930 5204 ea-

385 5236 632 5290 tlwlioos.
662 5236 762 5291 Tot
790 5235 952 5304 igitur
985 5242 1110 5288 sunt
1144 5235 1306 5301 plagm
1331 5247 1458 5302 quot
1501 5237 1692 5292 diaboli
1729 5252 1928 5306 partes.

384 5325 492 5381 Sed
517 5326 781 5391 quomodo
821 5326 1015 5394 gladio,
1045 5334 1096 5378 et
1141 5323 1293 5382 istnc.
1322 5333 1374 5376 et
1415 5337 1586 5382 morte
1628 5329 1930 5394 interﬁciat,

378 5417 492 5480 jam
518 5416 718 5468 dictum
739 5424 840 5467 est.
872 5415 972 5469 Per
995 5417 1190 5469 bestias
1229 5424 1402 5469 autem
1437 5417 1780 5486 designantur
1806 5423 1930 5476 cllo-

386 5506 485 5556 rnti
515 5515 690 5558 motus
710 5507 1025 5558 animorum.
1058 5507 1248 5560 Bestiis
1283 5522 1407 5572 ergo
1439 5509 1605 5561 hostis
1636 5522 1814 5565 mster
1850 5532 1928 5567 re-

385 5591 670 5656 proborum
721 5594 920 5646 animas
967 5597 1255 5650 interimit:
1299 5596 1418 5661 quia
1464 5596 1587 5647 dum
1636 5599 1929 5656 ditium-mn

2024 1845 2122 1913 ipsi
2154 1844 2309 1896 electi
2357 1843 2725 1910 intelliguntur
2753 1881 2767 1902 ,
2799 1842 2899 1894 sub
2929 1857 2986 1893 se
3013 1852 3137 1894 sunt
3165 1859 3178 1902 ;
3205 1844 3329 1909 quia
3360 1846 3584 1898 necdum

2021 1931 2262 1998 corporis
2307 1931 2705 1985 immortalitate
2737 1931 2910 1982 vestiti
2942 1941 3084 1983 sunt.
3140 1931 3324 1996 (Virus.
3359 1931 3470 2000 l0.)
3519 1933 3588 1986 Et

2022 2019 2315 2073 clamabant
2363 2036 2481 2073 τοι-ε
2515 2036 2702 2088 magna
2747 2020 3013 2071 dicentes:
3044 2017 3343 2087 Usqncqiw,
3373 2019 3589 2074 Domine

2024 2109 2254 2179 (sanctus
2281 2119 2327 2161 et
2357 2108 2550 2176 uerus),
2568 2125 2667 2161 non
2696 2107 2922 2160 rindicas
2938 2109 3241 2174 sanguinem
3272 2120 3503 2162 nostrum
3526 2111 3590 2163 de

2023 2199 2104 2250 Itis
2126 2201 2217 2267 qui
2242 2197 2543 2250 habitantia
2564 2197 2743 2249 terra?
2776 2196 2913 2263 Quid
2939 2207 3021 2250 est
3044 2199 3251 2251 animus
3279 2207 3588 2253 sanctorum

2025 2285 2316 2337 vindictam
2364 2284 2640 2353 sanguinis
2667 2283 2734 2335 de
2783 2285 3248 2352 persecutionihus
3280 2303 3590 2356 exposcere.

2028 2373 2128 2426 nisi
2158 2373 2295 2425 diem
2324 2373 2548 2425 extremi
2569 2371 2754 2438 judicii
2787 2374 3122 2441 praestolari?
3152 2375 3266 2429 Non
3289 2388 3468 2451 autem
3497 2393 3596 2444 per

2027 2475 2285 2528 organum
2337 2461 2564 2527 gutturis
2594 2459 2717 2513 folle
2767 2462 2969 2515 ventris
3017 2471 3244 2516 attracto
3290 2464 3589 2517 animatum

2030 2553 2194 2604 verba
2247 2550 2548 2604 formantur
2579 2568 2592 2613 ;
2638 2552 2733 2604 sed
2770 2567 2996 2621 magnus
3033 2567 3216 2606 earum
3246 2554 3448 2609 clamor
3481 2571 3596 2609 rna-

2030 2653 2191 2704 gnmu
2230 2647 2311 2692 est
2337 2639 2682 2692 desiderium.
2716 2638 2819 2690 Sed
2855 2655 2976 2692 cum
3013 2641 3170 2694 aliter
3196 2644 3398 2696 moveri
3427 2643 3598 2697 soleat

2031 2741 2181 2778 mens
2219 2739 2345 2791 quas
2375 2727 2507 2792 petit
2536 2765 2549 2785 ,
2598 2726 2755 2778 aliter
2785 2741 2903 2794 qum
2951 2729 3169 2794 petitur,
3205 2738 3260 2782 et
3289 2734 3595 2784 sanctorum

2033 2814 2224 2865 anima:
2264 2814 2334 2864 ita
2366 2813 2474 2866 Deo
2512 2814 2798 2867 inltatreanl
2832 2825 2890 2869 ut
2939 2817 3245 2874 inharrendo
3295 2821 3594 2889 quiescant,
3649 2879 3654 2884 ,

2033 2904 2295 2971 quomodo
2342 2903 2592 2957 dicuntur
2618 2915 2800 2974 petere
2824 2946 2838 2970 ,
2869 2923 3004 2975 quas
3030 2918 3083 2963 et
3129 2910 3456 2966 voluntatem
3500 2911 3593 2964 Dei

2035 2999 2237 3044 certum
2264 3001 2366 3052 est,
2397 3001 2453 3044 et
2485 3006 2546 3044 ea
2579 3009 2696 3060 qua:
2755 2994 2935 3049 futura
2980 3006 3124 3059 sunt,
3169 3013 3272 3050 non
3307 2998 3599 3067 ignorare?

2031 3079 2316 3131 Sciendum
2345 3095 2473 3147 ergo
2501 3081 2624 3147 quia
2650 3082 2700 3133 iu
2730 3082 2847 3150 ipso
2871 3085 3058 3152 posita:
3081 3086 3147 3137 ab
3169 3085 3282 3154 ipso
3305 3098 3486 3154 petere
3509 3087 3599 3141 ali-

2029 3168 2157 3236 quid
2187 3167 2456 3232 dicuntur,
2495 3185 2598 3223 non
2636 3172 2762 3242 quia
2796 3173 3080 3226 vindictam
3114 3175 3421 3229 desiderent
3451 3179 3593 3246 quod

2028 3257 2096 3308 ab
2142 3256 2259 3321 ejus
2300 3271 2459 3324 quem
2489 3265 2712 3310 cernunt
2747 3255 3356 3325 voluntate'discordct;
3385 3265 3479 3317 sed
3529 3265 3595 3317 de

2029 3359 2084 3396 se
2113 3345 2227 3412 ipso
2252 3345 2542 3412 accipiunt.
2571 3354 2629 3397 ut
2654 3348 2721 3397 ab
2759 3347 2875 3415 ipso
2913 3357 3098 3416 petant
3128 3353 3269 3419 quod
3309 3368 3428 3406 eum
3455 3352 3600 3407 facu-

2031 3447 2086 3482 re
2113 3431 2244 3485 velle
2273 3443 2555 3486 noverunt.
2577 3435 2759 3503 (γης.
2791 3435 2900 3504 ll.)
2940 3436 3004 3488 l-It
3027 3438 3164 3491 data,-
3195 3451 3314 3492 sunt
3339 3440 3442 3495 illis
3481 3445 3594 3495 sin-

2028 3520 2162 3586 gultu
2181 3521 2326 3574 stulte
2370 3522 2522 3582 nlbtr,
2570 3533 2618 3574 et
2647 3524 2842 3575 dictum
2882 3533 2958 3577 est
2987 3525 3092 3578 illis
3121 3538 3178 3579 ut
3229 3531 3599 3598 requiescerent

2030 3610 2287 3662 modicum
2324 3612 2493 3663 adhuc
2534 3621 2753 3680 tempus,
2783 3612 2944 3665 donec
2986 3616 3318 3685 Compleatur
3347 3636 3599 3675 numerus

2029 3710 2406 3749 conservorum
2432 3707 2485 3751 et
2526 3697 2748 3752 fratrum
2778 3715 2965 3754 eorum
2999 3703 3088 3772 qui
3110 3704 3454 3774 interﬁciendi
3478 3721 3599 3761 sunt

2030 3788 2159 3838 sicut
2191 3796 2237 3838 et
2284 3785 2379 3838 illi.
2429 3784 2564 3851 Quid
2599 3802 2694 3854 per
2738 3789 2904 3842 stolas
2947 3777 3133 3854 albas,
3163 3793 3264 3846 nisi
3317 3797 3598 3864 praemium

2031 3886 2327 3942 martyrum
2350 3877 2373 3926 ?
2395 3874 2529 3927 Ante
2579 3877 3023 3931 resurrectionem
3058 3882 3252 3951 quippe
3289 3884 3456 3937 stolas
3486 3886 3596 3938 sin-

2032 3961 2180 4029 gulas
2200 3964 2470 4031 accepisse
2490 3965 2839 4032 perhibentur
2865 3968 3040 4032 electi,
3067 3972 3191 4039 quia
3220 3972 3272 4026 in
3291 3973 3402 4025 sola
3423 3975 3596 4030 adhuc

2032 4050 2207 4103 anima
2245 4060 2447 4104 aeterna
2480 4054 2808 4107 beatitudine
2830 4059 3198 4125 perfruuntur.
3232 4060 3298 4113 Et
3317 4071 3442 4114 nota
3467 4063 3592 4129 quia

2034 4139 2332 4194 animarum
2372 4155 2474 4194 vox
2503 4150 2584 4194 est
2617 4143 2716 4196 hoc
2769 4145 2909 4211 quod
2956 4157 3198 4200 amantes
3243 4148 3592 4217 desiderant;

2036 4229 2354 4296 respondere
2385 4228 2475 4281 Dei
2505 4239 2587 4284 est
2615 4240 2673 4284 ut
2699 4231 3066 4287 collectionem
3112 4234 3334 4291 fratrum
3369 4255 3593 4310 «aspec-

2039 4325 2151 4371 tare
2180 4319 2436 4381 debeant.
2477 4335 2662 4373 eorum
2713 4322 2981 4376 utentibus
3023 4327 3367 4394 exspectaudi
3417 4343 3599 4382 moras

2038 4408 2264 4459 libenter
2291 4408 2589 4464 infundere.
2627 4409 2824 4477 Dptant
2849 4426 2979 4481 ergo
3003 4427 3286 4483 corporum
3329 4432 3598 4472 resurrec-

1984 4533 1990 4538 -
2038 4497 2235 4549 tionem
2266 4513 2280 4559 ;
2314 4498 2406 4551 sed
2428 4501 2648 4552 audiunt
2678 4509 2735 4553 ut
2760 4501 2988 4556 libenter
3011 4514 3319 4574 exspectent
3362 4505 3590 4566 fratrum
3643 4546 3646 4549 -

2036 4587 2422 4641 collectionem.

2109 4700 2262 4751 Vitas.
2296 4700 2374 4752 l2.
2397 4700 2546 4753 ——Et
2565 4703 2663 4754 ridi
2683 4719 2796 4755 cum
2822 4708 3101 4773 aperuisset
3123 4709 3346 4776 sigillum
3369 4721 3594 4777 sextum,

2032 4800 2352 4842 terminatus
2372 4791 2540 4858 {actus
2567 4802 2641 4843 est
2690 4810 2906 4862 magnus
2930 4812 2946 4856 ;
2977 4806 3023 4848 et
3043 4797 3121 4848 sol
3158 4799 3326 4864 {nctus
3351 4810 3422 4854 est
3449 4804 3596 4871 niger

2033 4890 2276 4948 tanquam
2301 4895 2480 4933 saccus
2511 4881 2745 4934 cilicinus
2773 4894 2856 4943 ;et
2895 4884 3018 4939 luna
3049 4887 3187 4952 farta
3216 4898 3288 4941 rst
3312 4890 3442 4942 sicut
3466 4907 3590 4942 san-

2033 4970 2165 5036 guis.
2198 4967 2298 5020 Per
2341 4976 2721 5031 terrzemotum.
2752 4971 2934 5027 ultima
2960 4976 3059 5029 sub
3092 4977 3419 5032 Antichristo
3464 4993 3589 5047 per.

2033 5060 2235 5114 secutio
2262 5057 2417 5115 debet
2467 5060 2708 5129 intelligi.
2746 5060 2962 5130 Magnus
2987 5073 3166 5118 autem
3202 5067 3417 5132 dicitur,
3441 5070 3587 5137 quia,

2027 5151 2176 5218 juxta
2200 5148 2407 5202 Domini
2431 5165 2636 5213 vocem,
2657 5151 2761 5204 erit
2789 5161 2917 5204 tunc
2941 5152 3234 5216 tribulatio,
3257 5156 3435 5222 qualis
3457 5172 3595 5210 nuu-

2032 5260 2188 5312 quam
2237 5242 2335 5299 fult
2365 5283 2388 5304 ,η
2433 5245 2526 5298 sed
2560 5258 2656 5296 nec
2688 5246 2798 5297 lict.
2851 5244 2943 5300 Sol
2990 5255 3167 5301 autem
3205 5246 3450 5304 Christus
3483 5259 3585 5304 est.

2026 5331 2174 5397 juxta
2235 5327 2405 5384 illud:
2465 5330 2626 5384 Vobis
2679 5331 2766 5396 qui
2817 5331 3017 5386 timetis
3061 5332 3226 5389 Deum
3271 5334 3466 5388 orietur
3511 5335 3588 5386 sol

2023 5418 2243 5487 justitite
2270 5416 2520 5485 (Παίοσιν.
2551 5434 2621 5478 tv,
2648 5418 2724 5484 9).
2745 5421 2835 5486 qui
2868 5421 3170 5476 novissimis
3192 5422 3586 5486 obseurabitur,

2032 5528 2150 5566 cum
2178 5511 2228 5565 hi
2253 5511 2339 5576 qui
2374 5511 2524 5575 quasi
2560 5510 2611 5561 in
2640 5509 2836 5564 Christi
2877 5527 3098 5578 corpore
3130 5513 3305 5563 lucere
3331 5511 3584 5564 videbam-

2034 5615 2155 5658 t'ir.
2211 5603 2272 5652 ad
2328 5602 2498 5666 ape-rti
2539 5602 2738 5653 erroris
2796 5603 3043 5654 tenebras
3085 5602 3445 5654 demlveutur.
3483 5601 3581 5654 Pu-
