4154 6238
712 336 843 389 ΗΞἸ

1534 330 1595 382 Β.
1633 328 1696 383 F.
1735 326 1955 381 ALBINI
1993 325 2121 380 εει]
2159 324 2427 380 ALCUINI
2464 322 2739 379 OPERUM
2775 322 2951 378 PARS
2986 323 3045 378 fl.

3751 324 3878 378 H23

710 454 813 499 test
834 458 889 500 et
924 457 1022 514 per
1042 444 1208 500 solem
1235 441 1440 511 fulgens
1464 442 1572 495 vita
1606 439 2003 509 praedicantium
2031 436 2251 491 demon-
2282 443 2327 497 Α
2354 442 2495 498 runt,
2525 435 2615 503 qui
2658 441 2800 487 recte
2848 441 3055 487 montes
3102 434 3394 497 vocantnr',
3427 433 3551 502 quia
3604 434 3883 490 virtutibus

708 534 888 588 strari.
920 533 977 587 ln
1002 540 1239 586 extremo
1260 546 1386 600 ergo
1416 538 1651 599 tempore
1678 528 1757 583 sol
1792 527 1941 596 quasi
1971 540 2159 580 saccus
2178 524 2253 577 ci-

708 620 899 675 licinus
921 621 1043 684 erit,
1073 619 1195 688 quia
1216 617 1420 686 fulgens
1459 617 1563 671 vita
1590 614 1993 686 praedicandum
2019 621 2142 666 ante
2170 626 2254 664 re—

707 710 996 779 proborum
1039 708 1220 764 oculos
1247 722 1435 778 aspera
1460 716 1516 761 et
1558 708 1804 775 despecta
1848 704 2249 759 monstrabitur.

706 798 952 852 Cilicium
976 798 1170 867 quippe
1194 796 1492 851 criminosis
1515 804 1568 849 et
1592 795 1963 865 peccatoribus
1987 791 2249 863 congruit.

709 886 809 940 Per
826 888 1001 944 lunam
1022 902 1226 941 versam
1247 886 1300 940 in
1320 887 1647 957 sanguinem,
1665 884 1999 953 agnoscimus
2014 889 2252 935 sanctam

709 975 1001 1031 Ecclesiam
1032 976 1085 1029 in
1107 975 1291 1030 electis
1317 990 1505 1030 cruore
1549 974 1811 1043 passionis
1851 972 2119 1027 infectam.
2151 971 2255 1025 To-

707 1070 761 1114 ta
791 1069 967 1115 autem
993 1059 1191 1116 infecta
1217 1062 1425 1124 dicitur,
1476 1062 1598 1131 quia
1626 1059 1801 1113 nullus
1848 1059 1938 1112 illa
1964 1058 2251 1111 novissima

708 1151 1075 1217 persecutione
1102 1164 1292 1219 expers
1323 1152 1425 1205 erit
1450 1150 1540 1221 qui
1571 1150 1625 1203 in
1654 1148 1755 1203 ﬁde
1798 1148 2101 1203 mediatoris
2133 1162 2253 1215 per-

710 1239 963 1293 manserit
987 1238 1167 1317 ;\unde
1190 1237 1303 1291 Jocl
1334 1256 1346 1290 :
1376 1237 1489 1301 Sol,
1522 1237 1716 1317 inquit,
1749 1245 2067 1290 conrertetur
2094 1236 2147 1287 in
2174 1244 2251 1286 te-

709 1326 911 1389 nebras,
938 1334 986 1378 et
1014 1313 1137 1378 luna
1168 1326 1221 1377 in
1248 1324 1545 1393 sanguinem
1564 1365 1578 1388 ,
1608 1313 1881 1393 antequam
1932 1322 2107 1375 veniat
2141 1322 2250 1373 dies

708 1428 922 1480 magnus
948 1420 996 1463 et
1034 1410 1344 1465 manifestus
1384 1409 1538 1480 (Jocl.
1574 1426 1636 1473 ιι,
1665 1410 1774 1479 3i).
1819 1408 1999 1478 (Vsus.
2028 1406 2135 1477 15.)
2180 1405 2247 1457 Et

707 1500 869 1553 stellce
890 1500 1009 1552 coeli
1038 1500 1327 1552 ceciderunt
1354 1516 1506 1569 super
1525 1507 1737 1560 terram,
1774 1499 1904 1550 sicut
1927 1497 2055 1563 ﬁcus
2096 1494 2249 1546 mittit

708 1606 907 1658 grossos
930 1607 1051 1643 suos
1096 1606 1209 1642 cum
1234 1607 1265 1642 a
1293 1599 1434 1642 vento
1462 1603 1645 1655 magno
1674 1595 1918 1639 movetur.
1941 1584 2142 1638 Caelum
2170 1589 2252 1635 est

708 1686 1009 1732 sanctorum
1051 1678 1305 1739 Ecclesia,
1347 1692 1465 1745 qua:
1493 1678 1545 1729 in
1588 1683 1742 1729 nocte
1790 1674 1911 1727 vita:
1952 1672 2244 1741 praesentis,

2352 524 2445 576 alti
2499 532 2705 576 terrena
2754 522 3066 589 despiciunt.
3122 520 3284 574 Recte
3320 529 3500 590 petra,
3541 522 3684 592 .quia
3726 522 3883 579 fortes

2350 624 2472 667 sunt
2496 613 2730 678 robone;
2762 614 2942 681 utique
2966 615 3015 665 in
3046 610 3278 676 Christo,
3304 613 3394 682 qui
3418 623 3503 667 est
3531 623 3702 683 petra,
3734 618 3888 671 robo-

2350 704 2474 756 rati.
2498 703 2632 757 Hinc
2652 702 2905 756 Dominus
2934 703 2985 755 in
3019 701 3300 772 Evangelio
3342 704 3512 757 dicit:
3550 692 3695 758 Tunc
3726 688 3883 775 quiin

2347 790 2535 845 Judtea
2556 800 2675 844 sunt
2717 784 2919 859 fugiant
2947 790 3015 843 ad
3042 799 3237 844 montes
3258 789 3470 861 (lauit.
3508 804 3657 852 niv,
3682 792 3789 862 i6).
3819 792 3883 846 ει

2351 878 2597 931 Salomon
2628 895 2641 929 :
2673 876 2990 945 Lepusculus
3012 876 3150 947 plebs
3176 874 3644 931 invalidacollocat
3666 878 3721 932 in
3746 888 3885 948 petra

2349 965 2512 1019 cubile
2558 966 2657 1020 sibi
2695 964 2874 1035 (Prov.
2906 980 3034 1028 xxx,
3061 964 3173 1035 26).
3218 965 3284 1018 Et
3320 964 3529 1019 lsaias:
3573 964 3877 1029 Introibut.

2350 1055 2541 1124 inquit,
2578 1055 2631 1107 in
2666 1050 2936 1123 speluncas
2957 1061 3238 1122 petrarum,
3263 1061 3311 1105 et
3345 1052 3398 1105 in
3421 1051 3691 1123 voragines
3715 1064 3881 1118 terra,

2348 1162 2379 1196 a
2403 1144 2537 1213 {acie
2556 1141 2874 1210 fortitudinis
2895 1140 3123 1203 Domini,
3150 1148 3199 1192 et
3223 1155 3255 1192 α
3271 1139 3433 1208 gloria
3457 1141 3880 1211 majestatisejus.

2348 1249 2462 1285 cum
2493 1232 2823 1286 resurrexerit
2847 1244 3103 1300 percutere
3123 1241 3313 1284 terram
3344 1231 3475 1298 (Isa.
3509 1248 3574 1297 ιι,
3610 1234 3713 1301 19).
3739 1233 3884 1299 Quod

2348 1322 2506 1373 etiam
2535 1321 2793 1389 agendum
2818 1319 3067 1374 admonet
3093 1310 3278 1374 dicens
3307 1336 3321 1371 :
3372 1318 3649 1389 Ingredere
3671 1332 3880 1391 petroni,

2346 1406 2653 1459 abscondere
2680 1406 2819 1474 {ossa
2845 1407 3000 1463 [tumo
3031 1406 3215 1475 (lbid.,
3270 1422 3401 1461 eers.
3437 1407 3544 1478 10).
3575 1407 3798 1463 Possunt
3831 1420 3885 1464 et

2347 1511 2441 1563 per
2482 1496 2595 1549 haec
2639 1510 2881 1562 superna:
2929 1497 3154 1550 virtutes
3180 1497 3397 1568 intelligi
3426 1514 3442 1561 ;
3475 1498 3628 1564 juxta
3668 1500 3881 1568 quodin

2346 1583 2483 1635 libro
2521 1581 2619 1637 Job
2661 1582 2885 1651 legitur:
2916 1582 2979 1635 In
3016 1584 3170 1652 petris
3212 1594 3381 1637 manet
3412 1612 3431 1649 ς
3457 1597 3505 1640 et
3543 1587 3597 1639 in
3619 1592 3883 1657 prceruptis

2348 1671 2572 1724 silicibus
2595 1686 2941 1723 commoratur
2966 1680 3018 1723 et
3034 1672 3305 1725 inaccessis
3332 1673 3542 1743 rupibus
3560 1674 3681 1743 (Job
3708 1692 3879 1739 suis,

706 1767 830 1819 dum
857 1768 1160 1819 innumeras
1190 1773 1494 1819 sanctorum
1518 1766 1657 1818 vitas
1702 1765 1958 1825 continet,
1984 1762 2135 1830 quasi
2160 1775 2245 1827 ra—
2275 1747 2318 1804 Β
2348 1760 2455 1830 28).
2484 1760 2617 1827 Quid
2644 1776 2769 1813 vero
2805 1760 2917 1813 sive
2963 1759 3029 1812 ad
3066 1756 3282 1830 angelos
3312 1763 3426 1817 sive
3464 1765 3531 1819 ad
3560 1775 3769 1818 sanctos
3794 1751 3883 1819 bo-

707 1856 977 1927 diantibus
1010 1856 1236 1923 desuper
1281 1854 1543 1908 sideribus
1590 1853 1773 1923 fulget.
1808 1851 1998 1904 Stellas
2039 1864 2163 1917 ergo
2185 1850 2249 1901 de

708 1944 840 1997 cmlo
867 1944 920 1996 in
940 1936 1145 1997 ’terram
1172 1943 1378 2005 cadere,
1421 1951 1504 1997 est
1526 1957 1617 1996 eos
1644 1942 1735 2010 qui
1776 1940 2021 1992 videntur
2042 1945 2250 1990 sancto—

707 2048 822 2109 rum
854 2024 973 2086 ﬁdei
1002 2032 1083 2085 vel
1112 2017 1363 2100 operibus
1407 2033 1685 2096 inhmrere,
1732 2046 1795 2084 ex
1824 2042 2005 2083 amore
2038 2035 2250 2082 terreno

706 2124 771 2177 ad
826 2122 1155 2190 iniquitatem
1187 2121 1355 2189 aperti
1396 2121 1595 2174 erroris
1639 2134 1813 2172 ruere.
1850 2117 1961 2171 Hoc
1985 2124 2067 2169 est
2090 2116 2247 2168 etiam

707 2213 863 2265 ﬁcum
896 2226 1109 2279 grossos
1149 2226 1273 2263 suos
1300 2209 1510 2263 mittere
1538 2224 1550 2261 :
1580 2209 1727 2277 quasi
1757 2207 1896 2260 enim
1923 2207 2080 2259 arbor
2103 2203 2187 2257 ﬁci
2219 2218 2248 2255 a

706 2315 897 2368 magno
941 2308 1097 2353 vento
1125 2306 1363 2351 movetur
1394 2337 1407 2361 ,
1436 2312 1555 2351 cum
1597 2304 1833 2349 extrema
1882 2292 2251 2362 persecutione

706 2389 879 2441 munis
903 2388 1136 2442 Ecclesia
1156 2387 1475 2441 concutitur.
1496 2386 1660 2438 Porro
1683 2384 1781 2436 alia
1809 2380 2082 2435 translatio
2106 2396 2249 2432 acer-

708 2479 792 2529 bos
821 2477 1018 2545 posuit.
1858 2462 1861 2470 λ

781 2565 936 2619 Vens.
968 2564 1135 2616 M.—
1157 2563 1225 2616 Et
1260 2563 1446 2620 calum
1474 2563 1674 2615 recessit
1710 2571 1766 2612 ut
1804 2560 1929 2612 liber
1968 2559 2246 2611 involutus.

709 2655 861 2708 Sicut
906 2654 1119 2723 reprobi
1147 2654 1212 2706 ab
1240 2652 1507 2715 Ecclesia,
1540 2667 1642 2705 non
1686 2664 1907 2717 corpore
1936 2648 2029 2701 sed
2079 2655 2248 2699 trans-

708 2744 1070 2811 gressionibus
1096 2743 1308 2806 cadunt,
1357 2742 1435 2796 sic
1460 2740 1645 2794 eadem
1697 2736 1935 2792 Ecclesia
1988 2737 2039 2789 in
2068 2734 2249 2788 electis

708 2834 819 2886 suis
838 2847 941 2885 non
967 2831 1216 2893 abscessu
1244 2830 1499 2897 corporis,
1531 2828 1624 2881 sed
1650 2827 1753 2880 ﬁde
1777 2835 1831 2878 et
1859 2826 2165 2893 operatione
2185 2824 2249 2875 de

710 2922 881 2976 medio
907 2919 1164 2973 malorum
1193 2918 1407 2971 recedit.
1439 2917 1580 2970 Bene
1607 2923 1781 2968 autem
1805 2929 1901 2981 per
1934 2913 2125 2966 librum
2151 2911 2249 2964 Ec-

709 3011 867 3066 clesia
900 3008 1224 3078 designatur,
1254 3006 1375 3075 quia
1409 3007 1717 3063 totiussvita':
1745 3005 1975 3059 caelestis
1997 3001 2247 3055 mandata

710 3101 762 3152 in
795 3112 851 3152 se
880 3097 1135 3157 continet,
1182 3108 1287 3147 non
1329 3094 1384 3145 in
1430 3095 1751 3148 membranis
1784 3100 1988 3144 tantum
2026 3090 2246 3152 calamo,

711 3188 804 3241 sed
843 3185 1003 3238 etiam
1051 3184 1101 3236 in
1146 3182 1336 3237 tabulis
1364 3183 1537 3237 cordis
1585 3181 1890 3237 carnalibus
1930 3180 2023 3234 Dei
2062 3178 2250 3247 spiritu

710 3277 926 3344 scripta.
969 3275 1033 3327 Et
1067 3282 1188 3327 nota
1216 3275 1338 3341 quia
1383 3273 1646 3327 involutus
1692 3272 1826 3325 liber
1864 3272 2087 3333 dicitur;
2118 3270 2254 3321 sicut

710 3368 852 3420 enim
894 3381 999 3418 non
1046 3366 1255 3419 videtur
1296 3364 1423 3432 quid
1468 3363 1603 3417 liber
1650 3362 1914 3415 involutus
1960 3360 2251 3422 contineat,

712 3453 814 3508 nisi
847 3453 912 3504 ab
951 3450 1054 3504 illis
1094 3452 1285 3525 quibus
1334 3450 1606 3503 voluntate
1644 3448 1914 3516 aperitur;
1956 3449 2035 3500 sic
2060 3448 2256 3499 electo-

711 3557 829 3595 rum
877 3539 1112 3594 Ecclesia
1159 3538 1539 3607 persecutionis
1567 3547 1804 3604 tempore
1834 3536 2021 3589 intima
2054 3552 2147 3588 sua
2202 3543 2255 3588 et

710 3629 977 3685 extraneis
1000 3624 1216 3691 claudit,
1237 3636 1290 3681 et
1318 3628 1429 3681 suis
1455 3627 1684 3680 discrete
1718 3626 1860 3679 intus
1874 3626 2061 3694 aperit.

780 3715 849 3771 Et
865 3717 1025 3770 omnis
1050 3734 1193 3770 mons
1213 3726 1260 3769 et
1284 3712 1465 3769 insula:
1476 3715 1538 3767 de
1560 3714 1682 3767 locis
1702 3715 1807 3767 suis
1818 3724 1968 3767 matre
1993 3723 2130 3767 sunt.
2153 3714 2255 3767 Per

712 3815 919 3862 montes
943 3806 1206 3875 praecelsa:
1221 3800 1490 3875 dignitatis
1503 3804 1647 3857 viros
1669 3803 1922 3856 debemus
1941 3801 2252 3870 intelligere,

711 3898 803 3965 qui
840 3897 971 3951 alios
995 3894 1176 3948 verbis
1204 3902 1256 3946 et
1280 3891 1564 3944 virtutibus
1594 3890 1991 3944 transcendunt.
2026 3889 2099 3942 De
2137 3890 2255 3957 qui-

713 3988 821 4039 bus
834 3982 1026 4037 dicitur
1048 4000 1060 4033 :
1076 3980 1269 4035 Levavi
1290 3979 1469 4033 oculos
1480 3993 1628 4031 meos
1643 3978 1708 4031 ad
1724 3986 1927 4031 montes
1942 3976 2109 4047 (Psal.
2130 3994 2255 4041 cxx,

715 4074 787 4144 i).
827 4072 928 4125 Per
955 4070 1152 4125 insulas
1196 4083 1324 4122 vero
1350 4066 1573 4120 minoris
1608 4066 1825 4134 iustitia:
1850 4066 2090 4119 homines
2116 4068 2255 4120 acci-

714 4163 889 4229 pimus
936 4160 1106 4212 adbuc
1159 4158 1213 4210 in
1261 4154 1690 4208 tribulationibus
1721 4151 2053 4207 ﬁuctuantes.
2106 4152 2256 4217 Quod

714 4268 842 4322 ergo
866 4258 1071 4303 montes
1098 4244 1153 4301 et
1180 4246 1361 4300 inSula:
1388 4247 1461 4306 de
1497 4242 1765 4299 locis'suis
1789 4254 1944 4297 mota:
1986 4245 2253 4307 dicuntur,

718 4344 785 4395 ad
814 4340 1142 4408 superiorem
1173 4351 1385 4391 sensum
1410 4336 1656 4403 pertinet,
1702 4350 1806 4403 quo
1835 4343 2137 4388 sanctorum
2164 4336 2254 4390 Ee-
2284 4361 2335 4421 Β

719 4426 879 4481 clesia
918 4424 1018 4479 ﬁde
1068 4431 1121 4477 et
1161 4437 1319 4492 opere
1360 4436 1390 4474 a
1420 4421 1673 4474 malorum
1720 4422 1919 4475 recedit
1966 4426 2252 4478 consortio.

719 4516 878 4582 Quasi
902 4516 1040 4569 enim
1081 4514 1226 4567 locus
1246 4510 1359 4579 ejus
1384 4520 1497 4564 erat
1526 4511 1784 4580 permixta
1804 4517 2137 4567 conversatio
2154 4531 2259 4567 ma-

718 4607 904 4657 lorum.
937 4602 1116 4673 (Vens.
1147 4602 1254 4670 15.)
1310 4602 1375 4653 Et
1405 4618 1541 4670 reges
1588 4611 1760 4663 terrm,
1805 4612 1854 4653 et
1886 4604 2165 4671 principes,
2207 4612 2253 4654 et

719 4691 932 4755 tribuni,
960 4700 1007 4743 et
1029 4691 1225 4752 divites,
1272 4698 1319 4741 et
1337 4690 1514 4756 fortes,
1537 4698 1585 4741 et
1614 4689 1780 4740 omnis
1806 4705 2003 4752 servus,
2034 4700 2079 4741 et
2107 4690 2253 4750 liber,

720 4780 1089 4835 absconderant
1124 4796 1177 4833 se
1224 4780 1275 4831 in
1304 4778 1575 4847 speluncis,
1607 4788 1655 4829 et
1706 4778 1758 4829 in
1801 4780 1954 4846 petris
1984 4780 2251 4830 montium.

722 4875 889 4941 Reges
915 4879 1037 4924 sunt
1058 4871 1147 4937 qui
1162 4872 1372 4939 seipsos
1396 4872 1526 4922 bene
1545 4877 1748 4937 regunt.
1772 4869 2024 4921 Similiter
2037 4876 2089 4921 et
2111 4869 2253 4935 prin-

720 4963 863 5027 cipes
887 5000 901 5021 ,
929 4959 1018 5025 qui
1048 4973 1150 5009 non
1180 4958 1317 5011 sicut
1352 4973 1517 5027 reges,
1564 4967 1739 5010 tzztnen
1777 4965 1833 5007 ut
1861 4964 2079 5024 possunt
2112 4957 2255 5007 vitiis

723 5049 989 5101 resistunt.
1038 5044 1291 5097 Similiter
1326 5046 1518 5097 tribuni
1558 5044 1665 5110 jam
1698 5045 1916 5095 minoris
1944 5052 2067 5097 sunt
2096 5050 2256 5118 pote-

720 5138 892 5201 statis,
930 5132 1089 5203 quam
1114 5133 1378 5201 principes
1406 5150 1420 5195 ;
1450 5142 1812 5185 verumtamen
1834 5139 1889 5183 et
1914 5131 2034 5198 ipsi,
2056 5138 2113 5182 ut
2141 5143 2259 5198 pos-

724 5233 863 5285 Sunt,
893 5224 1149 5276 resistunt
1194 5218 1419 5273 diabolo.
1446 5219 1643 5272 Divites
1670 5220 1796 5273 dicit
1822 5219 2123 5279 virtutibus,
2151 5231 2255 5268 non

727 5312 925 5373 rebus;
956 5308 1118 5363 fortes
1142 5322 1353 5377 quoque
1396 5321 1500 5359 non
1535 5321 1777 5374 corpore,
1818 5308 1909 5359 sed
1958 5306 2154 5357 animo.
2194 5303 2255 5355 lli

730 5397 887 5465 igitur
914 5408 1151 5451 extrema
1192 5396 1557 5465 persecutione
1586 5396 1713 5447 nihil
1738 5397 1801 5448 de
1844 5395 1953 5448 suis
1975 5392 2260 5447 virtutibus

728 5495 1103 5552 praesumentes
1136 5488 1186 5538 in
1217 5485 1459 5539 cavernis
1510 5492 1563 5536 et
1612 5484 1664 5535 in
1692 5484 1954 5555 speluncis
2001 5482 2258 5535 montium

728 5583 785 5622 se
814 5572 1133 5624 abscondunt
1160 5612 1173 5631 ,
1212 5573 1457 5637 quoniam
1489 5578 1788 5622 sanctorum
1836 5568 2082 5636 suffragia
2116 5584 2254 5635 qua:—

2350 1851 2519 1902 mines
2541 1848 2804 1917 fugientes
2823 1849 3023 1911 dicant,
3047 1849 3339 1903 audiamus.
3414 1868 3417 1869 '

2418 1960 2575 2012 Vens.
2606 1958 2689 2011 i6.
2708 1987 2776 1996 -—
2791 1956 2856 2009 Et
2880 1958 3057 2010 dicunt
3085 1958 3361 2021 montibus,
3401 1957 3582 2013 Cadite
3603 1978 3755 2031 super
3775 1978 3880 2025 nos,

2346 2057 2393 2098 et
2428 2048 2718 2099 abscondite
2744 2062 2835 2098 nos
2864 2063 2895 2098 a
2938 2046 3072 2113 facie
3119 2045 3340 2099 sedentis
3381 2062 3535 2116 super
3555 2048 3810 2115 thronum,
3837 2063 3882 2104 et

2347 2134 2410 2185 ab
2433 2136 2511 2185 ira
2542 2134 2691 2202 Agni.
2721 2133 2798 2187 Ac
2825 2133 2869 2185 si
2917 2142 3095 2200 aperte
3123 2133 3300 2186 dicant
3325 2150 3339 2185 :
3387 2132 3742 2191 Misericordia
3770 2140 3881 2191 ani-

2347 2240 2489 2277 mum
2542 2222 2736 2277 flectite
2767 2262 2782 2284 ,
2821 2236 3020 2291 nosque
3048 2222 3149 2293 piis
3192 2223 3669 2279 interventiouibus
3705 2229 3771 2281 ab
3810 2228 3883 2281 ira

2341 2314 2626 2380 iudicantis
2654 2311 2833 2380 legite.
2873 2311 2989 2365 Non
3041 2319 3218 2364 autem
3247 2327 3277 2365 a
3301 2310 3437 2366 facie
3460 2315 3743 2381 parcentis,
3796 2316 3883 2369 scd

2346 2416 2376 2451 a
2402 2400 2536 2452 facie
2563 2414 2659 2453 nos
2699 2397 3005 2451 abscondite
3052 2398 3353 2453 insecutis.
3402 2400 3509 2454 Cur
3546 2401 3614 2454 ita
3646 2403 3884 2471 pertime-

2348 2499 2517 2550 scant,
2548 2489 2720 2542 adhuc
2764 2487 3086 2557 subiungunt
3111 2505 3123 2539 :
3150 2488 3331 2559 (Vsus.
3366 2490 3451 2561 ίῖ)
3480 2490 3735 2555 Quoniam
3761 2496 3884 2545 venit

2348 2580 2454 2631 dies
2485 2595 2700 2647 magnus
2721 2578 2814 2629 ira:
2840 2578 2974 2643 ejus,
3002 2586 3049 2629 et
3076 2577 3188 2646 quis
3208 2578 3394 2645 poterit
3410 2588 3549 2632 stare
3569 2580 3596 2632 .’
3619 2580 3882 2648 Tanquam

2348 2672 2525 2723 dicant
2554 2684 2567 2721 :
2598 2669 2654 2722 Si
2684 2669 2822 2721 illius
2873 2670 2968 2723 Dei
2997 2668 3131 2721 iram
3163 2676 3377 2722 sanctus
3395 2668 3742 2737 pertimescit,
3770 2671 3883 2738 quis

2347 2768 2586 2811 nostrum
2609 2758 2860 2810 subsistet
2877 2756 2899 2808 Υ
2919 2756 3185 2810 Prmteriri
3211 2762 3430 2825 possunt
3445 2757 3559 2811 hac
3578 2757 3753 2811 omnia
3771 2771 3882 2825 qua:

2348 2848 2412 2900 de
2450 2851 2643 2903 sanctis
2673 2850 2809 2904 dicta
2837 2860 2978 2917 sunt,
3022 2862 3075 2907 et
3102 2853 3166 2906 de
3193 2852 3430 2920 reprobis
3458 2852 3678 2922 intelligi
3707 2867 3887 2907 :mon-

2348 2946 2427 2989 tes
2454 2939 2615 3003 enim,
2646 2938 2855 3005 superbi
2887 2948 3006 2993 sunt
3036 2957 3049 3003 ;
3082 2940 3285 3003 insulae,
3314 2937 3530 3006 cupidi;
3554 2934 3707 3009 insta
3736 2940 3882 2994 illud:

2278 3055 2322 3115 Ο
2354 3020 2535 3077 Tacete
2554 3027 2894 3115 quihabitatis
2913 3030 2967 3081 in
2986 3022 3190 3091 insula,
3212 3028 3500 3098 negotiatio
3524 3027 3734 3082 Sidonis
3757 3027 3883 3097 (ιω.

2355 3128 2510 3177 χχιιι,
2542 3113 2616 3183 2).
2649 3115 2839 3185 Reges,
2894 3125 2947 3170 et
2987 3118 3271 3189 principes,
3302 3126 3356 3171 et
3393 3116 3588 3170 tribuni
3645 3120 3889 3187 reprobus

2348 3202 2645 3271 designant,
2687 3205 2836 3273 juxta
2883 3205 3195 3274 qualitatem
3228 3207 3328 3260 sui.
3362 3207 3559 3260 Divites
3603 3205 3720 3260 illos
3744 3206 3886 3269 dicit,

2349 3290 2439 3357 qui
2469 3306 2572 3343 non
2605 3291 2838 3361 indigent
2866 3294 3037 3348 alieno
3068 3294 3329 3363 adjutorio
3368 3293 3433 3347 ad
3462 3293 3659 3347 malum
3688 3311 3701 3345 :
3732 3294 3889 3349 fortes

2350 3384 2527 3431 autem
2570 3378 2635 3431 ad
2667 3379 2986 3433 miscendam
3014 3382 3323 3435 ebrietatem
3354 3399 3368 3433 :
3414 3395 3626 3434 servum
3666 3382 3887 3449 peccati,

2350 3464 2570 3520 liberum
2597 3468 2838 3536 justitim.
2870 3468 2979 3523 lloc
3003 3484 3188 3523 omnes
3217 3485 3321 3523 non
3348 3468 3564 3523 dubium
3599 3476 3678 3524 est
3720 3470 3896 3524 immi-

2352 3566 2509 3607 nente
2536 3556 2713 3610 futuro
2738 3557 2938 3625 judicio
2964 3561 3031 3610 ad
3056 3558 3307 3610 auxilium
3335 3557 3629 3611 dmonum
3648 3573 3888 3618 currere.

2351 3658 2470 3697 cum
2520 3646 2782 3712 desperati
2810 3649 2876 3701 ad
2915 3647 3201 3715 quemlibet
3237 3642 3539 3700 sanctorum
3565 3662 3667 3701 non
3699 3661 3884 3715 prman-

2352 3739 2503 3783 munt
2524 3734 2792 3788 accedere.
2824 3734 2933 3787 Hoc
2966 3744 3048 3789 est
3072 3735 3212 3791 enim
3244 3749 3337 3789 eos
3364 3733 3418 3787 in
3440 3734 3703 3803 speluncis
3721 3742 3772 3787 et
3797 3748 3885 3802 pe-

2354 3818 2450 3871 tris
2485 3820 2741 3872 montium
2784 3818 3006 3873 Iatibula
3046 3810 3302 3887 quaerere".
3347 3818 3452 3874 Sed
3475 3819 3738 3887 quomodo
3762 3819 3888 3873 alios

2353 3912 2418 3962 ab
2445 3911 2520 3963 ira
2557 3910 2751 3964 furoris
2781 3910 3059 3965 defendent
3087 3912 3175 3979 qui
3222 3911 3359 3963 hanc
3402 3908 3559 3977 primi
3588 3907 3889 3978 excipient?

2354 4000 2592 4068 Denique
2640 4001 2753 4055 haec
2787 4002 2961 4055 omnia
2998 4002 3159 4061 etiam
3180 3999 3330 4066 juxta
3378 3999 3607 4052 litteram
3646 4012 3886 4066 magnum

2354 4090 2686 4164 audientibus
2728 4092 2972 4145 timorem
2999 4089 3298 4152 incutiunt;
3330 4089 3421 4142 sed
3459 4104 3563 4143 non
3608 4097 3879 4158 propterea

2355 4176 2598 4245 ﬁguratae
2619 4177 2939 4231 elocutiones
2957 4176 3211 4230 violenter
3231 4176 3299 4229 ad
3318 4175 3550 4229 litteram
3574 4174 3887 4228 innectendas

2357 4274 2499 4319 sunt.

2944 4373 3165 4429 CAPUT
3205 4374 3311 4428 VH.

2436 4511 2592 4561 Vsus.
2623 4508 2671 4559 l.
2692 4507 2842 4559 —Et
2866 4515 2976 4574 post
3001 4506 3109 4558 Iure
3153 4505 3254 4558 ridi
3274 4512 3497 4573 quatuor
3528 4503 3736 4574 angelos
3754 4510 3889 4556 stan-

2361 4610 2433 4651 tes
2472 4615 2622 4667 super
2668 4608 2889 4666 quatuor
2916 4595 3130 4665 angulos
3179 4605 3329 4647 terra!
3352 4632 3367 4657 ,
3421 4604 3640 4648 tenentes
3678 4600 3889 4663 quatuor

2361 4696 2530 4737 ventos
2565 4695 2736 4748 terra,
2767 4700 2834 4738 ne
2884 4683 3033 4736 ﬂaret
3060 4692 3253 4735 ventus
3292 4699 3445 4751 super
3478 4692 3690 4742 terram,
3739 4694 3890 4747 uque

2359 4789 2511 4840 super
2534 4788 2695 4833 mare,
2733 4785 2903 4837 neque
2922 4784 3082 4837 super
3115 4768 3273 4821 ullam
3295 4769 3548 4837 arborem.
3600 4766 3886 4819 Notandum

2354 4863 2476 4928 quia
2499 4877 2527 4915 a
2554 4860 2726 4928 primo
2770 4873 2936 4925 usque
2964 4858 3030 4911 ad
3078 4866 3283 4911 sextum
3314 4856 3558 4923 sigillum
3586 4854 3890 4924 perveniens

2355 4950 2593 5001 ordinem
2625 4948 2918 5001 custodisse
2940 4946 3168 4999 videtur.
3195 4945 3299 4997 Sed
3328 4941 3687 5011 praetermisso
3727 4939 3884 5008 septi-

2356 5051 2461 5096 mo,
2494 5037 2558 5087 ad
2580 5035 2785 5087 initium
2816 5034 3194 5088 incarnationis
3209 5032 3405 5087 Christi
3432 5034 3589 5093 redit,
3612 5041 3667 5085 et
3689 5045 3753 5084 ea
3777 5043 3886 5096 qua!

2359 5134 2639 5178 exsecutus
2684 5125 2871 5185 fuerat,
2901 5123 3117 5177 mutatis
3148 5123 3484 5193 anigmatum
3512 5122 3693 5189 ﬁguris
3722 5117 3885 5173 brevi-

2361 5224 2441 5267 ter
2466 5213 2777 5281 recapitulat
2806 5228 2817 5263 :
2844 5218 2999 5278 atque
3028 5211 3239 5265 easdem
3265 5212 3395 5263 duas
3423 5208 3752 5262 narrationes
3777 5220 3888 5273 sep-

2358 5305 2487 5357 timo
2514 5304 2684 5371 sigillo
2703 5301 2989 5363 concludit,
3020 5314 3137 5368 quae
3164 5298 3537 5367 recapitulatio
3554 5314 3659 5353 non
3688 5306 3891 5363 semper

2358 5393 2458 5445 isto
2483 5392 2658 5451 modo,
2685 5390 2778 5444 sed
2806 5390 3028 5444 diversis
3052 5389 3129 5441 ﬁt.
3170 5386 3303 5451 Quid
3333 5387 3513 5456 itaque
3549 5401 3647 5457 per
3670 5392 3892 5453 quatuor

2358 5480 2572 5547 angelos
2608 5478 2823 5546 ﬁgurari
2848 5519 2863 5540 ,
2904 5478 3006 5530 nisi
3050 5491 3242 5544 corpus
3269 5476 3471 5544 antiqui
3510 5475 3679 5530 hostis
3707 5470 3889 5525 intelli-

2360 5570 2573 5637 gimus?
2613 5569 2833 5636 Propter
2878 5574 3102 5633 quatuor
3155 5574 3329 5618 autem
3374 5562 3683 5633 principalia
3716 5558 3892 5615 mundi
