4262 6226
386 367 518 420 “20

1125 325 1641 438 ESEGlZTIt:.i."-»—.
1667 365 2010 419 amntem.
2053 366 2114 417 ιχ
2154 363 2434 417 Αιδοιῖλι..
2475 391 2545 401 -
2581 360 2700 413 un.
2738 327 2822 412 Iv.

3417 360 3551 410 H30

386 487 568 541 regna,
595 448 1176 541 Assyriorum‘scilicet,
1205 474 1498 534 Nedornm,
1536 474 1814 525 Persarum
1836 472 1917 522 vel
1949 481 1990 533 Α
2021 484 2337 536 quemquam
2389 477 2617 535 portare,
2663 462 2786 519 nisi'
2800 484 2877 519 an
2897 469 3023 534 ipiat
3050 476 3101 521 et
3133 468 3386 529 interius;
3428 470 3551 534 quia

386 561 724 613 Macedonum
752 566 911 625 atque
963 559 1319 612 Romanorum
1343 598 1358 618 ,
1389 560 1440 611 in
1466 560 1657 625 quibus
1682 557 1922 609 diabolus

381 663 479 719 per
490 647 796 702 idololatriae
805 646 1060 700 culturam
1076 649 1328 714 regnavit,
1343 657 1568 715 quatuor
1580 647 1631 699 iu
1649 647 1920 712 rcprobam

385 745 588 805 partem
616 733 786 801 angeli
819 742 1103 800 ponuntur.
1145 733 1274 788 Hinc
1319 733 1795 786 Nabucbodonosor
1817 735 1921 783 sta;

387 834 531 877 tuam
553 823 703 884 vidit,
729 821 882 887 cujus
915 829 1076 886 caput
1101 829 1218 873 erat
1244 837 1307 873 ex
1339 834 1470 873 auro
1489 859 1504 882 ,
1534 829 1718 886 pectus
1745 828 1920 870 autem

387 922 441 967 et
481 911 694 964 brachia
739 910 804 961 de
831 918 1072 975 argento,
1120 924 1278 976 porro
1316 920 1500 962 venter
1521 917 1576 961 et
1626 908 1825 961 femora
1853 922 1915 960 ex

386 1014 512 1061 :ere,
535 998 678 1050 tibia:
704 1005 876 1048 autem
898 995 1100 1048 ferrem.
1135 996 1192 1048 In
1218 1011 1349 1048 auro
1376 997 1517 1048 enim
1560 996 1917 1063 Assyriorum,

388 1089 440 1140 in
463 1094 684 1155 argento
712 1083 1003 1146 Medorum,
1047 1084 1098 1136 in
1122 1100 1226 1137 :ere
1251 1085 1529 1137 Persarum
1576 1084 1656 1137 vel
1685 1083 1923 1136 Macedo-

386 1190 536 1235 num,
566 1174 619 1225 in
664 1172 807 1224 ferro
850 1171 1205 1223 Romanorum
1237 1186 1454 1238 regnum
1501 1173 1775 1239 liguratur.
1808 1169 1921 1221 Non

388 1269 563 1313 autem
611 1259 802 1312 mirum
834 1273 928 1324 per
957 1258 1173 1324 angelos
1211 1259 1376 1310 malos
1419 1248 1658 1310 homines
1685 1257 1920 1324 ﬁgurari,

388 1364 507 1402 cum
532 1349 596 1401 de
622 1347 756 1400 Juda
785 1348 981 1400 dictum
1010 1348 1079 1399 sit
1108 1364 1122 1397 :
1155 1343 1298 1398 Unus
1323 1363 1386 1398 ea:
1414 1347 1553 1399 vobis
1589 1346 1822 1397 diabolus
1848 1356 1921 1398 est

390 1434 566 1501 (Joan.
595 1450 671 1496 vn,
702 1433 811 1501 70).
844 1433 1126 1486 Sciendum
1159 1448 1368 1500 quoque
1411 1435 1512 1487 hoc
1537 1448 1653 1486 esse
1698 1443 1923 1498 quatuor

286 1576 289 1579 .
388 1521 602 1590 angelos
645 1520 787 1588 quod
819 1530 1047 1588 quatuor
1088 1529 1304 1582 ventos;
1334 1520 1485 1585 juxta
1517 1520 1747 1573 Danielis
1800 1535 1921 1586 pro—

389 1611 621 1678 phetiam
650 1609 874 1663 dicentis
901 1628 914 1660 :
955 1608 1087 1661 Ecce
1127 1617 1348 1676 quatuor
1375 1611 1507 1661 renti
1550 1609 1842 1676 pugnabant
1869 1610 1921 1660 in

389 1698 518 1750 nutri
543 1713 726 1764 magno
749 1713 766 1756 ;
787 1705 834 1747 et
860 1706 1085 1765 quatuor
1113 1695 1282 1748 bestia:
1309 1696 1675 1748 descendebant
1700 1697 1764 1748 de
1789 1696 1922 1748 mari

2019 558 2150 607 ﬁdes
2176 555 2558 621 sineopcrilnts
2580 559 2748 606 otiosa
2777 564 2878 607 est.

2091 645 2245 696 Vens.
2269 643 2464 694 4.-1ἰι
2492 644 2664 694 audiri
2690 658 2956 694 numerant
2981 643 3317 710 signatorum,
3347 652 3551 694 rentum

2017 731 2362 798 quadraginta
2398 740 2620 797 quatuor
2639 729 2802 780 millia
2828 730 3037 794 signati,
3067 745 3129 780 ex
3157 730 3294 780 omni
3321 728 3454 779 tribu
3481 729 3550 795 [i—

2019 819 2202 870 liorum
2227 816 2410 868 Israel.
2439 816 2639 868 l-‘initus
2656 825 2736 869 est
2750 831 2997 868 numerus
3010 830 3104 882 pro
3123 816 3326 867 inlinito
3351 833 3362 865 :
3380 831 3476 867 nec
3488 817 3553 866 ad

2020 906 2295 958 duodecim
2329 913 2531 956 tantum
2571 905 2740 955 tribus
2769 904 2926 955 Israel
2971 903 3198 970 pertinet
3226 919 3240 964 ;
3269 905 3358 953 sed
3383 904 3557 956 omnis

2021 992 2252 1044 Ecclesia
2298 1006 2392 1057 per
2417 991 2556 1042 hunc
2586 991 2636 1042 in
2658 991 2841 1043 electis
2868 991 3189 1056 designatur.
3222 990 3353 1041 Nam
3379 999 3555 1042 terna-

2022 1082 2131 1133 rius
2155 1082 2206 1132 in
2232 1081 2503 1147 Scriptura
2528 1095 2677 1130 saera
2722 1078 2984 1146 perfectus
3022 1089 3103 1130 est
3132 1093 3400 1136 numerus,
3425 1094 3556 1145 pne-

2020 1169 2202 1221 sertim
2230 1168 2351 1233 quia
2407 1163 2718 1217 Trinitatem
2747 1167 2978 1218 ostendit
3005 1181 3018 1225 ;
3047 1164 3290 1215 similiter
3329 1173 3382 1215 ct
3427 1179 3556 1229 qua-

2022 1257 2282 1310 ternarius
2308 1263 2522 1322 propter
2547 1265 2775 1322 quatuor
2800 1256 2978 1307 mundi
3006 1263 3182 1321 partes
3203 1253 3284 1305 vel
3330 1263 3557 1320 quatuor

2021 1346 2301 1413 Evangelia
2345 1346 2457 1398 sive
2496 1355 2724 1412 quatuor
2778 1345 3098 1412 principales
3137 1343 3360 1395 virtutes
3407 1360 3419 1392 :
3479 1343 3561 1393 bis

2019 1448 2113 1501 per
2145 1448 2202 1484 se
2246 1433 2420 1485 ductis
2454 1431 2522 1483 ad
2563 1430 2946 1484 duodenarium
2992 1431 3348 1496 pervenimus,
3389 1431 3479 1496 qui
3505 1439 3561 1482 et

2022 1522 2132 1588 ipse
2170 1529 2388 1589 propter
2428 1521 2702 1574 duodecim
2751 1520 2921 1572 tribus
2961 1519 3042 1571 vel
3097 1517 3373 1569 duodecim
3430 1531 3562 1584 apo—

2020 1611 2184 1664 stolos
2207 1620 2446 1664 sacratus
2497 1619 2579 1662 est
2624 1609 2988 1662 :millenarius
3039 1616 3214 1659 autem
3249 1607 3562 1658 universita-

2022 1707 2128 1750 tem
2177 1699 2430 1766 designat,
2465 1698 2616 1765 juxta
2661 1697 2785 1750 illud
2830 1715 2843 1748 :
2900 1695 2966 1747 In
3008 1694 3146 1747 mille
3189 1695 3558 1761 generationes.

390 1785 602 1837 diversa:
649 1783 782 1836 inter
822 1800 877 1836 se
920 1782 1078 1851 (Dan.
1109 1798 1207 1846 vn,
1233 1783 1311 1850 2).
1347 1785 1538 1837 Ventos
1563 1785 1702 1836 enim
1732 1792 1787 1836 et
1813 1785 1928 1836 hes-
1959 1777 2004 1835 B
2030 1786 2261 1839 Ecclesia
2307 1787 2468 1854 igitur
2510 1787 2632 1854 quia
2683 1801 2747 1837 ex
2801 1784 3060 1837 universis
3107 1784 3350 1851 gentibus
3384 1783 3561 1835 Trini-

396 1874 498 1925 tias
525 1886 687 1924 unum
717 1885 836 1924 esse
855 1871 1122 1938 designat,
1169 1869 1219 1922 id
1250 1879 1331 1922 est
1358 1880 1588 1936 quatuor
1608 1871 1824 1938 praefata
1848 1886 1927 1923 re-

389 1975 511 2030 gna.
537 1959 702 2028 Igitur
725 1974 844 2012 cum
866 1959 1039 2026 angeli
1057 1967 1244 2012 ventos
1290 1967 1486 2023 tenent,
1527 1962 1728 2028 seipsos
1749 1962 1928 2028 utique

395 2056 571 2101 tenent
605 2066 616 2100 :
646 2055 700 2098 et
735 2047 860 2114 quia
883 2061 1068 2100 omnes
1113 2046 1473 2113 hujuscemodi
1501 2062 1692 2114 corpus
1733 2048 1927 2100 diaboli

389 2142 530 2198 sunt,
561 2146 614 2189 et
641 2136 752 2203 ipse
776 2136 828 2187 in
850 2135 928 2186 eis
955 2133 1284 2201 intelligitur.
1313 2133 1449 2197 Quid
1469 2135 1647 2201 itaque
1673 2133 1771 2187 fuit
1796 2151 1926 2202 qua-

391 2235 510 2278 tuor
525 2224 741 2292 angelos
769 2232 924 2278 terne
945 2235 1175 2292 quatuor
1201 2232 1401 2285 ventos,
1438 2239 1507 2276 ne
1534 2223 1739 2286 ﬂarent,
1778 2235 1925 2278 tene—

393 2313 484 2366 re?
509 2311 607 2364 nisi
651 2312 914 2365 occultum
944 2313 1306 2366 adversarium
1330 2351 1346 2374 ,
1375 2311 1594 2378 ejusque
1620 2320 1788 2364 totum
1813 2327 1929 2364 cor-

394 2415 492 2466 pus
522 2399 594 2451 ita
633 2413 691 2452 se
720 2399 870 2451 unire
909 2407 1068 2466 atque
1095 2400 1476 2466 constringere,
1510 2399 1581 2450 ita
1609 2414 1669 2452 os
1693 2400 1927 2451 omnium

393 2483 697 2552 prazfocare,
713 2485 956 2538 utnullus
981 2486 1197 2539 auderet
1213 2493 1396 2539 contra
1422 2485 1732 2539 idololatria:
1757 2486 1928 2539 cultu-

394 2587 508 2624 ram
533 2573 754 2625 verbum
782 2573 1023 2626 veritatis
1065 2574 1260 2627 elﬁare.
1291 2573 1349 2625 In
1378 2581 1518 2625 terra
1540 2581 1716 2626 autem
1755 2573 1927 2625 diver-

393 2660 524 2713 sitas
547 2659 935 2728 provinciarum
959 2676 976 2723 ;
1005 2661 1057 2712 in
1083 2661 1216 2713 mari
1254 2660 1604 2713 numerositas
1627 2659 1931 2727 designatur

395 2748 706 2802 insularum.
758 2747 814 2799 ln
864 2748 1143 2801 arboribus
1170 2762 1401 2815 quoque,
1430 2747 1553 2815 quia
1576 2760 1741 2815 genus
1786 2746 1930 2800 siluit

396 2836 504 2904 (Ita
539 2836 700 2904 cod.),
727 2849 824 2902 pro
854 2850 1038 2888 earum
1073 2835 1396 2898 diversitate,
1424 2835 1629 2888 diversa
1659 2835 1929 2887 hominum

395 2924 563 2981 ofﬁcia
601 2925 1004 2992 priesignantur.
1036 2923 1139 2978 Sed
1160 2924 1284 2991 quia
1308 2938 1339 2976 a
1367 2923 1576 2977 diabolo
1604 2921 1931 2976 sutl'ocaban-

399 3022 504 3074 tur,
539 3011 749 3064 Domini
776 3011 856 3064 sui
886 3013 1114 3064 adventu
1137 3012 1304 3078 erepti
1344 3019 1486 3064 sunt.
1520 3011 1666 3066 Unde
1689 3026 1809 3066 mox
1843 3025 1929 3066 se-

2027 1878 2150 1929 tatis
2178 1877 2361 1928 notitia
2401 1884 2745 1944 aggregatur,
2793 1882 2848 1928 et
2900 1884 3123 1941 quatuor
3160 1873 3562 1939 Evangeliorum

2027 1961 2178 2014 libris
2224 1963 2514 2030 irrigatur,
2569 1973 2712 2015 recte
2761 1962 2811 2013 in
2863 1961 3119 2013 duodenis
3161 1959 3390 2012 millibus
3434 1959 3565 2026 ﬁgu-

2028 2061 2192 2103 ratur.
2225 2051 2328 2105 Sed
2351 2062 2413 2104 ut
2431 2053 2483 2104 in
2509 2066 2573 2104 eo
2598 2052 2736 2118 quod
2751 2051 2978 2104 credidit
3005 2049 3326 2116 perﬁciatur,
3354 2063 3567 2102 necesse

2025 2149 2109 2192 est
2153 2149 2210 2192 ut
2236 2141 2590 2193 duodenarius
2615 2141 2834 2193 millium
2873 2155 3124 2192 numerus
3153 2142 3352 2206 quadra
3389 2142 3562 2194 solidi-

2028 2235 2132 2280 tate
2169 2228 2438 2295 jungatur.
2481 2228 2752 2280 Ducantur
2797 2242 2924 2295 ergo
2967 2227 3240 2279 duodecim
3274 2228 3435 2279 millia
3474 2242 3569 2295 per

2026 2326 2270 2383 quatuor,
2301 2326 2354 2368 et
2379 2318 2722 2384 quadraginta
2745 2326 2803 2368 et
2829 2325 2949 2368 octo
2983 2316 3145 2367 millia
3172 2315 3321 2367 ﬁunt.
3357 2316 3424 2369 Ut
3445 2331 3569 2368 vero

2027 2403 2091 2452 ad
2117 2402 2167 2454 id
2194 2403 2334 2469 quod
2355 2402 2597 2464 credidit,
2636 2403 2686 2455 id
2714 2410 2796 2455 est
2823 2402 2888 2454 ad
2932 2400 3206 2454 Trinitatis
3246 2403 3568 2469 contempla-

2027 2489 2244 2551 tionem,
2294 2490 2556 2557 pertingat
2591 2529 2605 2550 ,
2635 2488 2982 2556 quadraginta
3029 2496 3084 2541 et
3112 2497 3234 2542 octo
3285 2490 3446 2542 millia
3488 2500 3565 2543 ter

2028 2575 2460 2643 multiplicentur,
2490 2576 2630 2629 etde
2657 2590 2714 2628 se
2759 2575 2967 2627 centum
2992 2574 3339 2643 quadraginta
3361 2584 3416 2630 et
3441 2590 3570 2642 qua-

2029 2672 2149 2715 tuor
2168 2664 2331 2716 millia
2363 2665 2604 2718 reddunt.

2098 2751 2255 2804 Vens.
2282 2752 2621 2819 ὕδρῳ-Ξῖ
2666 2749 2800 2803 tribu
2841 2749 2982 2804 Judu
3014 2752 3279 2806 duodecim
3305 2753 3468 2823 millia
3496 2752 3560 2805 si-

2028 2840 2274 2907 gnati;ea:
2292 2841 2426 2891 tribu
2452 2840 2625 2892 Ruben
2648 2839 2912 2891 duodecini
2933 2840 3093 2892 millia
3117 2843 3304 2909 signati
3325 2858 3419 2904 ,'e.t
3438 2843 3572 2894 tribu

2030 2923 2143 2979 God
2168 2927 2432 2979 duodecim
2453 2925 2616 2978 millia
2639 2927 2823 2994 signati
2850 2943 2866 2988 ;
2896 2944 2958 2979 e1:
2983 2929 3117 2979 tribu
3149 2916 3275 2980 Aser
3307 2929 3572 2980 duodecim

2033 3014 2197 3066 millia
2221 3015 2409 3085 signati
2433 3031 2453 3078 ,°
2478 3031 2542 3067 ea:
2581 3014 2715 3067 tribu
2745 3013 2988 3082 Nepluali
3011 3016 3278 3068 duodecim
3316 3016 3478 3068 millia
3506 3018 3576 3068 si-

399 3103 612 3170 quitur:
1228 3074 1246 3078 -
1959 3074 2007 3136 c
2033 3105 2174 3174 gnati
2203 3125 2217 3166 ,
2338 3074 2472 3156 tribu
2505 3104 2745 3157 Manasse
2775 3074 3042 3158 duodecim
3071 3104 3235 3156 millia
3257 3106 3483 3172 signati;
3514 3123 3579 3158 e1:

465 3191 627 3248 Vens.
650 3188 868 3244 i—Et
894 3191 994 3244 vidi
1034 3189 1270 3260 angelum
1316 3190 1534 3243 alterum
1579 3189 1931 3244 ascendentem
2021 3191 2164 3246 tribu
2191 3190 2400 3246 Simeou
2424 3191 2689 3244 duodecim
2735 3190 2898 3246 millia
2935 3192 3122 3260 signati
3146 3208 3164 3256 ;
3187 3209 3252 3245 ea:
3292 3194 3428 3246 tribu
3457 3194 3577 3246 Leti

400 3278 465 3334 ab
491 3288 618 3333 ortu
637 3280 782 3343 solis,
809 3281 1073 3332 habentem
1119 3281 1320 3348 signum
1361 3280 1456 3332 Dei
1479 3280 1596 3341 vivi,
1622 3290 1666 3331 et
1695 3279 1932 3330 clamavit
2031 3282 2296 3334 duodecim
2343 3281 2502 3333 millia
2529 3282 2752 3349 signati;
2781 3297 2844 3334 ex
2881 3282 3014 3356 triqu
3045 3282 3285 3337 Issachar
3310 3283 3576 3336 duodecim

401 3385 520 3422 voce
540 3384 726 3436 magna
750 3378 974 3436 quatuor
998 3369 1422 3452 angelis,l,quibus
1450 3368 1628 3419 datum
1654 3377 1724 3419 est
1756 3383 1934 3418 nocere
2032 3371 2194 3422 millia
2220 3371 2410 3438 signati
2437 3387 2457 3432 ;
2485 3386 2550 3422 ea:
2575 3371 2710 3421 tribu
2743 3369 2975 3422 Zabulon
3014 3370 3281 3423 duodecim
3316 3371 3479 3422 millia
3508 3373 3580 3423 si—

401 3464 550 3517 terrw
570 3463 618 3506 et
646 3455 801 3515 mari,
829 3454 1007 3522 (Vens.
1031 3455 1104 3522 3.)
1135 3455 1307 3517 dicens
1331 3471 1349 3506 :
1380 3453 1552 3506 Nolite
1573 3470 1750 3506 nocere
1765 3464 1932 3516 terra',
2033 3456 2202 3521 gnati;
2223 3471 2286 3506 ea:
2306 3455 2441 3505 tribu
2460 3455 2646 3522 Ioseph
2658 3455 2923 3507 duodecim
2937 3455 3098 3506 millia
3119 3458 3304 3523 signati
3329 3473 3424 3518 ;e.r
3445 3459 3579 3508 tribu

293 3563 303 3572 -
402 3555 572 3608 neque
615 3541 767 3604 mari,
814 3557 971 3609 neque
1011 3541 1297 3606 arboribus,
1358 3555 1632 3608 quousque
1681 3540 1935 3607 signemus
2033 3542 2306 3609 Benjamin
2347 3542 2613 3594 duodecim
2655 3542 2818 3595 millia
2862 3544 3070 3610 signati.
3115 3545 3169 3596 Si
3216 3545 3281 3596 ad
3311 3546 3580 3600 Gencscos

402 3643 566 3680 servos
612 3627 707 3679 Dei
757 3627 918 3678 uestri
958 3628 1011 3678 in
1049 3619 1298 3692 frontibus
1349 3643 1544 3679 eorum.
1597 3627 1839 3679 Christus
1858 3636 1938 3679 est
2037 3631 2309 3683 historiam
2340 3630 2676 3690 recurrimus,
2711 3631 2898 3682 horum
2940 3632 3149 3683 nomina
3169 3633 3320 3698 juxta
3345 3627 3578 3701 singulo-

403 3716 636 3786 angelus,
684 3716 982 3786 quia/nova:
1036 3716 1157 3768 vita:
1207 3712 1396 3784 gaudia
1426 3716 1621 3768 mundo
1668 3716 1939 3768 nuntiasse
2037 3735 2155 3772 rum
2174 3721 2522 3779 nativitatem,
2541 3719 3199 3786 nequaquambocordine
3217 3721 3411 3774 inserta
3434 3723 3578 3776 inve-

404 3805 757 3872 cognoscitur,
780 3803 844 3855 de
866 3818 971 3870 quo
993 3804 1246 3880 scriptum
1277 3812 1396 3858 est:
1429 3804 1604 3872 Παρηὶ
1630 3803 1831 3856 consilii
1848 3820 1940 3855 an—
2037 3794 2212 3860 nimus
2236 3824 2251 3869 ;
2273 3823 2418 3862 nam
2439 3805 2601 3861 ludas
2642 3807 2712 3860 ibi
2756 3816 2965 3874 quarto,
3012 3808 3098 3860 hic
3148 3810 3318 3874 primo
3365 3812 3578 3878 ponitur

405 3897 545 3961 gelus
569 3890 700 3961 (lsa.
724 3907 800 3953 Ix,
823 3889 875 3953 6,
909 3906 1010 3942 sec.
1035 3889 1224 3959 LXX).
1253 3891 1519 3945 Ascensus
1533 3902 1708 3947 autem
1732 3894 1798 3947 ab
1822 3900 1940 3946 ortu
2040 3895 2173 3947 loco.
2197 3893 2382 3946 Ruben
2411 3893 2482 3945 ibi
2519 3893 2708 3960 primo,
2743 3895 2826 3948 hic
2851 3897 3102 3948 secundo.
3133 3894 3243 3949 Cad
3267 3898 3338 3950 ibi
3367 3902 3590 3959 octavo,’

406 3981 532 4033 solis
559 3979 646 4032 ille
667 3978 974 4046 intelligitur
1002 3993 1108 4045 quo
1134 3979 1200 4032 ab
1231 3979 1341 4047 ipsa
1376 3981 1802 4052 resurrectione,
1825 3996 1943 4048 qua:
2039 3979 2126 4036 hic
2152 3983 2327 4036 tertio.
2351 3981 2485 4034 Aser
2513 3981 2582 4033 ibi
2606 3996 2763 4044 nono,
2791 3982 2876 4035 hic
2901 3990 3109 4049 quarto.
3140 3983 3474 4050 Nephthab'm
3505 3987 3574 4037 ibi

411 4066 657 4133 tanquam
691 4079 858 4118 novus
901 4065 978 4118 sol
1016 4066 1248 4127 emicuit,
1300 4074 1467 4120 totum
1497 4069 1749 4120 mundum
1799 4081 1942 4120 cres-
2042 4074 2268 4139 septimo
2291 4112 2306 4135 ,
2337 4073 2424 4126 hic
2467 4071 2668 4139 quinto.
2700 4071 2964 4124 Manasses
2990 4072 3057 4124 ibi
3110 4087 3265 4132 nono,
3297 4073 3383 4126 hic
3409 4084 3576 4125 sexto.

407 4155 574 4207 cendo
620 4149 859 4221 replevit,
911 4164 964 4209 et
992 4155 1291 4225 evangelica
1352 4156 1594 4209 doctrina
1639 4154 1940 4208 illustravit.
2044 4159 2256 4211 Simeon
2302 4160 2371 4210 ibi
2402 4160 2670 4222 secundo,
2705 4159 2790 4212 hic
2833 4159 3074 4225 septimo.
3131 4159 3257 4212 Levi
3287 4159 3359 4214 ibi
3404 4161 3578 4224 tertio.

409 4241 504 4294 llla
531 4243 692 4296 etiam
718 4257 844 4296 voce
868 4252 1095 4310 quatuor
1130 4244 1433 4311 angelorum
1463 4244 1673 4297 noxiam
1711 4248 1941 4311 potesta—
2046 4247 2131 4299 hic
2149 4254 2336 4298 octavo
2368 4245 2484 4300 loco
2532 4245 2867 4314 subrogatur.
2894 4245 3134 4298 lssachar
3161 4255 3383 4309 tantum,
3411 4249 3581 4301 labu-

413 4337 514 4382 tem
541 4345 572 4382 a
598 4329 810 4382 laesione
853 4331 1142 4397 prohibuit,
1172 4341 1227 4384 et
1263 4333 1316 4383 in
1338 4332 1645 4386 auctoribus
1687 4331 1844 4385 simul
1887 4337 1941 4382 et
1967 4376 2012 4404 ﬂ
2044 4333 2150 4394 lon,
2174 4331 2389 4400 Ioseph,
2443 4340 2600 4399 atque
2630 4332 2919 4399 Benjamin,
2955 4333 3093 4385 sicut
3122 4332 3192 4384 ibi
3221 4373 3234 4394 ,
3266 4335 3335 4386 ita
3364 4336 3450 4389 hic
3488 4352 3578 4404 po-

411 4416 664 4470 ministris
685 4416 959 4486 confregit.
986 4418 1132 4471 Unde
1154 4427 1208 4472 et
1221 4418 1697 4473 Nabuchodonosor
1716 4419 1942 4487 lapidem
1969 4416 2014 4437 ⁹
2047 4429 2260 4475 nuntur.
2300 4422 2409 4472 Dan
2437 4436 2564 4474 vero
2609 4421 2825 4488 quintus
2849 4418 3010 4475 Jacob
3041 4420 3178 4474 [ilius
3209 4423 3262 4473 in
3289 4422 3386 4476 hoc
3428 4425 3581 4491 spirl-

412 4502 478 4556 de
504 4511 682 4557 monte
710 4505 987 4572 praecisum
1018 4507 1133 4560 sine
1159 4507 1401 4559 manibus
1421 4506 1693 4574 przefatam
1714 4513 1940 4560 statuam
2048 4511 2137 4563 tali
2167 4509 2408 4577 catalogo
2461 4510 2777 4563 omnimodis
2805 4523 2907 4561 non
2937 4509 3205 4575 recipitur.
3236 4508 3338 4562 Sed
3366 4511 3464 4563 hoc
3484 4527 3581 4563 cur

325 4596 328 4599 ’
413 4591 735 4656 percussisse
758 4592 889 4645 vidit
915 4592 966 4644 in
995 4594 1214 4661 pedibus
1241 4594 1445 4657 ferreis,
1467 4602 1520 4647 et
1546 4593 1938 4648 comminuisse'.
2046 4597 2242 4650 factum
2268 4599 2357 4660 sit,
2385 4597 2537 4651 facile
2557 4596 3023 4650 animadvertimus
3057 4597 3101 4648 si
3138 4612 3169 4648 a
3195 4597 3371 4650 carnis
3393 4599 3580 4650 nativi-

413 4678 514 4733 Per
552 4693 708 4745 quem
749 4678 1000 4734 Dominus
1052 4681 1204 4736 Jesns
1247 4683 1489 4737 Christus
1530 4683 1830 4751 designatur
1877 4682 1942 4735 de
2045 4692 2152 4737 tate
2180 4685 2371 4737 mentis
2415 4684 2756 4736 intentionem
2808 4696 3150 4746 revocemus,
3178 4693 3381 4736 etcum
3421 4684 3580 4737 inter-

413 4770 578 4835 stirpe
602 4764 821 4820 Iudaica
853 4767 968 4828 sine
993 4770 1220 4823 maritali
1243 4785 1402 4838 opere
1422 4778 1749 4838 procreatus,
1773 4769 1861 4836 qui
1887 4769 1938 4822 in
2045 4773 2429 4842 pretationibus
2475 4771 2744 4824 nominum
2787 4770 3074 4838 spiritalem
3102 4771 3153 4822 in
3183 4771 3261 4825 eis
3282 4773 3576 4839 prosapiem

413 4855 632 4923 pedibus
674 4861 902 4906 statuam
940 4857 1220 4922 percussit,
1270 4864 1324 4910 et
1348 4858 1574 4921 cecidit;
1631 4857 1756 4924 quia
1802 4855 1948 4908 verbi
2049 4861 2396 4929 requiramus.
2431 4857 2592 4911 ludas
2641 4858 2817 4924 itaque
2867 4856 3130 4911 confessio
3184 4858 3574 4926 interpretatur.

414 4941 786 5007 pmdicatione
803 4942 1191 4995 extremitatem
1218 4944 1360 5010 regni
1385 4941 1738 4998 Romanorum
1758 4945 1944 5013 tetigit,
2047 4947 2159 5000 sive
2184 4947 2432 5007 laudatio,
2460 4943 2608 5011 cujus
2627 4945 2864 5018 nominis
2892 4942 3270 5013 interpretatio,
3297 4948 3420 5014 quid
3441 4949 3579 5000 aliud

415 5037 470 5081 et
502 5029 722 5097 prafata
755 5030 932 5084 steculi
962 5044 1121 5098 regna
1151 5032 1433 5084 salubriter
1458 5033 1705 5101 erigenda
1731 5046 1949 5086 conver—
2048 5034 2309 5100 designat,
2331 5046 2489 5101 quam
2508 5029 2887 5084 confessionem
2914 5042 3274 5100 peccatorum,
3297 5044 3351 5087 et
3373 5034 3578 5088 laudem

419 5117 500 5168 tit.
532 5115 669 5168 Idem
696 5125 872 5171 autem
899 5120 1154 5173 mediator
1173 5118 1379 5186 signum
1408 5119 1497 5171 Dei
1525 5121 1717 5174 habere
1739 5121 1950 5185 dicitur,
2048 5120 2343 5172 virtutum?
2367 5116 2616 5184 Quamvis
2639 5113 2984 5170 confessionis
3026 5117 3335 5169 vocabulum
3358 5135 3452 5186 pro
3474 5119 3578 5171 lau-

418 5203 470 5256 id
495 5209 577 5256 est
599 5203 774 5255 crucis
819 5207 1148 5272 mysterium.
1180 5205 1327 5270 Quod
1374 5215 1547 5260 autem
1574 5223 1677 5261 non
1705 5209 1795 5271 ait,
1843 5207 1946 5274 sig-

421 5307 563 5358 nem,
606 5295 697 5348 sed
736 5295 1013 5362 signemus,
1060 5297 1290 5350 ostendit
1342 5295 1517 5365 plures
1544 5297 1596 5350 in
1624 5311 1681 5350 se
1705 5310 1821 5350 esse
1854 5311 1947 5364 per

421 5395 554 5446 quos
601 5381 729 5435 illud
763 5381 1068 5451 mysterium
1093 5384 1422 5452 adimpletur.
1473 5383 1702 5438 Dicendo
1746 5399 1870 5438 vero
1896 5385 1948 5436 in

424 5466 688 5533 frontibus,
740 5470 1040 5522 interiorem
1066 5471 1331 5533 ostendit;
1367 5487 1486 5524 nam
1535 5471 1785 5539 sanguine
1829 5473 1948 5540 agni

430 5562 707 5620 utrumque
756 5563 959 5622 postem
1009 5555 1222 5608 linimus
1252 5596 1267 5620 ,
1317 5573 1411 5611 nec
1459 5561 1670 5626 prodest
1720 5560 1951 5613 exterius

809 5646 1075 5704 ΡΑτιιοι.
1125 5646 1193 5704 C.

2054 5210 2117 5261 de
2155 5209 2275 5276 poni
2319 5208 2600 5266 videatur;
2640 5205 2775 5259 unde
2813 5205 3063 5258 Dominus
3115 5205 3312 5260 nullum
3367 5212 3580 5264 omnino

2054 5297 2253 5349 habens
2271 5303 2538 5364 peccatum
2553 5293 2654 5346 ait:
2681 5292 2935 5359 Conﬁteor
2959 5293 3067 5357 tibi,
3093 5292 3270 5358 Pater,
3289 5306 3341 5350 et
3362 5298 3579 5366 reliqua.

2055 5383 2262 5452 (Matth.
2297 5398 2370 5444 ιι,
2401 5381 2510 5448 9.5.)
2546 5380 2600 5433 lu
2640 5381 2822 5434 Ruben
2865 5395 2989 5433 vero
3012 5419 3025 5441 ,
3054 5382 3149 5448 qui
3171 5383 3348 5435 videns
3392 5384 3581 5437 Filium

2055 5468 2135 5521 vel
2163 5469 2400 5520 videntes
2425 5467 2611 5520 Filium
2639 5466 2857 5528 dicitur,
2888 5467 2995 5534 ipsa
3025 5469 3276 5522 virtutum
3301 5484 3461 5536 opera
3488 5473 3580 5524 de-

2056 5558 2370 5625 signantur;
2420 5571 2555 5625 smpe
2580 5557 2719 5610 enim
2763 5555 2992 5610 ﬁliorum
3030 5557 3284 5611 vocabulo
3329 5559 3581 5611 honorum

3126 5647 3200 5704 36
