4262 6276
709 334 875 387 illi]

1579 327 1640 378 Β.
1674 327 1732 378 r.
1777 320 1994 378 ALBlfv‘l
2033 323 2160 379 seu
2196 322 2465 377 ALCUlNl
2503 322 2780 378 OPERUM
2819 322 2993 375 PARS
3030 321 3091 375 u.
3201 291 3220 308 ’

3803 329 3947 381 Ηῗέῖὶ

747 456 964 514 operum
992 439 1191 492 fruetus
1218 391 1481 505 ﬁguratur
1503 453 1517 499 ;
1540 435 1690 505 juxta
1733 435 1862 488 illud
1888 452 1900 486 :
1941 431 2127 486 Videas
2155 433 2290 500 ﬁlios
2323 439 2364 490 Α
2392 431 2637 494 efficitur,
2666 432 2876 500 quando
2904 432 3073 484 virtus
3102 432 3153 482 in
3184 431 3489 484 inﬁrmitate
3516 432 3804 500 perﬁcitur.
3836 438 3952 490 ita-

747 533 972 600 ﬁliorum
1011 537 1216 580 tuorum
1247 523 1414 595 (Paul.
1455 538 1656 581 cnvtt.
1690 522 1775 591 6);
1820 523 1920 575 hoc
1946 530 2029 575 est
2065 523 2292 574 virtutes

750 635 817 674 ex
839 615 1122 670 virtutibus
1149 620 1302 666 natas
1328 630 1345 664 τ
1376 622 1430 665 et
1458 612 1582 678 quia
1604 612 1861 663 virtutum
1881 624 2043 676 opera
2071 609 2292 661 aliorum

752 704 1088 774 provectibus
1139 698 1674 769 deservit-edebat,
1717 705 1862 750 recte
1899 697 2084 750 videns
2131 695 2290 748 ﬁlium

755 792 1059 860 appellatur.
1109 787 1323 842 Scilicet
1354 794 1503 840 utea
1547 785 1599 838 in
1639 785 1834 853 quibus
1862 799 1959 838 nos
2007 783 2295 854 profecisse

762 880 1012 940 viticmus,
1053 877 1170 930 aliis
1197 875 1419 929 videnda
1467 872 1909 936 manifestemus;
1956 871 2106 939 juxta
2153 873 2296 926 aliud

758 968 960 1023 Domini
997 982 1011 1019 :
1047 965 1113 1019 Ut
1141 965 1345 1019 uideant
1389 979 1544 1032 opera
1569 972 1730 1014 castra
1758 962 1910 1024 bona,
1937 972 1985 1014 et
2009 961 2298 1029 gloriﬁcent

761 1059 967 1112 Putrem
994 1066 1216 1108 vestrum
1242 1054 1403 1123 quiin
1432 1051 1567 1104 ctzlis
1596 1060 1668 1104 est
1697 1050 1907 1121 (Matth.
1941 1067 1993 1115 v,
2027 1050 2133 1120 l6).
2158 1049 2298 1104 Bene

757 1146 918 1214 igitur
931 1144 1103 1211 primo
1121 1140 1283 1194 ludas
1303 1141 1537 1208 ponitur.

822 1230 1021 1284 Deinde
1057 1228 1245 1300 Ruben
1263 1227 1556 1292 succedit;
1596 1226 1719 1294 quia
1755 1226 1854 1279 nisi
1893 1240 1988 1294 per
2018 1224 2302 1278 confessio-

757 1333 877 1372 nem
902 1301 1262 1372 renuntiE‘mus
1280 1314 1486 1368 actibus
1510 1313 1663 1367 malis
1682 1355 1696 1378 ,
1718 1329 1822 1366 non
1846 1313 2193 1367 informamur
2222 1326 2303 1366 re-

757 1407 858 1459 ctis
881 1413 936 1458 et
959 1403 1181 1473 placitis.
1209 1402 1336 1468 Quis
1362 1401 1536 1470 itaque
1558 1401 1670 1469 jam
1700 1418 1802 1456 non
1832 1403 2009 1454 videat
2035 1401 2176 1468 quod
2202 1401 2244 1453 si
2271 1414 2303 1451 a

756 1493 1106 1562 primogenito
1130 1493 1304 1547 carnis
1328 1492 1625 1546 inchoasset
1647 1530 1660 1553 ,
1686 1500 1741 1543 et
1763 1500 1951 1558 quarto
1978 1491 2093 1543 loco
2117 1489 2304 1542 Judam

757 1583 1048 1650 posuisset,
1069 1581 1356 1648 spiritalem
1385 1579 1633 1633 Ecclesiae
1657 1580 1953 1648 prosapiem
1977 1580 2158 1646 utique
2183 1592 2307 1631 con-

758 1670 1021 1726 fudisset?
1047 1670 1239 1724 Verum
1267 1669 1390 1736 quia
1430 1669 1563 1721 bene
1590 1674 1874 1735 operantes
1900 1681 2111 1733 semper
2136 1673 2307 1719 tenta—

2393 537 2494 589 que
2522 522 2644 588 quia
2686 537 2789 573 non
2834 519 3002 571 solum
3040 521 3186 587 pacis
3223 528 3457 586 tempore
3495 521 3713 585 amicis,
3754 538 3950 577 verum

2391 611 2551 690 etiam
2603 611 2656 662 in
2704 610 2816 676 ipsa
2865 609 3231 675 persecutione
3279 607 3534 660 talentum
3587 609 3750 663 divini
3793 612 3951 665 verbi

2393 699 2560 768 gratis
2585 705 2805 766 erogant
2853 696 3102 758 inimicis,
3147 701 3268 763 a'pte
3308 704 3430 764 post
3471 696 3703 750 Zabulon
3747 697 3948 768 Ioseph

2395 787 2715 848 adnectitur,
2755 785 2844 852 qui
2883 792 3224 853 augmentum
3263 784 3660 851 interpretatur.
3706 785 3950 839 Utenim

2395 878 2460 930 de
2501 884 2713 943 accepta
2754 875 2979 942 pecunia
3024 873 3224 926 lucrum
3268 871 3532 935 referant,
3561 887 3660 926 nec
3687 873 3817 941 ipsis
3843 875 3952 928 ini-

2396 965 2549 1018 micis
2576 965 2714 1017 hanc
2739 977 2961 1031 erogare
2989 961 3248 1013 dubitant.
3280 960 3441 1026 igitur
3468 969 3526 1012 ut
3553 961 3651 1014 hos
3677 976 3860 1015 omnes
3891 964 3952 1016 in

2397 1054 2614 1106 dextera
2635 1053 2776 1120 regis
2792 1051 2974 1104 πιετηὶ
2996 1048 3246 1103 locandas
3267 1043 3549 1116 intelligas,
3570 1049 3788 1115 pulchre
3805 1050 3950 1105 Ben-

2391 1140 2557 1208 iamin
2578 1181 2592 1204 ,
2629 1141 2680 1193 id
2723 1147 2805 1194 est
2845 1138 2984 1191 ﬁlius
3025 1139 3287 1198 dexter.e,
3314 1145 3582 1204 postremo
3610 1138 3725 1191 loco
3761 1128 3954 1192 subro-

2398 1238 2573 1297 gatur,
2600 1239 2849 1296 tanquam
2873 1226 2985 1294 ipse
3010 1225 3079 1278 sit
3105 1224 3223 1276 ﬁnis
3249 1224 3471 1286 ordinis,
3505 1224 3556 1275 in
3587 1240 3694 1291 quo
3721 1225 3954 1282 felicitas

2399 1319 2724 1386 promittitur
2743 1325 2952 1369 aeternae
2974 1314 3251 1367 mercedis.

2481 1405 2673 1458 Sancta
2721 1419 2846 1471 ergo
2895 1401 3131 1455 Ecclesia
3181 1401 3511 1455 confessione
3562 1402 3842 1460 laudabilis
3894 1409 3950 1460 in

2403 1497 2556 1553 Juda.
2606 1497 2661 1550 In
2709 1495 2894 1549 Ruben
2944 1494 3046 1563 piis
3093 1493 3339 1560 operibus
3385 1493 3551 1547 claret
3599 1495 3832 1549 fecunda.
3890 1496 3948 1549 ln

2405 1585 2518 1640 Gad
2560 1585 2910 1639 tentatiounm
2954 1582 3221 1637 exercitiis
3265 1580 3503 1648 probata.
3549 1582 3603 1635 ln
3649 1583 3781 1637 Aser
3826 1595 3949 1653 post

2408 1674 2642 1729 devictas
2673 1673 2988 1725 tentationes
3020 1671 3188 1723 beata.
3219 1669 3280 1722 in
3310 1669 3642 1738 Nephthalim
3674 1673 3948 1726 charitatis

763 1759 841 1814 tio
876 1757 1011 1812 solet
1042 1734 1304 1826 probare,
1327 1755 1448 1822 jure
1473 1762 1592 1822 post
1619 1734 1805 1806 Ruben
1833 1753 1976 1817 Gad,
2004 1753 2056 1805 id
2083 1761 2163 1806 est
2194 1763 2308 1804 ten—
2339 1734 2381 1793 Β
2407 1777 2586 1816 amore
2637 1761 2873 1814 dilatata.
2933 1760 2997 1812 1η
3045 1758 3220 1812 uanas

2413 1777 2586 1816 amore
2637 1761 2873 1814 dilatata.
2933 1760 2997 1812 in
3045 1758 3282 1812 hianasse
3332 1734 3402 1811 ea
3449 1775 3565 1827 qua:
3629 1769 3772 1814 retro
3824 1772 3951 1815 sunt

765 1847 898 1902 talio
939 1846 1274 1916 subrogatur.
1328 1845 1396 1898 Et
1441 1845 1565 1912 quia
1613 1851 1798 1897 contra
1845 1844 2083 1896 eamdem
2131 1843 2306 1896 divina

763 1938 961 1990 virtute
999 1934 1267 2005 praecincti
1296 1933 1460 1987 fortes
1483 1933 1751 1996 existunt,
1791 1941 1934 1986 recte
1961 1934 2037 1984 eis
2061 1931 2309 1985 convenit

762 2027 902 2092 quod
925 2026 1081 2079 idem
1110 2022 1226 2076 Gad
1253 2023 1413 2075 etiam
1441 2022 1709 2075 accinctus
1735 2029 1976 2074 vocatur.
2008 2019 2150 2084 Quia
2181 2032 2308 2072 vero

761 2114 1022 2169 bonorum
1051 2112 1401 2166 certaminum
1425 2109 1579 2163 ﬁnem
1607 2111 1672 2163 ad
1701 2109 1865 2162 Deum
1896 2124 1998 2162 non
2028 2109 2091 2161 ad
2118 2107 2306 2160 faciem

767 2204 1010 2258 humanm
1035 2203 1204 2255 laudis
1233 2208 1539 2267 retorquere
1575 2200 1858 2262 debemus,
1885 2199 1954 2252 ob
1979 2199 2080 2250 hoc
2113 2198 2305 2265 przedi-

765 2303 887 2347 ctus
910 2291 1022 2346 Gad
1051 2289 1377 2344 latrunculos
1401 2296 1640 2350 vocatur,
1671 2296 1920 2354 tanquam
1959 2285 2095 2340 bona
2133 2286 2308 2339 cordis

769 2383 998 2436 latenter
1023 2380 1304 2447 acquirens
1327 2378 1435 2431 Deo
1458 2376 1647 2430 oﬁerat
1667 2377 2002 2446 approbanda
2022 2416 2037 2440 ,
2074 2391 2176 2429 non
2210 2377 2307 2429 hu-

769 2469 940 2522 manis
960 2467 1230 2521 obtutibus
1248 2467 1457 2534 detegat
1476 2466 1814 2536 praeferenda.
1834 2464 1994 2535 Igitur
2018 2466 2141 2533 quia
2165 2465 2306 2518 illata

768 2557 1040 2611 tribulatio
1067 2555 1262 2610 electos
1300 2555 1489 2623 probat
1506 2595 1520 2618 ,
1549 2562 1602 2607 et
1629 2566 1750 2622 post
1775 2554 2136 2621 probationem
2165 2567 2309 2606 cotu-

768 2655 881 2710 nat,
897 2655 1041 2701 recte
1067 2643 1313 2715 p_ostGad
1337 2643 1469 2697 Aser
1493 2643 1826 2711 ponitur,qui
1855 2643 2043 2696 beatus
2065 2649 2304 2696 vocatur.

767 2735 833 2789 Et
859 2735 982 2804 quia
1021 2711 1363 2788 hemitudinis
1398 2733 1744 2801 promissione
1769 2733 2003 2786 roborati
2029 2732 2310 2787 bellatores

767 2824 1046 2888 Ecclesia,
1093 2825 1229 2877 inter
1275 2823 1418 2891 ipsos
1463 2821 1631 2874 malos
1679 2821 1972 2874 dilatantur
2016 2819 2310 2875 visceribus

770 2916 1079 2979 charitatis,
1116 2916 1249 2968 bene
1285 2922 1403 2983 post
1437 2913 1571 2966 Aser
1593 2911 1929 2981 Nephthalim
1960 2913 2189 2982 ponitur,
2217 2913 2308 2981 qui

771 3003 993 3057 latitudo
1034 3010 1273 3056 vocatur.
1323 3001 1453 3066 Quia
1495 3014 1590 3069 per
1630 3001 1731 3054 hoc
1774 3000 2151 3067 amplissimum
2181 3001 2311 3055 dile-

769 3091 961 3145 ctionis
984 3099 1303 3160 praeceptum
1329 3097 1633 3154 canentes,
1661 3096 1714 3142 et
1737 3103 1798 3142 ea
1839 3104 1955 3156 quae
2000 3097 2140 3142 retro
2182 3096 2306 3142 sunt

772 3178 1171 3240 obliviscuntur,
1205 3185 1260 3230 et
1291 3176 1358 3229 ad
1397 3171 1626 3230 aeternas
1652 3176 1862 3230 divitias
1885 3215 1899 3239 ,
1928 3192 2044 3244 qua:
2071 3184 2307 3230 venturae

778 3273 901 3318 sunt
921 3302 935 3326 ,
960 3264 1318 3320 extenduntur
1335 3280 1359 3336 ἑ
1395 3263 1555 3332 digne
1579 3271 1702 3329 post
1735 3262 2071 3328 Nephthalim
2103 3263 2308 3316 Manas-

774 3365 861 3403 ses
890 3349 1243 3413 interseritur,
1273 3350 1365 3418 qui
1389 3349 1582 3403 oblitus
1605 3349 1691 3402 vel
1731 3351 2022 3403 necessitas
2064 3349 2310 3418 intelligi-

777 3451 902 3493 tur:
936 3439 1132 3492 oblitus
1192 3438 1426 3501 scilicet,
1473 3439 1594 3506 quia
1635 3450 1798 3492 unum
1837 3438 1979 3506 quod
2016 3426 2311 3492 retro'fue—

781 3534 894 3588 rat,
945 3521 1180 3587 dimisit;
1218 3512 1522 3579 necessitas
1567 3540 1725 3590 vero,
1773 3526 1896 3592 quia
1929 3527 2006 3594 ad
2040 3525 2142 3578 hoc
2171 3526 2311 3592 quod

778 3613 1100 3676 extenditur,
1143 3613 1374 3666 nondum
1416 3614 1671 3681 pervenit.
1717 3614 1951 3678 Quorum
1995 3613 2310 3667 desiderium

783 3704 907 3772 quia
936 3718 1075 3770 stepe
1103 3703 1156 3755 in
1181 3699 1394 3770 longum
1423 3702 1682 3766 diﬁ'ertur,
1704 3704 1824 3772 jure
1861 3702 1978 3772 poSt
2019 3703 2313 3761 Manassen!

785 3791 1076 3846 collocatur
1103 3788 1346 3854 Simeon,
1374 3790 1462 3860 qui
1491 3790 1663 3845 audivi
1695 3791 1964 3846 tristitiam
2004 3792 2314 3861 interpreta-

788 3889 892 3932 tur.
925 3879 1028 3933 Sed
1055 3879 1145 3947 qui
1171 3880 1391 3933 audiunt
1418 3880 1688 3934 tristitiam
1705 3919 1721 3944 ,
1752 3881 1966 3933 audiant
1991 3895 2206 3934 necesse
2235 3889 2319 3935 est

787 3980 840 4022 et
871 3985 1061 4024 nomen
1088 3971 1375 4025 habitaculi
1395 4011 1410 4034 ,
1440 3971 1582 4040 quod
1608 3969 1748 4022 idem
1783 3968 1997 4021 Simeon
2024 3982 2213 4022 sonare
2240 3969 2318 4020 vi-

787 4061 978 4120 detur;
1008 4065 1069 4110 ut
1090 4059 1181 4124 qui
1207 4064 1435 4110 merent
1469 4057 1522 4108 in
1562 4054 1901 4110 tabernaculo
1925 4055 2275 4123 corruptionis
2299 4095 2314 4120 ,

786 4148 1048 4217 gaudeant
1071 4147 1127 4200 in
1155 4145 1454 4200 habitaculo
1480 4151 1690 4198 sternte
1715 4145 1923 4212 quietis.

756 4269 765 4296 .
809 4250 814 4254 ·
856 4235 1048 4300 Quales
1073 4243 1248 4288 autem
1276 4248 1459 4288 omnes
1485 4234 1571 4286 isti
1597 4233 1704 4286 sint
1722 4273 1735 4296 ,
1763 4233 1885 4286 Levi
1911 4231 2215 4302 subjunctus
2240 4235 2318 4286 iu-

2405 1851 2565 1905 oblita
2583 1888 2598 1913 ,
2628 1848 2692 1902 ad
2718 1864 2780 1902 ea
2810 1863 2937 1902 vero
2965 1862 3081 1915 qua:
3108 1855 3326 1900 ventura
3359 1856 3482 1900 sunt
3511 1856 3746 1900 extenta.
3778 1848 3832 1901 in
3867 1848 3954 1902 Si-

2405 1954 2557 1993 meon
2586 1937 2734 2007 quasi
2763 1938 2928 1991 tristis
2955 1936 3127 1989 adhuc
3153 1936 3205 1988 in
3233 1936 3468 1990 convalle
3491 1937 3828 2004 plorationis,
3859 1939 3957 1992 sed

2406 2043 2497 2095 spe
2529 2028 2761 2097 gaudens
2793 2026 2859 2079 de
2891 2040 3240 2094 supernorum
3274 2026 3467 2078 civium
3510 2027 3840 2080 habitaculis.
3895 2027 3951 2080 In

2409 2116 2533 2169 Levi
2578 2113 2877 2182 virginitate
2915 2113 3103 2166 decora
3125 2152 3137 2174 ,
3167 2113 3527 2166 misericordia
3556 2114 3768 2180 pietatis
3799 2115 3955 2167 uber-

2407 2204 2560 2254 rima.
2587 2201 2642 2254 in
2667 2200 2908 2253 lssachar
2936 2199 3125 2253 futura:
3137 2200 3397 2254 mercedis
3417 2202 3807 2267 exspectatione
3832 2217 3956 2254 sus-

2405 2305 2586 2364 pensa.
2638 2289 2693 2342 in
2740 2288 2974 2341 Zabulon
3025 2289 3278 2358 martyrio
3322 2297 3592 2342 coronata.
3661 2289 3718 2342 ln
3763 2287 3955 2358 Joseph

2407 2380 2672 2448 duplicato
2693 2376 2944 2446 spiritalis
2971 2378 3279 2431 substantias
3309 2376 3508 2430 talento
3534 2378 3716 2429 ditata.
3738 2377 3792 2429 ln
3823 2377 3958 2430 Ben-

2399 2465 2567 2531 jamin
2627 2466 2895 2518 dexteram
2968 2464 3238 2516 felicitatis
3299 2475 3522 2518 eterna;
3582 2465 3960 2531 comprobatur

2411 2556 2621 2609 sortita.
2663 2554 2778 2607 Non
2808 2563 2984 2607 autem
3013 2553 3275 2623 quispiam
3314 2553 3588 2607 duodecim
3628 2554 3680 2606 in
3721 2554 3954 2607 Ecclesia

2406 2645 2758 2715 professiones
2795 2643 3050 2710 aestimet,
3091 2658 3211 2696 cum
3241 2651 3349 2695 tres
3379 2650 3581 2695 tantum
3607 2643 3745 2705 sint,
3787 2642 3839 2695 id
3877 2650 3959 2695 est

2407 2734 2688 2803 virginum.
2719 2731 3128 2794 wntinentium,
3159 2745 3222 2783 ac
3250 2729 3510 2783 bonorum
3537 2729 3955 2811 coniugatorum.

2409 2826 2651 2880 virtutes.
2679 2825 2821 2878 inter
2844 2823 2957 2876 haec
2981 2829 3155 2874 autem
3180 2835 3510 2887 nequaquam
3535 2819 3955 2888 praetereundum

2409 2921 2522 2975 est,
2549 2929 2644 2966 cur
2672 2913 2782 2964 Dan
2811 2910 2974 2964 Jacob
3005 2909 3184 2977 utique
3211 2907 3347 2961 ﬁlius
3372 2907 3482 2960 sive
3511 2908 3564 2960 in
3594 2906 3818 2970 Genesi,
3849 2906 3958 2961 sive

2411 3001 2462 3054 in
2503 3000 2719 3062 Exodo,
2759 3013 2878 3052 cum
2927 2998 3134 3051 cunctis
3177 2994 3430 3049 fratribus
3469 3006 3864 3059 annumeretur,
3901 2994 3955 3047 in
4013 2991 4016 2994 ⁴

2412 3092 2513 3144 hac
2550 3088 2859 3157 Apocalypsi
2899 3088 2964 3140 de
3001 3086 3238 3153 catalogo
3279 3084 3502 3152 spiritali
3529 3084 3688 3138 fuerit
3717 3085 3951 3152 ejectus;

2413 3180 2680 3232 Manasses
2721 3191 2847 3229 vero
2890 3177 3028 3228 inter
3072 3173 3388 3241 alienigenas
3431 3181 3615 3231 natus.
3648 3173 3828 3240 utique
3854 3188 3956 3227 non

2415 3265 2586 3327 ﬁlius,
2615 3279 2915 3332 quanquam
2941 3263 2995 3315 in
3024 3262 3186 3321 ﬁlium
3213 3261 3511 3327 adoptatus,
3539 3269 3690 3314 sexto
3720 3263 3956 3315 videatur
4009 3305 4016 3311 ,

2414 3353 2530 3406 loco
2558 3353 2891 3419 subrogatus.
2939 3350 3052 3402 Dan
3084 3350 3243 3418 igitur
3271 3349 3646 3417 interpretatur
3666 3349 3918 3417 judicium
3940 3391 3952 3412 ,

2415 3443 2526 3495 sive
2546 3439 2788 3506 judicans
2816 3437 3154 3491 Hebraeorum
3182 3437 3584 3488 transeuntium.
3618 3437 3684 3488 Et
3708 3436 3835 3503 quid
3877 3445 3956 3490 est

2413 3513 2518 3582 hoc
2535 3527 2793 3594 judicium
2831 3525 3216 3578 transeuntium
3257 3522 3615 3584 Hebrarorum,
3654 3524 3753 3576 nisi
3781 3537 3957 3591 repro-

2415 3616 2558 3668 batio
2595 3613 2790 3668 veteris
2828 3612 3150 3666 sacerdotii?
3191 3612 3302 3663 Dan
3340 3613 3570 3679 erga/de
3608 3611 3829 3679 spiritali
3869 3627 3958 3666 ca-

2417 3707 2591 3778 talogo
2626 3706 2844 3775 ejectus,
2872 3705 2986 3773 ipsa
3024 3703 3250 3758 nominis
3288 3704 3366 3757 sui
3398 3704 3832 3772 interpretatione
3871 3702 3961 3756 do-

2418 3805 2534 3858 cet,
2584 3797 2704 3861 quia
2751 3796 2803 3846 in
2847 3803 2999 3847 sexta
3043 3794 3223 3846 mundi
3269 3801 3425 3847 :etate
3467 3793 3672 3848 occulto
3713 3795 3954 3868 quidem.

2418 3884 2512 3937 sed
2552 3883 2697 3950 justo
2737 3882 2976 3950 judicio,
3038 3869 3255 3936 Iudaica
3304 3882 3451 3948 plebs
3497 3883 3692 3951 perﬁda
3742 3897 3956 3951 prorsus

2419 3968 2631 4024 sedibus
2666 3969 2882 4038 expulsa
2922 3970 3200 4023 sacerdotii
3238 3970 3544 4038 dignitatem
3582 3972 3844 4038 perdidit;
3880 3980 3960 4032 at-

2421 4072 2524 4126 que
2560 4057 2614 4110 in
2647 4057 2763 4124 ejus
2792 4057 2908 4112 loco
2938 4058 3234 4133 Manasscs,
3265 4057 3316 4110 id
3341 4066 3423 4111 est
3448 4059 3682 4126 gentium
3707 4060 3957 4129 populus,

2424 4161 2520 4216 per
2543 4146 2768 4215 gratiam
2795 4147 2987 4198 meruit
3013 4145 3312 4214 subrogari.

2491 4235 2651 4288 Vsus.
2676 4235 2747 4288 4).
2775 4263 2842 4274 ——
2873 4232 2998 4286 Post
3024 4235 3132 4287 lucc
3160 4234 3260 4286 vidi
3289 4234 3488 4308 turbant
3515 4251 3749 4304 magnam
3766 4276 3779 4300 ,
3809 4253 3957 4304 quam

754 4373 756 4376 ,
787 4324 928 4376 dicat
949 4362 962 4384 ,
990 4323 1080 4390 qui
1104 4321 1318 4374 additus
1342 4327 1510 4373 sonat.
1542 4318 1700 4373 Ilulta
1727 4321 1866 4373 enim
1897 4319 2029 4373 tales
2055 4321 2319 4387 generalia
2353 4346 2401 4406 ο
2426 4323 2767 4395 dinumerare;
2791 4337 2938 4375 nemo
2978 4331 3205 4390 pateret,
3237 4339 3300 4375 ea:
3339 4324 3569 4376 omnibus
3609 4325 3836 4391 gentibus
3855 4365 3870 4389 ,
3907 4335 3957 4376 et

755 4407 759 4475 ξ
786 4410 1223 4465 transcendentes
1247 4414 1506 4475 pra-qna
1528 4407 1768 4470 ,~adduat
1790 4422 1893 4460 non
1917 4409 2063 4474 juss‘a
2089 4447 2104 4469 ,
2145 4417 2204 4461 ut
2241 4417 2324 4462 est

749 4473 760 4568 ξ
789 4499 1058 4550 caelibatus
1087 4473 1284 4548 sancta:
1318 4473 1634 4560 virginitatis
1653 4530 1668 4554 ,
1695 4501 1747 4544 et
1770 4473 1961 4545 caetera
1986 4492 2278 4558 huiusmodi
2304 4512 2318 4558 ;

789 4601 907 4653 quae
935 4586 1058 4638 dum
1091 4596 1193 4635 non
1213 4579 1484 4649 jubentur,
1510 4581 1602 4634 sed
1630 4580 1996 4644 admonentur,
2016 4582 2194 4649 utique
2219 4598 2321 4635 non

785 4673 931 4739 iussa
961 4669 1179 4722 consilio
1209 4668 1658 4737 superadduntur.
1691 4665 1898 4731 Quibus
1925 4666 2045 4734 jure
2086 4673 2328 4739 congruit

792 4761 932 4826 quod
955 4758 1194 4812 lssachar
1217 4765 1336 4823 post
1353 4756 1479 4810 Levi
1504 4757 1820 4819 adnectitur,
1843 4758 1932 4822 qui
1957 4759 2330 4825 interpretatus

797 4848 994 4900 dicitur
1035 4857 1238 4899 merces
1286 4857 1300 4894 :
1348 4857 1470 4896 nam
1503 4845 1610 4897 ista
1652 4843 1927 4911 agentibus
1973 4845 2237 4913 praecipua
2279 4853 2333 4900 et

793 4935 1039 5003 specialis
1068 4945 1273 4985 merces
1299 4930 1534 4983 debetur.
1566 4931 1716 4986 Unde
1741 4930 1949 4984 cuidam
1973 4945 2155 4986 eorum
2183 4933 2330 4989 Jere-

799 5022 931 5075 mias
957 5020 1123 5075 dicit:
1155 5017 1392 5081 Quiescat
1423 5009 1519 5070 ὅσα
1557 5027 1646 5070 tua
1673 5036 1704 5074 α
1733 5019 1968 5088 ploratu,
1999 5029 2048 5071 et
2083 5023 2217 5077 oculi
2253 5027 2332 5078 tui

798 5130 830 5164 α
859 5111 1098 5180 lacrgmis
1118 5150 1132 5172 ,
1161 5109 1280 5178 quia
1308 5117 1381 5160 est
1418 5123 1604 5160 merces
1645 5109 1782 5176 operi
1818 5119 1907 5162 tuo
1926 5150 1940 5173 ,
1979 5110 2052 5161 ait
2086 5109 2334 5167 Dominus

797 5199 1029 5263 (Jemu.
1072 5214 1233 5259 aut,
1270 5195 1392 5265 16).
1437 5195 1541 5250 Sed
1580 5197 1703 5249 talia
1742 5197 1994 5252 facientes
2032 5199 2334 5267 priusquam

806 5293 1211 5338 remunerentur
1250 5283 1423 5335 solent
1459 5282 1618 5336 illata
1652 5286 2046 5350 persecutiones
2081 5287 2335 5355 probare,

2425 4410 2684 4475 tribubus,
2715 4420 2762 4463 et
2790 4411 2989 4480 populis
3009 4450 3022 4474 ,
3051 4421 3097 4463 et
3124 4411 3332 4478 linguis.
3375 4411 3470 4462 llic
3507 4412 3703 4477 liquido
3744 4412 3958 4465 manife-

2425 4507 2596 4552 statur
2631 4501 2754 4567 quia
2791 4501 3072 4567 praadictus
3098 4511 3345 4551 numerus
3373 4513 3475 4550 nor.
3513 4499 3838 4553 solummodo
3872 4498 3960 4551 Ju-

2427 4589 2658 4641 dzeorum
2690 4594 2803 4650 est,
2841 4587 2934 4639 sed
2968 4585 3203 4639 omnium
3235 4584 3544 4638 electorum.
3586 4587 3649 4638 Hi
3684 4587 3822 4639 enim
3863 4603 3958 4655 per

2429 4676 2869 4730 innumerabilem
2915 4675 3121 4728 turbam
3141 4713 3155 4735 ,
3206 4675 3296 4742 qui
3341 4690 3436 4742 per
3483 4683 3692 4730 centum
3733 4674 3956 4742 quadra-

2427 4767 2569 4836 ginta
2597 4773 2824 4834 quatuor
2851 4764 3014 4818 millia
3043 4764 3278 4832 signatos
3304 4763 3625 4832 designatur.
3654 4763 3956 4816 innumera-

2430 4853 2552 4906 bilis
2577 4861 2752 4905 autem
2779 4852 2891 4905 hac
2917 4852 3071 4906 turba
3102 4865 3207 4902 non
3233 4848 3342 4901 Deo
3361 4888 3375 4912 ,
3406 4851 3499 4903 sed
3526 4851 3677 4904 nobis
3699 4858 3799 4922 est.
3830 4847 3960 4902 Nam

2431 4940 2543 5006 ipse
2577 4939 2650 4992 ait
2677 4956 2690 4991 :
2734 4938 3078 4991 Dinumerabo
3127 4955 3245 5003 eos,
3280 4951 3328 4993 et
3359 4957 3510 5009 super
3544 4958 3752 4995 arenam
3773 4943 3958 4996 ‘multi-

2432 5025 2757 5095 plicabuutur
2783 5026 2800 5091 (
2827 5024 2968 5075 Paul.
3001 5039 3235 5080 cxxxvm
3255 5067 3267 5088 ,
3303 5028 3367 5081 18
3385 5026 3424 5095 ).
3459 5027 3664 5081 Stante:
3692 5041 3808 5082 ante
3834 5030 3961 5085 thro-

2433 5132 2576 5166 num.
2627 5113 2755 5165 Cum
2802 5113 2914 5181 ipsa
2960 5114 3356 5168 innumerabilis
3405 5113 3557 5166 turba
3606 5117 3825 5171 thronus
3873 5119 3959 5171 Dei

2435 5202 2532 5260 sit,
2591 5200 2788 5251 idcirco
2841 5209 3017 5252 tamen
3079 5209 3202 5252 ante
3258 5201 3503 5254 thronum
3563 5213 3704 5256 stare
3759 5205 3958 5267 dicitur,

2438 5288 2556 5354 quia
2591 5287 2724 5340 visio
2761 5287 2941 5354 ﬁguris
2965 5285 3286 5345 ‘obumbrata
3322 5292 3576 5355 variatur,
3623 5308 3742 5346 eum
3793 5299 3962 5347 tamen

691 5417 695 5421 .
807 5386 911 5426 non
954 5381 1144 5424 autem
1167 5382 1436 5437 superare.
1479 5369 1629 5422 Unde
1664 5385 1767 5422 non
1805 5371 2069 5426 immerito
2106 5372 2337 5428 labulon
2439 5391 2525 5429 res
2560 5375 2742 5445 ﬁguris
2777 5386 2987 5432 ostensa
3019 5380 3642 5445 nequaquam-varietur.
3691 5379 3793 5434 Sed
3837 5396 3964 5433 nun-

806 5469 928 5530 post
949 5461 1189 5514 Issaeho'r
1215 5459 1473 5526 sequitur,
1501 5458 1591 5525 qui
1620 5457 1975 5513 habitaculum
2011 5461 2338 5516 fortitudinis
2438 5461 2563 5527 quid
2591 5463 2787 5529 aliquid
2819 5463 3078 5532 signiﬁcat
3107 5465 3245 5531 quod
3274 5466 3384 5518 haec
3412 5466 3563 5539 turba
3595 5473 3734 5518 stare
3759 5467 3962 5529 dicitur,

800 5549 1127 5620 appellati»;
1158 5557 1285 5603 tunc
1317 5548 1458 5604 enim
1497 5547 1714 5620 quilibet
1754 5548 1940 5600 horum
1983 5550 2336 5603 habitaculum

2441 5563 2561 5604 cum
2595 5550 2833 5616 superius
2870 5565 2964 5616 per
3000 5551 3275 5604 ciicuitum
3308 5552 3480 5604 throni
3517 5567 3633 5604 cum
3672 5554 3963 5610 senioribus
