4262 6232
409 356 536 405 ΗΠΒ

405 471 515 536 ipsa
545 466 742 519 sedisse
797 461 1166 515 describatur?
1217 457 1486 523 Signiﬁcat
1543 455 1741 520 plane;

408 569 634 622 namque
662 568 781 605 cum
809 566 902 618 per
925 550 1162 616 qumdam
1193 547 1423 598 membra
1450 557 1539 595 sua
1567 541 1786 592 aliorum
1816 538 1948 588 facta

407 646 675 699 examinat
702 660 716 703 ;
749 650 852 694 stat
881 654 1154 696 \‘ct‘0.(‘llltt
1185 637 1233 688 in
1262 636 1467 689 cunctis
1496 633 1605 686 suis
1633 630 1812 681 electis
1842 628 1952 678 ani-

411 749 553 786 mum
586 732 638 784 in
668 730 929 784 soliditate
959 727 1077 779 lidei
1109 734 1161 778 et
1193 724 1488 798 dilectionis
1530 723 1762 772 roborat.
1808 718 1868 767 la't
1902 717 1952 766 in

413 831 681 889 conspectu
723 820 850 886 tigni
886 816 1058 868 amicti
1093 813 1232 864 stolis
1270 811 1418 868 albis.
1479 809 1613 873 Quid
1658 822 1750 873 per
1796 803 1956 854 stolas

415 913 577 969 albas,
623 909 723 962 nisi
766 906 978 959 habitus
1019 905 1207 956 mentis
1245 901 1590 969 designatur?
1616 898 1742 961 Quae
1783 907 1956 946 tamen

416 1011 537 1054 ante
565 999 770 1052 Domini
797 997 1077 1049 adventum
1103 993 1234 1044 alba:
1259 1006 1364 1043 non
1392 998 1571 1046 erant.
1597 987 1718 1054 quia
1746 985 1959 1037 immani

417 1091 625 1160 generis
653 1088 811 1140 corda
836 1084 1173 1152 originalium
1202 1088 1536 1148 peccatorum
1564 1077 1783 1132 maculis
1809 1083 1963 1124 erant

420 1193 679 1247 respersa.
713 1177 777 1228 Et
805 1174 989 1243 palmae
1017 1174 1066 1224 in
1096 1171 1336 1223 manibus
1364 1185 1564 1221 eorum.
1600 1168 1699 1219 Per
1729 1165 1927 1233 palmas
1948 1204 1960 1223 ,

429 1267 682 1326 .‘ictoria;
725 1279 817 1332 per
856 1276 1069 1319 manus,
1109 1260 1345 1326 operatio
1379 1255 1710 1322 exprimitur.
1758 1251 1966 1303 Palmas

424 1359 599 1424 itaque
639 1360 690 1408 in
727 1354 969 1406 manibus
1003 1352 1234 1410 habere,
1271 1357 1351 1400 est
1385 1347 1448 1399 de
1485 1344 1699 1410 antiquo
1734 1345 1882 1396 hoste
1917 1350 1968 1393 et

423 1447 602 1498 mundi
636 1443 995 1511 voluptatibus
1021 1438 1363 1504 triumphare.

501 1534 658 1586 Vens.
703 1531 786 1583 10.
826 1560 896 1568 -—
932 1529 999 1580 Et
1034 1527 1320 1579 (laniabant
1357 1541 1470 1576 rore
1502 1541 1688 1590 magna
1727 1523 1964 1576 dicentes.

428 1623 642 1675 Clamor
684 1621 770 1673 hic
816 1634 917 1672 non
964 1617 1232 1684 corporis,
1283 1615 1373 1667 sed
1419 1615 1592 1668 cordis
1644 1613 1968 1680 intelligitur.

430 1713 609 1779 Magna
639 1710 780 1762 enim
822 1708 931 1760 htec
959 1721 1092 1767 vox,
1134 1719 1355 1771 magnus
1395 1712 1475 1754 est
1515 1704 1545 1753 (Ι
1581 1703 1805 1753 votionis
1844 1700 1971 1752 alle-

1147 345 1546 400 EXEGETICA.
1581 374 1632 382 --
1679 339 2024 396 (IOMMENT.
2069 339 2128 388 IN
2172 334 2453 390 .-\P0('..\l..
2485 366 2544 372 --
2577 334 2699 385 LIB.
2745 335 2828 383 ιγ.

1797 450 1939 502 St'dct
1973 453 2013 509 Α
2045 457 2098 496 ut
2128 449 2234 512 ipse
2265 453 2467 512 qumrat
2488 485 2498 502 ,
2531 461 2771 510 qna‘rcns
2802 445 2970 491 :m.li.::

3463 333 3588 383 MSS.

2998 485 3006 494 .
3040 453 3084 492 cl
3125 442 3411 508 inlciligat,
3447 452 3496 492 el.
3529 447 3593 496 ad

2052 534 2357 586 imit-indutu
2409 534 2747 600 semetipsum
2798 533 3068 581 mnendat.
3119 531 3172 581 In
3223 531 3369 580 stolis
3420 543 3593 582 :Iltlt'llt

2053 622 2212 682 albis,
2259 631 2308 672 ct
2360 621 2551 672 mentis
2594 621 2805 676 tantlot',
2854 630 2903 669 ct
2950 636 3008 668 ra
3054 635 3168 684 quat
3211 621 3287 668 cis
3331 619 3380 670 in
3425 619 3597 669 lutum

2055 711 2318 762 tribuetur
2369 710 2554 777 gioria;
2605 710 2680 759 Asl
2730 710 2836 758 lia-c
2881 725 2998 759 ‹·ιιιιι
3047 709 3232 760 battis
3270 706 3498 760 Joanncs
3537 725 3599 762 c\

2057 815 2278 866 p:-t'sona
2321 801 2575 851 honorum
2612 799 2909 850 auditorum
2955 798 3343 864 reSpondisset:
3391 799 3599 848 Domiw

2059 890 2160 947 mi,
2193 899 2246 938 tn
2278 891 2416 948 sris;
2450 903 2632 939 rursus
2663 888 2746 938 ille
2777 903 2838 938 ex
2872 902 3092 954 persona
3125 887 3327 938 Domini
3367 885 3447 937 vel
3507 887 3597 937 bos

2061 993 2248 1030 norum
2279 979 2683 1044 praedicatorum
2713 975 2824 1040 ejus
2856 975 3112 1028 ευιιίηΐιτι
3145 994 3153 1025 :

2135 1091 2291 1140 Vries.
2342 1089 2418 1141 Η.
2457 1118 2526 1126 --
2567 1087 2632 1138 Ili
2661 1097 2774 1136 sua:
2808 1087 2891 1153 qui
2922 1095 3160 1137 venerunt
3190 1084 3252 1134 de
3280 1083 3606 1135 tn'ltulutione

2065 1195 2248 1246 magna
2273 1218 2285 1240 ,
2325 1187 2377 1231 et
2407 1178 2625 1242 reliqua.
2679 1175 2730 1226 la
2761 1183 2997 1226 venerunt
3029 1174 3127 1223 tria
3159 1182 3391 1239 tempora
3442 1173 3608 1222 conti-

2065 1276 2274 1327 nentur,
2321 1281 2416 1333 pro
2464 1281 2526 1317 eo
2572 1264 2708 1332 quod
2759 1272 2867 1323 est,
2919 1272 3204 1322 venerunt,
3255 1261 3502 1320 veniunt,
3551 1270 3607 1312 et

2067 1355 2274 1407 venturi
2306 1361 2444 1403 sunt.
2479 1353 2607 1415 Quia
2641 1352 2801 1419 igitur
2826 1354 2998 1402 omnis
3031 1350 3318 1402 electorum
3363 1363 3612 1404 numerus

2070 1447 2168 1497 hac
2196 1442 2458 1496 sententia
2486 1442 2817 1502 terminatur,
2847 1441 2996 1492 valde
3041 1440 3375 1492 metuendum
3416 1447 3495 1492 est
3525 1455 3609 1502 ne.

2070 1532 2111 1583 si
2143 1530 2353 1581 aliunde
2377 1529 2494 1594 quis
2521 1529 2726 1587 veniat,
2756 1529 2820 1588 ad
2846 1527 3135 1580 electorum
3160 1541 3339 1579 censui
3357 1528 3481 1579 tium
3511 1544 3612 1580 non

2071 1619 2352 1689 pertingat.
2387 1617 2759 1667 Tt'ibulntiones
2787 1625 2958 1667 autem
2979 1617 3236 1682 jnstornm
3260 1657 3270 1676 ,
3299 1624 3353 1665 ut
3379 1617 3450 1666 ait
3476 1613 3606 1667 Psal-

2077 1707 2230 1758 mista
2255 1743 2268 1765 ,
2315 1703 2489 1754 multm
2536 1712 2658 1753 sunt
2705 1701 2887 1767 (l’sal.
2919 1718 3082 1755 sum
3104 1743 3115 1764 ,
3145 1702 3210 1754 20
3236 1705 3250 1769 )
3280 1720 3291 1763 ;
3327 1719 3386 1753 ex
3431 1703 3612 1768 quibus

427 1809 544 1850 ctus
569 1816 583 1858 ς
615 1799 735 1863 quia
762 1810 892 1846 voce
917 1802 1063 1845 tanto
1089 1793 1257 1856 magis
1282 1793 1502 1858 quisque
1526 1790 1744 1848 clamat,
1776 1798 1972 1857 quanto
2003 1771 2048 1828 Β
2079 1795 2164 1845 illa
2195 1791 2456 1861 generalis
2483 1801 2562 1842 cst
2593 1807 2692 1858 qua
2727 1806 2880 1843 nemo
2910 1800 3146 1842 nostrum
3179 1792 3322 1842 novit
3350 1793 3391 1842 si
3425 1792 3488 1842 ad
3518 1793 3606 1842 elc—

434 1885 660 1951 auiplius
704 1884 864 1934 Deum
911 1889 1070 1932 amat.
1127 1879 1281 1931 Salus
1323 1879 1426 1930 Deo
1470 1889 1674 1938 nostro,
1714 1879 1798 1946 qui
1837 1876 1973 1928 sc-let

432 1989 584 2038 super
611 1972 844 2022 thronum
865 2009 876 2028 ,
909 1979 956 2019 et
986 1969 1145 2033 Agna.
1187 1967 1250 2018 Et
1285 1976 1365 2018 est
1407 1966 1567 2024 ordo,
1617 1967 1722 2017 Deo
1763 1973 1972 2024 nostro,

432 2069 484 2110 et
521 2061 669 2124 Agno
700 2060 786 2125 qui
827 2059 972 2108 sedet
1005 2071 1164 2122 super
1209 2056 1454 2106 thronum
1489 2053 1646 2104 Salus.
1689 2052 1742 2103 In
1788 2052 1978 2116 quibus

435 2158 488 2200 ct
518 2147 746 2214 Spiritus
773 2146 938 2198 sancti
967 2159 1187 2212 persona
1212 2143 1361 2208 juxta
1388 2144 1495 2209 j.nn
1523 2142 1714 2193 dictam
1746 2139 1976 2207 regulam

446 2235 768 2299 intelligitur.
813 2234 875 2283 Et
905 2241 1025 2283 nota
1053 2232 1174 2296 quia
1210 2230 1433 2281 mirabili
1474 2243 1665 2295 genere
1705 2226 1982 2278 locutionis

448 2335 601 2372 unam
631 2322 680 2372 in
705 2321 860 2372 Patre
884 2329 936 2371 et
963 2319 1094 2370 Filio
1121 2317 1469 2369 substantiam
1495 2326 1545 2366 et
1575 2316 1705 2366 duas
1731 2329 1981 2381 personas

446 2408 748 2460 ostendunt.
804 2408 1061 2460 Pmterca
1111 2406 1381 2457 sciendum
1433 2405 1554 2470 quia
1602 2404 1722 2454 dum
1771 2418 1980 2455 omnem

442 2511 591 2548 suam
622 2496 841 2547 salutem
884 2495 990 2546 Deo
1020 2493 1284 2555 referunt,
1327 2492 1520 2558 Pelagii
1560 2500 1715 2557 atque
1751 2492 1984 2544 leestii

441 2584 634 2654 [ϐοαί.
661 2583 963 2652 ΟωΙθεῑίηἱ]
990 2583 1176 2651 dogma
1209 2591 1513 2643 evacuatur,
1558 2583 1646 2648 qui
1689 2583 1740 2633 in
1782 2591 1982 2633 tantum

444 2674 666 2725 liberum
714 2672 992 2723 arbitrium
1039 2669 1358 2730 defendunt,
1409 2678 1466 2720 ut
1517 2671 1693 2720 dicant
1746 2669 1985 2720 homines

439 2761 553 2812 sine
590 2761 757 2826 gratia
796 2761 886 2814 Dei
919 2773 1072 2827 posse
1109 2759 1323 2811 salvari.
1356 2760 1373 2826 (
1401 2759 1558 2810 Vens.
1595 2759 1716 2824 ll.)
1761 2758 1826 2810 Et
1872 2773 1983 2807 om-

443 2864 528 2898 nes
580 2848 748 2915 angeli
782 2848 985 2900 stabant
1021 2849 1072 2898 in
1108 2847 1326 2898 circuitu
1363 2846 1531 2896 throni
1560 2886 1572 2907 ,
1607 2854 1653 2896 et
1695 2846 1983 2906 seniorum,

441 2945 487 2986 et
541 2945 761 3003 quatuor
806 2935 1104 2985 animalium
1135 2975 1150 2995 ,
1191 2942 1240 2985 et
1282 2931 1570 2985 Ceciderunt
1616 2933 1667 2982 in
1712 2942 1982 3000 conspectu

443 3024 612 3074 throni
650 3024 702 3073 in
745 3023 901 3090 {acies
940 3039 1081 3074 suas.
1125 3022 1253 3073 Tam
1290 3037 1384 3088 per
1413 3019 1653 3087 angelos,
1697 3035 1854 3087 quam
1893 3033 1987 3088 per

2076 1890 2281 1932 ctorum
2312 1880 2632 1930 consortium
2663 1880 2922 1946 pertingat
2945 1919 2957 1938 ,
2990 1878 3270 1932 Salomone
3302 1888 3585 1931 λιιι-δίκῃιν
3605 1922 3616 1941 ,

2077 1968 2164 2034 qui
2198 1967 2269 2018 ait
2303 1985 2312 2016 :
2363 1965 2534 2016 Nescit
2573 1968 2722 2015 homo
2759 1976 2930 2015 utrum
2976 1983 3152 2017 mnore
3191 1984 3254 2017 an
3289 1969 3400 2018 odio
3440 1969 3616 2034 dignm

2075 2057 2171 2115 sit;
2195 2054 2282 2105 sed
2311 2054 2479 2104 omnia
2509 2061 2844 2104 reservantur
2869 2053 2917 2102 in
2944 2054 3173 2118 futurum
3205 2055 3394 2106 incerta
3427 2055 3617 2120 (herle.

2077 2163 2131 2200 Ix
2158 2188 2170 2210 ,
2204 2148 2263 2208 1,
2291 2146 2378 2214 2).
2416 2145 2477 2195 Iit
2519 2143 2749 2196 larernnt
2788 2143 2945 2194 stolas
2988 2161 3108 2195 suns
3132 2183 3143 2205 ,
3181 2152 3226 2194 et
3264 2143 3619 2196 dcalburcimu

2078 2250 2162 2285 eas
2204 2233 2254 2283 in
2291 2233 2537 2302 sanguine
2585 2231 2730 2298 ,lgni.
2775 2229 2968 2284 0tn:.es
3013 2231 3164 2281 l'lt‘t‘ll
3214 2230 3373 2281 stolas
3413 2247 3534 2282 suas
3575 2235 3622 2285 in

2079 2322 2332 2386 sanguine
2373 2319 2504 2385 Agni
2536 2320 2889 2380 candiﬁcant;
2926 2320 2974 2370 isl
3007 2330 3080 2369 est
3119 2320 3169 2371 iu
3199 2319 3390 2370 Christi
3431 2323 3603 2386 pzi~s2o

2081 2406 2234 2458 uibus
2281 2404 2516 2456 habitqu
2559 2404 2750 2453 mentis
2792 2413 3074 2462 exornant,
3120 2418 3346 2470 cumque
3387 2407 3450 2456 ad
3491 2409 3624 2458 ιιι-εἱς

2082 2494 2270 2562 pienda
2313 2493 2486 2544 futura
2534 2494 2718 2561 gaudia
2762 2502 3077 2560 pra-putant.
3113 2496 3127 2558 (
3157 2495 3311 2546 Vicus.
3359 2493 3475 2560 l3.)
3508 2495 3630 2544 Ideo

2083 2591 2201 2634 sunt
2227 2590 2344 2632 ante
2371 2581 2607 2631 thronum
2630 2620 2642 2640 ,
2667 2591 2710 2630 et
2739 2583 2962 2632 :eriiunt
2990 2583 3035 2632 ei
3063 2583 3142 2632 die
3172 2599 3230 2632 uc
3257 2591 3398 2633 mctc
3430 2583 3478 2633 in
3507 2593 3626 2633 tem-

2081 2672 2163 2738 plo
2205 2671 2351 2737 ejus,
2388 2680 2432 2721 et
2474 2671 2560 2738 qui
2598 2670 2734 2722 sedet
2773 2671 2822 2721 in
2863 2672 3046 2722 throno
3087 2673 3286 2724 hahilat
3310 2689 3461 2741 super
3490 2675 3624 2733 illos,

2082 2761 2157 2810 Ac
2185 2761 2227 2812 si
2255 2759 2454 2811 diceret
2482 2776 2492 2809 :
2525 2749 2663 2810 ldcm
2696 2761 2916 2811 thronus
2941 2748 3028 2811 Dci
3052 2799 3065 2820 ,
3094 2770 3144 2811 et
3185 2761 3432 2829 templum
3476 2774 3628 2819 sunt,

2085 2848 2204 2913 quia
2253 2847 2446 2899 talibus
2490 2846 2811 2898 indumentis
2859 2848 3065 2909 vestiti,
3113 2858 3165 2900 ct
3208 2851 3458 2917 sanguine
3498 2851 3630 2916 Αειί

2085 2934 2330 2986 videntur
2367 2934 2550 2985 abluti.
2600 2935 2662 2985 Et
2705 2943 2828 2987 uota
2873 2936 2995 3002 quia
3038 2951 3142 2988 non
3187 2939 3292 3000 ait,
3337 2939 3538 2991 habitat
3581 2941 3628 2992 ii

2087 3022 2221 3085 illis,
2250 3023 2340 3074 sed
2374 3037 2531 3089 super
2568 3021 2712 3081 illos,
2747 3030 2802 3073 ut
2842 3037 2934 3074 eos
2969 3023 3218 3077 thronum
3257 3026 3413 3079 simul
3453 3036 3629 3079 osten-

447 3115 721 3173 thronum,
757 3120 809 3164 et
837 3113 1098 3170 seniores,
1139 3111 1477 3164 nihilominus
1514 3120 1566 3162 et
1605 3124 1698 3176 per
1730 3095 1977 3161 adimalia
2005 3091 2050 3150 ο
2082 3110 2261 3171 deret,
2291 3115 2346 3161 et
2372 3109 2642 3176 templum.
2678 3107 2767 3160 Die
2796 3119 2972 3160 autem
3001 3118 3050 3161 et
3082 3121 3224 3163 nocte
3251 3112 3406 3174 dicit,
3437 3115 3486 3166 iu
3516 3129 3633 3182 pro-

445 3201 676 3252 Ecclesia
707 3201 980 3267 ﬁguratur.
1017 3200 1180 3254 Unam
1211 3215 1336 3268 ergo
1376 3199 1718 3264 eamdemque
1755 3213 1865 3250 rem
1904 3198 1983 3250 di-

448 3290 615 3340 versis
641 3289 808 3341 modis
835 3288 1114 3355 signiﬁcat.
1157 3286 1456 3358 Nam/quod
1481 3285 1722 3339 Christus
1749 3285 1988 3352 singula-

446 3377 576 3428 riter
607 3377 658 3427 in
691 3375 924 3428 Ecclesia
957 3382 1140 3442 regnat
1163 3384 1216 3426 et
1236 3369 1437 3441 judicat
1456 3413 1470 3435 ,
1497 3383 1638 3426 recte
1661 3388 1845 3426 omnes
1868 3387 1988 3425 san-

353 3475 359 3480 '
445 3465 513 3515 cti
542 3479 810 3531 perustum
833 3465 1079 3516 thronum
1104 3463 1395 3544 ﬁgo/rantur
1423 3480 1433 3512 :
1462 3470 1513 3513 et
1536 3461 1658 3528 quia
1686 3462 1795 3527 ipsa
1825 3459 1986 3511 etiam

446 3550 679 3602 Ecclesia
715 3551 937 3602 aliorum
974 3549 1112 3602 facta
1151 3551 1457 3608 examinat,
1495 3549 1652 3612 digne
1686 3560 1780 3613 per
1813 3547 1988 3599 senio-

448 3652 531 3689 res
559 3656 570 3688 :
621 3645 675 3690 et
709 3638 832 3704 quia
862 3636 1151 3694 virentibus
1184 3636 1410 3703 paradisi
1451 3635 1665 3700 pascuis
1691 3634 1743 3684 in
1775 3633 1990 3699 quibus-

447 3727 567 3777 dam
608 3727 719 3777 suis
754 3724 1006 3776 membris
1046 3725 1217 3776 adhuc
1252 3739 1349 3790 per
1384 3725 1538 3776 ﬁdem
1580 3733 1783 3776 tantum
1822 3723 1987 3774 inlue-

449 3825 560 3875 ret,
612 3816 664 3866 in
713 3813 1026 3882 quibusdam
1067 3826 1195 3866 vero
1231 3811 1342 3877 jam
1387 3826 1485 3878 per
1513 3811 1739 3876 speciem
1767 3809 1982 3870 fruitur,

450 3905 583 3956 bene
611 3917 705 3970 per
732 3900 999 3954 animalia.
1032 3899 1164 3966 Quia
1192 3913 1318 3972 vero
1345 3905 1563 3950 ventura
1602 3909 1822 3962 qumque
1860 3910 1993 3961 prae-

449 3994 675 4045 dicando
713 3991 1020 4053 annuntiat,
1067 3999 1188 4059 apte
1229 4004 1324 4056 per
1366 3987 1619 4056 angelos;
1668 3993 1722 4036 et
1761 3985 1882 4050 quia
1927 3997 1992 4034 ex

451 4081 678 4132 diversis
725 4081 971 4148 gentibus
1011 4085 1340 4146 aggregatur,
1377 4075 1498 4142 jure
1541 4089 1634 4142 per
1677 4073 1881 4124 turbam
1931 4069 1992 4120 [l-

453 4181 690 4238 guratur.
732 4171 795 4222 lli
835 4185 962 4238 ergo
1001 4169 1306 4221 ceciderunt
1344 4167 1395 4218 in
1439 4164 1600 4216 facies
1643 4177 1765 4215 suas
1791 4162 1842 4213 in
1870 4175 1996 4212 con-

456 4269 637 4327 specto
687 4259 902 4319 throni;
941 4259 991 4308 id
1029 4265 1111 4308 est
1147 4257 1200 4307 in
1234 4263 1440 4325 secreto
1476 4253 1668 4304 mentis
1714 4266 1852 4313 suae,
1893 4264 1997 4317 quo

457 4355 696 4404 internus
727 4349 886 4416 judex
933 4349 1098 4401 sedet.
1141 4347 1207 4399 Et
1244 4347 1586 4398 adoraverunt
1628 4345 1827 4411 (Vens.
1866 4345 1994 4413 l2.)

2084 3199 2253 3265 speris
2296 3203 2348 3249 et
2395 3196 2449 3248 in
2495 3197 2749 3249 adversis.
2804 3199 3005 3265 (Vsus.
3043 3198 3164 3266 I6.)
3215 3199 3331 3251 Non
3381 3203 3629 3257 esui-ient.

2086 3302 2245 3354 neque
2281 3285 2451 3337 sitient
2489 3285 2741 3352 amplius,
2782 3295 2834 3338 et
2875 3301 2976 3338 non
3018 3287 3162 3338 cadet
3201 3305 3353 3355 super
3399 3290 3512 3341 illos
3561 3297 3636 3346 sol

2086 3393 2244 3444 neque
2273 3374 2407 3427 ullus
2436 3386 2587 3428 (estus
2612 3389 2629 3424 .'
2661 3377 2676 3444 (
2703 3377 2860 3429 Vens.
2914 3377 2977 3428 17
3002 3377 3017 3444 )
3049 3377 3287 3448 quoniam
3318 3379 3489 3447 Agnus
3511 3421 3524 3442 ,
3552 3387 3633 3449 (με

2086 3466 2138 3516 in
2183 3463 2347 3515 medio
2391 3465 2559 3514 throni
2599 3473 2705 3526 est,
2749 3474 2881 3532 reget
2927 3463 3074 3525 illos,
3121 3473 3168 3516 et
3207 3466 3276 3516 ad
3317 3467 3429 3519 rita:
3469 3470 3634 3536 fontes

2087 3567 2338 3618 aquarum
2381 3551 2593 3603 deducet
2621 3567 2744 3613 eos;
2786 3550 2982 3602 idcirco
3022 3551 3147 3606 nihil
3190 3551 3639 3609 incounnoditatis

2089 3641 2381 3701 sustinent,
2425 3642 2545 3708 quia
2588 3642 2765 3711 Agnus
2808 3641 2939 3709 regit
2981 3655 3088 3694 cos.
3135 3638 3237 3692 Sed
3264 3655 3368 3709 quo
3399 3657 3490 3694 eos
3519 3659 3638 3710 per-

2090 3728 2264 3790 ducit,
2297 3728 2396 3779 nisi
2437 3731 2502 3780 ad
2544 3729 2741 3782 fontem
2785 3729 3084 3799 aquarum?
3123 3729 3322 3782 scilicet
3363 3732 3426 3784 ad
3468 3732 3638 3785 Trini-

2091 3826 2249 3896 tatem
2274 3859 2286 3879 ,
2332 3832 2448 3884 qua:
2491 3818 2819 3884 signiﬁcatur
2856 3832 2951 3884 per
2989 3817 3203 3869 fontem.
3247 3819 3311 3870 Et
3349 3836 3442 3888 per
3477 3838 3636 3892 quam

2093 3908 2260 3969 viam,
2290 3908 2388 3961 nisi
2415 3922 2510 3975 per
2535 3908 2627 3960 se?
2649 3906 2760 3974 Ipse
2784 3908 2923 3959 enim
2950 3906 3022 3958 ait
3050 3924 3060 3957 :
3089 3905 3195 3974 Ego
3217 3924 3328 3960 sum
3354 3911 3429 3962 eia
3459 3909 3635 3976 (Joan.

2093 4011 2202 4057 xw,
2227 3995 2298 4063 6).
2328 3997 2624 4048 Notandum
2651 3998 2808 4048 etiam
2835 3997 2955 4064 quia
2985 4013 3118 4049 unus
3148 3998 3385 4065 idemque
3414 3998 3560 4064 lous,
3590 4013 3641 4055 et

2094 4085 2321 4134 esuriem
2366 4083 2537 4136 aul'crt
2578 4085 2698 4150 quia
2745 4086 2895 4150 panis
2932 4086 3080 4137 vivus
3121 4093 3234 4147 est,
3265 4098 3318 4138 et
3347 4089 3486 4142 sitim
3515 4093 3637 4158 quia

2095 4178 2250 4236 potus
2280 4179 2360 4222 est
2390 4172 2528 4222 vita).
2580 4170 2708 4221 Nam
2758 4179 2815 4222 ut
2864 4171 2936 4222 ait
2982 4171 3302 4238 Apostolus:
3349 4172 3461 4227 Erit
3499 4175 3639 4234 Deus

2097 4257 2266 4308 omnia
2310 4258 2362 4308 in
2401 4259 2633 4310 omnibus
2661 4258 2675 4324 (
2701 4257 2726 4309 1
2752 4256 2870 4310 Cor.
2904 4273 2973 4309 xu
2995 4298 3007 4319 ,
3038 4261 3067 4308 ti
3090 4261 3126 4325 ).
3164 4259 3310 4314 Unus
3339 4263 3498 4330 igitur
3527 4264 3642 4318 l'ous

2099 4346 2293 4399 dicitur
2321 4357 2536 4414 propter
2563 4349 2819 4400 unitatem
2860 4357 3059 4400 natum:
3104 4348 3303 4411 Patris,
3337 4360 3386 4402 et
3416 4353 3560 4413 Filii,
3591 4364 3644 4406 et

456 4439 708 4499 (ίὶςεηιεεν
740 4439 896 4489 Amen
921 4454 938 4497 ἱ
973 4435 1275 4497 δεηεάὲειὶο,
1305 4442 1350 4485 et
1379 4431 1588 4484 claritas
1608 4471 1621 4493 ,
1651 4440 1697 4482 et
1725 4431 1996 4504 sapientia,
2025 4402 2070 4458 θ
2101 4434 2328 4502 Spiritus
2353 4433 2541 4486 sancti.
2583 4434 2854 4501 Aquarum
2886 4448 3011 4486 vero
3041 4433 3160 4488 lous
3188 4402 3560 4502 introducitur,
3588 4451 3644 4492 ut

458 4538 504 4579 et
543 4525 828 4594 gratiarum
861 4524 1012 4586 actio,
1050 4534 1098 4576 et
1131 4529 1328 4585 honor,
1361 4531 1408 4574 et
1445 4521 1631 4582 virtus,
1670 4529 1716 4572 et
1757 4519 1999 4582 fortitudo

461 4614 566 4665 Deo
603 4620 775 4663 nostro
811 4611 864 4662 in
902 4611 1091 4662 stecuta
1129 4609 1473 4670 seculorum;
1513 4623 1630 4676 quae
1658 4614 1846 4659 cuncta
1885 4605 2000 4656 Tri-

461 4700 612 4753 nitati
661 4705 782 4766 apte
827 4699 1164 4751 conveniunt.
1219 4699 1418 4766 (Vsus.
1451 4699 1579 4765 l3.)
1632 4697 1694 4748 Et
1747 4693 2001 4762 respondit

462 4804 595 4841 unus
631 4789 694 4842 de
727 4787 1008 4842 senioribus
1046 4789 1228 4845 dicens
1263 4790 1426 4841 mihi:
1456 4787 1526 4840 Hi
1559 4788 1644 4856 qui
1677 4787 1848 4839 amicti
1885 4793 2002 4837 sunt

461 4874 605 4927 stolis
634 4875 786 4939 albis,
815 4876 902 4944 qui
931 4883 1049 4926 sunt
1067 4913 1081 4936 ,
1106 4883 1153 4926 et
1181 4858 1320 4927 unde
1344 4883 1582 4927 venerunt
1607 4874 1631 4924 .’
1655 4874 1783 4927 Cum
1811 4873 2004 4926 nullius

466 4961 812 5029 interrogatio
841 4961 1202 5030 praecesserit,
1234 4961 1359 5027 quid
1401 4963 1498 5015 sibi
1545 4963 1653 5013 vult
1685 4962 1823 5030 quod
1869 4975 2004 5012 unus

465 5051 531 5103 de
559 5048 857 5103 senioribus
880 5050 1214 5117 respondisse
1243 5049 1592 5118 perhibetur?
1630 5049 1731 5102 Sed
1772 5063 1885 5100 mos
1925 5055 2005 5099 est

469 5153 635 5193 sacrae
669 5136 957 5204 Scriptura:
988 5140 1088 5191 hoc
1113 5140 1331 5192 verbum
1368 5139 1437 5191 ita
1466 5153 1697 5205 ponere;
1729 5137 1799 5192 nil
1827 5146 2002 5190 autem

468 5228 870 5298 signiﬁcationis
909 5229 1104 5282 habere
1140 5229 1363 5292 videtur,
1406 5227 1541 5281 unde
1571 5242 1668 5281 nec
1703 5228 1816 5292 ejus
1855 5230 2004 5299 igno-

472 5316 606 5369 ratio
635 5315 835 5370 inutilis
861 5324 942 5370 est
965 5331 1062 5370 nec
1081 5315 1358 5368 laudabilis
1378 5317 1612 5369 scientia.
1637 5315 1692 5367 In
1716 5330 1821 5367 uno
1849 5316 2006 5383 igitur

473 5407 679 5459 seniore
709 5407 882 5460 unitas
908 5407 1308 5474 praedicatorum
1350 5406 1620 5474 utriusque
1654 5403 2005 5464 Testamenti,

475 5499 584 5551 sive
622 5498 732 5563 ipse
763 5497 938 5550 senior
966 5498 1289 5559 senioribus,
1335 5496 1583 5549 Dominus
1623 5495 1820 5550 scilicet
1857 5493 2009 5546 Jesus

478 5586 720 5641 Christus
747 5585 1021 5653 accipitur,
1065 5587 1152 5654 qui
1195 5586 1394 5639 idcirco
1431 5583 1680 5638 Joannem
1723 5585 2008 5650 interrogat

2099 4524 2458 4590 multiplicitas
2500 4521 2840 4576 donationum
2890 4521 2982 4574 Dei
3032 4523 3085 4574 in
3127 4526 3326 4577 sanctis
3366 4542 3462 4593 per
3508 4529 3644 4583 hanc

2099 4614 2414 4664 sententiam
2455 4612 2801 4679 exprimatur.
2841 4609 3022 4675 Itaque
3048 4611 3134 4676 qui
3167 4612 3312 4678 Agno
3339 4624 3548 4681 regente
3577 4615 3642 4668 ad

2101 4698 2255 4765 hujus
2296 4713 2445 4765 aqua:
2486 4699 2784 4750 satietatem
2826 4697 3146 4766 perducitur,
3192 4712 3287 4752 nec
3324 4701 3516 4763 solem,
3547 4718 3644 4756 nec

2102 4787 2262 4838 ullum
2294 4794 2477 4839 :estum
2508 4785 2727 4852 patitur,
2759 4785 2882 4852 quia
2915 4786 3162 4838 vitiorum
3193 4786 3366 4841 calore
3398 4803 3498 4842 non
3536 4793 3644 4843 uri-

2104 4882 2207 4925 tur.
2252 4872 2318 4925 Et
2357 4875 2605 4940 absterget
2644 4870 2780 4923 Deus
2811 4888 3008 4924 omnem
3051 4872 3330 4938 lacrymam
3375 4875 3438 4924 ab
3484 4877 3643 4930 oculis

2101 4979 2296 5015 eorum.
2329 4963 2372 5016 Ο
2401 4965 2546 5016 mira:
2572 4961 2781 5030 pietatis
2809 4959 3049 5013 allectum
3077 4963 3088 5010 !
3121 4958 3328 5013 Patrem
3357 4977 3412 5016 se
3436 4962 3644 5016 demon-

2106 5057 2271 5111 strat,
2321 5057 2542 5101 matrem
2589 5046 2848 5106 ostendit,
2889 5046 2976 5113 qui
3017 5046 3373 5112 plangentium
3415 5049 3640 5103 ﬁliorum

2105 5138 2367 5204 lacrymas
2408 5135 2679 5203 abstergit.
2720 5133 2868 5188 Unde
2913 5134 3100 5186 merito
3147 5134 3306 5188 Isaias
3351 5136 3516 5192 dicit:
3569 5138 3644 5191 Tu

2107 5225 2240 5277 enim
2273 5225 2428 5279 Pater
2463 5233 2653 5284 noster,
2693 5231 2741 5274 et
2778 5223 3036 5274 Abraham
3066 5224 3268 5276 nescivit
3296 5240 3424 5286 nos;
3452 5235 3506 5276 tu
3537 5223 3644 5277 Do-

2107 5315 2243 5365 mine
2291 5312 2450 5367 Pater
2495 5324 2665 5365 noster
2711 5310 2858 5379 (lsa.
2888 5328 3017 5364 ιιιιι
3037 5351 3050 5373 ,
3081 5312 3200 5381 16).
3249 5310 3352 5364 Sed
3379 5328 3494 5379 qua:
3523 5325 3646 5374 sunt

2110 5404 2190 5456 ha!
2237 5403 2522 5472 ιπηιηεῖ
2569 5402 2780 5455 Scilicet
2847 5402 2967 5468 quia
3027 5402 3161 5454 alius
3206 5402 3404 5470 plangit
3449 5404 3646 5464 malum

2111 5493 2249 5562 quod
2278 5494 2413 5560 egit,
2443 5494 2576 5547 alius
2603 5493 2722 5562 quia
2747 5491 2940 5544 bonum
2967 5506 3069 5544 non
3097 5490 3245 5551 fecit,
3276 5501 3326 5544 et
3350 5491 3448 5544 alia
3482 5494 3646 5555 multa

2113 5583 2322 5638 similia.
2369 5583 2458 5636 Ila‘
2497 5591 2670 5637 autem
2709 5581 2953 5659 lacrymm
2999 5579 3224 5643 ﬁliorum
3269 5590 3394 5645 tunc
3435 5583 3642 5643 abstes.
