4262 6260
660 353 791 409 H55
918 410 937 417 ,,
1511 356 1568 407 Β.
1611 355 1669 409 F.
1713 356 1930 410 ALBlNl
1968 354 2095 408 SEU
2136 350 2404 404 ALCUINI
2436 348 2713 404 OPERUM
2750 348 2926 403 PARS
2957 347 3018 401 ll.
3697 352 3832 403 illiti

656 469 837 539 genda:
864 478 1049 531 erunt,
1077 483 1197 523 cum
1222 468 1286 522 de
1313 469 1498 523 exsilio
1554 471 1619 524 ad
1665 471 1891 537 patriam
1920 469 2187 523 redierint.
2222 470 2268 526 Α
2290 463 2462 517 cilicio
2500 463 2707 530 capitis.
2749 461 2899 527 Quod
2933 474 3059 513 vero
3100 472 3258 527 super
3293 458 3460 511 altare
3496 473 3712 512 aureum
3751 461 3833 512 in-

1229 567 1449 652 cum
1483 597 1610 652 VIII.

724 705 885 763 Vnus.
922 705 972 757 l.
1000 703 1151 757 ——Et
1186 720 1302 757 cum
1337 705 1617 779 aperuisset
1656 703 1881 773 sigillum
1904 703 2195 771 septimum,

658 794 851 861 factum
878 804 954 847 est
978 795 1234 848 silentium
1274 796 1328 847 in
1364 794 1487 848 cmlo
1522 795 1673 864 quasi
1708 792 1876 846 media
1904 794 2049 845 hora.
2079 791 2198 845 Ca:-

661 882 766 935 lum
787 923 802 945 ,
835 890 892 935 ut
919 882 1224 951 frequenter
1249 883 1508 945 diximus,
1548 882 1782 936 Ecclesia
1811 889 2049 945 vocatur,
2079 895 2197 948 qua:

660 970 784 1022 dum
812 984 842 1022 a
870 968 1166 1037 frequenﬁa
1203 984 1380 1023 rerum
1417 968 1782 1038 corporalium
1815 985 1910 1038 per
1954 968 2197 1037 quadam

661 1059 895 1111 membra
920 1074 1014 1111 sua
1042 1073 1306 1112 secessum
1332 1059 1529 1112 intimae
1553 1059 2009 1126 contemplationis
2031 1059 2162 1127 petit
2180 1097 2195 1120 ,

658 1148 807 1214 quasi
846 1148 1111 1201 silentium
1148 1148 1258 1202 Deo
1295 1158 1481 1216 parat;
1523 1150 1663 1216 quod
1701 1150 1825 1217 quia
1864 1150 1917 1203 in
1952 1150 2054 1203 hac
2090 1150 2199 1203 vita

660 1254 764 1293 non
790 1246 965 1306 potest
990 1253 1107 1293 esse
1125 1239 1416 1309 perfectum
1433 1279 1446 1301 ,
1476 1240 1626 1307 quasi
1653 1240 1826 1294 media
1848 1240 1981 1294 hora
2005 1239 2200 1293 dicitur

661 1326 877 1381 factum.
908 1327 974 1379 Et
986 1335 1121 1380 "nota
1147 1328 1267 1394 quia
1298 1327 1370 1381 ibi
1398 1328 1884 1397 recapitulationem
1913 1327 2082 1380 ﬁnivit
2108 1328 2196 1382 ubi

661 1417 734 1470 ait
761 1434 773 1469 :
806 1416 929 1470 Post
957 1417 1064 1470 Iure
1091 1417 1193 1471 vidi
1219 1418 1420 1470 turbam
1445 1434 1710 1486 magnam,
1739 1431 1880 1470 nunc
1907 1424 2083 1470 autem
2110 1429 2197 1470 se-

658 1504 824 1573 ptimo
851 1505 1019 1573 sigillo
1043 1504 1306 1558 concludit
1334 1508 1704 1560 narrationem.
1736 1505 1929 1575 (Vens.
1950 1505 2005 1567 2,
2027 1503 2104 1572 5.)
2130 1504 2199 1557 Et

661 1593 763 1645 vidi
790 1603 973 1662 septem
1003 1593 1206 1662 angelos
1234 1603 1423 1650 stantes
1456 1596 1512 1648 in
1541 1606 1805 1667 conspectu
1833 1593 1961 1658 Dei,
1987 1603 2035 1647 et
2063 1595 2199 1648 data:

660 1691 778 1733 sunt
801 1681 903 1734 illis
926 1689 1114 1751 septem
1135 1683 1288 1736 tubte.
1318 1683 1386 1734 Et
1409 1682 1543 1736 alius
1569 1682 1777 1753 angelus
1802 1684 1934 1736 venit
1950 1722 1965 1745 ,
1992 1691 2040 1734 et
2063 1682 2199 1734 stetit

662 1778 779 1821 ante
807 1768 969 1822 altare
996 1769 1186 1823 habens
1210 1770 1523 1823 thuribulum
1548 1788 1780 1824 aureum.
1807 1764 1917 1825 Hoc
1939 1771 2056 1826 loco
2078 1786 2200 1825 nar-
2226 1764 2275 1824 Β

662 1858 884 1911 rationis
921 1858 1160 1912 ordinem
1203 1867 1579 1928 praeposterat,
1622 1871 1677 1915 et
1714 1860 2017 1925 interdicit;
2064 1861 2201 1914 sicut

661 1948 801 2005 enim
833 1949 1107 2015 sequentia
1134 1947 1603 2014 demonstrabunt,
1631 1951 1782 2018 prius
1811 1949 1898 2003 ille
1932 1964 2053 2004 cum
2082 1950 2202 2003 thu-

663 2036 834 2090 ribulo
857 2038 1076 2091 veniens
1102 2044 1225 2090 ante
1248 2038 1414 2092 altare
1435 2038 1608 2102 stetit,
1637 2053 1793 2106 quam
1821 2044 2018 2107 septem
2047 2039 2200 2092 tubas

662 2125 980 2193 acceperint.
1022 2124 1290 2180 lnterdieit
1327 2141 1480 2191 vero,
1522 2126 1645 2193 quia
1681 2132 1961 2193 antequam
1996 2126 2062 2178 de
2096 2124 2200 2178 illis

663 2213 893 2275 ﬁnisset,
941 2209 1084 2267 hunc
1123 2229 1244 2268 cum
1288 2213 1559 2267 thuribulo
1600 2213 1831 2266 medium
1871 2211 2195 2265 intersemit.

664 2299 800 2366 Quid
829 2302 1007 2367 itaque
1034 2302 1090 2354 in
1120 2308 1321 2369 septem
1349 2300 1549 2368 angelis
1578 2298 1920 2367 intelligimus
1948 2299 2047 2353 nisi
2078 2313 2198 2353 san-

664 2397 803 2442 ctam
849 2388 1139 2442 Ecclesium
1186 2389 1238 2441 in
1282 2389 1392 2442 suis
1433 2387 1897 2457 pradicatoribus,
1942 2388 2035 2456 qui
2078 2400 2201 2444 sunt

664 2481 875 2527 aeternae
894 2475 1023 2535 avitae
1050 2475 1489 2529 annnntiatores?
1515 2475 1680 2528 Recte
1707 2476 1865 2527 etiam
1894 2484 2095 2542 septem
2122 2478 2201 2531 di-

664 2570 874 2625 cuntur,
906 2562 1032 2629 quia
1060 2561 1353 2639 s'eptil‘ormi
1381 2562 1578 2630 Spiritu
1622 2562 1911 2630 replentur,
1951 2563 2033 2616 vel
2076 2565 2199 2633 quia

666 2648 998 2701 universitati
1029 2649 1354 2703 credentium
1382 2657 1776 2718 praeponuntur.
1820 2648 1877 2702 In
1916 2659 2199 2719 conspectu

666 2745 839 2791 autem
868 2738 961 2791 Dei
991 2746 1131 2792 stare
1170 2738 1531 2807 perhibentur,
1588 2739 1677 2805 qui
1731 2737 1957 2791 terrenis
1992 2739 2196 2807 cupidi-

669 2814 863 2878 tatibus
917 2812 1141 2905 calcatis
1183 2823 1375 2879 divinze
1427 2824 1858 2892 contemplationi
1917 2825 2195 2881 inhairent.

667 2912 801 2977 Quid
829 2921 1006 2966 autem
1032 2928 1130 2980 per
1154 2920 1356 2981 septem
1383 2928 1567 2967 eorum
1605 2914 1790 2977 tubas,
1826 2912 1927 2967 nisi
1966 2912 2199 2981 perfecta

668 3002 874 3054 Veteris
900 3016 963 3055 ac
986 3001 1116 3055 Novi
1156 3000 1477 3055 Testamenti
1516 3001 1822 3070 praedicatio
1858 3001 2198 3056 declaratur?

663 3086 812 3154 juxta
849 3088 1015 3142 illud:
1045 3088 1225 3153 Ὠιιαή
1264 3090 1386 3141 tuba
1428 3091 1599 3143 exulta
1643 3105 1809 3142 uocem
1854 3098 1997 3142 tuam
2044 3088 2194 3158 (Isa.

671 3190 797 3228 LVIII
820 3214 835 3238 ,
863 3176 887 3226 l
914 3176 953 3244 ).
982 3176 1039 3227 In
1068 3190 1132 3229 eo
1158 3184 1332 3229 autem
1359 3178 1497 3244 quod
1537 3178 1826 3231 sacerdotis
1852 3176 2082 3231 cilicium
2119 3186 2201 3231 est

670 3262 822 3315 altari
863 3263 1140 3327 assistere,
1185 3272 1239 3317 et
1276 3271 1511 3332 aptatum
1552 3266 1875 3319 aromatibus
1918 3265 2202 3334 thymiama

670 3365 926 3415 cremare,
957 3354 1289 3421 agnoscimus
1315 3355 1439 3423 quia
1465 3354 1683 3424 angelus
1718 3354 1819 3407 iste
1839 3354 2097 3408 mediator
2121 3361 2204 3408 est

624 3484 628 3486 .
671 3439 764 3493 Dei
787 3448 839 3494 et
857 3441 1125 3513 hominum
1139 3481 1154 3505 ,
1178 3449 1375 3508 septem
1399 3442 1705 3510 angelorum
1725 3440 1964 3514 angelus,
1983 3448 2038 3493 et
2056 3447 2115 3492 ut
2129 3440 2202 3492 ita

671 3526 959 3581 dixerimus
984 3536 1185 3595 septeni
1211 3528 1541 3581 sacerdotum
1570 3526 1839 3595 pontifex;
1867 3526 1931 3579 de
1954 3541 2059 3594 quo
2083 3541 2204 3595 pro-

670 3614 829 3680 pheta
854 3631 867 3665 :
900 3612 1077 3682 Magni
1103 3606 1303 3667 consilii
1328 3614 1537 3684 angelus
1562 3613 1704 3683 (Isa.
1722 3614 1875 3678 Ix,6,‘
1892 3613 1991 3667 sec.
2014 3612 2104 3671 LX
2108 3612 2200 3684 Χ).

677 3699 827 3753 Unde
867 3708 1047 3768 aperte
1088 3699 1381 3769 colligimus
1420 3701 1566 3768 prius
1606 3701 1746 3755 hunc
1772 3702 2014 3764 venisse,
2046 3716 2203 3768 quam

592 3856 597 3861 ἡ
674 3794 875 3853 septem
922 3788 1132 3855 angelos
1180 3789 1333 3843 tubas
1382 3790 1667 3858 accepisse.
1723 3790 1825 3844 Per
1871 3789 2035 3843 altare
2078 3804 2205 3843 vero

673 3872 827 3927 electi
870 3874 1233 3943 designantur,
1282 3875 1338 3927 in
1377 3877 1569 3943 quibus
1611 3876 1846 3943 spiritale
1888 3874 2204 3928 sacriﬁcium

672 3963 987 4015 celebratur.
1019 3963 1178 4035 Venit
1218 3977 1345 4031 ergo
1390 3963 1605 4030 angelus
1641 3978 1737 4030 per
1770 3978 1983 4017 carnem
2004 4002 2019 4027 ,
2060 3964 2206 4017 stetit

672 4064 768 4117 per
802 4049 1145 4102 divinitatem.
1189 4049 1323 4115 Quid
1359 4066 1566 4119 quoque
1606 4066 1701 4119 per
1745 4052 2061 4106 thuribulum
2103 4053 2205 4108 nisi

675 4137 968 4191 humanitas
996 4138 1227 4192 Christi?
1244 4138 1310 4191 Et
1327 4145 1446 4206 apte
1465 4152 1679 4192 aureum
1701 4139 1912 4203 dicitur,
1933 4140 2054 4207 quia
2080 4155 2205 4195 caro

674 4240 706 4279 a
733 4225 901 4279 verbo.
929 4224 1023 4277 Dei
1059 4234 1298 4292 suscepta
1336 4241 1441 4278 una
1469 4241 1588 4279 cum
1613 4241 1675 4280 eo
1704 4235 1786 4280 est
1811 4228 2070 4295 sapientia
2090 4267 2106 4291 ,
2139 4230 2205 4283 de

2294 566 2450 606 censa
2489 550 2804 615 oﬁ'eruntur,
2846 549 3079 604 ostendit
3115 549 3239 617 quia
3284 563 3390 602 non
3434 548 3587 611 alibi,
3630 549 3734 603 nisi
3777 552 3832 603 in

2294 654 2515 707 corpore
2540 638 2770 701 Christi,
2799 637 2941 705 quod
2977 643 3145 690 totum
3185 634 3350 689 divini
3388 636 3535 689 verbi
3572 637 3831 704 sapientia

2295 727 2626 794 resplendet,
2654 726 2953 779 orationum
2992 722 3311 778 sacriﬁcium
3347 723 3512 778 alrco
3551 724 3828 792 accipitur.

2293 818 2360 870 Et
2387 825 2508 871 nota
2536 818 2660 885 quia
2688 818 2940 878 thronus,
2970 822 3024 869 et
3045 824 3168 868 ante
3205 816 3453 868 thronum
3489 815 3685 879 altare,
3726 831 3831 869 non

2292 904 2444 968 duas,
2486 906 2580 959 sed
2624 920 2782 958 unam
2810 904 3098 958 Ecclesiam
3138 903 3473 972 signiﬁcent;
3522 904 3661 958 sicut
3705 919 3832 961 arca

2294 990 2405 1044 Noe
2423 1031 2438 1055 ,
2467 1000 2523 1044 et
2544 1000 2666 1045 octo
2692 992 2881 1045 anima:
2908 992 2960 1044 in
2989 1005 3071 1044 ea.
3104 988 3286 1059 (Vens.
3318 988 3395 1059 5.)
3425 989 3494 1043 Et
3520 991 3711 1060 accepit
3736 1008 3834 1044 an-

2292 1078 2433 1147 gelus
2461 1079 2804 1143 thuribulum,
2841 1087 2891 1131 et
2931 1078 3151 1147 implevit
3189 1077 3319 1130 illud
3357 1078 3420 1130 de
3457 1080 3574 1147 igne
3611 1079 3829 1142 altaris,

2293 1177 2342 1221 et
2368 1168 2506 1221 misit
2532 1168 2587 1221 in
2615 1177 2824 1221 terram.
2848 1167 2997 1221 Tunc
3018 1166 3234 1235 angelus
3259 1167 3583 1221 thuribulum
3606 1168 3829 1236 accepit,

2294 1269 2415 1308 cum
2452 1254 2709 1309 Dominus
2736 1254 2836 1307 sibi
2876 1254 3015 1307 intra
3051 1262 3260 1306 uterum
3288 1252 3521 1322 Virginis
3545 1252 3831 1308 humanam

2295 1350 2539 1396 naturam
2580 1342 2888 1412 conjunxit;
2920 1342 3044 1396 sive
3081 1341 3148 1395 de
3186 1355 3408 1409 corpore
3446 1341 3831 1411 intelligamus,

2294 1447 2415 1487 eum
2440 1434 2668 1501 primum
2695 1433 2748 1485 in
2776 1431 2956 1486 Judxea
2984 1429 3268 1498 discipulos
3293 1430 3470 1499 elegit.
3500 1429 3632 1485 Cum
3658 1438 3835 1485 autem

2294 1528 2350 1574 et
2392 1519 2645 1589 angelus,
2686 1526 2741 1572 et
2780 1516 3134 1579 thuribulum,
3182 1523 3236 1570 et
3275 1516 3477 1581 altare,
3522 1531 3685 1570 unum
3728 1517 3838 1571 sint

2293 1622 2485 1675 corpus
2504 1645 2521 1672 ,
2548 1608 2673 1675 quia
2710 1606 3037 1660 thuribulum
3077 1604 3141 1658 de
3167 1605 3287 1672 igne
3312 1603 3496 1657 altaris
3520 1604 3712 1657 dicitur
3738 1603 3836 1656 im-

2293 1696 2526 1765 pletum,
2560 1694 2951 1764 intelligendum
2988 1701 3070 1747 est
3107 1693 3259 1761 quasi
3283 1692 3517 1746 diceret:
3557 1691 3623 1744 Et
3647 1700 3834 1760 caput,

2300 1792 2354 1837 et
2378 1798 2572 1852 corpus
2596 1798 2700 1837 non
2731 1782 2933 1844 alieno,
2963 1780 3063 1833 nisi
3102 1780 3315 1848 proprio
3360 1779 3478 1849 igne
3520 1780 3836 1833 succensum

2300 1877 2421 1934 est,
2446 1870 2499 1924 id
2524 1877 2608 1924 est
2636 1869 2838 1936 Spiritu
2866 1876 3067 1921 sancto.
3111 1865 3255 1918 Misit
3296 1874 3472 1919 autem
3511 1866 3568 1918 in
3608 1860 3835 1928 terram,

2300 1958 2355 2012 id
2395 1964 2512 2020 est,
2556 1957 2609 2010 in
2651 1957 2789 2009 hanc
2828 1953 3170 2024 gentilitatem
3208 1952 3489 2021 perduxit;
3534 1953 3674 2007 unde
3715 1960 3837 2020 apte

2299 2045 2582 2099 subditur:
2614 2053 2662 2097 et
2701 2044 2839 2112 facta
2881 2051 3000 2095 sunt
3043 2042 3301 2104 tonitrua,
3341 2049 3390 2093 et
3438 2056 3610 2103 uoces,
3660 2040 3713 2093 id
3753 2047 3837 2094 est

2299 2134 2732 2202 praedicationum
2760 2140 2991 2185 terrores
3015 2147 3028 2181 :
3058 2138 3105 2181 et
3133 2128 3339 2197 fulgura
3357 2167 3372 2191 ,
3401 2128 3503 2182 hoc
3544 2135 3628 2201 est
3672 2128 3835 2180 mira-

2299 2222 2536 2276 culorum
2564 2220 2711 2290 signa
2738 2237 2753 2272 :
2783 2228 2831 2272 et
2858 2226 3202 2276 termmotus,
3233 2217 3285 2270 id
3312 2224 3394 2271 est
3419 2216 3831 2286 persecutiones.

2300 2311 2494 2380 (Vens.
2542 2308 2637 2378 6.)
2680 2308 2747 2361 Et
2794 2315 2980 2375 septem
3025 2302 3193 2373 angeli
3232 2312 3645 2373 praeparaverunt
3686 2319 3740 2356 se
3778 2312 3835 2355 ut
3892 2294 3895 2295 ν

2299 2400 2420 2454 tuba
2447 2407 2705 2452 canerent.
2736 2396 2871 2462 Quid
2898 2402 2979 2448 est
3002 2400 3212 2447 sanctos
3252 2393 3496 2446 doctores
3536 2390 3603 2444 ad
3642 2405 3839 2445 canen-

2298 2489 2424 2542 dum
2469 2502 2527 2542 se
2569 2498 2902 2556 praeparare,
2929 2483 3029 2535 nisi
3056 2482 3229 2535 divina
3257 2480 3461 2549 eloquia
3491 2480 3749 2546 scrutari,
3780 2488 3839 2535 ut

2298 2576 2468 2631 sciant
2494 2574 2654 2643 quid,
2683 2572 2768 2627 cui
2806 2580 2860 2626 et
2912 2570 3140 2639 qualiter
3164 2569 3308 2637 loqui
3347 2569 3615 2623 debeant?
3638 2569 3837 2623 Admo-

2295 2665 2501 2719 nendus
2540 2663 2715 2729 itaque
2740 2660 2909 2715 lector
2932 2667 3013 2713 est
3050 2666 3110 2712 ut
3146 2659 3201 2710 in
3227 2657 3566 2726 sequentibus
3591 2673 3694 2712 non
3721 2658 3840 2727 plus

2296 2761 2495 2822 septem
2515 2793 2531 2817 ,
2557 2766 2715 2821 quam
2738 2765 2900 2804 unum
2925 2748 3166 2816 angelum
3192 2747 3476 2816 intelligat;
3508 2747 3601 2801 sed
3630 2760 3839 2816 semper

2296 2842 2350 2894 in
2378 2839 2596 2909 singulis
2639 2846 2838 2907 septem
2865 2842 3179 2906 cognoscat,
3205 2849 3324 2889 cum
3346 2842 3561 2902 propter
3582 2833 3837 2903 ﬁguratas

2295 2928 2619 2982 locutionum
2647 2941 2835 2981 causas
2855 2965 2869 2988 ,
2898 2940 3018 2993 quae
3042 2938 3145 2977 non
3172 2917 3391 2993 possunt
3429 2922 3528 2977 sub
3566 2937 3673 2976 uno
3715 2936 3839 2975 nar-

2299 3018 2436 3080 rari,
2469 3017 2523 3069 in
2550 3024 2751 3083 septem
2780 3014 3061 3068 distinctos
3088 3013 3337 3066 inveniat.

2367 3105 2525 3159 Vsus.
2561 3103 2592 3154 7
2600 3102 2777 3154 .—Et
2807 3101 3000 3171 primus
3026 3098 3238 3169 angelus
3260 3101 3382 3152 tuba
3404 3098 3605 3163 cecinit,
3624 3106 3672 3151 et
3696 3097 3837 3166 facta

2297 3202 2373 3247 est
2397 3192 2595 3262 grando
2616 3199 2664 3244 et
2688 3190 2819 3259 ignis
2842 3189 3031 3242 mistus
3057 3175 3325 3257 sanguine,
3368 3196 3417 3239 et
3461 3186 3656 3240 missus
3680 3192 3761 3240 est
3781 3186 3836 3239 in

2299 3288 2509 3343 terram,
2532 3287 2579 3331 et
2605 3279 2754 3330 tertia
2775 3292 2895 3345 pars
2920 3275 3164 3328 arborum
3204 3272 3475 3328 combusta
3501 3282 3596 3337 est,
3621 3283 3669 3326 et
3691 3287 3840 3326 omne

2301 3365 2475 3433 fenum
2493 3364 2654 3417 viride
2675 3363 2991 3417 combustum
3012 3368 3107 3414 est.
3130 3360 3233 3414 Per
3247 3358 3552 3429 grandinem
3572 3359 3649 3411 ira
3669 3358 3840 3412 omni-

2299 3452 2526 3520 potentis
2549 3451 2641 3504 Dei
2662 3449 2994 3517 exprimitur,
3007 3446 3158 3513 juxta
3186 3446 3312 3500 illud
3335 3462 3349 3497 :
3374 3445 3454 3498 ira
3475 3444 3681 3499 Domini
3704 3445 3840 3499 sicut

2300 3538 2499 3607 grando
2525 3535 2864 3590 descendens.
2892 3532 2993 3587 Per
3028 3532 3199 3602 ignem
3228 3530 3371 3584 zelus
3396 3530 3479 3586 vel
3499 3529 3675 3585 odium
3703 3532 3841 3585 desi-

2300 3633 2521 3693 gnatur;
2550 3632 2604 3677 et
2630 3630 2773 3676 recte
2800 3622 2987 3674 mistus
3018 3620 3272 3686 sanguine
3304 3618 3517 3695 dicitur,
3539 3616 3661 3686 quia
3686 3618 3840 3686 juxta

2299 3711 2518 3765 Joannis
2541 3723 2725 3762 vocem
2756 3721 2772 3759 :
2803 3706 2905 3771 Qui
2927 3706 3033 3759 odit
3052 3706 3265 3774 fratrem
3285 3696 3435 3758 stium
3475 3703 3727 3757 homicida
3764 3715 3841 3758 est

2303 3800 2355 3867 (1
2399 3799 2554 3851 Joan.
2597 3814 2677 3859 ιιι,
2730 3797 2836 3869 15).
2888 3798 2970 3853 Ab
3020 3799 3120 3852 hoc
3144 3797 3264 3865 igne
3290 3797 3838 3864 nonpossecomburi

2303 3887 2591 3941 Ecclesiam
2637 3886 2889 3941 Dominus
2932 3901 3021 3955 per
3062 3885 3252 3939 Isaiam
3290 3884 3570 3952 pollicetur
3609 3886 3789 3940 dicens
3822 3903 3835 3937 :

2303 3969 2433 4023 Cum
2448 3968 2783 4023 ambularet-is
2808 3983 2904 4037 per
2930 3969 3121 4038 ignem,
3144 3983 3245 4020 non
3267 3967 3596 4039 combureris,
3616 3977 3665 4023 et
3692 3970 3840 4038 ﬂam-

2303 4073 2389 4109 ma
2412 4072 2514 4111 non
2531 4056 2726 4109 ardebit
2744 4055 2797 4108 in
2829 4063 2878 4108 te
2904 4054 3035 4125 (ιω.
3065 4053 3312 4124 xuuﬂ).
3334 4055 3635 4109 Notandum
3659 4051 3838 4109 autem

2302 4136 2425 4211 quia
2446 4155 2569 4195 cum
2590 4139 2805 4197 tertiam
2831 4148 3034 4207 partem
3067 4139 3334 4211 deperisse
3375 4137 3524 4205 dicit,
3569 4154 3674 4195 non
3702 4138 3839 4194 duas

2302 4224 2483 4298 partes
2525 4226 2580 4282 hi
2606 4222 2807 4282 electis
2856 4229 3181 4284 remansisse
3210 4228 3513 4282 existimare
3562 4229 3835 4294 debemus,

674 4326 777 4379 qua
804 4311 1291 4377 diciturercipite
1314 4313 1624 4378 sapientiam
1647 4313 1782 4366 sicut
1806 4329 1993 4367 aurum
2024 4312 2199 4385 (Prov.
2233 4347 2281 4407 υ
2304 4325 2488 4391 contra
2526 4317 2654 4370 illud
2701 4334 2715 4371 :
2756 4316 2909 4371 Multi
2958 4326 3075 4371 sunt
3112 4318 3299 4381 vocati,
3345 4319 3497 4386 pauci
3537 4335 3652 4371 vero
3689 4318 3837 4372 electi

676 4398 945 4465 xvi,16).
993 4398 1172 4452 Potest
1215 4412 1309 4466 per
1356 4399 1709 4465 thuribulum,
1755 4416 1862 4469 quo
1903 4414 2204 4457 cremantur

676 4495 911 4540 aromata
933 4524 947 4549 ,
976 4484 1205 4541 Ecclesia
1236 4486 1476 4556 ﬁgurari,
1507 4472 1623 4556 quae
1650 4490 1768 4559 igne
1805 4492 1968 4545 divini
2007 4494 2204 4549 amoris

677 4584 927 4626 succensa
964 4573 1196 4640 quotidie
1220 4574 1386 4628 dicit:
1417 4574 1687 4643 Dirigatur
1722 4579 1885 4629 oratio
1924 4595 2035 4632 mea
2072 4581 2203 4634 sicut

636 4661 967 4725 fineensum,
1011 4672 1066 4714 et
1103 4668 1309 4714 cetera.
1342 4660 1526 4730 (Psal.
1555 4678 1681 4726 exn,
1708 4662 1802 4733 2.)
1832 4664 1992 4720 Recte
2029 4678 2203 4723 autem

676 4750 1009 4819 singulariter
1034 4751 1099 4803 de
1124 4750 1330 4804 Christo
1354 4748 1683 4821 subiungitur
1707 4769 1722 4807 :

744 4836 814 4890 Et
841 4837 966 4888 data
991 4845 1110 4888 sunt
1138 4836 1217 4889 illi
1239 4838 1441 4889 incensa
1471 4840 1632 4893 multa
1653 4881 1668 4906 ,
1706 4851 1763 4894 ut
1798 4844 1944 4895 daret
1982 4844 2044 4897 de
2083 4842 2203 4898 ora-

678 4926 895 4979 tionibus
936 4934 1227 4977 sanctorum
1262 4943 1415 4996 super
1456 4928 1619 4982 altare
1662 4946 1907 4995 aureum,
1951 4934 2086 5002 quod
2131 4944 2205 4988 est

678 5024 795 5065 ante
822 5014 1057 5064 thronum
1080 5030 1099 5076 ;
1130 5013 1308 5083 (Vens.
1356 5014 1417 5085 4)
1447 5025 1495 5069 et
1519 5018 1747 5070 ascendit
1774 5017 1944 5085 fumus
1973 5021 2203 5076 incenso-

680 5116 793 5153 rum
822 5099 883 5150 de
908 5100 1219 5153 orationibus
1241 5112 1531 5157 sanctorum
1554 5104 1617 5157 de
1641 5121 1798 5158 manu
1835 5105 1999 5175 angeli
2036 5121 2205 5163 coram

681 5190 806 5242 Deo.
841 5188 988 5242 Sicut
1015 5187 1188 5243 fumus
1213 5204 1280 5243 ex
1304 5192 1551 5246 crematis
1573 5194 1896 5249 aromatibus
1919 5197 2203 5263 egreditur,

682 5282 757 5332 sic
780 5282 948 5335 virtus
971 5281 1383 5347 compunctionis
1401 5283 1633 5351 gignitur
1654 5300 1720 5339 ex
1742 5284 1913 5339 studio
1931 5286 2201 5341 orationis.

684 5368 787 5424 Sed
814 5380 870 5422 ut
895 5372 1001 5423 Deo
1028 5369 1156 5422 ﬁant
1182 5381 1395 5439 accepta
1412 5410 1427 5437 ,
1456 5373 1638 5442 angelo
1660 5374 1851 5428 dantur
1880 5373 2091 5429 incensa
2112 5414 2128 5438 ,
2155 5375 2209 5428 id

665 5468 763 5529 ,ρει
790 5458 1122 5529 Redemptori
1149 5470 1330 5515 nostro
1356 5462 1751 5517 committuntur
1775 5463 2069 5517 orationum
2098 5474 2210 5517 stu-

685 5544 786 5597 dia.
818 5544 922 5598 Nec
946 5547 1158 5603 omnino
1184 5548 1249 5602 ad
1274 5548 1437 5601 Deum
1477 5556 1649 5617 potest
1684 5549 1827 5615 loqui
1855 5563 2076 5617 wrpus,
2108 5537 2207 5605 nisi

2304 4405 2514 4477 (Matth.
2542 4420 2631 4470 xx,
2660 4405 2765 4477 16).
2787 4405 2903 4459 Non
2926 4406 3066 4459 enim
3094 4406 3161 4459 ad
3183 4404 3488 4472 qualitatem
3511 4406 3720 4473 litterae,
3741 4407 3837 4460 sed

2298 4497 2365 4551 ad
2378 4496 2722 4565 quantitatem
2743 4494 2923 4562 ﬁgurae
2938 4494 3201 4560 pertinere
3220 4492 3425 4546 videtur
3438 4500 3689 4547 numerus
3703 4492 3831 4555 iste;

2299 4583 2437 4651 quod
2462 4584 2575 4651 ipsa
2599 4580 2896 4634 immutatio
2922 4581 3265 4643 demonstrat,
3284 4594 3403 4647 quae
3428 4593 3539 4647 uno,
3564 4579 3683 4636 loco
3702 4580 3843 4634 duas

2300 4670 2504 4734 tertias,
2534 4669 2702 4723 altero
2730 4677 2855 4734 tres,
2874 4668 2975 4723 alio
3001 4682 3157 4723 unam
3179 4668 3389 4722 tertiam
3409 4668 3463 4721 in
3484 4671 3833 4738 reproborum

2300 4768 2495 4813 sortem
2532 4761 2740 4814 venisse
2777 4769 2957 4812 narrat
2986 4775 2999 4809 :
3026 4763 3081 4811 et
3106 4758 3317 4825 quidem
3355 4759 3596 4833 superius
3623 4757 3677 4810 in
3704 4771 3834 4826 qua-

2302 4858 2423 4903 tuor
2462 4856 2642 4918 partes
2680 4846 2923 4902 distinxit
2959 4852 3130 4898 totum
3156 4845 3352 4900 diaboli
3374 4858 3585 4913 corpus,
3614 4859 3753 4899 nunc
3776 4845 3851 4898 in.

2300 4936 2503 4991 duobus
2530 4936 2718 4997 tertiis,
2746 4940 2867 5001 post
2889 4931 2943 4985 in
2962 4932 3148 4997 tribus,
3174 4933 3360 4987 deinde
3380 4932 3433 4984 in
3454 4928 3558 4984 una
3572 4932 3710 5002 ﬂed
3725 4946 3834 4986 non

2301 5032 2382 5078 est
2404 5036 2507 5076 una
2535 5021 2691 5075 tertia
2718 5020 2890 5074 minor
2909 5033 2941 5072 a
2966 5019 3169 5073 duabus
3205 5017 3288 5072 vel
3331 5018 3521 5071 tribus.
3555 5016 3689 5071 Nam
3710 5031 3833 5079 cum

2303 5111 2357 5164 in
2405 5116 2632 5176 quatuor
2681 5114 2857 5176 partes
2906 5105 3177 5174 distinguit
3203 5103 3394 5158 diaboli
3427 5118 3640 5175 corpus,
3668 5118 3831 5157 unam

2302 5196 2414 5248 vult
2458 5194 2689 5263 intelligi
2720 5195 2775 5247 in
2819 5192 3078 5255 Ecclesia,
3106 5192 3158 5244 in
3186 5192 3330 5246 falsis
3352 5190 3622 5253 fratribus,
3647 5198 3701 5245 et
3724 5179 3871 5246 tres-

2303 5280 2453 5344 l'oris,
2503 5281 2554 5333 id
2597 5287 2680 5333 est
2726 5280 3022 5342 haereticos,
3067 5276 3274 5333 Iudaeos
3319 5286 3374 5331 et
3418 5291 3667 5347 paganos.
3697 5277 3831 5332 Cum

2304 5381 2430 5421 vero
2456 5374 2623 5419 totum
2650 5380 2841 5434 corpus
2866 5365 2920 5418 in
2945 5366 3111 5419 tribus
3131 5365 3302 5418 tertiis
3319 5364 3587 5428 describit,
3618 5380 3720 5418 una
3747 5366 3832 5417 in-

2306 5462 2393 5509 tus
2408 5455 2740 5523 intelligenda
2766 5454 2925 5507 estin
2943 5454 3120 5523 pravis
3144 5452 3382 5507 ﬁdelibus
3405 5454 3643 5527 simplex,
3666 5452 3833 5505 altera

2306 5546 2435 5602 foris
2456 5546 2722 5601 iniudzeis
2745 5554 2903 5615 atque
2920 5545 3184 5601 haereticis
3210 5546 3419 5615 duplex,
3447 5546 3598 5600 tertia
3628 5543 3757 5599 foris
3776 5558 3831 5597 in
