4154 6240
285 368 419 421 H37

1014 364 1410 420 EXECETICA.
1445 396 1513 405 —
1547 367 1891 422 COMMENT.
1932 368 1999 421 IN
2034 370 2405 426 APOCAL—
2432 372 2557 427 LIB.
2600 371 2687 425 IV.

3323 373 3494 429 “33'

280 479 527 549 gentibus
546 486 600 528 ct
620 476 731 543 ipsa
757 474 995 543 simplex.
1033 475 1166 529 Cum
1204 492 1328 531 vero
1378 492 1537 531 unam
1582 479 1818 546 corporis
1844 478 1894 536 Δ
1919 476 2094 543 facula
2120 489 2336 548 propter
2358 482 2570 536 malitia
2590 482 2873 536 fervorem.
2916 480 3084 535 Casus
3112 482 3209 537 iste
3246 500 3347 537 non
3372 485 3460 540 ille

281 575 489 634 partem
514 565 699 617 eodem
728 563 960 617 ternario
981 557 1299 631 tertiatoque
1341 580 1563 621 numero
1604 565 1811 633 ﬁgurat,

280 653 415 707 duas
436 651 653 704 omnino
670 664 739 703 ex
765 650 937 704 tribus
959 651 1130 705 tertiis
1167 659 1347 718 partes
1388 653 1734 717 constituens,
1764 662 1819 707 et

280 741 518 795 occultos
550 740 729 803 simul,
756 747 812 792 et
848 733 1320 809 apertos‘intelligi
1362 740 1475 793 vult
1517 741 1813 797 haereticos.

282 830 468 883 Restat
510 843 611 882 una
640 828 799 882 tertia
822 828 964 882 inuis
982 836 1037 882 et.
1063 826 1212 893 loris,
1238 843 1357 896 quae
1388 830 1623 883 omnium
1667 829 1721 883 in
1758 845 1817 884 se

279 918 472 971 retinet
496 915 713 970 formas.
756 914 888 969 Cum
916 930 1045 970 vero
1087 917 1142 970 in
1182 915 1388 970 duabus
1425 918 1613 979 tertiis,
1655 933 1815 971 unam

278 1005 574 1075 simplicem
596 1005 711 1058 vult
734 1000 953 1073 intelligi
981 1005 1123 1058 intus
1164 1004 1220 1057 in
1264 1004 1418 1057 malis
1464 1004 1813 1069 Christianis;

276 1093 501 1147 alteram
540 1092 804 1159 triplicem
855 1090 987 1145 foris
1016 1092 1072 1144 in
1104 1090 1321 1155 Iudaeis,
1352 1091 1614 1144 haereticis
1657 1101 1817 1160 atque

277 1178 520 1247 paganis.
544 1177 612 1230 Et
634 1177 906 1231 sciendum
930 1178 1053 1245 quia
1080 1179 1181 1233 hoc
1207 1188 1292 1232 est
1315 1175 1467 1232 terra
1495 1180 1636 1248 quod
1663 1181 1819 1234 arbo-

280 1281 384 1326 res,
414 1266 467 1319 id
493 1271 577 1319 est
600 1264 858 1318 malorum
884 1280 1089 1320 summa
1120 1266 1174 1319 in
1210 1267 1413 1321 duabus
1460 1268 1631 1321 tertiis
1674 1284 1817 1323 com-

278 1351 562 1418 prehensa,
591 1365 813 1418 quarum
843 1367 946 1405 una
982 1351 1224 1419 simplex,
1267 1352 1430 1406 altera
1469 1354 1662 1422 triplex
1688 1364 1771 1409 est
1800 1375 1813 1408 :

278 1446 419 1492 terra
445 1438 588 1492 enim
605 1448 731 1491 sunt
755 1449 1084 1506 peccatores,
1106 1440 1230 1508 quia
1252 1447 1463 1495 terrena
1482 1451 1812 1510 qumrentes;

273 1534 329 1579 et
351 1525 569 1579 arbores
595 1526 719 1592 quia
744 1526 1085 1582 instabilitate
1110 1535 1377 1592 nutantes,
1402 1530 1468 1583 de
1490 1531 1681 1597 quibus
1722 1546 1820 1599 per

275 1612 463 1668 ludam
491 1613 688 1667 dicitur
719 1632 732 1665 :
764 1612 837 1666 Hi
858 1624 979 1667 sunt
1016 1616 1226 1668 arbores
1266 1616 1615 1681 autumnales,
1649 1618 1818 1687 infru-

273 1712 486 1766 ctuosa,
512 1701 809 1766 eradicataz,
834 1704 910 1756 bis
943 1712 1157 1757 mortua:
1190 1703 1361 1774 (Jud.,
1400 1704 1509 1775 12).
1538 1705 1697 1760 Missa
1716 1707 1817 1760 ita-

274 1804 379 1857 que
421 1790 697 1859 grandine,
743 1799 799 1845 et
850 1792 971 1861 igne
1018 1808 1141 1848 cum
1187 1793 1461 1862 sanguine,
1507 1794 1624 1847 dua:
1647 1796 1816 1849 tertia:

276 1877 690 1941 comburuntur;
740 1894 844 1931 una
874 1880 1072 1934 illibata
1113 1888 1373 1946 servatur,
1420 1882 1545 1949 quia
1590 1897 1815 1951 exagge-

278 1971 430 2018 rante
454 1964 532 2017 ira
559 1965 773 2032 superni
794 1964 1007 2033 iudicis,
1034 1969 1262 2022 societas
1286 1968 1489 2036 antiqui
1507 1968 1673 2022 hostis
1690 1969 1815 2023 dum

270 2052 642 2120 prmdicatione
662 2062 965 2109 sanctorum
989 2071 1093 2109 non
1120 2056 1419 2125 colligitur,
1434 2058 1539 2111 odii
1561 2058 1641 2111 sui
1668 2055 1816 2110 llam-

268 2141 373 2195 mis
400 2142 756 2197 succenditur.
785 2142 1139 2213 Congregatio
1165 2158 1291 2198 vero
1326 2144 1524 2198 Christi
1561 2146 1676 2212 ipso
1702 2161 1815 2199 ma-

265 2228 442 2282 lorum
469 2230 592 2284 odio
612 2239 910 2296 exercetur,
941 2232 1033 2286 sed
1056 2246 1159 2285 non
1182 2230 1526 2286 consumitur.
1552 2230 1699 2295 Quod
1720 2246 1814 2285 au-

267 2327 375 2371 tem
420 2320 702 2374 subditur:
735 2320 899 2374 Omne
940 2321 1114 2389 fenum
1164 2322 1325 2375 viride
1368 2322 1683 2374 combustum
1713 2331 1811 2384 est,

272 2406 514 2473 repetitio
541 2407 815 2461 sententiae
841 2407 1067 2461 videtur.
1098 2408 1156 2460 ln
1189 2408 1394 2461 duabus
1418 2408 1620 2461 scilicet
1641 2408 1813 2461 tertiis

266 2509 418 2546 omne
446 2495 618 2562 fenum
650 2494 812 2547 viride
837 2495 1154 2547 combustum
1190 2502 1286 2558 est,
1334 2493 1387 2547 id
1411 2501 1494 2547 est
1522 2500 1809 2547 memorata

267 2580 526 2637 malorum
551 2596 675 2650 pars
698 2582 804 2637 odii
824 2583 907 2636 sui
936 2581 1162 2637 ﬂammis
1197 2590 1528 2651 consumpta.
1560 2582 1811 2636 Viriditas

264 2669 409 2722 enim
429 2668 537 2722 feni
559 2670 660 2723 hoc
678 2670 796 2723 loco
822 2679 1039 2738 propter
1063 2671 1340 2725 illecebras
1361 2671 1576 2739 ponitur
1598 2672 1805 2736 carnis;

257 2758 411 2825 juxta
433 2758 561 2811 illud
590 2773 607 2811 :
637 2756 816 2812 Omnis
845 2775 966 2811 caro
995 2758 1189 2825 fenum,
1220 2766 1277 2812 et
1302 2758 1522 2826 reliqua.
1554 2758 1689 2828 (Isa.
1719 2775 1803 2822 xc,

262 2845 344 2916 6.)
392 2846 543 2902 Unde
568 2855 750 2901 contra
779 2847 968 2911 turbm,
998 2861 1117 2915 quae
1150 2862 1182 2900 a
1231 2847 1454 2900 Domino
1495 2854 1805 2915 pascuntur,

264 2950 428 3003 super
451 2934 629 2988 fenum
676 2936 858 2989 sedere
904 2942 1298 3001 memorantur;
1328 2935 1381 2990 id
1406 2942 1488 2989 est
1513 2935 1807 3005 voluptates

261 3023 442 3076 carnis
465 3023 751 3091 premendo
772 3024 1031 3093 subigere.

332 3112 493 3164 Vens.
534 3112 587 3165 8.
610 3141 682 3151 —
703 3110 771 3165 Et
811 3112 1065 3166 secundas
1093 3111 1307 3180 angelus
1348 3113 1469 3164 tuba
1524 3111 1728 3174 cecinit,
1756 3118 1806 3163 et

258 3209 506 3267 tanquam
531 3214 675 3252 mons
691 3214 906 3267 magnus
924 3199 1038 3267 igne
1054 3198 1239 3251 ardens
1264 3198 1449 3251 missus
1468 3204 1544 3249 est
1565 3196 1621 3250 in
1642 3212 1800 3249 mare.

256 3286 336 3357 Et
384 3286 522 3353 facta
562 3296 635 3340 est
663 3288 811 3340 tertia
854 3303 974 3355 pars
1001 3286 1159 3339 maris
1186 3286 1416 3355 sanguis,
1446 3286 1629 3354 (Ἶιιιε.
1676 3284 1731 3353 9)
1756 3294 1805 3336 et

263 3383 469 3437 mortua
488 3383 562 3428 est
583 3375 637 3427 in
654 3391 713 3428 eo
734 3376 883 3428 tertia
906 3390 1027 3444 pars
1046 3382 1317 3437 creaturis,
1339 3357 1455 3443 qua:
1473 3374 1671 3427 habent
1690 3374 1804 3425 ani-

259 3479 397 3526 mas,
425 3471 474 3516 et
498 3463 644 3515 tertia
665 3480 785 3531 pars
809 3464 1015 3516 navium
1036 3462 1246 3517 interiit.
1277 3461 1428 3515 Mons
1452 3478 1669 3531 magnus
1695 3462 1805 3516 dia-

257 3553 416 3608 bolus
439 3553 652 3617 dicitur,
679 3553 789 3606 sive
812 3554 936 3621 quia
960 3551 1148 3606 similis
1170 3551 1245 3604 illi
1271 3565 1389 3605 esse
1408 3551 1589 3612 voluit,
1614 3551 1679 3604 de
1698 3564 1802 3616 quo

257 3641 498 3695 dicitur:
530 3640 645 3693 Erit
674 3642 726 3693 in
764 3641 1048 3694 novissimis
1086 3640 1264 3693 diebus
1302 3647 1623 3707 preparatus
1656 3654 1801 3689 mons

258 3726 396 3796 (Isa.
426 3743 488 3790 ιι,
516 3725 601 3796 2);
633 3728 744 3779 sive
768 3727 891 3794 quia
939 3726 992 3779 in
1020 3725 1308 3779 novissimo
1334 3724 1618 3779 extolletur
1643 3724 1801 3791 supra

255 3831 418 3871 omne
458 3815 598 3882 quod
627 3816 838 3877 dicitur,
886 3823 989 3868 aut
1029 3815 1171 3882 quod
1204 3813 1393 3867 colitur
1419 3812 1575 3865 Deus.
1606 3811 1803 3864 Ardens

258 3913 458 3965 autem,
477 3904 599 3971 quia
619 3902 816 3955 malitia
837 3917 930 3955 sua
959 3909 1117 3969 atque
1141 3902 1336 3955 invidia
1366 3908 1662 3969 torquetur,
1679 3901 1804 3971 quia

257 3992 449 4063 angelo
471 3992 593 4045 tuba
612 3998 852 4055 canente,
874 3991 925 4043 id
946 3998 1026 4044 est
1043 3989 1277 4042 Ecclesia
1299 3989 1617 4057 praedicante
1635 4005 1665 4041 a
1681 4005 1804 4044 san-

256 4083 361 4135 ctis
383 4064 603 4148 eiectus,
634 4082 687 4135 in
714 4095 878 4145 mare,
902 4080 1001 4133 hoc
1023 4079 1177 4132 estin
1206 4076 1519 4139 incredulos,
1544 4078 1800 4142 mittitur;

257 4185 368 4224 non
387 4185 494 4237 quo
541 4172 595 4223 in
625 4171 705 4225 eis
730 4179 853 4224 ante
889 4184 993 4223 non
1020 4175 1164 4232 erat,
1195 4166 1287 4220 sed
1321 4167 1444 4234 quia
1468 4166 1534 4219 ab
1562 4166 1678 4219 istis
1697 4165 1802 4233 eje-

258 4268 398 4321 ctus,
439 4258 663 4325 amplius
706 4258 811 4313 illis
837 4257 1018 4326 incipit
1039 4255 1316 4310 dominari.
1365 4255 1584 4308 Videtur
1624 4264 1800 4308 autem

261 4348 313 4400 in
347 4360 449 4400 una
495 4346 668 4410 tertia,
697 4360 813 4413 qua:
863 4346 916 4398 in
958 4345 1267 4414 sanguinem
1311 4357 1462 4396 versa
1502 4352 1603 4406 est,
1635 4359 1800 4411 genus

260 4437 451 4491 mortis
473 4449 579 4504 quo
605 4434 719 4487 dum
762 4433 930 4486 tertia:
972 4434 1236 4486 intereunt
1263 4431 1509 4502 ﬁgurari;
1537 4440 1593 4484 ut
1620 4432 1672 4484 in
1694 4447 1797 4484 una

259 4541 429 4590 mors,
469 4526 521 4579 in
569 4524 773 4578 duabus
816 4536 1069 4576 numerus
1112 4522 1447 4574 morientium
1487 4522 1796 4588 assignetur.

258 4616 411 4682 Aqua
437 4616 489 4666 in
515 4613 819 4682 sanguinem
842 4624 1013 4673 versa,
1036 4609 1292 4676 sapientia
1317 4611 1546 4663 carnalis
1565 4618 1663 4671 est,
1685 4624 1801 4676 qua:

259 4706 469 4757 animas
494 4703 719 4757 occidit:
751 4694 888 4755 unde
913 4698 1193 4768 Apostolus
1225 4714 1236 4750 :
1276 4698 1471 4767 Sapere
1514 4699 1799 4753 secundum

258 4806 479 4849 carnem
503 4806 649 4845 mors
671 4800 755 4845 est
781 4774 1093 4861 (Rom..vni,
1125 4788 1209 4858 6);
1254 4803 1373 4857 quae
1423 4791 1702 4857 sapientia,
1748 4799 1801 4843 et

259 4884 456 4939 malam
479 4880 862 4946 credulitatem,
886 4890 940 4934 et
961 4866 1185 4950 pravam
1224 4880 1578 4946 operationem
1603 4879 1801 4948 signiﬁ-

256 4981 365 5027 cat.
408 4970 540 5026 Nam
558 4985 655 5039 pro
680 4982 843 5037 pravo
872 4969 1113 5035 dogmate
1134 4967 1327 5020 dicitur
1354 4982 1366 5016 :
1400 4964 1593 5018 Littera
1618 4966 1799 5019 occidit

258 5058 343 5126 (11
370 5058 490 5111 Cor.
526 5075 607 5121 ιιι,
632 5057 715 5127 6);
747 5071 840 5124 pro
866 5068 1028 5121 pravo
1052 5068 1211 5119 opere
1235 5070 1249 5105 :
1282 5052 1464 5105 Libera
1494 5070 1573 5105 me
1594 5055 1655 5106 de
1682 5070 1800 5106 san-

256 5147 500 5217 guiuibus
522 5147 689 5215 (Psal.
715 5164 763 5209 L,
798 5144 900 5213 {6).

330 5235 489 5286 Vsus.
530 5232 611 5283 l0.
640 5262 707 5270 —
735 5232 800 5284 Et
832 5232 1010 5285 tertius
1042 5230 1249 5299 angelus
1278 5231 1396 5281 tuba
1426 5231 1626 5293 cecinit,
1650 5240 1695 5282 et
1720 5247 1798 5283 ce-

255 5326 381 5378 cidit
423 5323 487 5378 de
526 5321 646 5375 cwlo
688 5321 833 5373 stella
878 5339 1063 5391 magna
1106 5332 1345 5388 tanquam
1390 5318 1562 5386 facula
1587 5321 1794 5375 ardens.

258 5413 510 5467 Diabolus
534 5412 643 5466 sive
672 5424 766 5477 pro
792 5410 959 5476 prima
986 5410 1258 5477 dignitate,
1291 5408 1399 5460 sive
1440 5408 1561 5474 quia
1591 5406 1798 5460 transﬁ-

253 5509 413 5572 gurat
439 5516 496 5555 se
522 5516 575 5554 tn
600 5499 839 5569 angelum
869 5498 1019 5560 lucis,
1051 5498 1197 5550 stella
1222 5505 1453 5550 vocatur.
1490 5496 1681 5565 Magna
1706 5514 1798 5548 an—

258 5606 385 5649 tem,
416 5590 535 5656 quia
562 5590 766 5643 ceteris
792 5586 987 5655 angelis
1012 5586 1259 5653 praelatus
1294 5592 1392 5638 est.
1435 5585 1638 5638 Ardeus
1672 5599 1796 5639 vero

1915 564 2283 636 intelligendus
2310 579 2411 633 est,
2443 586 2548 639 quo
2569 571 2718 638 prius
2743 570 2809 625 de
2834 571 3076 639 supernis
3120 572 3331 627 sedibus
3354 572 3459 640 eie—

1915 661 2032 707 ctus
2054 662 2167 719 est;
2192 657 2283 710 sed
2301 672 2409 724 quo
2432 658 2619 726 angelo
2644 665 2885 720 canente,
2909 658 2961 711 id
2974 666 3055 711 est
3074 658 3307 713 Ecclesia
3327 675 3469 727 pm.

1914 741 2147 807 dicante,
2175 743 2242 796 ab
2265 745 2448 799 electis
2466 744 2715 798 exclusus
2740 753 2841 798 est.
2868 744 3001 797 Nam
3030 745 3223 799 caelum
3249 755 3332 800 est
3355 748 3456 802 Ec-

1914 828 2096 891 clesia,
2123 844 2283 896 quam
2309 830 2561 884 Dominus
2587 830 2914 898 prmsidendo
2935 832 3211 885 inhabitat.
3239 833 3309 886 Et
3328 837 3460 887 ceci-

1911 916 1989 969 dit
2009 916 2063 969 in
2090 916 2293 969 tertiam
2314 926 2511 986 partem
2529 917 2800 987 ﬂuminum
2825 925 2873 970 et
2916 918 2970 969 in
2990 917 3155 984 fontes
3175 934 3457 987 aquarum;

1914 1003 2017 1057 hoc
2042 1012 2125 1057 est
2150 1004 2202 1055 in
2227 1004 2512 1057 humanam
2539 1013 2805 1068 naturam,
2834 1019 2953 1072 qua:
2978 1005 3044 1058 ab
3069 1013 3189 1058 ortu
3216 1020 3311 1058 suo
3336 1021 3456 1059 car-

1915 1087 2113 1141 nalium
2168 1088 2495 1156 voluptatum
2546 1090 2704 1143 undis
2755 1089 3111 1158 prmierﬂuens
3134 1090 3366 1144 decurrit
3392 1092 3458 1145 ad

1915 1184 2158 1231 mortem.
2191 1176 2375 1245 (Vens.
2404 1176 2514 1247 ll.)
2537 1176 2607 1229 Et
2655 1193 2839 1229 nomen
2873 1177 3035 1230 stellw
3064 1179 3253 1230 dicitur
3276 1178 3459 1232 Absin-

1917 1264 2073 1317 thius.
2101 1264 2231 1329 Quia
2267 1279 2297 1317 a
2346 1265 2586 1319 veritatis
2631 1264 2908 1317 dulcedine
2951 1265 3189 1320 diabolus
3217 1267 3457 1321 resiliens

1916 1350 1968 1401 in
2012 1351 2420 1404 amaritudinem
2471 1349 2731 1405 mendacii
2780 1359 3131 1419 commutatus
3180 1360 3292 1416 est,
3340 1353 3458 1420 jure
3528 1344 3531 1345 ν

1914 1438 2161 1492 absinthii
2187 1439 2497 1503 vocabulum
2542 1440 2763 1493 sortitus
2788 1446 2888 1492 est.
2926 1439 2993 1492 Et
3037 1440 3161 1507 quia
3200 1440 3457 1494 malorum

1913 1523 2168 1592 exemplis
2206 1524 2420 1592 plurimi
2471 1531 2730 1591 pereunt,
2776 1530 2898 1591 apte
2942 1523 3279 1592 subiungitur
3323 1539 3338 1576 :
3388 1524 3457 1577 Et

1914 1613 2062 1667 multi
2084 1615 2347 1667 hominum
2368 1614 2559 1666 mortui
2581 1622 2698 1666 sunt
2724 1629 2787 1666 ea:
2810 1612 2977 1682 aquis,
3002 1612 3240 1681 quoniam
3261 1629 3454 1665 amara:

1916 1702 2068 1768 facta
2104 1711 2243 1755 sunt.
2275 1702 2437 1766 Quasi
2464 1701 2605 1755 enim
2644 1716 2711 1755 ex
2751 1700 2947 1754 amaris
2983 1700 3135 1767 aquis
3159 1700 3455 1753 moriuntur

1845 1780 1888 1839 Β
1916 1791 2179 1854 homines,
2225 1805 2346 1843 eum
2386 1803 2758 1859 perversorum
2804 1788 3157 1858 dogmatibus,
3196 1789 3281 1842 vel
3329 1804 3453 1857 ope-

1912 1875 2176 1928 rationum
2218 1875 2474 1943 exemplis
2520 1874 2765 1929 carnales
2813 1874 2975 1928 illecti
3023 1875 3334 1943 spiritaliter
3360 1889 3451 1943 pc-

1911 1972 2087 2023 reunt.

1978 2053 2141 2114 ἵης.
2179 2051 2265 2106 12.
2292 2051 2453 2104 -Ει
2501 2060 2717 2121 quartus
2760 2051 2971 2120 angelus
3019 2051 3141 2104 tuba
3168 2051 3367 2116 cecinit,
3402 2062 3451 2105 et

1907 2158 2147 2209 percussa
2172 2150 2248 2194 est
2275 2142 2427 2194 tertia
2458 2156 2579 2211 pars
2601 2140 2746 2206 solis,
2792 2150 2841 2194 et
2878 2142 3029 2193 tertia
3061 2157 3182 2209 pars
3202 2140 3360 2204 laute,
3403 2150 3450 2193 et

1909 2228 2059 2280 tertia
2078 2244 2197 2296 pars
2212 2228 2511 2307 stellarum,
2537 2238 2594 2281 ut
2632 2214 2992 2280 obscuraretur
3034 2229 3183 2280 tertia
3224 2245 3345 2296 pars
3368 2245 3453 2282 eo-

1909 2332 2045 2377 rum,
2070 2325 2119 2368 et
2141 2316 2244 2368 diei
2266 2331 2367 2368 non
2394 2314 2583 2367 luceret
2606 2330 2728 2384 pars
2770 2314 2943 2377 tertia,
2975 2322 3023 2366 et
3053 2318 3153 2389 nos
3198 2314 3448 2366 similiter.

1909 2405 2011 2458 Per
2037 2405 2224 2468 solem,
2252 2412 2307 2456 et
2344 2403 2545 2473 lunam,
2593 2411 2648 2458 et
2675 2402 2856 2456 stellas
2894 2400 3128 2455 Ecclesia
3171 2400 3449 2467 ﬁguratur,

1893 2502 2129 2561 “quonim
2152 2492 2448 2545 obscuritas
2466 2492 2678 2559 proprie
2695 2492 2764 2545 ad
2788 2490 3155 2545 bmreticorum
3177 2488 3450 2558 perﬁdiam

1908 2580 2154 2634 refertur.
2180 2580 2246 2633 Et
2265 2578 2509 2649 quamvis
2532 2579 2649 2633 dua:
2676 2588 2855 2648 partes
2874 2581 2978 2632 sint
2997 2596 3060 2632 ex
3088 2581 3257 2633 tribus
3282 2581 3452 2633 tertiis

1906 2671 2177 2734 conlecta,
2207 2686 2311 2724 una
2337 2670 2539 2724 scilicet
2579 2670 2683 2724 diei
2727 2683 2823 2737 per
2866 2668 3048 2729 solem,
3077 2668 3250 2720 'altera
3279 2668 3449 2721 noctis

1906 2775 2001 2828 per
2027 2760 2207 2813 lunam
2246 2768 2404 2827 atque
2429 2759 2642 2823 stellas;
2672 2774 2832 2812 unam
2875 2766 3051 2811 tamen
3080 2759 3195 2812 dua:
3220 2757 3445 2821 faciunt,

1904 2858 1996 2900 aut
2020 2863 2124 2900 una
2150 2849 2203 2901 in
2241 2849 2444 2903 duabus
2471 2848 2841 2901 subdividitur.
2887 2847 2967 2900 Ad
3012 2847 3114 2901 hoc
3152 2846 3351 2901 scilicet
3388 2853 3447 2899 ut
3505 2870 3511 2875 -

1904 2943 2145 3003 apertum
2188 2936 2302 3005 ejus
2351 2949 2586 2988 errorem
2614 2950 2711 3002 per
2732 2936 2895 3001 diem,
2924 2946 2977 2990 et
3002 2935 3263 2992 occultum
3308 2935 3446 2991 desi-

1904 3031 2029 3093 gnet
2072 3038 2169 3091 per
2211 3032 2449 3088 noctem;
2506 3024 2745 3092 publicas
2791 3024 3035 3078 videlicet
3077 3021 3444 3080 hereticorum

1905 3109 2337 3175 conﬂictationes,
2364 3120 2418 3164 et
2438 3112 2711 3165 obstrusas
2731 3111 3167 3165 machinationes.
3190 3111 3313 3167 Ideo
3337 3128 3437 3168 auv

1905 3205 2011 3251 tem
2054 3212 2159 3251 non
2206 3197 2419 3262 dicitur,
2442 3212 2691 3267 percussa
2714 3206 2797 3252 est
2832 3198 2988 3252 tertia
3027 3213 3150 3267 pars
3174 3206 3228 3252 et
3252 3201 3443 3254 obscu-

1904 3296 2041 3352 rata,
2067 3288 2159 3342 sed
2182 3304 2419 3356 percussa
2446 3297 2502 3340 ut
2528 3288 2886 3342 obscuraretur
2929 3301 3163 3355 congruo
3185 3293 3439 3358 tempore,

1901 3378 2025 3445 quia
2046 3386 2172 3437 tunc
2195 3378 2458 3432 veraciter
2483 3379 2834 3433 obscurantur
2860 3376 3112 3438 haeretici,
3131 3391 3251 3430 cum
3266 3384 3445 3446 aperte

1901 3466 1968 3517 ab
1993 3465 2232 3518 Ecclesia
2258 3472 2593 3531 separantur.
2614 3463 2745 3516 Nam
2771 3465 2920 3530 prius
2943 3465 3091 3532 quasi
3111 3464 3314 3518 occulte
3332 3465 3443 3519 vul-

1900 3559 2171 3605 nerantur.
2200 3551 2574 3604 Percutiuntur
2598 3558 2776 3604 autem
2803 3565 2867 3603 ex
2898 3550 3094 3605 lumine
3119 3550 3240 3605 ﬁdei
3284 3561 3339 3606 et
3365 3552 3445 3607 di-

1899 3639 2007 3693 vini
2036 3640 2182 3694 verbi
2207 3639 2468 3692 claritate.
2493 3638 2618 3703 Qum
2638 3633 2864 3705 perditio
2885 3653 2989 3691 non
3018 3638 3085 3690 ad
3111 3638 3275 3691 Deum
3301 3640 3411 3694 redi
3429 3669 3441 3677 -

1900 3730 2067 3797 genda
2112 3737 2213 3791 est,
2264 3729 2356 3781 sed
2401 3729 2479 3781 sic
2523 3725 2879 3795 intelligenda,
2914 3725 3050 3794 sicut
3090 3725 3155 3779 de
3198 3726 3442 3780 indurato

1899 3817 2057 3870 corde
2081 3815 2391 3869 Pharaonis.
2417 3816 2599 3885 (Vens.
2624 3815 2733 3881 l3.)
2762 3814 2830 3866 Et
2855 3814 2981 3877 vidi,
3010 3821 3059 3865 et
3076 3813 3248 3866 audivi
3271 3830 3438 3867 vocem

1900 3906 2050 3958 unius
2071 3904 2259 3975 aquilio
2282 3904 2499 3957 volantis
2526 3920 2616 3973 per
2659 3903 2882 3955 medium
2908 3902 3120 3965 cmlum,
3150 3908 3202 3955 et
3227 3902 3440 3955 dicentis

1899 4012 2019 4049 voce
2062 4012 2248 4065 magna
2270 4013 2287 4048 :
2321 3994 2433 4057 Va’,
2482 4010 2579 4057 vrr,
2612 4000 2700 4045 ’va:
2741 3991 3085 4044 habitantibus
3112 3999 3325 4045 terram.
3366 3990 3438 4044 De

1898 4085 2107 4137 caeteris
2133 4082 2350 4137 vocibus
2370 4082 2614 4136 tubarum
2637 4080 2794 4133 trium
2819 4079 3141 4150 angelorum,
3171 4078 3259 4147 qui
3288 4087 3439 4131 erant

1898 4172 2024 4225 tuba
2052 4173 2298 4235 canituri,
2329 4180 2439 4226 tam
2485 4171 2736 4235 Joannes,
2763 4186 2919 4239 quam
2947 4169 3141 4240 aquila,
3173 4180 3439 4237 quamque

1896 4258 2089 4327 angeli,
2141 4258 2391 4313 Ecclesiae
2436 4258 2658 4326 ﬁguram
2710 4267 2941 4326 gemat:
2982 4274 3098 4325 quzc
3146 4261 3281 4312 bene
3334 4274 3435 4311 una

1899 4347 2075 4416 aquila
2099 4346 2312 4412 dicitur,
2340 4347 2463 4414 quia
2493 4346 2546 4398 in
2578 4345 2779 4397 unitate
2821 4344 2940 4398 ﬁdei
2964 4345 3223 4409 consistit,
3251 4356 3304 4399 et
3330 4348 3435 4401 cal-

1900 4438 2034 4491 catis
2061 4436 2285 4491 terrenis
2326 4434 2680 4504 voluptatibus
2735 4434 2799 4487 ad
2848 4433 3080 4488 cmlestia
3111 4434 3432 4490 sublevatur.

1898 4527 2018 4595 Ipsa
2055 4542 2183 4597 ergo
2226 4527 2281 4580 in
2318 4524 2518 4581 Joanne
2563 4541 2619 4580 se
2658 4526 2826 4594 ipsam
2848 4526 3008 4578 videt.
3037 4526 3153 4594 lpsa
3180 4526 3231 4579 in
3261 4527 3432 4594 aquila

1900 4616 2068 4680 volat;
2100 4617 2211 4685 ipsa
2233 4618 2284 4669 in
2318 4617 2485 4671 tribus
2500 4616 2698 4686 angelis
2714 4618 2991 4684 postremo
3029 4624 3260 4683 tempore
3296 4616 3430 4668 mala

1899 4711 2121 4757 ventura
2156 4705 2446 4758 denuntiat.
2475 4706 2540 4757 Et
2579 4713 2706 4759 nota
2728 4706 2848 4773 quia
2894 4706 2946 4757 in
2991 4703 3207 4772 spiritali
3234 4703 3432 4756 visione

1900 4792 2002 4844 hoc
2043 4799 2128 4844 est
2166 4791 2346 4846 videre
2372 4794 2512 4861 quod
2538 4794 2741 4847 audire.
2769 4793 2826 4846 in
2870 4809 2933 4847 eo
2962 4804 3136 4846 autem
3166 4792 3302 4859 quod
3329 4806 3431 4843 non

1897 4879 1962 4932 de
1991 4877 2409 4947 praecedentibus
2432 4882 2671 4943 vocibus,
2724 4881 2813 4934 sed
2855 4880 3180 4947 sequentium
3226 4876 3433 4946 angelo-

1896 4984 2013 5021 rum
2042 4968 2233 5022 dieitur
2252 4966 2450 5036 lugere,
2473 4970 2768 5023 ostenditur
2793 4970 3026 5024 Ecclesia
3054 4977 3299 5022 venturas
3318 4965 3427 5033 pla-

1897 5074 1989 5126 gas
2016 5059 2236 5112 diversa:
2288 5057 2603 5112 calamitatis
2645 5060 2869 5113 diversis
2908 5058 3226 5127 temporibus
3254 5055 3431 5123 lugere

1896 5154 1949 5199 et
1974 5144 2290 5214 prazdiearc;
2320 5145 2496 5213 lugere
2543 5146 2744 5199 scilicet
2771 5148 2821 5199 in
2850 5147 3043 5214 aquila,
3068 5135 3351 5213 przedicare
3378 5143 3429 5196 in

1902 5236 2119 5304 angelis.
2166 5236 2266 5288 Per
2314 5234 2540 5287 medium
2584 5234 2764 5302 itaque
2805 5235 2993 5289 cmlutn
3018 5233 3192 5287 volare
3217 5230 3428 5291 dicitur,

1900 5326 2021 5393 quia
2047 5326 2168 5379 hinc
2197 5326 2315 5378 inde
2344 5324 2525 5376 orbem
2556 5330 2814 5375 terrarum
2850 5322 3098 5390 possidet,
3127 5318 3273 5387 cujus
3298 5334 3431 5387 pra:-

1900 5414 2092 5471 dicatio
2119 5414 2311 5467 idcirco
2339 5429 2433 5465 vox
2468 5415 2653 5480 magna
2676 5420 2911 5476 vocatur,
2929 5412 3049 5479 quia
3074 5412 3125 5464 in
3150 5419 3257 5464 toto
3279 5424 3426 5461 mun-

1900 5502 1964 5555 do
1987 5504 2272 5568 personuit.
2496 5514 2504 5521 '
