4154 6234
652 386 789 451 U39

1256 503 1475 558 t..\l'L"l‘
1513 504 1602 556 lx.

727 604 884 653 Vsus.
913 600 956 658 Ι,
978 598 1029 648 '2.
1052 625 1116 633 ο-
1131 595 1195 646 Iit
1213 595 1420 661 quintus
1437 594 1649 663 angelus
1670 594 1747 645 tu!
1842 592 2013 650 erinit,
2039 600 2083 643 ct
2107 590 2207 641 ridi

652 691 851 744 stellam
884 687 1125 741 cecidisse
1170 686 1231 737 tle
1276 683 1398 757 («elo
1443 684 1498 735 in
1543 694 1756 745 terram,
1804 692 1849 733 et
1881 682 2002 733 datu
2030 690 2104 731 est
2135 678 2208 729 illi

654 780 807 832 claris
832 778 971 846 putei
994 774 1164 841 abyssi
1190 784 1267 825 :et
1294 775 1491 839 aperuit
1512 781 1713 840 puteum
1744 771 1933 838 abyssi.
1962 778 2010 820 et
2032 784 2209 819 ascen-

653 870 725 918 dit
755 866 928 931 [unius
951 863 1110 931 putei.
1145 860 1273 912 sicut
1324 859 1495 926 [huius
1547 856 1770 923 fornacis
1819 870 2039 922 magmc.
2071 853 2206 917 Quid

662 963 827 1008 “item
854 967 949 1019 per
975 949 1219 1017 angelum
1248 956 1299 1002 et
1325 947 1532 1003 stellam
1547 945 1868 1010 designatur,
1880 941 1991 1009 jam
2008 944 2205 995 dictum

655 1052 756 1095 cst.
790 1039 892 1094 Per
923 1039 1172 1107 abyssum
1204 1036 1505 1102 iniquorum
1553 1033 1712 1085 corda
1762 1033 2038 1097 signantur
2062 1046 2209 1082 erro-

658 1146 774 1184 rum
792 1127 1034 1185 tenebris
1062 1126 1341 1180 obscurata
1368 1141 1379 1174 :
1405 1136 1502 1190 per
1538 1134 1752 1188 puteum
1797 1121 1995 1189 abyssi,
2021 1119 2208 1186 pra-di-

656 1227 869 1270 ratores
897 1227 1139 1269 errorum
1169 1211 1361 1265 debent
1407 1208 1644 1277 intelligi.
1693 1210 1749 1260 Si
1777 1208 1918 1261 enim
1946 1222 2006 1259 os
2034 1205 2209 1273 abyssi

658 1313 846 1374 puteus
865 1311 965 1363 est,
998 1308 1140 1356 recte
1169 1298 1242 1354 illi
1290 1298 1564 1363 signantur
1588 1313 1680 1364 per
1700 1306 1934 1364 plllt'lllll,
1954 1309 2048 1363 per
2078 1309 2210 1361 quos

658 1393 915 1446 malarum
961 1389 1215 1458 iniquitas
1256 1400 1456 1439 venena
1500 1386 1579 1437 sui
1631 1385 1804 1437 cordis
1834 1385 2071 1437 ellaudit.
2112 1383 2211 1437 l’cr

658 1481 858 1533 rlavem
906 1475 1049 1549 putei
1106 1482 1342 1549 potestas
1386 1472 1696 1541 temporalis
1732 1473 2069 1541 exprimitur,
2106 1488 2208 1540 qua

659 1565 910 1632 antiquus
935 1560 1274 1615 adversarius
1312 1559 1377 1614 ad
1407 1573 1656 1625 perversa
1690 1557 1935 1627 dogmata
1963 1556 2212 1623 reprobo—

662 1668 777 1707 nnn
808 1666 902 1704 ora
952 1649 1195 1713 resolvit;
1220 1662 1340 1717 qut-.e
1389 1646 1636 1713 dogtnata
1667 1654 1809 1699 recte
1832 1645 1978 1697 fumo
2002 1660 2211 1713 compa-

661 1752 878 1801 rantur,
911 1739 1033 1807 quia
1060 1736 1237 1792 lumen
1262 1734 1502 1789 veritatis
1540 1733 1640 1786 sibi
1690 1734 1742 1786 in
1785 1725 2210 1801 caligiurm'ver-

1482 391 1537 443 ll.
1579 392 1634 442 ι’.
1678 389 1897 442 Αιωλι
1938 389 2066 441 διζυ
2110 384 2377 437 λιιιιιΝι
2414 383 2690 435 υιτι-Αιιλι
2733 383 2907 433 PARS
2946 383 3006 433 ll.

3728 376 3850 431 ΗΘ)

2230 497 2275 549 Α
2307 509 2387 545 ινδ
2418 504 2594 545 autem
2621 495 2845 555 robusti,
2869 503 2921 547 et
2948 494 3086 546 inter
3117 494 3463 544 tt-ntatiouutn
3507 499 3697 544 ventos
3722 507 3853 559 qua-

2309 585 2428 634 dam
2456 584 2744 653 stabilitate
2788 583 3028 635 radicati.
3061 581 3197 645 Quid
3230 582 3328 631 hoc
3356 593 3514 631 omne
3543 579 3732 638 viride,
3775 583 3855 631 vel

2309 688 2517 725 omnem
2551 674 2795 725 arborem
2823 672 3041 730 locustae
3064 671 3253 723 laedere
3273 668 3656 735 prohibentur?
3684 667 3725 719 Α
3750 676 3858 720 ιοιο

2309 778 2432 829 pars
2460 762 2798 831 intelligenda
2826 771 2928 824 est,
2972 776 3091 829 qua!
3118 759 3186 811 ab
3224 758 3311 811 illa
3354 756 3567 810 lzesione
3596 767 3853 811 servatur.

2309 847 2560 901 llotnines
2585 850 2761 916 itaque
2789 852 2995 917 signum
3021 848 3113 901 Dei
3142 848 3193 900 in
3225 845 3489 898 frontibus
3528 860 3633 898 non
3662 845 3857 898 haben-

2310 946 2412 997 tes,
2442 946 2564 988 sunt
2592 939 2680 1005 qni
2710 954 2769 989 ea
2820 938 2921 989 fide
2971 952 3088 1004 quat
3110 951 3204 1004 per
3230 934 3565 987 dilectionem
3589 942 3857 1001 operatur,

2309 1042 2411 1077 non
2440 1026 2657 1092 pollent.
2690 1027 2873 1095 (Vsus.
2903 1026 2979 1093 ii.)
3009 1026 3073 1078 Et
3102 1026 3281 1077 datum
3328 1034 3401 1077 est
3444 1022 3548 1075 illis
3576 1039 3639 1075 ne
3663 1024 3859 1076 occide-

2310 1124 2418 1164 rent
2468 1130 2573 1175 eos,
2608 1115 2696 1171 sed
2730 1123 2785 1166 ut
2817 1115 3106 1166 cruciarent
3135 1113 3305 1165 adhuc
3334 1112 3591 1166 mensibus
3619 1115 3855 1181 quinque.

2277 1232 2283 1239 ι
2311 1203 2365 1254 Si
2396 1203 2605 1270 reprobi
2630 1212 2753 1257 sunt
2781 1203 2871 1271 qui
2902 1203 3108 1270 signum
3132 1215 3235 1254 non
3258 1200 3476 1262 habent,
3507 1200 3770 1267 quomodo
3794 1202 3859 1251 ab

2308 1307 2493 1343 eorum
2525 1292 2896 1357 interiectione
2926 1291 3143 1343 locustm
3170 1289 3557 1357 prohibentur?
3599 1291 3681 1340 An
3727 1288 3860 1340 forte

2310 1307 2493 1343 eorum
2525 1306 2824 1345 interlectto
2866 1307 2896 1345 e
2926 1306 3143 1343 tocusnn
3170 1306 3555 1357 prontnentnr!
3599 1306 3681 1340 an
3727 1306 3857 1340 torte

2310 1380 2400 1446 qui
2428 1380 2636 1447 signum
2662 1380 2753 1432 Dei
2798 1306 2900 1431 nim
2920 1446 2923 1447 ν
2942 1378 3157 1439 habent,
3184 1375 3403 1427 vivunt?
3440 1374 3768 1442 Quapropter
3795 1377 3857 1427 ad

2310 1468 2637 1533 superiorem
2668 1466 2983 1517 sententiam
3013 1463 3069 1516 lit
3094 1461 3415 1515 sabauditio.
3448 1460 3668 1512 Dicatur
3693 1475 3818 1525 ergo
3843 1480 3854 1509 -.

2310 1555 2500 1608 Datum
2528 1563 2601 1607 est
2637 1554 2709 1606 eis
2738 1570 2799 1605 ne
2835 1552 3119 1606 occiderent
3154 1567 3255 1611 eos,
3298 1550 3387 1601 sed
3415 1558 3471 1601 ut
3499 1548 3861 1602 cruciarentur

2312 1643 2566 1696 mensibus
2588 1645 2842 1712 quinque;
2876 1641 2926 1694 id
2961 1651 3042 1694 est
3073 1651 3128 1694 nt
3159 1640 3392 1693 haeretici
3431 1654 3536 1692 non
3562 1638 3762 1708 possint
3787 1640 3860 1690 si-
3886 1646 3889 1647 '

2312 1740 2501 1799 gnatos
2529 1732 2808 1798 decipere;
2834 1731 2925 1783 sed
2952 1730 3239 1781 cruciando
3263 1729 3313 1781 in
3340 1729 3588 1796 prtesenti
3616 1728 3720 1780 vita
3745 1744 3862 1795 pro-

620 1844 623 1845 '
660 1842 796 1893 tnnt,
827 1840 881 1884 et
901 1830 1196 1884 claritatem
1223 1828 1346 1881 ﬁdei
1372 1829 1535 1881 etiam
1560 1828 1613 1879 in
1658 1825 1778 1879 aliis
1820 1800 2109 1878 obscurare
2137 1823 2215 1875 vi-
2247 1800 2289 1858 Β
2315 1820 2464 1881 bare,
2486 1834 2604 1887 qua:
2623 1820 2858 1887 quinque
2880 1819 3122 1873 sensibus
3148 1819 3388 1886 corporis
3426 1819 3647 1886 regitur,
3674 1818 3861 1885 quibus

660 1925 873 1977 dentur.
899 1917 1107 1980 Fornax
1137 1926 1311 1972 autem
1342 1930 1556 1982 tnugna,
1588 1912 1901 1968 Antichristi
1931 1921 2015 1964 est
2037 1924 2216 1979 perse-

662 2010 825 2068 cutio,
850 2008 915 2061 de
941 2021 1043 2075 qua
1080 2004 1259 2059 fortius
1296 2005 1589 2074 egreditur,
1619 2002 1670 2055 id
1694 2013 1776 2055 est
1823 2013 2072 2070 perversa
2122 2000 2218 2054 do-

658 2102 855 2162 ctrina,
883 2112 1001 2168 qua:
1026 2096 1361 2166 pereuntium
1385 2096 1594 2150 animas
1621 2094 1673 2146 in
1714 2092 1992 2161 caliginem
2023 2100 2212 2144 vertat.

666 2189 769 2241 Sed
788 2187 1053 2255 quomodo
1074 2184 1247 2238 fumus
1274 2186 1371 2238 iste
1396 2184 1585 2237 similis
1607 2183 1800 2235 dicitur
1824 2178 1968 2233 fumo
1991 2178 2218 2234 fornacis

666 2274 903 2339 maxime?
932 2289 1052 2327 cum
1102 2272 1358 2326 Dominus
1402 2273 1464 2324 de
1520 2272 1603 2323 illa
1656 2268 1996 2322 tribulatione
2029 2269 2214 2321 dicat:

669 2365 780 2416 Erit
810 2374 930 2415 tunc
955 2360 1219 2415 tribulatio
1246 2377 1454 2428 magna,
1482 2368 1534 2411 et
1581 2358 1784 2424 reliqua
1829 2355 2041 2423 (Matth.
2069 2372 2216 2417 xstv,

664 2456 773 2506 πυ.
807 2453 1089 2507 Sciendum
1115 2466 1241 2519 ergo
1288 2450 1412 2517 quia
1442 2463 1544 2502 non
1575 2456 1789 2515 propter
1830 2455 2091 2499 tormenta
2135 2447 2218 2501 vel

667 2544 796 2594 l'alsa
826 2542 1069 2607 dogmata
1100 2539 1382 2592 immanior
1401 2539 1646 2591 omnibus
1670 2536 1753 2589 illa
1780 2537 1998 2597 dicitur,
2029 2537 2082 2589 in
2102 2537 2219 2603 qni-

670 2633 767 2682 bus
796 2631 893 2682 ista
925 2629 1115 2681 similis
1134 2638 1239 2690 est,
1264 2629 1355 2681 sed
1384 2635 1599 2694 prepter
1650 2626 2027 2678 miraculorum
2069 2626 2220 2693 signa

667 2733 760 2787 per
782 2734 898 2785 qua:
923 2718 1092 2784 magis
1120 2715 1363 2782 decipiet.
1409 2714 1473 2765 Et
1520 2712 1820 2765 obscurattts
1850 2722 1924 2765 est
1960 2711 2104 2765 solet
2132 2728 2222 2763 aer

666 2807 729 2857 αἱς
749 2807 893 2875 [ωηο
919 2804 1073 2872 putei.
1102 2804 1237 2858 Ecce
1263 2790 1479 2871 quintus
1504 2801 1721 2869 angelus
1742 2801 1851 2869 jam
1877 2800 2070 2855 factum
2094 2800 2222 2853 dicit

669 2898 721 2948 in
766 2896 874 2948 sole
895 2906 948 2948 et
977 2912 1122 2955 aere,
1150 2894 1289 2960 quod
1316 2901 1539 2959 quartus
1566 2894 1617 2945 in
1646 2893 1786 2954 sole,
1815 2892 1938 2944 luna
1979 2900 2031 2943 et
2058 2892 2223 2945 stellis

669 2982 902 3035 futurum
931 2976 1260 3049 pra-dixerat.
1296 2982 1479 3050 (Vens.
1506 2982 1584 3049 5.)
1615 2979 1681 3033 Et
1708 2982 1770 3033 de
1808 2984 1950 3049 {uino
1990 2983 2221 3034 exierunt

2314 1917 2433 1978 apte
2456 1910 2702 1978 congruit
2726 1909 2866 1977 quod
2887 1910 3126 1976 sequitur
3157 1925 3170 1960 :

2387 2016 2452 2071 Et
2472 2018 2730 2070 cruciatus
2755 2032 2951 2078 eorum,
2979 2026 3033 2068 ut
3056 2016 3317 2068 cruciatus
3333 2018 3519 2085 scorpii
3548 2033 3663 2070 cum
3684 2033 3859 2085 pereu-

2316 2106 2376 2157 tit
2405 2105 2682 2158 hominem.
2712 2105 2781 2158 l’t
2805 2104 3051 2158 videlicet
3102 2104 3257 2158 electi
3301 2106 3594 2172 posteriora
3628 2115 3863 2159 contem-

2316 2203 2523 2258 nentes,
2549 2204 2604 2249 ct
2631 2196 2695 2247 ad
2719 2211 2780 2249 ca
2807 2210 2924 2263 qua:
2950 2202 3072 2247 ante
3098 2203 3221 2248 sunt
3249 2196 3865 2262 semetipsos‘exlcadcn-

2321 2293 2418 2346 tes,
2468 2299 2533 2336 ex
2582 2299 2645 2336 eo
2688 2284 2754 2336 ab
2795 2284 2914 2336 aliis
2946 2282 3101 2350 ειἰηίςί
3149 2284 3455 2347 credantur,
3482 2284 3622 2351 quod
3653 2284 3746 2350 ipsi
3774 2298 3869 2350 per

2319 2380 2677 2438 contemptum
2702 2370 2879 2423 smculi
2910 2372 3172 2438 respuisse
3196 2371 3475 2433 videntur;
3507 2370 3558 2423 id
3578 2379 3659 2422 est
3679 2369 3754 2421 vel
3778 2384 3869 2437 po-

2318 2466 2511 2511 testate
2538 2458 2778 2514 seculari
2809 2457 2889 2511 vel
2914 2458 3064 2511 mal-.u
3096 2459 3426 2512 credulitatis
3452 2472 3655 2511 errore.
3682 2457 3863 2527 (Vens.

2318 2546 2397 2615 6.)
2426 2545 2491 2596 Et
2514 2546 2567 2596 in
2597 2545 2775 2597 diebus
2798 2544 2901 2597 illis
2921 2555 3148 2612 qua'rent
3176 2546 3404 2597 homines
3432 2553 3667 2607 mortem,
3697 2553 3741 2595 et
3770 2560 3870 2595 non

2318 2631 2595 2692 inrcnient,
2646 2632 2861 2699 cupient
2906 2632 3059 2694 mori,
3104 2640 3150 2682 et
3177 2630 3335 2699 fugiet
3372 2647 3507 2683 mors
3533 2630 3597 2681 ab
3632 2631 3722 2682 eis.
3751 2629 3870 2683 Dies

2323 2720 2408 2772 isti
2438 2719 2505 2771 ab
2535 2718 2763 2772 adventu
2788 2718 2995 2772 Domini
3019 2733 3184 2786 usque
3207 2718 3271 2771 ad
3294 2717 3451 2771 linem
3480 2718 3659 2772 Steceli
3686 2718 3869 2771 decur-

2324 2813 2464 2858 runt.
2498 2806 2721 2859 Mortem
2768 2805 2963 2873 quippe
3004 2805 3157 2858 electi
3204 2814 3466 2873 quaerunt,
3516 2820 3638 2860 enm
3669 2813 3869 2859 secreta

2323 2895 2731 2949 conversatione
2750 2893 2859 2947 Deo
2880 2893 3138 2946 inhaerere
3162 2893 3381 2959 cupiunt
3414 2909 3426 2943 :
3456 2892 3547 2945 sed
3578 2890 3709 2960 fugit
3732 2907 3871 2945 mors

2324 2986 2391 3037 ab
2417 2984 2517 3045 eis,
2543 2984 2667 3051 quia
2709 2996 2803 3035 eos
2830 2989 2922 3034 aut
2966 2980 3235 3050 regiminis
3265 2979 3543 3033 insolubile
3584 2980 3870 3039 vinculum.

668 3063 877 3125 loc'usta'
911 3072 962 3123 in
985 3083 1193 3123 (errant.
1226 3072 1389 3138 Digne
1417 3086 1513 3139 per
1542 3072 1773 3124 locustas
1820 3071 2055 3123 haeretici
2082 3070 2220 3123 desi-
2248 3105 2294 3166 ο
2326 3080 2415 3123 aut
2440 3069 2706 3123 inferioris
2731 3068 2926 3139 gradus
2944 3069 3208 3137 astringit.
3238 3068 3420 3139 (Vens.
3448 3067 3524 3138 7.)
3550 3067 3615 3120 Et
3637 3068 3871 3121 similitu-

670 3169 915 3227 gnantur.
948 3156 1096 3209 Sicut
1121 3158 1261 3209 enim
1291 3157 1376 3209 ille
1405 3172 1502 3210 nec
1530 3156 1763 3223 perfecte
1801 3165 1855 3208 nt
1886 3172 2010 3209 aves
2039 3156 2219 3209 volan-

672 3257 773 3309 tes,
801 3261 895 3298 nec
916 3245 1172 3313 gradatim
1197 3246 1438 3312 passibus
1458 3256 1756 3315 pergentes,
1786 3246 1876 3299 se]
1905 3246 2068 3299 saltus
2094 3249 2221 3299 dan-

674 3345 754 3389 tes
782 3344 936 3390 terne
966 3344 1077 3389 sata
1104 3336 1350 3389 videntur
1372 3336 1683 3397 cor-rodere;
1712 3337 1790 3387 sic
1820 3336 1904 3388 isti
1929 3352 2026 3387 nec
2056 3335 2221 3403 plena:

673 3423 908 3476 scicntia:
936 3422 1190 3485 volatum,
1219 3440 1316 3476 nec
1357 3422 1603 3491 perfecta:
1630 3424 1957 3490 operationis
1982 3437 2220 3492 gressum

679 3514 953 3575 habentes,
977 3513 1067 3566 sed
1095 3513 1223 3568 solis
1248 3512 1535 3581 elationqu
1567 3512 1789 3566 saltibus
1811 3514 1958 3575 moti,
1990 3514 2222 3567 inaudita

676 3602 1009 3669 pra-dicundo
1037 3616 1321 3669 pravorum
1358 3603 1563 3655 animas
1588 3610 1797 3654 necant.
1850 3602 1923 3655 De
1956 3602 2100 3655 fumo
2129 3604 2224 3671 igi—

678 3692 999 3745 tnrloensta:
1027 3698 1243 3755 exeunt,
1266 3704 1386 3743 cum
1430 3704 1496 3743 ex
1541 3689 1805 3742 hatreticis
1849 3690 2082 3744 luet-.tici
2134 3706 2227 3743 na-

677 3790 914 3833 sentitur.
1394 3832 1395 3835 η

747 3870 814 3921 Et
855 3871 977 3921 (lata
1012 3881 1086 3922 est
1122 3870 1224 3924 illis
1258 3850 1498 3938 potestas,
1525 3871 1657 3922 sicut
1708 3870 1893 3922 habent
1912 3878 2226 3938 xpotcstatem

679 3959 967 4025 rt-orpiones
1008 3966 1177 4009 terra'.
1227 3957 1467 4009 Potestas
1492 3958 1829 4025 scorpionum
1861 3959 1912 4009 in
1953 3958 2120 4012 cauda
2149 3966 2229 4011 est

678 4055 915 4099 extrema
954 4048 1214 4113 corporis.
1245 4046 1333 4098 Sic
1372 4046 1734 4113 temporalitas
1759 4064 1787 4100 a
1822 4048 2103 4114 semetipsa
2133 4046 2226 4099 de-

683 4138 904 4189 ticiensa
927 4146 1075 4203 tergo
1105 4136 1450 4202 relinquitur;
1476 4136 1625 4201 quasi
1652 4136 1794 4187 enim
1814 4142 1954 4187 retro
1975 4144 2056 4187 est
2073 4148 2231 4187 omne

681 4224 818 4289 quod
866 4226 1075 4284 transit,
1126 4233 1249 4275 ante
1297 4238 1422 4276 vero
1473 4224 1614 4290 quod
1652 4232 1944 4291 permanet.
1988 4224 2229 4277 Locusta:

680 4327 805 4379 ergo
835 4322 890 4363 ut
921 4313 1227 4378 Scorpioncs
1255 4322 1408 4365 terra:
1450 4314 1670 4365 nocendi
1722 4322 2038 4378 potestatem
2094 4315 2230 4367 acci-

2323 3160 2465 3211 dines
2514 3158 2854 3221 locustarum,
2896 3158 3087 3210 similes
3131 3158 3271 3227 equis
3296 3158 3491 3225 paratis
3536 3158 3589 3208 in
3617 3156 3872 3225 prcelium,

2320 3260 2365 3302 e:
2407 3265 2562 3317 super
2586 3248 2755 3317 capita
2782 3264 2959 3301 eorum
2987 3258 3229 3317 tanquam
3262 3262 3463 3299 corona!
3503 3246 3697 3299 similes
3718 3262 3865 3297 auro.

2321 3338 2544 3407 Propter
2566 3335 2801 3395 velocem
2823 3336 3141 3399 discursum,
3172 3342 3315 3389 recte
3352 3335 3587 3388 hazretici
3628 3335 3681 3387 in
3727 3336 3875 3403 equis

2322 3425 2709 3490 exprimuntur.
2740 3423 2918 3477 Parati
2939 3432 3114 3476 autem
3144 3431 3267 3476 sunt
3294 3423 3344 3475 in
3369 3422 3608 3493 prmlium
3627 3426 3877 3477 adversus

2324 3525 2415 3564 eos
2462 3511 2524 3564 de
2552 3511 2745 3579 quibus
2792 3510 2845 3563 in
2895 3511 3143 3565 llabacue
3165 3510 3361 3565 dicitur
3392 3529 3404 3563 :
3434 3510 3621 3563 Misisti
3652 3511 3704 3566 in
3733 3525 3877 3563 mare

2323 3614 2488 3668 equos
2514 3610 2631 3653 tuos
2656 3599 2931 3655 turbantes
2968 3616 3133 3669 aquas
3176 3601 3369 3665 multas
3399 3599 3625 3671 (lIabac.
3656 3616 3742 3664 ιιι,
3769 3600 3873 3671 15).

2326 3690 2429 3744 Sed
2456 3694 2577 3759 quia
2600 3690 2823 3744 Domino
2848 3688 3055 3744 favente
3084 3706 3190 3745 non
3220 3699 3490 3759 superant,
3514 3687 3633 3743 ideo
3656 3704 3760 3742 non
3785 3704 3875 3742 co-

2328 3794 2500 3843 ronas,
2532 3780 2623 3833 sed
2649 3780 2800 3847 quasi
2826 3794 3047 3835 coronas
3078 3780 3276 3832 habere
3317 3778 3585 3831 dicuntur.
3626 3778 3703 3828 Ac
3731 3776 3773 3828 si
3801 3775 3880 3827 dio

2326 3875 2539 3921 ceretur
2562 3881 2575 3919 :
2608 3867 2715 3921 Nec
2735 3864 2946 3921 corona:
2970 3883 3065 3921 nec
3090 3883 3157 3921 ex
3184 3881 3333 3929 auro,
3365 3866 3456 3919 sed
3485 3864 3749 3934 quoddam
3779 3863 3876 3917 fal-

2328 3957 2501 4011 sitatis
2531 3956 2839 4025 ﬁgmentum
2866 3966 3038 4010 erant.
3068 3958 3136 4010 Et
3176 3958 3334 4025 facies
3358 3972 3536 4009 earum
3562 3957 3700 4010 sicut
3722 3956 3880 4023 facies

2327 4047 2614 4110 hominum,
2644 4047 2825 4115 (Vens.
2859 4048 2891 4101 8
2921 4046 2939 4117 )
2965 4056 3013 4099 et
3055 4046 3309 4099 habebant
3345 4046 3557 4114 capillos
3584 4045 3876 4096 mulierum.

2329 4135 2515 4189 Facies
2560 4136 2884 4190 locustarum
2909 4135 3098 4188 similis
3140 4132 3294 4188 faciei
3318 4134 3583 4194 humanas,
3613 4132 3881 4186 simulatio

2329 4234 2409 4279 est
2438 4228 2675 4280 rationis.
2708 4227 2891 4296 Capilli
2921 4242 3046 4281 vero
3086 4227 3391 4287 mulierum,
3429 4233 3555 4277 sunt
3596 4223 3881 4277 eﬂ'eminati

2330 4333 2505 4372 mores
2550 4319 2941 4374 bzereticornm.
2989 4318 3178 4381 Aliter,
3229 4331 3328 4385 per
3376 4314 3543 4370 facies
3587 4310 3878 4377 hominum,

681 4402 848 4467 piunt,
875 4404 996 4469 quia
1023 4402 1256 4454 luet-elici
1306 4402 1687 4469 temporalibus
1714 4402 1826 4455 fulti
1853 4406 2224 4469 potestatibus,
2260 4417 2309 4476 ι)
2332 4408 2462 4471 viri;
2491 4423 2586 4475 per
2608 4408 2827 4477 capillos
2857 4407 3161 4471 mulierum,
3188 4408 3298 4475 ipse
3341 4421 3500 4460 sexus
3534 4412 3707 4474 potest
3733 4402 3883 4456 intel-

685 4504 777 4552 per
806 4504 866 4539 ea
897 4496 1099 4538 tantum
1131 4503 1247 4553 qua:
1278 4496 1423 4540 retro
1448 4498 1574 4541 sunt
1598 4500 1807 4543 nocent.
1842 4493 2024 4559 (Vens.
2057 4493 2133 4561 4.)
2168 4491 2235 4544 Et

679 4586 984 4642 pra'ceptnm
1022 4586 1095 4627 est
1126 4576 1227 4627 illis
1266 4592 1326 4627 ne
1368 4576 1608 4629 ltt'dercnt
1648 4578 1820 4645 fenum
1866 4587 2036 4643 terra’,
2079 4598 2237 4650 neque

680 4684 827 4719 omne
852 4669 1027 4725 riritle.
1054 4686 1213 4736 neque
1235 4686 1432 4721 onmem
1457 4672 1711 4731 arborem,
1731 4671 1827 4724 nisi
1849 4684 2045 4727 tantum
2068 4677 2235 4727 homi—

681 4768 767 4806 nes
793 4755 881 4822 qui
902 4771 1003 4807 non
1039 4756 1223 4807 habent
1250 4758 1449 4824 signum
1488 4757 1583 4810 Dei
1610 4759 1661 4810 in
1702 4760 1954 4827 frontibus
1980 4765 2104 4816 suis.
2135 4764 2235 4815 Stt-

682 4844 858 4909 perior
899 4858 1086 4896 Sensus
1115 4847 1390 4912 repetitur,
1430 4848 1517 4899 ubi
1566 4849 1784 4917 angelus
1831 4852 1898 4901 ab
1940 4860 2056 4904 ortu
2107 4854 2234 4906 solis

684 4932 995 4992 ascendens,
1026 4942 1251 4997 quatuor
1280 4935 1481 4997 angelis
1512 4938 1599 5003 qui
1630 4953 1769 4989 nunc
1808 4938 1859 4989 in
1904 4938 2120 4995 locustis
2146 4944 2226 4994 in—

684 5020 987 5087 telliguntur
1024 5022 1293 5088 przeccpit,
1351 5037 1415 5076 ne
1458 5035 1708 5078 nocerent
1759 5034 1931 5090 terrm,
1975 5039 2028 5082 et
2074 5033 2224 5091 mari,

686 5124 855 5177 neque
883 5112 1181 5164 arboribus.
1211 5113 1342 5165 Nam
1372 5128 1468 5181 per
1498 5113 1700 5175 fenum,
1752 5118 1890 5182 quod
1930 5133 2032 5169 non
2064 5118 2231 5170 homi-

684 5215 828 5259 num,
876 5200 967 5253 sed
1011 5201 1317 5253 animalium
1368 5204 1518 5256 cibus
1561 5213 1665 5266 est,
1695 5204 1900 5271 parvuli
1938 5204 1988 5256 in
2020 5203 2230 5259 Christo

681 5287 1047 5355 designantur,
1076 5290 1141 5342 de
1167 5289 1413 5358 qualibus
1442 5292 1722 5357 Apostolus
1757 5312 1768 5345 :
1802 5292 2053 5345 Animalis
2081 5296 2229 5347 homo

682 5392 781 5428 ron
804 5376 1014 5445 percipit
1050 5394 1109 5429 ea
1147 5396 1260 5445 qua)
1288 5390 1407 5432 sunt
1428 5379 1635 5447 spiritus
1670 5380 1762 5434 Dei
1788 5380 1840 5449 (I
1880 5380 1999 5434 Cor.
2032 5399 2087 5443 tt.
2124 5385 2227 5453 Η).

685 5464 781 5516 l'er
803 5465 871 5515 vi.
888 5463 1029 5516 entia
1059 5480 1202 5525 vero,
1226 5483 1287 5521 ex
1314 5470 1507 5537 quibus
1528 5468 1751 5537 plurima
1773 5472 1823 5522 in
1848 5472 2045 5523 vietum
2065 5474 2230 5526 homi.

685 5569 803 5604 num
852 5554 1041 5615 solent,
1080 5555 1129 5606 in
1160 5556 1260 5609 [ide
1289 5561 1643 5624 proﬁcientes,
1694 5568 1745 5611 ct
1799 5560 1863 5611 ad
1895 5563 2124 5627 paradisi
2160 5565 2230 5615 \i-

682 5646 847 5693 :vntia
877 5642 1219 5699 desideranda
1254 5649 1638 5711 qttndattzmn'lo
1668 5649 1917 5715 :tptinrc-.
1955 5650 2050 5702 Γρι-
2078 5653 2227 5703 urbm

2335 4497 2443 4567 ligi.
2478 4500 2609 4552 Nam
2635 4508 2689 4553 et
2718 4499 3027 4553 feminarum
3058 4499 3206 4552 favor
3234 4499 3500 4552 haereticis
3522 4496 3639 4549 fuit.
3672 4493 3737 4547 Et
3760 4494 3883 4547 den-

2334 4599 2407 4643 tes
2437 4607 2613 4643 earum
2637 4598 2689 4641 ut
2719 4589 2921 4643 leonum
2940 4598 3102 4643 eram.
3136 4590 3329 4642 Dentes
3354 4588 3563 4642 leonum
3591 4584 3882 4640 naturalem

2336 4679 2507 4732 solent
2528 4677 2716 4731 alierre
2738 4680 3015 4747 pudorem,
3050 4679 3101 4731 in
3130 4679 3324 4747 quibus
3350 4676 3718 4730 barreticorum
3747 4674 3885 4730 fetor

2336 4769 2649 4822 ostenditur.
2677 4767 2823 4833 Quod
2846 4778 3021 4823 autem
3046 4769 3284 4837 sequitur
3311 4785 3323 4819 :
3358 4767 3539 4836 (Vens.
3570 4766 3624 4837 9)
3668 4764 3734 4818 Et
3788 4766 3885 4816 Ita-

2339 4860 2518 4912 bebant
2547 4857 2733 4911 loricas
2771 4860 2900 4931 sicut
2938 4858 3124 4910 loricas
3153 4856 3671 4925 ferreas;oblirmata
3699 4860 3883 4908 contra

2333 4945 2613 4998 veritatem
2644 4955 2697 4998 et
2721 4949 2848 4999 dura
2879 4946 3109 5013 ipsorum
3135 4944 3293 4998 corda
3322 4944 3668 5004 demonstrat,
3705 4952 3772 4993 ne
3799 4952 3886 4990 sa-

2335 5035 2465 5104 gitta
2492 5036 2728 5087 veritatis
2758 5042 3117 5103 penetrentur.
3146 5032 3212 5085 Et
3248 5049 3346 5087 eo:
3371 5032 3575 5085 alarum
3614 5030 3741 5082 sicut
3766 5043 3887 5081 cur-

2337 5141 2508 5185 ruum,
2536 5142 2631 5177 ι·οπ
2656 5142 2895 5193 equorum
2922 5124 3195 5176 multorum
3235 5123 3551 5177 currentium
3590 5122 3641 5172 in
3673 5120 3881 5173 bellum.

2336 5214 2437 5267 Per
2463 5216 2572 5268 alas
2602 5216 2944 5278 locustarum,
2972 5216 3162 5270 elatam
3189 5213 3559 5267 haereticorum
3609 5209 3885 5266 scientiam

2338 5303 2697 5371 intelligimus,
2724 5318 2947 5371 quarum
2990 5319 3092 5357 vox
3140 5303 3275 5355 bene
3320 5316 3569 5355 curruum
3598 5298 3886 5377 multorum

2333 5406 2588 5458 equorum
2620 5400 2671 5442 et
2704 5392 2857 5445 simul
2882 5394 2933 5445 in
2974 5390 3169 5444 bellum
3194 5390 3521 5454 currentium
3553 5383 3741 5440 similis
3766 5398 3887 5439 esse

2334 5478 2527 5529 dicitur
2552 5496 2562 5528 :
2591 5487 2643 5530 et
2671 5480 3004 5549 dogmatibus
3026 5478 3256 5532 bteretici
3282 5478 3593 5542 semetipsos
3622 5474 3886 5536 dividunt,

2332 5574 2377 5614 et
2413 5566 2543 5617 uniti
2598 5580 2778 5619 contra
2827 5566 3112 5619 Ecclesiam
3140 5566 3412 5618 dimicant.
3460 5562 3640 5631 (Vens.
3674 5559 3783 5629 10.)
3820 5558 3888 5612 Et

2334 5654 2359 5699 lt
2387 5656 2577 5705 'l'rl'nnt
2604 5657 2796 5706 caudas
2838 5655 3023 5705 similes
3055 5657 3394 5724 scorpionum,
3422 5662 3466 5702 ct
3492 5650 3654 5702 aculei
3679 5652 3727 5701 in
3760 5666 3886 5700 catt-
