4154 6262
309 371 437 424 liii

1071 373 1471 430 EXEGETICA.
1496 404 1562 414 -
1597 371 1940 430 COHMENT.
1981 369 2049 422 IN
2087 367 2372 424 APOCAL.
2397 369 2604 424 —LlB.
2643 370 2730 424 IV.

3361 363 3497 416 illi

303 487 387 536 a'is
409 500 604 538 eorum.
639 481 872 537 Potestas
894 501 1070 538 eorum
1090 503 1268 539 nocere
1295 487 1583 539 hominibus
1606 483 1858 538 mensibus
1887 482 1930 538 Α
1958 479 2060 532 nisi
2085 489 2174 533 tuo
2189 479 2409 548 judicio,
2437 479 2578 548 quod
2605 479 2657 532 in
2685 478 2857 547 capite
2883 483 3112 538 constat,
3134 474 3376 543 quodque
3403 488 3500 542 pro

304 575 549 644 quinque.
579 574 655 629 De
678 575 862 629 caudis
887 575 1223 644 scorpionum
1265 575 1377 645 jam
1422 575 1620 629 dictum
1661 583 1763 628 est.
1790 573 1857 627 Et

311 670 436 716 nota
489 663 632 731 quod
679 663 963 732 Apostolus
1011 663 1248 718 aculeum
1299 674 1576 733 peccatum
1599 663 1746 719 dicit.
1781 663 1856 716 De

306 752 542 821 quinque
583 753 854 806 mensibus
878 753 930 805 in
955 753 1214 822 superiori
1247 751 1357 820 jam
1386 754 1586 807 dictum
1610 759 1710 806 est.
1750 749 1856 804 Sed

310 841 420 894 illic
441 843 507 894 de
532 840 709 904 bonis,
735 841 824 894 hic
859 841 924 894 de
962 841 1115 895 malis
1135 841 1279 902 dicit,
1304 841 1427 910 quia
1447 840 1567 894 illos
1592 839 1853 902 cruciant,

309 931 401 984 sed
431 946 537 985 non
555 931 834 996 occidunt;
866 931 996 985 istos
1017 938 1190 985 autem
1212 945 1316 983 non
1341 931 1602 994 cruciant,
1643 929 1734 982 sed
1763 943 1856 981 no-

310 1009 478 1072 cendo
523 1019 812 1087 perimunt,
861 1027 952 1071 aut
978 1018 1215 1071 doctrina
1243 1031 1510 1085 perversa,
1542 1026 1634 1071 aut.
1659 1025 1856 1085 tempo—

310 1106 406 1160 rali
434 1107 688 1174 potentia.
721 1105 902 1175 (Vens.
937 1104 1044 1174 ll.)
1072 1103 1137 1156 Et
1158 1105 1409 1159 habebant
1435 1120 1588 1175 super
1611 1121 1665 1157 se
1692 1120 1856 1173 regem

309 1194 547 1262 angelum
605 1195 806 1262 abyssi,
861 1195 944 1246 cui
999 1210 1180 1246 nomen
1237 1193 1486 1259 Hebraice
1539 1194 1854 1258 Abboddan,

310 1278 487 1334 (ἔνατα
511 1281 783 1351 Apollgon,
810 1290 865 1335 et
883 1281 1063 1356 Latine
1081 1299 1264 1335 nomen
1284 1281 1444 1336 habet
1470 1281 1852 1335 Exterminans.

308 1371 570 1442 Antiquos
597 1371 766 1424 hostis
791 1384 898 1423 non
943 1371 1076 1424 adeo
1113 1385 1481 1437 perversorum
1523 1385 1614 1424 rex
1644 1370 1852 1432 dicitur,

310 1461 435 1529 quia
462 1461 683 1523 creavit,
730 1466 822 1512 aut
869 1452 1022 1528 regit,
1068 1461 1160 1513 sed
1185 1460 1307 1527 quia
1334 1459 1441 1513 Deo
1469 1459 1611 1527 juste
1639 1459 1857 1525 permit-

310 1555 452 1600 tente
479 1547 810 1616 tyrannidem
831 1547 1206 1602 dominationis
1228 1556 1458 1601 exercet.
1483 1547 1547 1599 Et
1568 1557 1692 1600 uota
1709 1546 1854 1616 quia,

312 1640 371 1683 ut
393 1632 505 1700 jam
533 1633 734 1685 dictum
765 1641 863 1694 est,
889 1633 988 1701 ipsi
1017 1641 1141 1687 sunt
1164 1634 1405 1702 alzyssus.
1433 1633 1596 1702 Igitur
1615 1634 1738 1702 quia
1762 1631 1859 1685 fal-

310 1721 497 1774 laciter
525 1721 625 1774 sibi
651 1720 848 1775 Christi
880 1737 1070 1776 nomen
1107 1737 1205 1791 per
1241 1722 1547 1779 damnatum
1587 1721 1854 1776 hominem

1955 574 2006 620 te
2032 567 2159 619 etin
2183 575 2233 620 te
2256 565 2476 621 clamat:
2532 565 2667 619 Data
2711 575 2787 619 est
2822 563 2946 617 mihi
2991 563 3154 616 omnis
3175 569 3397 631 potestas
3444 565 3497 610 in

1955 653 2077 708 cazlo
2103 663 2151 707 et
2180 653 2233 707 in
2253 662 2390 706 terra
2421 651 2635 724 (Hatth.
2667 666 2856 716 xxvm,
2888 649 2993 720 18).

2023 744 2185 798 Vens.
2213 743 2297 798 15.
2332 773 2401 782 --
2438 741 2505 795 Et
2529 741 2686 796 soluti
2712 748 3066 810 suntquatuor
3087 736 3276 806 angeli,
3302 735 3390 804 qui
3404 750 3499 804 pa-

1955 833 2058 883 rati
2086 840 2232 884 erant
2261 831 2314 884 in
2349 834 2552 896 horam,
2577 839 2625 884 et
2662 830 2820 893 diem,
2865 841 3090 882 mensem
3131 834 3178 879 et
3202 838 3416 887 artuum,
3444 831 3500 874 ut

1953 918 2238 971 occiderent
2263 919 2465 972 tertiam
2485 927 2684 987 partem
2712 917 2994 971 hominum.
3043 913 3242 973 Horum
3286 909 3500 980 angelo-

1953 1022 2072 1060 rum
2115 1006 2306 1060 solutio
2347 1007 2646 1060 novissima:
2687 1003 3073 1075 persecutionis
3109 1001 3316 1055 initium
3365 998 3502 1051 desi-

1955 1105 2099 1168 gnat.
2173 1097 2357 1150 Parati
2389 1097 2538 1162 dicit,
2592 1096 2716 1164 quia
2747 1094 2988 1149 diabolus
3006 1105 3214 1160 semper
3240 1088 3502 1143 defectum

1955 1194 2228 1256 exspeth
2250 1186 2530 1239 bonorum.
2591 1183 2645 1237 ln
2677 1184 2830 1248 hora,
2877 1183 2980 1244 die,
3012 1193 3194 1234 mense
3241 1186 3297 1232 et
3341 1191 3500 1238 anno,

1955 1284 2180 1343 quatuor
2198 1283 2456 1343 tempora,
2493 1274 2546 1328 id
2578 1282 2662 1328 est
2701 1273 3007 1335 triennium,
3073 1278 3127 1324 et
3149 1283 3243 1322 se:
3270 1281 3498 1328 menses,
3555 1269 3560 1273 '

1955 1362 2147 1429 quibus
2193 1361 2278 1414 illa
2307 1362 2604 1429 persecutio
2638 1360 2918 1423 crassabit,
2954 1372 3049 1428 per
3068 1355 3398 1412 metalemsin
3421 1354 3505 1408 in-

1956 1449 2259 1519 telligimus.
2310 1449 2490 1504 Tertia
2514 1463 2642 1519 pars
2661 1448 2958 1510 hominum,
2984 1460 3101 1514 qum
3121 1445 3291 1498 occidi
3317 1458 3507 1498 narra-

1958 1547 2062 1600 tur,
2100 1539 2152 1592 in
2181 1538 2412 1608 praelatis
2429 1547 2486 1594 et
2502 1539 2754 1604 subditis;
2805 1537 2860 1592 id
2881 1544 2965 1591 est
2990 1536 3044 1589 in
3078 1534 3386 1589 suasoribus
3447 1540 3506 1586 ct

1955 1629 2128 1682 suasis
2148 1637 2381 1695 constat,
2402 1631 2525 1698 quia
2551 1629 2749 1684 mortui
2769 1636 3007 1683 mortuos
3032 1623 3290 1680 occident.
3316 1623 3501 1692 (Vens.

1959 1717 2068 1786 16.)
2098 1717 2167 1772 Et
2197 1735 2439 1774 numerus
2459 1719 2704 1789 equestris
2728 1718 2978 1772 exercitus
3003 1717 3149 1771 uicies
3169 1714 3349 1768 millies
3369 1713 3504 1766 (lena

310 1810 498 1863 nititur
537 1824 813 1877 usurpare,
860 1818 1140 1879 propterea
1191 1811 1349 1864 trium
1379 1812 1675 1879 linguarum
1701 1826 1853 1866 voca-
1882 1797 1928 1856 Β
1958 1805 2120 1860 millia
2147 1807 2320 1860 audiri
2345 1822 2613 1860 numerum
2639 1823 2836 1860 eorum.
2891 1805 2989 1860 Hic
3020 1819 3271 1859 numerus
3317 1804 3394 1857 sic
3436 1803 3503 1854 ad

310 1898 451 1953 bulis
470 1898 758 1967 profertur,
791 1900 982 1969 quibus
1005 1898 1182 1970 [Cod.,
1209 1899 1458 1971 quorum]
1488 1900 1857 1969 Redemptoris

314 1997 506 2041 nomen
530 2003 558 2040 a
590 1989 760 2042 Pilato
780 2004 1089 2059 expressum
1116 1989 1170 2043 in
1196 1989 1347 2044 titulo
1373 1988 1535 2044 fuisse
1557 1989 1859 2058 evangelica

311 2084 536 2130 testatur
560 2078 867 2130 auctoritas.
920 2076 1026 2132 Sed
1063 2077 1185 2145 quia
1212 2079 1397 2133 beatus
1426 2079 1777 2148 Hieronymus
1805 2077 1859 2131 in

313 2165 655 2220 Hebraeorum
680 2167 951 2219 nominum
974 2167 1406 2236 interpretatione
1427 2182 1532 2221 non
1554 2167 1856 2230 Abbaddon,

311 2255 405 2308 sed
434 2253 750 2308 Labbaddon
788 2256 938 2319 dicit,
985 2263 1194 2311 constat
1237 2257 1357 2326 quia
1389 2258 1703 2326 scriptorum
1731 2256 1860 2309 vitio

309 2347 533 2416 primam
579 2345 812 2398 litteram
853 2346 1050 2408 amisit,
1092 2354 1146 2397 et
1182 2355 1303 2414 apte
1338 2346 1581 2400 diabolus
1621 2347 1859 2398 exterrui-

312 2449 442 2486 nan:
472 2433 684 2497 dicitur,
707 2434 828 2502 quia
854 2432 1003 2485 multi
1031 2447 1127 2502 per
1165 2448 1286 2486 eum
1315 2432 1382 2486 ab
1421 2432 1713 2487 electorum
1752 2440 1858 2486 ter-

313 2525 457 2577 mino
484 2523 848 2587 eliminantur,
876 2532 930 2577 et
960 2520 1026 2576 ad
1073 2533 1342 2594 perpetua:
1386 2522 1572 2576 mortis
1614 2521 1856 2578 exsilium

313 2612 666 2664 deducuntur.

382 2697 540 2751 Vens.
570 2696 654 2750 η.
692 2726 761 2736 -
804 2695 894 2750 Va-
939 2714 1098 2751 unum
1131 2698 1274 2751 abiit.
1325 2697 1381 2753 id
1421 2708 1505 2752 est
1551 2699 1858 2754 narratione

311 2789 603 2857 pmeessit,
640 2788 723 2840 vel
753 2789 803 2840 in
842 2789 1149 2855 operatione
1175 2789 1428 2856 pratcriti
1476 2789 1729 2857 temporis
1761 2789 1859 2843 im-

310 2876 507 2946 pletum
531 2883 630 2930 est.
708 2875 840 2929 Ecce
869 2877 1078 2929 ueniunt
1121 2876 1228 2929 duo
1257 2892 1332 2931 uc
1370 2887 1483 2946 post
1508 2877 1637 2942 hac,
1683 2877 1734 2931 id
1775 2883 1859 2931 est

311 2967 635 3029 narratione,
659 2966 741 3019 vel
764 2961 1001 3034 opere‘in
1029 2966 1206 3021 futuro
1222 2967 1500 3037 implenda.
1538 2967 1720 3037 (Vsus.
1745 2966 1856 3036 13.)

236 3081 238 3083 -
310 3055 437 3133 Post
465 3056 577 3109 btec
599 3063 647 3108 et
667 3065 841 3108 sextus
867 3055 1080 3125 angelus
1119 3055 1244 3110 tuba
1267 3058 1472 3123 cecinit,
1497 3066 1546 3110 et
1573 3056 1748 3110 audiri
1767 3072 1856 3109 eo-

309 3160 416 3198 cem
441 3144 594 3198 unius
619 3160 683 3197 ea:
703 3144 942 3198 cornibus
958 3144 1140 3199 altaris
1168 3146 1312 3199 aurei
1329 3146 1466 3214 quod
1493 3154 1567 3198 est
1590 3154 1710 3198 ante
1736 3161 1858 3198 ocu-

309 3231 387 3282 lcs
423 3229 517 3283 Dei
564 3231 745 3300 (Vsus.
772 3230 858 3301 Η)
888 3231 1139 3284 dicentem
1167 3240 1311 3285 secto
1334 3232 1536 3301 angelo,
1574 3233 1663 3300 qui
1698 3230 1857 3284 habs-

309 3321 394 3371 t-at
420 3319 627 3371 tubam:
655 3319 806 3373 Solve
824 3330 1047 3388 quatuor
1072 3320 1282 3390 angelos
1299 3323 1389 3390 qui
1426 3321 1628 3390 alligati
1666 3323 1858 3376 suntin

303 3406 519 3475 [lumine
537 3422 722 3475 magno
750 3406 1032 3476 Euphrate.
1098 3407 1281 3462 Altare
1324 3408 1558 3461 Ecclesia
1607 3416 1719 3472 est;
1764 3424 1861 3462 au-

306 3510 459 3551 reum
497 3512 643 3561 vero,
692 3498 814 3566 quia
850 3513 1078 3568 superna
1124 3500 1382 3579 sapientia
1430 3500 1742 3554 illustratur.
1792 3499 1858 3553 Et

304 3595 433 3637 nota
453 3587 574 3653 quia
619 3596 742 3641 ante
768 3588 859 3641 Dei
890 3589 1071 3642 oculos
1095 3597 1177 3642 est
1200 3589 1389 3652 altare,
1435 3590 1686 3657 quoniam
1715 3588 1855 3644 oculi

305 3673 516 3726 Domini
571 3689 730 3742 super
769 3676 962 3744 justus.
1029 3675 1239 3730 Cornua
1293 3675 1478 3730 altaris
1521 3685 1644 3730 sunt
1687 3677 1856 3731 sancti

302 3763 701 3829 praedicatores.
747 3765 852 3819 Per
887 3781 1049 3821 unum
1081 3780 1212 3821 vero
1241 3781 1404 3820 cornu
1435 3767 1678 3837 princeps
1699 3766 1854 3821 intel-

303 3851 488 3917 ligitur
513 3853 938 3920 praedicatorum,
963 3854 1015 3907 id
1039 3854 1396 3910 esthristus.
1433 3857 1532 3911 Hic
1560 3859 1688 3912 dicit
1706 3866 1857 3914 sexto

301 3941 493 4011 angelo
522 3944 645 3997 tuba
674 3944 906 4008 canenti,
932 3945 984 3998 id
1015 3954 1097 4000 est
1119 3945 1370 4000 Ecclesiae
1396 3951 1650 4016 praedicat
1674 3959 1732 4004 ut
1752 3951 1858 4004 sol-

301 4037 396 4081 vat
442 4039 667 4096 quatuor
695 4032 926 4102 angelos,
977 4035 1100 4104 quia
1129 4041 1441 4102 potestatem
1488 4036 1538 4090 ei
1583 4036 1775 4105 ligandi
1801 4045 1859 4092 et

302 4114 540 4169 solvendi
572 4125 626 4170 et
651 4118 704 4170 in
748 4118 898 4174 caelis
922 4125 976 4174 et
1019 4121 1071 4173 in
1130 4129 1269 4174 terra
1310 4122 1525 4188 tribuit;
1566 4125 1856 4178 secundum

303 4205 461 4259 illud:
520 4206 846 4279 Quaecunque
865 4210 1099 4280 ligaveris
1126 4212 1338 4283 (Matth.
1365 4230 1476 4280 ut,
1515 4216 1623 4286 19),
1676 4226 1732 4270 et
1755 4231 1855 4270 ca:-

303 4303 439 4347 tera.
497 4294 818 4378 ln‘qustuor
837 4305 1012 4352 autem
1043 4300 1244 4368 angelis
1270 4303 1573 4355 universum
1603 4304 1855 4370 reprobo-

1883 3101 1931 3164 (Ξ

1952 1908 2197 1949 errorum
2219 1895 2596 1972 prtedicatores
2628 1895 2930 1965 specialiter
2958 1894 3203 1959 refertur,
3240 1902 3298 1946 ut
3323 1901 3502 1946 tamen

1955 1985 2187 2041 seducta
2231 1987 2414 2056 plebes
2466 1987 2519 2041 in
2557 1988 2924 2043 seductoribus
2967 1985 3327 2056 intelligantur
3358 2025 3373 2047 ,
3412 1985 3503 2051 qui

1955 2081 2138 2128 contra
2181 2074 2472 2128 electorum
2512 2090 2790 2130 numerum
2841 2076 3060 2130 veniens
3116 2073 3305 2142 duplex
3347 2073 3504 2126 simul

1954 2173 2009 2219 et
2027 2164 2110 2218 bis
2138 2164 2329 2218 millies
2359 2153 2736 2234 multiplicatus
2771 2164 3085 2218 ostenditur.
3147 2162 3280 2217 Nam
3305 2162 3370 2215 de
3389 2162 3503 2215 ele-

1955 2254 2056 2309 c:is
2077 2251 2500 2318 dicitur,Currus
2523 2254 2620 2308 Dei
2640 2254 2810 2329 decem
2829 2254 3168 2323 millia(Psal.
3188 2267 3352 2315 cxvu,
3380 2250 3496 2317 i8);

1955 2343 2022 2397 de
2043 2344 2160 2400 istis
2184 2361 2332 2409 vero,
2379 2347 2529 2402 vicies
2554 2346 2735 2400 millies
2757 2347 2890 2400 dena
2931 2343 3112 2398 millia.
3167 2342 3364 2412 Duplex
3400 2343 3499 2395 ita-

1923 2444 2058 2512 _que
2078 2439 2180 2497 est,
2230 2433 2348 2501 qui:
2377 2447 2442 2487 ex
2497 2433 2741 2502 malignis
2767 2433 3042 2504 spiritibus
3063 2441 3120 2488 et
3150 2431 3385 2500 reprobis
3409 2430 3504 2484 bo-

1955 2519 2188 2575 minibus
2209 2529 2434 2576 constat.
2465 2520 2648 2576 Restat
2663 2535 2790 2590 ergo
2810 2528 3074 2577 utcontra
3097 2521 3364 2590 geminum
3389 2534 3500 2573 ma-

1957 2607 2065 2660 lum
2087 2607 2302 2664 dimicet
2322 2608 2545 2679 simplex
2561 2610 2774 2664 bonum.
2833 2608 3016 2679 (Vens.
3049 2607 3153 2678 l7.)
3213 2605 3279 2660 Et
3301 2608 3374 2659 ita
3402 2607 3504 2660 vidi

1955 2712 2112 2764 equos
2138 2697 2192 2750 in
2211 2698 2424 2762 uisione,
2471 2707 2522 2751 et
2559 2699 2647 2766 qui
2686 2697 2925 2750 sedebant
2952 2711 3105 2766 super
3126 2712 3211 2750 eos
3243 2694 3502 2750 habebant

1955 2783 2142 2839 loricas
2179 2787 2376 2855 igneas,
2417 2795 2465 2840 et
2492 2785 2871 2856 hyacinthinus,
2907 2797 2953 2840 et
3003 2784 3324 2855 sulphureas.
3368 2783 3498 2854 Equi

1957 2873 2065 2938 isti,
2106 2874 2157 2928 id
2182 2883 2273 2930 est‘
2299 2890 2543 2931 errorum
2569 2877 2969 2946 praedicatores,
3018 2877 3072 2930 in
3104 2877 3295 2945 quibus
3321 2884 3374 2930 et
3420 2891 3503 2929 se—

1956 2963 2100 3018 ducti
2124 2965 2508 3034 intelliguntur,
2564 2980 2800 3020 cessares
2842 2966 3112 3020 dtemones
3141 2966 3359 3029 habent,
3395 2979 3500 3019 non

1959 3053 2028 3106 ad
2054 3053 2311 3121 regimen,
2340 3052 2432 3129 sed
2459 3053 2522 3108 ad
2564 3054 2932 3123 praecipitium.
2963 3053 3271 3110 Loricarutn
3291 3056 3504 3110 nomine

1960 3137 2240 3207 impiorum
2268 3137 2530 3214 tormenta
2555 3140 2852 3209 figurantur
2877 3141 3029 3206 dura,
3081 3150 3134 3197 et
3156 3142 3302 3197 nulla
3347 3158 3502 3214 prece

1957 3229 2278 3283 evacuanda.
2308 3213 2690 3304 Hyacintbinas
2717 3241 2894 3286 autem
2917 3229 3124 3289 fumeas
3147 3213 3398 3290 debemus
3423 3236 3503 3289 in-

1959 3317 2217 3387 telligere,
2261 3333 2326 3373 ex
2348 3319 2470 3390 igne
2493 3321 2636 3386 enim
2661 3319 2836 3376 fumus
2856 3323 3144 3393 egreditur.
3209 3322 3320 3380 Hoc
3343 3325 3500 3380 etiam

1958 3407 2069 3474 ipse
2094 3407 2236 3462 color
2263 3409 2638 3485 hyacinthinus
2684 3411 2900 3475 indicat,
2955 3414 3044 3480 qui
3074 3415 3301 3480 speciem
3361 3416 3501 3470 acsts

1957 3501 2117 3547 tenet.
2646 3535 2652 3542 .

2025 3584 2094 3638 Et
2122 3586 2290 3655 capita
2313 3603 2560 3657 equorum
2586 3599 2732 3645 erant
2758 3598 2815 3643 ut
2840 3591 3008 3660 capita
3053 3591 3275 3646 leonum.
3318 3594 3500 3664 Capita

1955 3690 2211 3744 equorum
2245 3688 2495 3734 auctores
2546 3695 2812 3746 errarunt,
2856 3682 3028 3751 quiet
3071 3682 3235 3737 fortes
3271 3693 3394 3739 sunt
3433 3688 3500 3740 ad

1953 3767 2585 3832 conterendos'inlirmos,
2614 3782 2663 3824 et
2687 3769 2941 3825 fetoribus
2969 3771 3129 3840 pleni.
3175 3773 3323 3828 Unde
3357 3786 3501 3828 recte

1954 3854 2198 3910 subditur
2229 3873 2241 3908 :
2279 3866 2326 3909 et
2371 3857 2435 3910 de
2464 3874 2551 3911 ore
2594 3875 2770 3912 eorum
2794 3861 3020 3929 procedit
3046 3861 3199 3931 ignis,
3227 3871 3274 3916 et
3303 3862 3496 3932 famas,

1953 3955 2003 4000 ct
2022 3944 2256 4016 sulphur.
2288 3947 2470 4016 (Vens.
2499 3947 2607 4019 18.)
2646 3949 2722 4001 Ab
2751 3950 2831 4002 his
2852 3950 3014 4004 tribus
3040 3951 3206 4024 plagis
3231 3954 3399 4008 occisa
3426 3965 3499 4009 est

1952 4036 2102 4088 tertia
2141 4053 2263 4106 pars
2291 4037 2575 4102 hominum,
2603 4038 2667 4092 de
2691 4039 2827 4110 igne,
2852 4049 2900 4094 et
2949 4041 3109 4110 furno,
3143 4052 3190 4096 et
3231 4043 3500 4116 sulphure,

1950 4138 2067 4191 quat
2091 4125 2428 4191 procedebant
2456 4127 2518 4180 de
2545 4144 2633 4182 ore
2661 4129 2908 4198 ipsorum;
2955 4129 3171 4192 Scilicet
3219 4133 3342 4204 quia
3382 4150 3468 4188 ma

1951 4210 2124 4265 lorum
2150 4214 2457 4279 praedicatio
2505 4216 2616 4271 suis
2643 4221 2959 4286 sequacibus
3002 4215 3199 4274 aeterna
3243 4224 3498 4291 supplicia

1950 4310 2230 4369 prmparat,
2255 4315 2370 4369 quae
2389 4316 2485 4369 per
2498 4317 2614 4360 eam
2633 4304 2834 4373 tropice
2844 4306 3165 4373 ﬁgurantur;
3193 4309 3260 4363 ab
3271 4324 3336 4364 eo
3357 4314 3498 4384 quod

303 4398 423 4435 rum
441 4396 632 4478 corpus
657 4387 1042 4478 cognoscimus,
1067 4388 1208 4454 quod
1235 4404 1301 4442 ex
1321 4390 1562 4458 malignis
1583 4392 1853 4461 spiritibus
1882 4417 1932 4477 υ
1952 4397 2219 4461 procurat,
2245 4391 2370 4478 illud
2393 4393 2531 4461 quod
2553 4404 2887 4463 procuratur.
2920 4396 3101 4468 (Vsus.
3130 4397 3238 4471 l9.)
3261 4392 3497 4456 Potestas

301 4479 362 4524 ct
380 4471 557 4538 pravis
582 4472 883 4526 hominibus
911 4482 1151 4538 constat;
1206 4487 1394 4529 natura
1423 4481 1635 4546 quidem
1657 4481 1853 4536 discre-

303 4571 442 4624 tum,
478 4563 567 4615 sed
591 4563 868 4630 iniquitate
892 4564 1248 4632 coniunctum.
1304 4567 1687 4633 Quaternarius
1709 4572 1851 4624 enim

300 4663 402 4717 pro
434 4651 773 4706 universitate
811 4656 930 4722 poni
961 4655 1124 4719 solet;
1174 4657 1312 4710 unde
1359 4658 1411 4709 in
1459 4656 1561 4710 line
1612 4657 1789 4712 saeculi
1822 4675 1852 4712 a

302 4747 532 4808 quatuor
556 4743 673 4805 εωιί
699 4747 872 4798 ventis
898 4746 1049 4810 electi
1080 4764 1174 4818 per
1210 4749 1424 4819 angelos
1449 4751 1644 4803 assumi
1677 4753 1852 4820 perbi-

300 4830 517 4884 bentur.
582 4830 684 4884 Per
728 4823 1055 4950 Euphratelp,
1096 4839 1185 4906 qui
1234 4839 1284 4892 in
1315 4840 1450 4893 mala
1473 4840 1854 4909 signiﬁcatione

300 4919 426 4950 ιιιΛηῖ
480 4918 611 4950 enini
739 4921 1041 4950 ΑΛοῖη-νηιιη-
1099 4929 1350 4950 μ...-Δ..,.ε
1399 4930 1541 4950 ..Α--.ξ
1602 4931 1824 4950 _‘.‘_.3-

299 4919 428 4986 poni
480 4918 664 4983 solet,
739 4918 1041 4990 dcsignatu‘r
1099 4929 1353 4981 mundani
1399 4930 1543 4998 regni
1600 4931 1850 4998 potentia,

298 5004 517 5058 Christo
565 5006 917 5075 Ecclesizeque
950 5013 1250 5064 contraria:
1304 5013 1354 5066 in
1402 5031 1502 5084 qua
1551 5016 1668 5074 ideo
1712 5018 1849 5071 anti-

298 5105 441 5159 quus
465 5092 634 5148 hostis
659 5111 777 5148 cum
828 5110 1050 5164 corpore
1079 5111 1175 5150 suo
1196 5098 1437 5168 alligatus
1458 5101 1668 5166 dicitur,
1725 5105 1849 5172 quia

298 5188 558 5246 quantum
580 5195 770 5235 nocere
791 5184 901 5236 vult
923 5199 1026 5243 non
1053 5186 1392 5253 permittitur.
1443 5188 1658 5243 Dicatur
1685 5206 1842 5262 ergo:

299 5265 452 5321 Solve
488 5275 710 5337 quatuor
738 5270 943 5337 angelos
999 5275 1088 5342 qui
1127 5273 1326 5342 alligati
1377 5285 1493 5328 sunt
1543 5278 1595 5330 in
1633 5282 1845 5349 [latnine

296 5373 488 5426 magno
515 5354 814 5426 Euphrate;
871 5374 931 5412 ac
975 5365 1017 5415 si
1051 5365 1300 5418 Ecclesia:
1350 5359 1653 5425 diceretur:
1704 5372 1764 5426 Et
1790 5372 1842 5426 in

1953 4499 2199 4552 equorum
2219 4484 2272 4538 in
2299 4501 2386 4538 ore
2408 4501 2584 4539 eorum
2611 4497 2706 4552 est,
2733 4498 2779 4542 et
2797 4487 2852 4543 in
2871 4490 3051 4545 caudis
3075 4507 3269 4545 eorum.
3293 4491 3493 4556 ln-ore.

1954 4570 2230 4627 doctorum
2272 4575 2524 4641 scientia;
2552 4577 2603 4629 in
2627 4575 2794 4630 cauda
2819 4592 2945 4631 vero
2963 4580 3342 4648 postponenda,
3363 4590 3496 4635 tem-

1953 4662 2150 4729 poralis
2177 4665 2413 4730 potentia
2443 4665 2766 4732 designatur.
2823 4664 2878 4717 ln
2901 4680 2994 4720 ore
3029 4681 3156 4738 ergo
3183 4676 3236 4722 et
3255 4669 3306 4722 in
3332 4671 3495 4723 cauda

1954 4756 2184 4815 potestas
2212 4765 2394 4803 eorum
2417 4759 2519 4813 est,
2564 4753 2687 4820 quia
2727 4767 2975 4820 perversa
3015 4757 3281 4815 suadendo
3306 4758 3496 4826 pradi-

1955 4849 2104 4901 cant;
2158 4838 2249 4890 sed
2300 4839 2676 4906 temporalibus
2712 4844 3061 4908 potestatibus
3097 4846 3240 4910 fulti,
3293 4861 3385 4915 per
3431 4860 3493 4902 ea

1954 4942 2070 5000 qua:
2093 4934 2232 4980 retro
2253 4935 2376 4980 sunt
2398 4927 2716 4982 exaltantur.
2745 4929 2883 4985 Nam
2900 4935 3092 4992 ,cauda'
3109 4951 3282 4988 eorum
3303 4936 3492 4990 similes

1951 5016 2284 5086 serpentibus,
2307 5017 2542 5072 habentes
2569 5022 2760 5086 capita,
2782 5031 2830 5075 et
2855 5023 3144 5079 hisnoceat.
3195 5024 3289 5078 llic
3309 5039 3339 5078 e
3363 5041 3492 5080 con-

1954 5107 2114 5159 trario
2139 5120 2232 5174 per
2253 5107 2462 5167 caudas,
2494 5107 2658 5175 iniqui
2690 5110 2964 5178 doctores;
3029 5129 3124 5182 per
3152 5116 3319 5183 capita
3341 5131 3490 5182 vero,

1950 5197 2063 5266 ipsa
2095 5196 2360 5252 szeeularis
2379 5198 2610 5266 potentia
2626 5199 2950 5270 designatur.
2985 5204 3050 5257 Et
3074 5214 3192 5272 apte
3211 5205 3325 5258 falsi
3359 5222 3490 5274 pro.»

1944 5285 2206 5339 dicatores
2231 5283 2429 5338 similes
2467 5289 2822 5354 serpentibus,
2857 5293 2982 5362 quia
3021 5292 3162 5347 illius
3180 5309 3306 5349 voce
3351 5295 3487 5350 mala

1944 5372 2200 5436 suadent,
2247 5361 2396 5438 cujus
2437 5373 2592 5431 sibilo
2628 5361 2890 5432 delectata
2933 5387 3013 5432 est
3057 5379 3184 5434 Eva.
3247 5381 3314 5435 Et
3365 5385 3487 5449 quia

297 5447 502 5516 angelis
529 5448 788 5512 homines,
835 5447 958 5504 etin
991 5453 1289 5510 hominibus
1319 5458 1532 5526 angelos
1561 5460 1721 5515 solve.
1781 5464 1845 5518 Et
1941 5463 2231 5530 potentium
2275 5459 2452 5515 favore
2488 5461 2606 5519 fulti
2645 5467 2838 5520 multos
2897 5467 3153 5524 violenter
3200 5471 3267 5524 ad
3306 5447 3486 5526 illicita

297 5537 512 5591 attende
540 5548 794 5603 quantum
812 5544 1197 5618 persecutionis
1225 5549 1491 5615 angustias
1533 5551 1842 5619 aequanimi-

300 5637 381 5679 ter
412 5622 548 5675 ferre
578 5625 788 5691 debeas,
819 5646 950 5698 quas
980 5632 1265 5685 iltll‘Cl‘Sill‘ll
1298 5636 1488 5689 inferre
1516 5653 1614 5691 non
1645 5641 1835 5702 valent,

1942 5552 2274 5621 pertrahunt,
2327 5562 2468 5608 recte
2485 5557 2654 5623 capita
2692 5556 2884 5610 habere
2906 5558 3170 5621 dicuntur,
3203 5561 3483 5630 qumjuua

1943 5644 2096 5696 aliam
2122 5643 2608 5710 interpretationem
2665 5650 2832 5717 capita
2879 5649 3156 5704 draconum
3207 5667 3469 5709 vocantur.
