  <div class='ocr_page' id='page_1' title='image "/cluster/home/n/w/nwhite01/storage/ocr_20150623/100/uva.x000827058/579.png"; bbox 0 0 4262 6230; ppageno 0'>
   <div class='ocr_carea' id='block_1_1' title="bbox 656 272 3843 364">
    <p class='ocr_par' dir='ltr' id='par_1_1' title="bbox 656 272 3843 364">
     <span class='ocr_line' id='line_1_1' title="bbox 656 272 3843 364; baseline 0.011 -42"><span class='ocrx_word' id='word_1_1' title='bbox 656 272 788 325; x_wconf 73' lang='grc' dir='ltr'><strong>ιιιδ</strong></span> <span class='ocrx_word' id='word_1_2' title='bbox 1507 280 1566 332; x_wconf 77' lang='grc' dir='ltr'><strong>Β.</strong></span> <span class='ocrx_word' id='word_1_3' title='bbox 1607 283 1667 335; x_wconf 70' lang='lat' dir='ltr'><strong>l&quot;.</strong></span> <span class='ocrx_word' id='word_1_4' title='bbox 1691 284 1912 338; x_wconf 71' lang='lat' dir='ltr'><strong>.\LlilNl</strong></span> <span class='ocrx_word' id='word_1_5' title='bbox 1950 287 2077 342; x_wconf 59' lang='grc' dir='ltr'><strong>δεῖ</strong></span> <span class='ocrx_word' id='word_1_6' title='bbox 2120 289 2385 344; x_wconf 67' lang='lat' dir='ltr'><strong>ALCL&#39;IM</strong></span> <span class='ocrx_word' id='word_1_7' title='bbox 2423 291 2701 345; x_wconf 62' lang='lat' dir='ltr'><strong>Ul‘l-Ii&#39;tLTM</strong></span> <span class='ocrx_word' id='word_1_8' title='bbox 2739 293 2915 344; x_wconf 73' lang='lat' dir='ltr'><strong>PARS</strong></span> <span class='ocrx_word' id='word_1_9' title='bbox 2947 295 3007 346; x_wconf 94' lang='lat' dir='ltr'><strong>Il.</strong></span> <span class='ocrx_word' id='word_1_10' title='bbox 3535 348 3556 364; x_wconf 23' lang='lat' dir='ltr'><strong>I,</strong></span> <span class='ocrx_word' id='word_1_11' title='bbox 3708 303 3843 356; x_wconf 63' lang='lat' dir='ltr'><strong>iiii</strong></span> 
     </span>
    </p>
   </div>
   <div class='ocr_carea' id='block_1_2' title="bbox 651 376 3840 473">
    <p class='ocr_par' dir='ltr' id='par_1_2' title="bbox 651 376 3840 473">
     <span class='ocr_line' id='line_1_2' title="bbox 651 376 3840 473; baseline 0.009 -40"><span class='ocrx_word' id='word_1_12' title='bbox 651 383 714 473; x_wconf 46' lang='lat' dir='ltr'><strong>l-it</strong></span> <span class='ocrx_word' id='word_1_13' title='bbox 737 390 794 434; x_wconf 89' lang='lat' dir='ltr'><strong>ut</strong></span> <span class='ocrx_word' id='word_1_14' title='bbox 821 384 1124 473; x_wconf 70' lang='lat' dir='ltr'><strong>ostenderet</strong></span> <span class='ocrx_word' id='word_1_15' title='bbox 1157 385 1380 452; x_wconf 69' lang='lat' dir='ltr'><strong>gentiles</strong></span> <span class='ocrx_word' id='word_1_16' title='bbox 1417 388 1576 473; x_wconf 73' lang='lat' dir='ltr'><strong>etiam</strong></span> <span class='ocrx_word' id='word_1_17' title='bbox 1597 389 1664 440; x_wconf 84' lang='lat' dir='ltr'><strong>ad</strong></span> <span class='ocrx_word' id='word_1_18' title='bbox 1703 389 1804 441; x_wconf 87' lang='lat' dir='ltr'><strong>hoc</strong></span> <span class='ocrx_word' id='word_1_19' title='bbox 1829 376 2021 460; x_wconf 73' lang='lat' dir='ltr'><strong>rurjnis</strong></span> <span class='ocrx_word' id='word_1_20' title='bbox 2071 409 2194 461; x_wconf 89' lang='lat' dir='ltr'><strong>per—</strong></span> <span class='ocrx_word' id='word_1_21' title='bbox 2223 400 2271 456; x_wconf 71' lang='grc' dir='ltr'><strong>Α</strong></span> <span class='ocrx_word' id='word_1_22' title='bbox 2299 412 2457 464; x_wconf 78' lang='lat' dir='ltr'><strong>neque</strong></span> <span class='ocrx_word' id='word_1_23' title='bbox 2485 396 2652 473; x_wconf 72' lang='lat' dir='ltr'><strong>ridere</strong></span> <span class='ocrx_word' id='word_1_24' title='bbox 2677 409 2911 465; x_wconf 77' lang='lat' dir='ltr'><strong>possunt,</strong></span> <span class='ocrx_word' id='word_1_25' title='bbox 2940 416 3100 467; x_wconf 81' lang='lat' dir='ltr'><strong>neque</strong></span> <span class='ocrx_word' id='word_1_26' title='bbox 3130 403 3333 465; x_wconf 80' lang='lat' dir='ltr'><strong>audire,</strong></span> <span class='ocrx_word' id='word_1_27' title='bbox 3370 420 3532 472; x_wconf 83' lang='lat' dir='ltr'><strong>neque</strong></span> <span class='ocrx_word' id='word_1_28' title='bbox 3555 407 3840 462; x_wconf 69' lang='lat' dir='ltr'><strong>ambulare.</strong></span> 
     </span>
    </p>
   </div>
   <div class='ocr_carea' id='block_1_3' title="bbox 651 470 3844 564">
    <p class='ocr_par' dir='ltr' id='par_1_3' title="bbox 651 470 3844 564">
     <span class='ocr_line' id='line_1_3' title="bbox 651 470 3844 564; baseline 0.008 -42"><span class='ocrx_word' id='word_1_29' title='bbox 651 470 842 532; x_wconf 86' lang='lat' dir='ltr'><strong>tinerc,</strong></span> <span class='ocrx_word' id='word_1_30' title='bbox 863 471 1135 555; x_wconf 71' lang='lat' dir='ltr'><strong>subiunxit</strong></span> <span class='ocrx_word' id='word_1_31' title='bbox 1163 491 1175 524; x_wconf 94' lang='lat'>:</span> <span class='ocrx_word' id='word_1_32' title='bbox 1213 473 1392 564; x_wconf 37' lang='lat' dir='ltr'><strong>(iens.</strong></span> <span class='ocrx_word' id='word_1_33' title='bbox 1421 472 1514 542; x_wconf 66' lang='grc' dir='ltr'><strong>ευ)</strong></span> <span class='ocrx_word' id='word_1_34' title='bbox 1537 473 1602 526; x_wconf 70' lang='lat' dir='ltr'><strong>Et</strong></span> <span class='ocrx_word' id='word_1_35' title='bbox 1626 478 1799 530; x_wconf 75' lang='lat' dir='ltr'><strong>ea&#39;teri</strong></span> <span class='ocrx_word' id='word_1_36' title='bbox 1823 479 2078 542; x_wconf 81' lang='lat' dir='ltr'><strong>homines,</strong></span> <span class='ocrx_word' id='word_1_37' title='bbox 2100 484 2198 560; x_wconf 79' lang='lat' dir='ltr'><strong>qui</strong></span> <span class='ocrx_word' id='word_1_38' title='bbox 2293 470 2614 554; x_wconf 34' lang='lat' dir='ltr'><strong>(Vens-2|.)</strong></span> <span class='ocrx_word' id='word_1_39' title='bbox 2641 483 2708 538; x_wconf 74' lang='lat' dir='ltr'><strong>Et</strong></span> <span class='ocrx_word' id='word_1_40' title='bbox 2733 497 3060 564; x_wconf 69' lang='lat' dir='ltr'><strong>nonegernnt</strong></span> <span class='ocrx_word' id='word_1_41' title='bbox 3079 490 3425 556; x_wconf 68' lang='lat' dir='ltr'><strong>penitentiam</strong></span> <span class='ocrx_word' id='word_1_42' title='bbox 3444 470 3453 472; x_wconf 15' lang='grc' dir='ltr'>ί</span> <span class='ocrx_word' id='word_1_43' title='bbox 3471 494 3536 544; x_wconf 73' lang='lat' dir='ltr'><strong>ab</strong></span> <span class='ocrx_word' id='word_1_44' title='bbox 3555 493 3844 550; x_wconf 63' lang='lat' dir='ltr'><strong>homicidiis</strong></span> 
     </span>
    </p>
   </div>
   <div class='ocr_carea' id='block_1_4' title="bbox 548 553 3876 646">
    <p class='ocr_par' dir='ltr' id='par_1_4' title="bbox 548 553 3876 646">
     <span class='ocr_line' id='line_1_4' title="bbox 548 553 3876 646; baseline 0.009 -40"><span class='ocrx_word' id='word_1_45' title='bbox 548 626 554 631; x_wconf 79' lang='lat'>_</span> <span class='ocrx_word' id='word_1_46' title='bbox 649 573 751 608; x_wconf 74' lang='lat' dir='ltr'><strong>non</strong></span> <span class='ocrx_word' id='word_1_47' title='bbox 773 564 916 620; x_wconf 68' lang='lat' dir='ltr'><strong>sunt,</strong></span> <span class='ocrx_word' id='word_1_48' title='bbox 935 553 1106 626; x_wconf 73' lang='lat' dir='ltr'><strong>neque</strong></span> <span class='ocrx_word' id='word_1_49' title='bbox 1127 561 1474 628; x_wconf 65' lang='lat' dir='ltr'><strong>paenitentiam</strong></span> <span class='ocrx_word' id='word_1_50' title='bbox 1497 574 1706 630; x_wconf 57' lang='lat' dir='ltr'><strong>egervnt</strong></span> <span class='ocrx_word' id='word_1_51' title='bbox 1729 565 1795 618; x_wconf 79' lang='lat' dir='ltr'><strong>de</strong></span> <span class='ocrx_word' id='word_1_52' title='bbox 1813 568 2051 635; x_wconf 77' lang='lat' dir='ltr'><strong>operibus</strong></span> <span class='ocrx_word' id='word_1_53' title='bbox 2078 558 2198 621; x_wconf 50' lang='grc' dir='ltr'><strong>πτας</strong></span> <span class='ocrx_word' id='word_1_54' title='bbox 2291 571 2422 634; x_wconf 81' lang='lat' dir='ltr'><strong>suis,</strong></span> <span class='ocrx_word' id='word_1_55' title='bbox 2450 553 2611 640; x_wconf 78' lang='lat' dir='ltr'><strong>neque</strong></span> <span class='ocrx_word' id='word_1_56' title='bbox 2631 588 2664 624; x_wconf 88' lang='lat' dir='ltr'><strong>a</strong></span> <span class='ocrx_word' id='word_1_57' title='bbox 2691 553 3032 640; x_wconf 73' lang='lat' dir='ltr'><strong>fornicatione</strong></span> <span class='ocrx_word' id='word_1_58' title='bbox 3049 553 3166 638; x_wconf 72' lang='lat' dir='ltr'><strong>sua,</strong></span> <span class='ocrx_word' id='word_1_59' title='bbox 3195 593 3357 646; x_wconf 76' lang='lat' dir='ltr'><strong>neque</strong></span> <span class='ocrx_word' id='word_1_60' title='bbox 3373 595 3406 630; x_wconf 86' lang='lat' dir='ltr'><strong>tt</strong></span> <span class='ocrx_word' id='word_1_61' title='bbox 3424 579 3579 645; x_wconf 73' lang='lat' dir='ltr'><strong>furtis</strong></span> <span class='ocrx_word' id='word_1_62' title='bbox 3598 581 3728 635; x_wconf 74' lang='lat' dir='ltr'><strong>suis.</strong></span> <span class='ocrx_word' id='word_1_63' title='bbox 3764 581 3843 636; x_wconf 74' lang='lat' dir='ltr'><strong>Ac</strong></span> <span class='ocrx_word' id='word_1_64' title='bbox 3874 609 3876 612; x_wconf 90' lang='grc'><strong>·</strong></span> 
     </span>
    </p>
   </div>
   <div class='ocr_carea' id='block_1_5' title="bbox 650 649 3842 734">
    <p class='ocr_par' dir='ltr' id='par_1_5' title="bbox 650 649 3842 734">
     <span class='ocr_line' id='line_1_5' title="bbox 650 649 3842 734; baseline 0.009 -40"><span class='ocrx_word' id='word_1_65' title='bbox 650 661 1050 709; x_wconf 66' lang='lat' dir='ltr'><strong>unumunum,</strong></span> <span class='ocrx_word' id='word_1_66' title='bbox 1071 659 1128 700; x_wconf 71' lang='lat' dir='ltr'><strong>ut</strong></span> <span class='ocrx_word' id='word_1_67' title='bbox 1147 665 1248 701; x_wconf 87' lang='lat' dir='ltr'><strong>non</strong></span> <span class='ocrx_word' id='word_1_68' title='bbox 1266 649 1829 716; x_wconf 71' lang='lat' dir='ltr'><strong>adorarentda&#39;ntonia,</strong></span> <span class='ocrx_word' id='word_1_69' title='bbox 1849 665 1898 706; x_wconf 88' lang='lat' dir='ltr'><strong>et</strong></span> <span class='ocrx_word' id='word_1_70' title='bbox 1916 655 2196 708; x_wconf 77' lang='lat' dir='ltr'><strong>simulacra</strong></span> <span class='ocrx_word' id='word_1_71' title='bbox 2292 659 2340 711; x_wconf 87' lang='lat' dir='ltr'><strong>si</strong></span> <span class='ocrx_word' id='word_1_72' title='bbox 2370 659 2666 712; x_wconf 73' lang='lat' dir='ltr'><strong>diceretur:</strong></span> <span class='ocrx_word' id='word_1_73' title='bbox 2729 668 2786 712; x_wconf 89' lang='lat' dir='ltr'><strong>et</strong></span> <span class='ocrx_word' id='word_1_74' title='bbox 2814 660 2870 713; x_wconf 89' lang='lat' dir='ltr'><strong>bi</strong></span> <span class='ocrx_word' id='word_1_75' title='bbox 2905 661 3036 716; x_wconf 89' lang='lat' dir='ltr'><strong>tales</strong></span> <span class='ocrx_word' id='word_1_76' title='bbox 3072 663 3138 716; x_wconf 84' lang='lat' dir='ltr'><strong>ad</strong></span> <span class='ocrx_word' id='word_1_77' title='bbox 3167 665 3529 734; x_wconf 78' lang='lat' dir='ltr'><strong>supradictum</strong></span> <span class='ocrx_word' id='word_1_78' title='bbox 3559 682 3842 723; x_wconf 79' lang='lat' dir='ltr'><strong>numerum</strong></span> 
     </span>
    </p>
   </div>
   <div class='ocr_carea' id='block_1_6' title="bbox 647 739 2848 813">
    <p class='ocr_par' dir='ltr' id='par_1_6' title="bbox 647 739 2848 813">
     <span class='ocr_line' id='line_1_6' title="bbox 647 739 2848 813; baseline 0.01 -33"><span class='ocrx_word' id='word_1_79' title='bbox 647 747 806 783; x_wconf 75' lang='lat' dir='ltr'><strong>aurea</strong></span> <span class='ocrx_word' id='word_1_80' title='bbox 829 742 1137 804; x_wconf 76' lang='lat' dir='ltr'><strong>etorgentea</strong></span> <span class='ocrx_word' id='word_1_81' title='bbox 1168 746 1217 789; x_wconf 86' lang='lat' dir='ltr'><strong>et</strong></span> <span class='ocrx_word' id='word_1_82' title='bbox 1248 754 1383 790; x_wconf 72' lang='lat' dir='ltr'><strong>terea</strong></span> <span class='ocrx_word' id='word_1_83' title='bbox 1413 748 1476 790; x_wconf 80' lang='lat' dir='ltr'><strong>‘et</strong></span> <span class='ocrx_word' id='word_1_84' title='bbox 1524 739 1731 807; x_wconf 78' lang='lat' dir='ltr'><strong>lapidea</strong></span> <span class='ocrx_word' id='word_1_85' title='bbox 1759 751 1808 794; x_wconf 90' lang='lat' dir='ltr'><strong>et</strong></span> <span class='ocrx_word' id='word_1_86' title='bbox 1844 740 2038 810; x_wconf 81' lang='lat' dir='ltr'><strong>lignea,</strong></span> <span class='ocrx_word' id='word_1_87' title='bbox 2079 760 2196 812; x_wconf 79' lang='lat' dir='ltr'><strong>qua:</strong></span> <span class='ocrx_word' id='word_1_88' title='bbox 2296 747 2559 813; x_wconf 78' lang='lat' dir='ltr'><strong>pertinere</strong></span> <span class='ocrx_word' id='word_1_89' title='bbox 2584 747 2848 801; x_wconf 86' lang='lat' dir='ltr'><strong>videntur.</strong></span> 
     </span>
    </p>
   </div>
   <div class='ocr_carea' id='block_1_7' title="bbox 662 871 2886 903">
    <p class='ocr_par' dir='ltr' id='par_1_7' title="bbox 662 871 2886 903">
     <span class='ocr_line' id='line_1_7' title="bbox 662 871 2886 903; baseline 0.002 -12"><span class='ocrx_word' id='word_1_90' title='bbox 662 871 2886 903; x_wconf 51' lang='grc' dir='ltr'><strong>Μ..-</strong></span> 
     </span>
    </p>
   </div>
   <div class='ocr_carea' id='block_1_8' title="bbox 1822 987 2681 1103">
    <p class='ocr_par' dir='ltr' id='par_1_8' title="bbox 1822 987 2681 1103">
     <span class='ocr_line' id='line_1_8' title="bbox 1822 987 2681 1103; baseline 0.007 -16"><span class='ocrx_word' id='word_1_91' title='bbox 1822 1013 2112 1087; x_wconf 80' lang='lat' dir='ltr'><strong>LIBER</strong></span> <span class='ocrx_word' id='word_1_92' title='bbox 2169 987 2681 1103; x_wconf 71' lang='lat' dir='ltr'><strong>QUINTUS.</strong></span> 
     </span>
    </p>
   </div>
   <div class='ocr_carea' id='block_1_9' title="bbox 1255 1225 1586 1282">
    <p class='ocr_par' dir='ltr' id='par_1_9' title="bbox 1255 1225 1586 1282">
     <span class='ocr_line' id='line_1_9' title="bbox 1255 1225 1586 1282; baseline 0.006 -4"><span class='ocrx_word' id='word_1_93' title='bbox 1255 1225 1483 1282; x_wconf 77' lang='lat' dir='ltr'><strong>CAPUT</strong></span> <span class='ocrx_word' id='word_1_94' title='bbox 1519 1228 1586 1281; x_wconf 71' lang='grc' dir='ltr'><strong>Χ.</strong></span> 
     </span>
    </p>
   </div>
   <div class='ocr_carea' id='block_1_10' title="bbox 712 1328 2193 1408">
    <p class='ocr_par' dir='ltr' id='par_1_10' title="bbox 712 1328 2193 1408">
     <span class='ocr_line' id='line_1_10' title="bbox 712 1328 2193 1408; baseline 0.011 -27"><span class='ocrx_word' id='word_1_95' title='bbox 712 1328 847 1382; x_wconf 86' lang='lat' dir='ltr'><strong>Cum</strong></span> <span class='ocrx_word' id='word_1_96' title='bbox 870 1343 966 1398; x_wconf 89' lang='lat' dir='ltr'><strong>per</strong></span> <span class='ocrx_word' id='word_1_97' title='bbox 982 1335 1203 1383; x_wconf 63' lang='lat' dir='ltr'><strong>mteras</strong></span> <span class='ocrx_word' id='word_1_98' title='bbox 1237 1333 1542 1400; x_wconf 85' lang='lat' dir='ltr'><strong>prophetias</strong></span> <span class='ocrx_word' id='word_1_99' title='bbox 1557 1350 1718 1402; x_wconf 80' lang='lat' dir='ltr'><strong>quam</strong></span> <span class='ocrx_word' id='word_1_100' title='bbox 1745 1339 1911 1393; x_wconf 84' lang='lat' dir='ltr'><strong>multa</strong></span> <span class='ocrx_word' id='word_1_101' title='bbox 1929 1356 2046 1408; x_wconf 73' lang='lat' dir='ltr'><strong>«pne</strong></span> <span class='ocrx_word' id='word_1_102' title='bbox 2085 1358 2193 1396; x_wconf 86' lang='lat' dir='ltr'><strong>me-</strong></span> 
     </span>
    </p>
   </div>
   <div class='ocr_carea' id='block_1_11' title="bbox 648 1417 2192 1494">
    <p class='ocr_par' dir='ltr' id='par_1_11' title="bbox 648 1417 2192 1494">
     <span class='ocr_line' id='line_1_11' title="bbox 648 1417 2192 1494; baseline 0.009 -26"><span class='ocrx_word' id='word_1_103' title='bbox 648 1417 833 1468; x_wconf 86' lang='lat' dir='ltr'><strong>diatori</strong></span> <span class='ocrx_word' id='word_1_104' title='bbox 861 1424 1044 1470; x_wconf 86' lang='lat' dir='ltr'><strong>nostro</strong></span> <span class='ocrx_word' id='word_1_105' title='bbox 1061 1419 1378 1471; x_wconf 83' lang='lat' dir='ltr'><strong>conveniant</strong></span> <span class='ocrx_word' id='word_1_106' title='bbox 1404 1421 1457 1472; x_wconf 90' lang='lat' dir='ltr'><strong>in</strong></span> <span class='ocrx_word' id='word_1_107' title='bbox 1481 1422 1708 1476; x_wconf 75' lang='lat' dir='ltr'><strong>terrenis</strong></span> <span class='ocrx_word' id='word_1_108' title='bbox 1735 1425 1914 1487; x_wconf 88' lang='lat' dir='ltr'><strong>rebus,</strong></span> <span class='ocrx_word' id='word_1_109' title='bbox 1948 1436 2004 1479; x_wconf 87' lang='lat' dir='ltr'><strong>et</strong></span> <span class='ocrx_word' id='word_1_110' title='bbox 2027 1443 2192 1494; x_wconf 83' lang='lat' dir='ltr'><strong>pauca</strong></span> 
     </span>
    </p>
   </div>
   <div class='ocr_carea' id='block_1_12' title="bbox 649 1506 2193 1574">
    <p class='ocr_par' dir='ltr' id='par_1_12' title="bbox 649 1506 2193 1574">
     <span class='ocr_line' id='line_1_12' title="bbox 649 1506 2193 1574; baseline 0.008 -19"><span class='ocrx_word' id='word_1_111' title='bbox 649 1506 700 1556; x_wconf 90' lang='lat' dir='ltr'><strong>in</strong></span> <span class='ocrx_word' id='word_1_112' title='bbox 721 1506 1025 1560; x_wconf 78' lang='lat' dir='ltr'><strong>ctelestibus</strong></span> <span class='ocrx_word' id='word_1_113' title='bbox 1047 1509 1389 1574; x_wconf 75' lang='lat' dir='ltr'><strong>reperiamus,</strong></span> <span class='ocrx_word' id='word_1_114' title='bbox 1435 1506 1667 1564; x_wconf 79' lang='lat' dir='ltr'><strong>Joannes</strong></span> <span class='ocrx_word' id='word_1_115' title='bbox 1695 1511 1748 1564; x_wconf 90' lang='lat' dir='ltr'><strong>in</strong></span> <span class='ocrx_word' id='word_1_116' title='bbox 1777 1512 1877 1566; x_wconf 86' lang='lat' dir='ltr'><strong>hac</strong></span> <span class='ocrx_word' id='word_1_117' title='bbox 1911 1514 2193 1568; x_wconf 79' lang='lat' dir='ltr'><strong>adventum</strong></span> 
     </span>
    </p>
   </div>
   <div class='ocr_carea' id='block_1_13' title="bbox 647 1594 2196 1669">
    <p class='ocr_par' dir='ltr' id='par_1_13' title="bbox 647 1594 2196 1669">
     <span class='ocr_line' id='line_1_13' title="bbox 647 1594 2196 1669; baseline 0.005 -24"><span class='ocrx_word' id='word_1_118' title='bbox 647 1595 763 1661; x_wconf 83' lang='lat' dir='ltr'><strong>ejus</strong></span> <span class='ocrx_word' id='word_1_119' title='bbox 801 1594 994 1662; x_wconf 64' lang='lat' dir='ltr'><strong>sepius</strong></span> <span class='ocrx_word' id='word_1_120' title='bbox 1011 1602 1108 1662; x_wconf 84' lang='lat' dir='ltr'><strong>per</strong></span> <span class='ocrx_word' id='word_1_121' title='bbox 1134 1595 1380 1663; x_wconf 78' lang='lat' dir='ltr'><strong>angelum</strong></span> <span class='ocrx_word' id='word_1_122' title='bbox 1412 1597 1726 1666; x_wconf 69' lang='lat' dir='ltr'><strong>designavit.</strong></span> <span class='ocrx_word' id='word_1_123' title='bbox 1766 1599 1838 1654; x_wconf 73' lang='lat' dir='ltr'><strong>lit</strong></span> <span class='ocrx_word' id='word_1_124' title='bbox 1879 1600 2044 1669; x_wconf 87' lang='lat' dir='ltr'><strong>quid?</strong></span> <span class='ocrx_word' id='word_1_125' title='bbox 2092 1601 2196 1654; x_wconf 89' lang='lat' dir='ltr'><strong>nisi</strong></span> 
     </span>
    </p>
   </div>
   <div class='ocr_carea' id='block_1_14' title="bbox 649 1682 2198 1752">
    <p class='ocr_par' dir='ltr' id='par_1_14' title="bbox 649 1682 2198 1752">
     <span class='ocr_line' id='line_1_14' title="bbox 649 1682 2198 1752; baseline 0.006 -20"><span class='ocrx_word' id='word_1_126' title='bbox 649 1690 706 1732; x_wconf 92' lang='lat' dir='ltr'><strong>nt</strong></span> <span class='ocrx_word' id='word_1_127' title='bbox 722 1682 1022 1734; x_wconf 90' lang='lat' dir='ltr'><strong>uberiorem</strong></span> <span class='ocrx_word' id='word_1_128' title='bbox 1050 1683 1169 1736; x_wconf 88' lang='lat' dir='ltr'><strong>aliis</strong></span> <span class='ocrx_word' id='word_1_129' title='bbox 1197 1683 1331 1737; x_wconf 87' lang='lat' dir='ltr'><strong>hanc</strong></span> <span class='ocrx_word' id='word_1_130' title='bbox 1353 1685 1682 1752; x_wconf 77' lang='lat' dir='ltr'><strong>prophetiam</strong></span> <span class='ocrx_word' id='word_1_131' title='bbox 1709 1689 1973 1741; x_wconf 75' lang='lat' dir='ltr'><strong>ostendat.</strong></span> <span class='ocrx_word' id='word_1_132' title='bbox 2048 1688 2198 1742; x_wconf 86' lang='lat' dir='ltr'><strong>Unde</strong></span> 
     </span>
    </p>
   </div>
   <div class='ocr_carea' id='block_1_15' title="bbox 577 1770 2194 1845">
    <p class='ocr_par' dir='ltr' id='par_1_15' title="bbox 577 1770 2194 1845">
     <span class='ocr_line' id='line_1_15' title="bbox 577 1770 2194 1845; baseline 0.008 -26"><span class='ocrx_word' id='word_1_133' title='bbox 577 1797 582 1801; x_wconf 68' lang='grc' dir='ltr'>ι</span> <span class='ocrx_word' id='word_1_134' title='bbox 651 1784 788 1822; x_wconf 90' lang='lat' dir='ltr'><strong>nunc</strong></span> <span class='ocrx_word' id='word_1_135' title='bbox 842 1770 1063 1823; x_wconf 82' lang='lat' dir='ltr'><strong>dicitur:</strong></span> <span class='ocrx_word' id='word_1_136' title='bbox 1112 1771 1294 1838; x_wconf 70' lang='lat' dir='ltr'><strong>(Vens.</strong></span> <span class='ocrx_word' id='word_1_137' title='bbox 1337 1772 1390 1839; x_wconf 79' lang='grc' dir='ltr'><strong>Ι)</strong></span> <span class='ocrx_word' id='word_1_138' title='bbox 1429 1772 1497 1824; x_wconf 75' lang='lat' dir='ltr'><strong>Et</strong></span> <span class='ocrx_word' id='word_1_139' title='bbox 1544 1774 1719 1828; x_wconf 85' lang='lat' dir='ltr'><strong>audivi</strong></span> <span class='ocrx_word' id='word_1_140' title='bbox 1753 1774 1916 1828; x_wconf 77' lang='lat' dir='ltr'><strong>alium</strong></span> <span class='ocrx_word' id='word_1_141' title='bbox 1958 1777 2194 1845; x_wconf 79' lang='lat' dir='ltr'><strong>angelum</strong></span> 
     </span>
    </p>
   </div>
   <div class='ocr_carea' id='block_1_16' title="bbox 648 1857 2197 1935">
    <p class='ocr_par' dir='ltr' id='par_1_16' title="bbox 648 1857 2197 1935">
     <span class='ocr_line' id='line_1_16' title="bbox 648 1857 2197 1935; baseline 0.008 -26"><span class='ocrx_word' id='word_1_142' title='bbox 648 1857 829 1923; x_wconf 80' lang='lat' dir='ltr'><strong>fortem</strong></span> <span class='ocrx_word' id='word_1_143' title='bbox 855 1859 1236 1912; x_wconf 73' lang='lat' dir='ltr'><strong>descendentem</strong></span> <span class='ocrx_word' id='word_1_144' title='bbox 1263 1861 1328 1913; x_wconf 81' lang='lat' dir='ltr'><strong>tle</strong></span> <span class='ocrx_word' id='word_1_145' title='bbox 1360 1861 1484 1914; x_wconf 69' lang='lat' dir='ltr'><strong>(mlo</strong></span> <span class='ocrx_word' id='word_1_146' title='bbox 1523 1865 1768 1916; x_wconf 68' lang='lat' dir='ltr'><strong>amittunt</strong></span> <span class='ocrx_word' id='word_1_147' title='bbox 1791 1863 1939 1917; x_wconf 69' lang='lat' dir='ltr'><strong>nube.</strong></span> <span class='ocrx_word' id='word_1_148' title='bbox 1983 1866 2046 1919; x_wconf 81' lang='lat' dir='ltr'><strong>Et</strong></span> <span class='ocrx_word' id='word_1_149' title='bbox 2076 1867 2197 1935; x_wconf 83' lang='lat' dir='ltr'><strong>jure</strong></span> 
     </span>
    </p>
   </div>
   <div class='ocr_carea' id='block_1_17' title="bbox 648 1947 2199 2015">
    <p class='ocr_par' dir='ltr' id='par_1_17' title="bbox 648 1947 2199 2015">
     <span class='ocr_line' id='line_1_17' title="bbox 648 1947 2199 2015; baseline 0.006 -16"><span class='ocrx_word' id='word_1_150' title='bbox 648 1947 865 2014; x_wconf 79' lang='lat' dir='ltr'><strong>angelus</strong></span> <span class='ocrx_word' id='word_1_151' title='bbox 883 1947 1097 2009; x_wconf 89' lang='lat' dir='ltr'><strong>dicitur,</strong></span> <span class='ocrx_word' id='word_1_152' title='bbox 1143 1949 1268 2015; x_wconf 91' lang='lat' dir='ltr'><strong>quia</strong></span> <span class='ocrx_word' id='word_1_153' title='bbox 1292 1958 1502 2003; x_wconf 68' lang='lat' dir='ltr'><strong>anet-nm</strong></span> <span class='ocrx_word' id='word_1_154' title='bbox 1539 1951 1659 2005; x_wconf 78' lang='lat' dir='ltr'><strong>vita:</strong></span> <span class='ocrx_word' id='word_1_155' title='bbox 1683 1966 1851 2004; x_wconf 75' lang='lat' dir='ltr'><strong>novus</strong></span> <span class='ocrx_word' id='word_1_156' title='bbox 1896 1953 2199 2009; x_wconf 86' lang='lat' dir='ltr'><strong>hominibus</strong></span> 
     </span>
    </p>
   </div>
   <div class='ocr_carea' id='block_1_18' title="bbox 651 2037 2198 2109">
    <p class='ocr_par' dir='ltr' id='par_1_18' title="bbox 651 2037 2198 2109">
     <span class='ocr_line' id='line_1_18' title="bbox 651 2037 2198 2109; baseline 0.005 -22"><span class='ocrx_word' id='word_1_157' title='bbox 651 2037 867 2090; x_wconf 88' lang='lat' dir='ltr'><strong>nuntius</strong></span> <span class='ocrx_word' id='word_1_158' title='bbox 894 2038 1157 2105; x_wconf 80' lang='lat' dir='ltr'><strong>apparuit,</strong></span> <span class='ocrx_word' id='word_1_159' title='bbox 1205 2038 1279 2095; x_wconf 82' lang='lat' dir='ltr'><strong>de</strong></span> <span class='ocrx_word' id='word_1_160' title='bbox 1313 2052 1420 2106; x_wconf 89' lang='lat' dir='ltr'><strong>quo</strong></span> <span class='ocrx_word' id='word_1_161' title='bbox 1468 2038 1691 2108; x_wconf 80' lang='lat' dir='ltr'><strong>legimus</strong></span> <span class='ocrx_word' id='word_1_162' title='bbox 1726 2053 1742 2090; x_wconf 85' lang='lat'><strong>:</strong></span> <span class='ocrx_word' id='word_1_163' title='bbox 1792 2039 1972 2109; x_wconf 68' lang='lat' dir='ltr'><strong>Magni</strong></span> <span class='ocrx_word' id='word_1_164' title='bbox 1995 2042 2198 2096; x_wconf 84' lang='lat' dir='ltr'><strong>consilii</strong></span> 
     </span>
    </p>
   </div>
   <div class='ocr_carea' id='block_1_19' title="bbox 649 2121 2198 2194">
    <p class='ocr_par' dir='ltr' id='par_1_19' title="bbox 649 2121 2198 2194">
     <span class='ocr_line' id='line_1_19' title="bbox 649 2121 2198 2194; baseline 0.006 -20"><span class='ocrx_word' id='word_1_165' title='bbox 649 2121 860 2191; x_wconf 78' lang='lat' dir='ltr'><strong>angelus</strong></span> <span class='ocrx_word' id='word_1_166' title='bbox 889 2136 907 2173; x_wconf 93' lang='lat'><em>:</em></span> <span class='ocrx_word' id='word_1_167' title='bbox 935 2123 1084 2190; x_wconf 77' lang='lat' dir='ltr'><strong>[ortis</strong></span> <span class='ocrx_word' id='word_1_168' title='bbox 1133 2133 1333 2186; x_wconf 84' lang='lat' dir='ltr'><strong>autem,</strong></span> <span class='ocrx_word' id='word_1_169' title='bbox 1375 2127 1502 2194; x_wconf 89' lang='lat' dir='ltr'><strong>quia</strong></span> <span class='ocrx_word' id='word_1_170' title='bbox 1536 2126 1708 2180; x_wconf 88' lang='lat' dir='ltr'><strong>aerias</strong></span> <span class='ocrx_word' id='word_1_171' title='bbox 1744 2136 2034 2194; x_wconf 84' lang='lat' dir='ltr'><strong>potestates</strong></span> <span class='ocrx_word' id='word_1_172' title='bbox 2085 2145 2198 2183; x_wconf 89' lang='lat' dir='ltr'><strong>mo-</strong></span> 
     </span>
    </p>
   </div>
   <div class='ocr_carea' id='block_1_20' title="bbox 559 2213 2197 2282">
    <p class='ocr_par' dir='ltr' id='par_1_20' title="bbox 559 2213 2197 2282">
     <span class='ocr_line' id='line_1_20' title="bbox 559 2213 2197 2282; baseline 0.007 -21"><span class='ocrx_word' id='word_1_173' title='bbox 559 2267 569 2274; x_wconf 41' lang='lat'><em>.</em></span> <span class='ocrx_word' id='word_1_174' title='bbox 653 2213 837 2265; x_wconf 84' lang='lat' dir='ltr'><strong>rieudo</strong></span> <span class='ocrx_word' id='word_1_175' title='bbox 887 2213 1077 2266; x_wconf 77' lang='lat' dir='ltr'><strong>vicisse</strong></span> <span class='ocrx_word' id='word_1_176' title='bbox 1110 2216 1394 2282; x_wconf 85' lang='lat' dir='ltr'><strong>probatur;</strong></span> <span class='ocrx_word' id='word_1_177' title='bbox 1435 2217 1575 2269; x_wconf 88' lang='lat' dir='ltr'><strong>unde</strong></span> <span class='ocrx_word' id='word_1_178' title='bbox 1623 2226 1706 2269; x_wconf 86' lang='lat' dir='ltr'><strong>est</strong></span> <span class='ocrx_word' id='word_1_179' title='bbox 1739 2216 1890 2273; x_wconf 89' lang='lat' dir='ltr'><strong>illud:</strong></span> <span class='ocrx_word' id='word_1_180' title='bbox 1947 2218 2197 2272; x_wconf 80' lang='lat' dir='ltr'><strong>Dominus</strong></span> 
     </span>
    </p>
   </div>
   <div class='ocr_carea' id='block_1_21' title="bbox 564 2300 2196 2372">
    <p class='ocr_par' dir='ltr' id='par_1_21' title="bbox 564 2300 2196 2372">
     <span class='ocr_line' id='line_1_21' title="bbox 564 2300 2196 2372; baseline 0.008 -27"><span class='ocrx_word' id='word_1_181' title='bbox 564 2339 570 2345; x_wconf 90' lang='lat'><strong>.</strong></span> <span class='ocrx_word' id='word_1_182' title='bbox 647 2309 824 2367; x_wconf 82' lang='lat' dir='ltr'><strong>potens</strong></span> <span class='ocrx_word' id='word_1_183' title='bbox 849 2302 904 2353; x_wconf 83' lang='lat' dir='ltr'><strong>in</strong></span> <span class='ocrx_word' id='word_1_184' title='bbox 941 2301 1121 2368; x_wconf 79' lang='lat' dir='ltr'><strong>pra-lio</strong></span> <span class='ocrx_word' id='word_1_185' title='bbox 1160 2300 1330 2370; x_wconf 83' lang='lat' dir='ltr'><strong>(l’sal.</strong></span> <span class='ocrx_word' id='word_1_186' title='bbox 1378 2318 1532 2364; x_wconf 74' lang='lat' dir='ltr'><strong>nm,</strong></span> <span class='ocrx_word' id='word_1_187' title='bbox 1571 2304 1647 2372; x_wconf 90' lang='lat'><strong>8).</strong></span> <span class='ocrx_word' id='word_1_188' title='bbox 1682 2304 1833 2368; x_wconf 80' lang='lat' dir='ltr'><strong>Quod</strong></span> <span class='ocrx_word' id='word_1_189' title='bbox 1881 2304 2012 2358; x_wconf 86' lang='lat' dir='ltr'><strong>dicit</strong></span> <span class='ocrx_word' id='word_1_190' title='bbox 2037 2306 2196 2359; x_wconf 89' lang='lat' dir='ltr'><strong>alium</strong></span> 
     </span>
    </p>
   </div>
   <div class='ocr_carea' id='block_1_22' title="bbox 651 2389 2198 2465">
    <p class='ocr_par' dir='ltr' id='par_1_22' title="bbox 651 2389 2198 2465">
     <span class='ocr_line' id='line_1_22' title="bbox 651 2389 2198 2465; baseline 0.005 -25"><span class='ocrx_word' id='word_1_191' title='bbox 651 2405 754 2442; x_wconf 91' lang='lat' dir='ltr'><strong>non</strong></span> <span class='ocrx_word' id='word_1_192' title='bbox 784 2397 870 2442; x_wconf 86' lang='lat' dir='ltr'><strong>est</strong></span> <span class='ocrx_word' id='word_1_193' title='bbox 903 2389 978 2442; x_wconf 86' lang='lat' dir='ltr'><strong>rei</strong></span> <span class='ocrx_word' id='word_1_194' title='bbox 1003 2391 1299 2452; x_wconf 86' lang='lat' dir='ltr'><strong>diversitas,</strong></span> <span class='ocrx_word' id='word_1_195' title='bbox 1329 2391 1423 2444; x_wconf 87' lang='lat' dir='ltr'><strong>sed</strong></span> <span class='ocrx_word' id='word_1_196' title='bbox 1459 2392 1786 2446; x_wconf 83' lang='lat' dir='ltr'><strong>consuetudo</strong></span> <span class='ocrx_word' id='word_1_197' title='bbox 1811 2393 2198 2465; x_wconf 84' lang='lat' dir='ltr'><strong>recapitulatio-</strong></span> 
     </span>
    </p>
   </div>
   <div class='ocr_carea' id='block_1_23' title="bbox 649 2478 2199 2548">
    <p class='ocr_par' dir='ltr' id='par_1_23' title="bbox 649 2478 2199 2548">
     <span class='ocr_line' id='line_1_23' title="bbox 649 2478 2199 2548; baseline 0.004 -18"><span class='ocrx_word' id='word_1_198' title='bbox 649 2480 760 2538; x_wconf 78' lang='lat' dir='ltr'><strong>uis,</strong></span> <span class='ocrx_word' id='word_1_199' title='bbox 809 2478 970 2532; x_wconf 86' lang='lat' dir='ltr'><strong>alium</strong></span> <span class='ocrx_word' id='word_1_200' title='bbox 1017 2481 1260 2548; x_wconf 75' lang='lat' dir='ltr'><strong>angelum</strong></span> <span class='ocrx_word' id='word_1_201' title='bbox 1292 2482 1442 2543; x_wconf 89' lang='lat' dir='ltr'><strong>vidit,</strong></span> <span class='ocrx_word' id='word_1_202' title='bbox 1499 2483 1622 2548; x_wconf 86' lang='lat' dir='ltr'><strong>quia</strong></span> <span class='ocrx_word' id='word_1_203' title='bbox 1647 2483 1803 2535; x_wconf 83' lang='lat' dir='ltr'><strong>aliam</strong></span> <span class='ocrx_word' id='word_1_204' title='bbox 1834 2485 2089 2537; x_wconf 87' lang='lat' dir='ltr'><strong>visionem</strong></span> <span class='ocrx_word' id='word_1_205' title='bbox 2116 2499 2199 2536; x_wconf 84' lang='lat' dir='ltr'><strong>re-</strong></span> 
     </span>
    </p>
   </div>
   <div class='ocr_carea' id='block_1_24' title="bbox 647 2567 2198 2646">
    <p class='ocr_par' dir='ltr' id='par_1_24' title="bbox 647 2567 2198 2646">
     <span class='ocr_line' id='line_1_24' title="bbox 647 2567 2198 2646; baseline 0.003 -26"><span class='ocrx_word' id='word_1_206' title='bbox 647 2568 855 2636; x_wconf 89' lang='lat' dir='ltr'><strong>petivit.</strong></span> <span class='ocrx_word' id='word_1_207' title='bbox 917 2567 1066 2646; x_wconf 61' lang='lat' dir='ltr'><strong>Nube</strong></span> <span class='ocrx_word' id='word_1_208' title='bbox 1092 2571 1317 2624; x_wconf 85' lang='lat' dir='ltr'><strong>amictus</strong></span> <span class='ocrx_word' id='word_1_209' title='bbox 1336 2571 1582 2638; x_wconf 83' lang='lat' dir='ltr'><strong>apparuit</strong></span> <span class='ocrx_word' id='word_1_210' title='bbox 1611 2572 1845 2643; x_wconf 84' lang='lat' dir='ltr'><strong>angelus,</strong></span> <span class='ocrx_word' id='word_1_211' title='bbox 1891 2574 2014 2641; x_wconf 86' lang='lat' dir='ltr'><strong>quia</strong></span> <span class='ocrx_word' id='word_1_212' title='bbox 2040 2588 2198 2627; x_wconf 86' lang='lat' dir='ltr'><strong>carne</strong></span> 
     </span>
    </p>
   </div>
   <div class='ocr_carea' id='block_1_25' title="bbox 649 2659 2197 2729">
    <p class='ocr_par' dir='ltr' id='par_1_25' title="bbox 649 2659 2197 2729">
     <span class='ocr_line' id='line_1_25' title="bbox 649 2659 2197 2729; baseline 0.002 -19"><span class='ocrx_word' id='word_1_213' title='bbox 649 2659 862 2711; x_wconf 88' lang='lat' dir='ltr'><strong>indutus</strong></span> <span class='ocrx_word' id='word_1_214' title='bbox 898 2659 1034 2712; x_wconf 88' lang='lat' dir='ltr'><strong>inter</strong></span> <span class='ocrx_word' id='word_1_215' title='bbox 1057 2660 1298 2713; x_wconf 83' lang='lat' dir='ltr'><strong>homines</strong></span> <span class='ocrx_word' id='word_1_216' title='bbox 1328 2662 1473 2714; x_wconf 87' lang='lat' dir='ltr'><strong>visus</strong></span> <span class='ocrx_word' id='word_1_217' title='bbox 1507 2669 1589 2714; x_wconf 87' lang='lat' dir='ltr'><strong>est</strong></span> <span class='ocrx_word' id='word_1_218' title='bbox 1616 2660 1894 2723; x_wconf 86' lang='lat' dir='ltr'><strong>Dominus;</strong></span> <span class='ocrx_word' id='word_1_219' title='bbox 1955 2662 2106 2729; x_wconf 87' lang='lat' dir='ltr'><strong>cujus</strong></span> <span class='ocrx_word' id='word_1_220' title='bbox 2131 2661 2197 2714; x_wconf 89' lang='lat' dir='ltr'><strong>de</strong></span> 
     </span>
    </p>
   </div>
   <div class='ocr_carea' id='block_1_26' title="bbox 645 2744 2197 2816">
    <p class='ocr_par' dir='ltr' id='par_1_26' title="bbox 645 2744 2197 2816">
     <span class='ocr_line' id='line_1_26' title="bbox 645 2744 2197 2816; baseline 0.003 -19"><span class='ocrx_word' id='word_1_221' title='bbox 645 2744 794 2798; x_wconf 61' lang='lat' dir='ltr'><strong>curiis</strong></span> <span class='ocrx_word' id='word_1_222' title='bbox 817 2745 1110 2809; x_wconf 78' lang='lat' dir='ltr'><strong>descensio,</strong></span> <span class='ocrx_word' id='word_1_223' title='bbox 1158 2747 1270 2814; x_wconf 87' lang='lat' dir='ltr'><strong>ipsa</strong></span> <span class='ocrx_word' id='word_1_224' title='bbox 1297 2750 1476 2801; x_wconf 88' lang='lat' dir='ltr'><strong>carnis</strong></span> <span class='ocrx_word' id='word_1_225' title='bbox 1524 2749 1832 2816; x_wconf 87' lang='lat' dir='ltr'><strong>assumptio.</strong></span> <span class='ocrx_word' id='word_1_226' title='bbox 1866 2747 1932 2800; x_wconf 75' lang='lat' dir='ltr'><strong>Et</strong></span> <span class='ocrx_word' id='word_1_227' title='bbox 1966 2749 2057 2800; x_wconf 88' lang='lat' dir='ltr'><strong>iris</strong></span> <span class='ocrx_word' id='word_1_228' title='bbox 2079 2758 2197 2802; x_wconf 88' lang='lat' dir='ltr'><strong>erat</strong></span> 
     </span>
    </p>
   </div>
   <div class='ocr_carea' id='block_1_27' title="bbox 646 2835 2194 2908">
    <p class='ocr_par' dir='ltr' id='par_1_27' title="bbox 646 2835 2194 2908">
     <span class='ocr_line' id='line_1_27' title="bbox 646 2835 2194 2908; baseline 0.003 -22"><span class='ocrx_word' id='word_1_229' title='bbox 646 2838 699 2888; x_wconf 81' lang='lat' dir='ltr'><strong>in</strong></span> <span class='ocrx_word' id='word_1_230' title='bbox 727 2836 891 2902; x_wconf 83' lang='lat' dir='ltr'><strong>capite</strong></span> <span class='ocrx_word' id='word_1_231' title='bbox 917 2836 1048 2903; x_wconf 82' lang='lat' dir='ltr'><strong>ejus.</strong></span> <span class='ocrx_word' id='word_1_232' title='bbox 1077 2835 1246 2905; x_wconf 83' lang='lat' dir='ltr'><strong>Caput</strong></span> <span class='ocrx_word' id='word_1_233' title='bbox 1272 2836 1496 2901; x_wconf 87' lang='lat' dir='ltr'><strong>Christi,</strong></span> <span class='ocrx_word' id='word_1_234' title='bbox 1518 2847 1576 2890; x_wconf 91' lang='lat' dir='ltr'><strong>ut</strong></span> <span class='ocrx_word' id='word_1_235' title='bbox 1608 2838 1735 2892; x_wconf 84' lang='lat' dir='ltr'><strong>dicit</strong></span> <span class='ocrx_word' id='word_1_236' title='bbox 1755 2838 2058 2908; x_wconf 72' lang='lat' dir='ltr'><strong>Apostolus,</strong></span> <span class='ocrx_word' id='word_1_237' title='bbox 2084 2839 2194 2905; x_wconf 87' lang='lat' dir='ltr'><strong>ipsa</strong></span> 
     </span>
    </p>
   </div>
   <div class='ocr_carea' id='block_1_28' title="bbox 646 2923 2195 2995">
    <p class='ocr_par' dir='ltr' id='par_1_28' title="bbox 646 2923 2195 2995">
     <span class='ocr_line' id='line_1_28' title="bbox 646 2923 2195 2995; baseline 0.002 -19"><span class='ocrx_word' id='word_1_238' title='bbox 646 2933 728 2977; x_wconf 85' lang='lat' dir='ltr'><strong>est</strong></span> <span class='ocrx_word' id='word_1_239' title='bbox 756 2924 1023 2977; x_wconf 76' lang='lat' dir='ltr'><strong>divinitas.</strong></span> <span class='ocrx_word' id='word_1_240' title='bbox 1081 2923 1178 2978; x_wconf 90' lang='lat' dir='ltr'><strong>lris</strong></span> <span class='ocrx_word' id='word_1_241' title='bbox 1212 2935 1388 2979; x_wconf 91' lang='lat' dir='ltr'><strong>autem</strong></span> <span class='ocrx_word' id='word_1_242' title='bbox 1435 2941 1592 2980; x_wconf 90' lang='lat' dir='ltr'><strong>arcus</strong></span> <span class='ocrx_word' id='word_1_243' title='bbox 1623 2938 1861 2988; x_wconf 90' lang='lat' dir='ltr'><strong>vocatur,</strong></span> <span class='ocrx_word' id='word_1_244' title='bbox 1901 2943 1994 2995; x_wconf 60' lang='lat' dir='ltr'><strong>per</strong></span> <span class='ocrx_word' id='word_1_245' title='bbox 2035 2943 2195 2994; x_wconf 81' lang='lat' dir='ltr'><strong>quam</strong></span> 
     </span>
    </p>
   </div>
   <div class='ocr_carea' id='block_1_29' title="bbox 649 3012 2191 3082">
    <p class='ocr_par' dir='ltr' id='par_1_29' title="bbox 649 3012 2191 3082">
     <span class='ocr_line' id='line_1_29' title="bbox 649 3012 2191 3082; baseline 0.002 -19"><span class='ocrx_word' id='word_1_246' title='bbox 649 3012 828 3064; x_wconf 89' lang='lat' dir='ltr'><strong>numdi</strong></span> <span class='ocrx_word' id='word_1_247' title='bbox 856 3013 1232 3076; x_wconf 79' lang='lat' dir='ltr'><strong>reconciliatio,</strong></span> <span class='ocrx_word' id='word_1_248' title='bbox 1259 3028 1377 3082; x_wconf 76' lang='lat' dir='ltr'><strong>qua:</strong></span> <span class='ocrx_word' id='word_1_249' title='bbox 1391 3029 1487 3082; x_wconf 88' lang='lat' dir='ltr'><strong>per</strong></span> <span class='ocrx_word' id='word_1_250' title='bbox 1509 3015 1764 3067; x_wconf 90' lang='lat' dir='ltr'><strong>incarnati</strong></span> <span class='ocrx_word' id='word_1_251' title='bbox 1797 3015 1954 3069; x_wconf 67' lang='lat' dir='ltr'><strong>\‘erbi</strong></span> <span class='ocrx_word' id='word_1_252' title='bbox 1978 3015 2191 3082; x_wconf 89' lang='lat' dir='ltr'><strong>dispen-</strong></span> 
     </span>
    </p>
   </div>
   <div class='ocr_carea' id='block_1_30' title="bbox 599 3100 2190 3175">
    <p class='ocr_par' dir='ltr' id='par_1_30' title="bbox 599 3100 2190 3175">
     <span class='ocr_line' id='line_1_30' title="bbox 599 3100 2190 3175; baseline 0.001 -21"><span class='ocrx_word' id='word_1_253' title='bbox 599 3130 614 3141; x_wconf 63' lang='grc' dir='ltr'><strong>ι</strong></span> <span class='ocrx_word' id='word_1_254' title='bbox 649 3102 902 3156; x_wconf 75' lang='lat' dir='ltr'><strong>sationem</strong></span> <span class='ocrx_word' id='word_1_255' title='bbox 931 3100 1066 3162; x_wconf 70' lang='lat' dir='ltr'><strong>facta</strong></span> <span class='ocrx_word' id='word_1_256' title='bbox 1079 3112 1181 3167; x_wconf 87' lang='lat' dir='ltr'><strong>cst,</strong></span> <span class='ocrx_word' id='word_1_257' title='bbox 1210 3103 1498 3173; x_wconf 76' lang='lat' dir='ltr'><strong>ﬁguratur;</strong></span> <span class='ocrx_word' id='word_1_258' title='bbox 1529 3105 1678 3174; x_wconf 85' lang='lat' dir='ltr'><strong>cujus</strong></span> <span class='ocrx_word' id='word_1_259' title='bbox 1694 3105 2003 3175; x_wconf 81' lang='lat' dir='ltr'><strong>mysterium</strong></span> <span class='ocrx_word' id='word_1_260' title='bbox 2033 3118 2190 3171; x_wconf 84' lang='lat' dir='ltr'><strong>supra</strong></span> 
     </span>
    </p>
   </div>
   <div class='ocr_carea' id='block_1_31' title="bbox 647 3191 2194 3262">
    <p class='ocr_par' dir='ltr' id='par_1_31' title="bbox 647 3191 2194 3262">
     <span class='ocr_line' id='line_1_31' title="bbox 647 3191 2194 3262; baseline 0.003 -20"><span class='ocrx_word' id='word_1_261' title='bbox 647 3191 844 3243; x_wconf 86' lang='lat' dir='ltr'><strong>dictum</strong></span> <span class='ocrx_word' id='word_1_262' title='bbox 867 3201 970 3245; x_wconf 90' lang='lat' dir='ltr'><strong>est.</strong></span> <span class='ocrx_word' id='word_1_263' title='bbox 1019 3191 1087 3246; x_wconf 84' lang='lat' dir='ltr'><strong>Et</strong></span> <span class='ocrx_word' id='word_1_264' title='bbox 1112 3202 1233 3248; x_wconf 88' lang='lat' dir='ltr'><strong>nota</strong></span> <span class='ocrx_word' id='word_1_265' title='bbox 1259 3195 1400 3262; x_wconf 80' lang='lat' dir='ltr'><strong>quod</strong></span> <span class='ocrx_word' id='word_1_266' title='bbox 1425 3195 1689 3261; x_wconf 86' lang='lat' dir='ltr'><strong>descripto</strong></span> <span class='ocrx_word' id='word_1_267' title='bbox 1718 3195 2004 3246; x_wconf 81' lang='lat' dir='ltr'><strong>novissimo</strong></span> <span class='ocrx_word' id='word_1_268' title='bbox 2023 3203 2194 3248; x_wconf 89' lang='lat' dir='ltr'><strong>certa-</strong></span> 
     </span>
    </p>
   </div>
   <div class='ocr_carea' id='block_1_32' title="bbox 650 3281 2198 3354">
    <p class='ocr_par' dir='ltr' id='par_1_32' title="bbox 650 3281 2198 3354">
     <span class='ocr_line' id='line_1_32' title="bbox 650 3281 2198 3354; baseline 0.001 -20"><span class='ocrx_word' id='word_1_269' title='bbox 650 3281 811 3344; x_wconf 84' lang='lat' dir='ltr'><strong>mine,</strong></span> <span class='ocrx_word' id='word_1_270' title='bbox 850 3295 915 3337; x_wconf 84' lang='lat' dir='ltr'><strong>ac</strong></span> <span class='ocrx_word' id='word_1_271' title='bbox 951 3282 1308 3348; x_wconf 73' lang='lat' dir='ltr'><strong>prmtermisso</strong></span> <span class='ocrx_word' id='word_1_272' title='bbox 1349 3284 1576 3351; x_wconf 80' lang='lat' dir='ltr'><strong>septimo</strong></span> <span class='ocrx_word' id='word_1_273' title='bbox 1614 3283 1810 3354; x_wconf 81' lang='lat' dir='ltr'><strong>sigillo,</strong></span> <span class='ocrx_word' id='word_1_274' title='bbox 1852 3284 1950 3341; x_wconf 79' lang='lat' dir='ltr'><strong>su‘.)</strong></span> <span class='ocrx_word' id='word_1_275' title='bbox 1995 3298 2100 3350; x_wconf 82' lang='lat' dir='ltr'><strong>quo</strong></span> <span class='ocrx_word' id='word_1_276' title='bbox 2143 3293 2198 3336; x_wconf 84' lang='lat' dir='ltr'><strong>et</strong></span> 
     </span>
    </p>
   </div>
   <div class='ocr_carea' id='block_1_33' title="bbox 602 3369 2198 3439">
    <p class='ocr_par' dir='ltr' id='par_1_33' title="bbox 602 3369 2198 3439">
     <span class='ocr_line' id='line_1_33' title="bbox 602 3369 2198 3439; baseline 0.003 -20"><span class='ocrx_word' id='word_1_277' title='bbox 602 3386 624 3409; x_wconf 79' lang='grc' dir='ltr'><strong>ο</strong></span> <span class='ocrx_word' id='word_1_278' title='bbox 651 3369 771 3425; x_wconf 75' lang='lat' dir='ltr'><strong>linis</strong></span> <span class='ocrx_word' id='word_1_279' title='bbox 791 3372 1280 3434; x_wconf 82' lang='lat' dir='ltr'><strong>consummationis,</strong></span> <span class='ocrx_word' id='word_1_280' title='bbox 1331 3380 1385 3425; x_wconf 88' lang='lat' dir='ltr'><strong>et</strong></span> <span class='ocrx_word' id='word_1_281' title='bbox 1406 3372 1610 3425; x_wconf 85' lang='lat' dir='ltr'><strong>Domini</strong></span> <span class='ocrx_word' id='word_1_282' title='bbox 1658 3371 1922 3424; x_wconf 85' lang='lat' dir='ltr'><strong>secundus</strong></span> <span class='ocrx_word' id='word_1_283' title='bbox 1954 3380 2198 3439; x_wconf 85' lang='lat' dir='ltr'><strong>speratur</strong></span> 
     </span>
    </p>
   </div>
   <div class='ocr_carea' id='block_1_34' title="bbox 649 3460 2198 3523">
    <p class='ocr_par' dir='ltr' id='par_1_34' title="bbox 649 3460 2198 3523">
     <span class='ocr_line' id='line_1_34' title="bbox 649 3460 2198 3523; baseline 0.003 -13"><span class='ocrx_word' id='word_1_284' title='bbox 649 3462 923 3523; x_wconf 83' lang='lat' dir='ltr'><strong>adventus,</strong></span> <span class='ocrx_word' id='word_1_285' title='bbox 952 3461 1237 3514; x_wconf 89' lang='lat' dir='ltr'><strong>adinitium</strong></span> <span class='ocrx_word' id='word_1_286' title='bbox 1254 3462 1630 3516; x_wconf 82' lang='lat' dir='ltr'><strong>incarnationis</strong></span> <span class='ocrx_word' id='word_1_287' title='bbox 1644 3460 1862 3522; x_wconf 82' lang='lat' dir='ltr'><strong>Christi,</strong></span> <span class='ocrx_word' id='word_1_288' title='bbox 1893 3462 2030 3512; x_wconf 85' lang='lat' dir='ltr'><strong>unde</strong></span> <span class='ocrx_word' id='word_1_289' title='bbox 2043 3461 2198 3514; x_wconf 88' lang='lat' dir='ltr'><strong>modo</strong></span> 
     </span>
    </p>
   </div>
   <div class='ocr_carea' id='block_1_35' title="bbox 649 3548 2194 3617">
    <p class='ocr_par' dir='ltr' id='par_1_35' title="bbox 649 3548 2194 3617">
     <span class='ocr_line' id='line_1_35' title="bbox 649 3548 2194 3617; baseline 0.001 -17"><span class='ocrx_word' id='word_1_290' title='bbox 649 3549 846 3601; x_wconf 86' lang='lat' dir='ltr'><strong>dictum</strong></span> <span class='ocrx_word' id='word_1_291' title='bbox 870 3557 971 3611; x_wconf 89' lang='lat' dir='ltr'><strong>est,</strong></span> <span class='ocrx_word' id='word_1_292' title='bbox 1011 3549 1171 3611; x_wconf 82' lang='lat' dir='ltr'><strong>redit,</strong></span> <span class='ocrx_word' id='word_1_293' title='bbox 1210 3559 1262 3602; x_wconf 89' lang='lat' dir='ltr'><strong>ct</strong></span> <span class='ocrx_word' id='word_1_294' title='bbox 1316 3548 1745 3617; x_wconf 69' lang='lat' dir='ltr'><strong>praulicationem</strong></span> <span class='ocrx_word' id='word_1_295' title='bbox 1778 3548 1897 3617; x_wconf 86' lang='lat' dir='ltr'><strong>ejus</strong></span> <span class='ocrx_word' id='word_1_296' title='bbox 1927 3548 2194 3602; x_wconf 87' lang='lat' dir='ltr'><strong>describit.</strong></span> 
     </span>
    </p>
   </div>
   <div class='ocr_carea' id='block_1_36' title="bbox 650 3636 2198 3716">
    <p class='ocr_par' dir='ltr' id='par_1_36' title="bbox 650 3636 2198 3716">
     <span class='ocr_line' id='line_1_36' title="bbox 650 3636 2198 3716; baseline 0.001 -27"><span class='ocrx_word' id='word_1_297' title='bbox 650 3636 755 3690; x_wconf 88' lang='lat' dir='ltr'><strong>llac</strong></span> <span class='ocrx_word' id='word_1_298' title='bbox 779 3639 1078 3692; x_wconf 84' lang='lat' dir='ltr'><strong>narratione</strong></span> <span class='ocrx_word' id='word_1_299' title='bbox 1103 3638 1270 3702; x_wconf 88' lang='lat' dir='ltr'><strong>linita,</strong></span> <span class='ocrx_word' id='word_1_300' title='bbox 1301 3639 1366 3692; x_wconf 89' lang='lat' dir='ltr'><strong>ad</strong></span> <span class='ocrx_word' id='word_1_301' title='bbox 1393 3652 1455 3692; x_wconf 87' lang='lat' dir='ltr'><strong>ea</strong></span> <span class='ocrx_word' id='word_1_302' title='bbox 1504 3653 1622 3706; x_wconf 78' lang='lat' dir='ltr'><strong>qua:</strong></span> <span class='ocrx_word' id='word_1_303' title='bbox 1657 3637 1920 3716; x_wconf 69' lang='lat' dir='ltr'><strong>paulisper</strong></span> <span class='ocrx_word' id='word_1_304' title='bbox 1945 3637 2198 3690; x_wconf 76' lang='lat' dir='ltr'><strong>omiserat</strong></span> 
     </span>
    </p>
   </div>
   <div class='ocr_carea' id='block_1_37' title="bbox 651 3725 2195 3797">
    <p class='ocr_par' dir='ltr' id='par_1_37' title="bbox 651 3725 2195 3797">
     <span class='ocr_line' id='line_1_37' title="bbox 651 3725 2195 3797; baseline 0.001 -19"><span class='ocrx_word' id='word_1_305' title='bbox 651 3726 801 3779; x_wconf 82' lang='lat' dir='ltr'><strong>redit.</strong></span> <span class='ocrx_word' id='word_1_306' title='bbox 882 3725 1276 3780; x_wconf 77' lang='lat' dir='ltr'><strong>Meminerimus</strong></span> <span class='ocrx_word' id='word_1_307' title='bbox 1328 3736 1506 3780; x_wconf 87' lang='lat' dir='ltr'><strong>autem</strong></span> <span class='ocrx_word' id='word_1_308' title='bbox 1535 3728 1812 3778; x_wconf 88' lang='lat' dir='ltr'><strong>cumhauc</strong></span> <span class='ocrx_word' id='word_1_309' title='bbox 1841 3727 2195 3797; x_wconf 79' lang='lat' dir='ltr'><strong>narrationem</strong></span> 
     </span>
    </p>
   </div>
   <div class='ocr_carea' id='block_1_38' title="bbox 649 3813 2199 3882">
    <p class='ocr_par' dir='ltr' id='par_1_38' title="bbox 649 3813 2199 3882">
     <span class='ocr_line' id='line_1_38' title="bbox 649 3813 2199 3882; baseline 0.001 -16"><span class='ocrx_word' id='word_1_310' title='bbox 649 3815 714 3866; x_wconf 88' lang='lat' dir='ltr'><strong>ad</strong></span> <span class='ocrx_word' id='word_1_311' title='bbox 743 3816 900 3867; x_wconf 88' lang='lat' dir='ltr'><strong>linem</strong></span> <span class='ocrx_word' id='word_1_312' title='bbox 925 3829 1092 3882; x_wconf 85' lang='lat' dir='ltr'><strong>usque</strong></span> <span class='ocrx_word' id='word_1_313' title='bbox 1133 3816 1459 3882; x_wconf 75' lang='lat' dir='ltr'><strong>perduxerit,</strong></span> <span class='ocrx_word' id='word_1_314' title='bbox 1482 3815 1675 3868; x_wconf 80' lang='lat' dir='ltr'><strong>debere</strong></span> <span class='ocrx_word' id='word_1_315' title='bbox 1699 3813 1856 3868; x_wconf 82' lang='lat' dir='ltr'><strong>linem</strong></span> <span class='ocrx_word' id='word_1_316' title='bbox 1875 3817 2050 3869; x_wconf 88' lang='lat' dir='ltr'><strong>ordini</strong></span> <span class='ocrx_word' id='word_1_317' title='bbox 2079 3832 2199 3870; x_wconf 90' lang='lat' dir='ltr'><strong>con-</strong></span> 
     </span>
    </p>
   </div>
   <div class='ocr_carea' id='block_1_39' title="bbox 650 3901 2199 3982">
    <p class='ocr_par' dir='ltr' id='par_1_39' title="bbox 650 3901 2199 3982">
     <span class='ocr_line' id='line_1_39' title="bbox 650 3901 2199 3982; baseline 0.002 -27"><span class='ocrx_word' id='word_1_318' title='bbox 650 3904 760 3956; x_wconf 84' lang='lat' dir='ltr'><strong>eiso</strong></span> <span class='ocrx_word' id='word_1_319' title='bbox 783 3901 1062 3975; x_wconf 86' lang='lat' dir='ltr'><strong>subjungi;</strong></span> <span class='ocrx_word' id='word_1_320' title='bbox 1112 3905 1260 3959; x_wconf 87' lang='lat' dir='ltr'><strong>locus</strong></span> <span class='ocrx_word' id='word_1_321' title='bbox 1285 3905 1428 3958; x_wconf 91' lang='lat' dir='ltr'><strong>enim</strong></span> <span class='ocrx_word' id='word_1_322' title='bbox 1475 3906 1585 3967; x_wconf 86' lang='lat' dir='ltr'><strong>ille,</strong></span> <span class='ocrx_word' id='word_1_323' title='bbox 1635 3920 1740 3971; x_wconf 88' lang='lat' dir='ltr'><strong>quo</strong></span> <span class='ocrx_word' id='word_1_324' title='bbox 1779 3905 1832 3958; x_wconf 91' lang='lat' dir='ltr'><strong>in</strong></span> <span class='ocrx_word' id='word_1_325' title='bbox 1857 3905 2199 3982; x_wconf 83' lang='lat' dir='ltr'><strong>sequentibus</strong></span> 
     </span>
    </p>
   </div>
   <div class='ocr_carea' id='block_1_40' title="bbox 651 3994 2197 4065">
    <p class='ocr_par' dir='ltr' id='par_1_40' title="bbox 651 3994 2197 4065">
     <span class='ocr_line' id='line_1_40' title="bbox 651 3994 2197 4065; baseline 0 -17"><span class='ocrx_word' id='word_1_326' title='bbox 651 3994 844 4048; x_wconf 84' lang='lat' dir='ltr'><strong>dicitur</strong></span> <span class='ocrx_word' id='word_1_327' title='bbox 873 4010 945 4046; x_wconf 80' lang='lat' dir='ltr'><strong>ra-</strong></span> <span class='ocrx_word' id='word_1_328' title='bbox 967 3997 1246 4065; x_wconf 77' lang='lat' dir='ltr'><strong>secundum</strong></span> <span class='ocrx_word' id='word_1_329' title='bbox 1271 3997 1418 4058; x_wconf 86' lang='lat' dir='ltr'><strong>abiit,</strong></span> <span class='ocrx_word' id='word_1_330' title='bbox 1472 3995 1539 4048; x_wconf 89' lang='lat' dir='ltr'><strong>ad</strong></span> <span class='ocrx_word' id='word_1_331' title='bbox 1587 3995 1726 4048; x_wconf 88' lang='lat' dir='ltr'><strong>hunc</strong></span> <span class='ocrx_word' id='word_1_332' title='bbox 1775 3996 2197 4050; x_wconf 86' lang='lat' dir='ltr'><strong>subauditionem</strong></span> 
     </span>
    </p>
   </div>
   <div class='ocr_carea' id='block_1_41' title="bbox 653 4083 2187 4154">
    <p class='ocr_par' dir='ltr' id='par_1_41' title="bbox 653 4083 2187 4154">
     <span class='ocr_line' id='line_1_41' title="bbox 653 4083 2187 4154; baseline 0.001 -17"><span class='ocrx_word' id='word_1_333' title='bbox 653 4085 830 4148; x_wconf 83' lang='lat' dir='ltr'><strong>habet,</strong></span> <span class='ocrx_word' id='word_1_334' title='bbox 864 4099 968 4153; x_wconf 88' lang='lat' dir='ltr'><strong>quo</strong></span> <span class='ocrx_word' id='word_1_335' title='bbox 997 4084 1341 4152; x_wconf 55' lang='lat' dir='ltr'><strong>pra‘cedentis</strong></span> <span class='ocrx_word' id='word_1_336' title='bbox 1361 4083 1479 4136; x_wconf 87' lang='lat' dir='ltr'><strong>libri</strong></span> <span class='ocrx_word' id='word_1_337' title='bbox 1502 4085 1725 4138; x_wconf 84' lang='lat' dir='ltr'><strong>termino</strong></span> <span class='ocrx_word' id='word_1_338' title='bbox 1761 4085 1825 4137; x_wconf 89' lang='lat' dir='ltr'><strong>de</strong></span> <span class='ocrx_word' id='word_1_339' title='bbox 1851 4085 2187 4154; x_wconf 80' lang='lat' dir='ltr'><strong>nequissimo</strong></span> 
     </span>
    </p>
   </div>
   <div class='ocr_carea' id='block_1_42' title="bbox 653 4172 2194 4242">
    <p class='ocr_par' dir='ltr' id='par_1_42' title="bbox 653 4172 2194 4242">
     <span class='ocr_line' id='line_1_42' title="bbox 653 4172 2194 4242; baseline -0.001 -18"><span class='ocrx_word' id='word_1_340' title='bbox 653 4188 767 4226; x_wconf 90' lang='lat' dir='ltr'><strong>rum</strong></span> <span class='ocrx_word' id='word_1_341' title='bbox 819 4187 1077 4242; x_wconf 88' lang='lat' dir='ltr'><strong>equorum</strong></span> <span class='ocrx_word' id='word_1_342' title='bbox 1119 4187 1183 4226; x_wconf 91' lang='lat' dir='ltr'><strong>ac</strong></span> <span class='ocrx_word' id='word_1_343' title='bbox 1223 4172 1458 4241; x_wconf 87' lang='lat' dir='ltr'><strong>gentium</strong></span> <span class='ocrx_word' id='word_1_344' title='bbox 1497 4172 1792 4241; x_wconf 88' lang='lat' dir='ltr'><strong>perditione</strong></span> <span class='ocrx_word' id='word_1_345' title='bbox 1833 4173 2194 4225; x_wconf 85' lang='lat' dir='ltr'><strong>tractavimus.</strong></span> 
     </span>
    </p>
   </div>
   <div class='ocr_carea' id='block_1_43' title="bbox 653 4264 2198 4333">
    <p class='ocr_par' dir='ltr' id='par_1_43' title="bbox 653 4264 2198 4333">
     <span class='ocr_line' id='line_1_43' title="bbox 653 4264 2198 4333; baseline -0.001 -16"><span class='ocrx_word' id='word_1_346' title='bbox 653 4265 717 4317; x_wconf 74' lang='lat' dir='ltr'><strong>Et</strong></span> <span class='ocrx_word' id='word_1_347' title='bbox 740 4272 863 4316; x_wconf 85' lang='lat' dir='ltr'><strong>nota</strong></span> <span class='ocrx_word' id='word_1_348' title='bbox 890 4264 1012 4331; x_wconf 88' lang='lat' dir='ltr'><strong>quia</strong></span> <span class='ocrx_word' id='word_1_349' title='bbox 1035 4265 1088 4317; x_wconf 90' lang='lat' dir='ltr'><strong>in</strong></span> <span class='ocrx_word' id='word_1_350' title='bbox 1118 4265 1218 4318; x_wconf 85' lang='lat' dir='ltr'><strong>hac</strong></span> <span class='ocrx_word' id='word_1_351' title='bbox 1239 4265 1541 4318; x_wconf 86' lang='lat' dir='ltr'><strong>narratione</strong></span> <span class='ocrx_word' id='word_1_352' title='bbox 1564 4279 1671 4318; x_wconf 90' lang='lat' dir='ltr'><strong>non</strong></span> <span class='ocrx_word' id='word_1_353' title='bbox 1694 4264 1845 4318; x_wconf 82' lang='lat' dir='ltr'><strong>solito</strong></span> <span class='ocrx_word' id='word_1_354' title='bbox 1867 4280 2049 4333; x_wconf 81' lang='lat' dir='ltr'><strong>agens,</strong></span> <span class='ocrx_word' id='word_1_355' title='bbox 2092 4279 2198 4316; x_wconf 82' lang='lat' dir='ltr'><strong>aut-</strong></span> 
     </span>
    </p>
   </div>
   <div class='ocr_carea' id='block_1_44' title="bbox 653 4351 2197 4416">
    <p class='ocr_par' dir='ltr' id='par_1_44' title="bbox 653 4351 2197 4416">
     <span class='ocr_line' id='line_1_44' title="bbox 653 4351 2197 4416; baseline -0.001 -10"><span class='ocrx_word' id='word_1_356' title='bbox 653 4355 747 4406; x_wconf 85' lang='lat' dir='ltr'><strong>bas</strong></span> <span class='ocrx_word' id='word_1_357' title='bbox 768 4353 1101 4405; x_wconf 86' lang='lat' dir='ltr'><strong>narrationes</strong></span> <span class='ocrx_word' id='word_1_358' title='bbox 1129 4367 1235 4405; x_wconf 89' lang='lat' dir='ltr'><strong>non</strong></span> <span class='ocrx_word' id='word_1_359' title='bbox 1285 4366 1390 4405; x_wconf 91' lang='lat' dir='ltr'><strong>uno</strong></span> <span class='ocrx_word' id='word_1_360' title='bbox 1427 4353 1552 4416; x_wconf 89' lang='lat' dir='ltr'><strong>line,</strong></span> <span class='ocrx_word' id='word_1_361' title='bbox 1605 4355 1696 4406; x_wconf 87' lang='lat' dir='ltr'><strong>sed</strong></span> <span class='ocrx_word' id='word_1_362' title='bbox 1723 4354 1926 4407; x_wconf 86' lang='lat' dir='ltr'><strong>duobus</strong></span> <span class='ocrx_word' id='word_1_363' title='bbox 1950 4351 2197 4406; x_wconf 83' lang='lat' dir='ltr'><strong>determi-</strong></span> 
     </span>
    </p>
   </div>
   <div class='ocr_carea' id='block_1_45' title="bbox 653 4439 2197 4510">
    <p class='ocr_par' dir='ltr' id='par_1_45' title="bbox 653 4439 2197 4510">
     <span class='ocr_line' id='line_1_45' title="bbox 653 4439 2197 4510; baseline -0.003 -15"><span class='ocrx_word' id='word_1_364' title='bbox 653 4450 764 4504; x_wconf 91' lang='lat' dir='ltr'><strong>nat,</strong></span> <span class='ocrx_word' id='word_1_365' title='bbox 809 4441 932 4510; x_wconf 89' lang='lat' dir='ltr'><strong>quia</strong></span> <span class='ocrx_word' id='word_1_366' title='bbox 973 4449 1026 4492; x_wconf 89' lang='lat' dir='ltr'><strong>et</strong></span> <span class='ocrx_word' id='word_1_367' title='bbox 1071 4439 1309 4493; x_wconf 88' lang='lat' dir='ltr'><strong>ordinem</strong></span> <span class='ocrx_word' id='word_1_368' title='bbox 1349 4441 1778 4510; x_wconf 66' lang='lat' dir='ltr'><strong>przetcrmissum,</strong></span> <span class='ocrx_word' id='word_1_369' title='bbox 1807 4448 1861 4490; x_wconf 89' lang='lat' dir='ltr'><strong>et</strong></span> <span class='ocrx_word' id='word_1_370' title='bbox 1884 4439 2197 4505; x_wconf 86' lang='lat' dir='ltr'><strong>recapitula-</strong></span> 
     </span>
    </p>
   </div>
   <div class='ocr_carea' id='block_1_46' title="bbox 627 4527 2197 4598">
    <p class='ocr_par' dir='ltr' id='par_1_46' title="bbox 627 4527 2197 4598">
     <span class='ocr_line' id='line_1_46' title="bbox 627 4527 2197 4598; baseline -0.003 -15"><span class='ocrx_word' id='word_1_371' title='bbox 627 4558 633 4565; x_wconf 93' lang='lat'>-</span> <span class='ocrx_word' id='word_1_372' title='bbox 653 4532 848 4584; x_wconf 90' lang='lat' dir='ltr'><strong>tionem</strong></span> <span class='ocrx_word' id='word_1_373' title='bbox 871 4527 1178 4596; x_wconf 80' lang='lat' dir='ltr'><strong>singillatim</strong></span> <span class='ocrx_word' id='word_1_374' title='bbox 1198 4528 1493 4598; x_wconf 79' lang='lat' dir='ltr'><strong>distinguit,</strong></span> <span class='ocrx_word' id='word_1_375' title='bbox 1527 4531 1662 4583; x_wconf 86' lang='lat' dir='ltr'><strong>sicut</strong></span> <span class='ocrx_word' id='word_1_376' title='bbox 1681 4537 1796 4598; x_wconf 87' lang='lat' dir='ltr'><strong>post</strong></span> <span class='ocrx_word' id='word_1_377' title='bbox 1821 4528 2087 4598; x_wconf 82' lang='lat' dir='ltr'><strong>paululum</strong></span> <span class='ocrx_word' id='word_1_378' title='bbox 2110 4543 2197 4596; x_wconf 85' lang='lat' dir='ltr'><strong>ap-</strong></span> 
     </span>
    </p>
   </div>
   <div class='ocr_carea' id='block_1_47' title="bbox 654 4618 858 4688">
    <p class='ocr_par' dir='ltr' id='par_1_47' title="bbox 654 4618 858 4688">
     <span class='ocr_line' id='line_1_47' title="bbox 654 4618 858 4688; baseline 0.01 -20"><span class='ocrx_word' id='word_1_379' title='bbox 654 4618 858 4688; x_wconf 68' lang='lat' dir='ltr'><strong>parebit</strong></span> 
     </span>
    </p>
   </div>
   <div class='ocr_carea' id='block_1_48' title="bbox 723 4706 2198 4776">
    <p class='ocr_par' dir='ltr' id='par_1_48' title="bbox 723 4706 2198 4776">
     <span class='ocr_line' id='line_1_48' title="bbox 723 4706 2198 4776; baseline -0.003 -15"><span class='ocrx_word' id='word_1_380' title='bbox 723 4709 788 4761; x_wconf 75' lang='lat' dir='ltr'><strong>Et</strong></span> <span class='ocrx_word' id='word_1_381' title='bbox 821 4710 978 4776; x_wconf 76' lang='lat' dir='ltr'><strong>[acies</strong></span> <span class='ocrx_word' id='word_1_382' title='bbox 1014 4709 1124 4776; x_wconf 82' lang='lat' dir='ltr'><strong>ejus</strong></span> <span class='ocrx_word' id='word_1_383' title='bbox 1169 4709 1296 4761; x_wconf 82' lang='lat' dir='ltr'><strong>sicut</strong></span> <span class='ocrx_word' id='word_1_384' title='bbox 1326 4708 1422 4760; x_wconf 89' lang='lat' dir='ltr'><strong>sol.</strong></span> <span class='ocrx_word' id='word_1_385' title='bbox 1463 4707 1649 4761; x_wconf 78' lang='lat' dir='ltr'><strong>Facies</strong></span> <span class='ocrx_word' id='word_1_386' title='bbox 1701 4707 1871 4775; x_wconf 78' lang='lat' dir='ltr'><strong>angeli</strong></span> <span class='ocrx_word' id='word_1_387' title='bbox 1905 4706 2198 4759; x_wconf 87' lang='lat' dir='ltr'><strong>iucaruatio</strong></span> 
     </span>
    </p>
   </div>
   <div class='ocr_carea' id='block_1_49' title="bbox 653 4795 2196 4868">
    <p class='ocr_par' dir='ltr' id='par_1_49' title="bbox 653 4795 2196 4868">
     <span class='ocr_line' id='line_1_49' title="bbox 653 4795 2196 4868; baseline -0.005 -17"><span class='ocrx_word' id='word_1_388' title='bbox 653 4811 733 4853; x_wconf 83' lang='lat' dir='ltr'><strong>est</strong></span> <span class='ocrx_word' id='word_1_389' title='bbox 758 4800 976 4862; x_wconf 78' lang='lat' dir='ltr'><strong>Christi,</strong></span> <span class='ocrx_word' id='word_1_390' title='bbox 1015 4814 1116 4868; x_wconf 85' lang='lat' dir='ltr'><strong>qua</strong></span> <span class='ocrx_word' id='word_1_391' title='bbox 1145 4813 1174 4850; x_wconf 90' lang='lat' dir='ltr'><strong>a</strong></span> <span class='ocrx_word' id='word_1_392' title='bbox 1216 4797 1528 4850; x_wconf 85' lang='lat' dir='ltr'><strong>mortalibus</strong></span> <span class='ocrx_word' id='word_1_393' title='bbox 1563 4805 1644 4850; x_wconf 83' lang='lat' dir='ltr'><strong>est</strong></span> <span class='ocrx_word' id='word_1_394' title='bbox 1665 4797 1938 4864; x_wconf 84' lang='lat' dir='ltr'><strong>cognitus;</strong></span> <span class='ocrx_word' id='word_1_395' title='bbox 1992 4795 2056 4846; x_wconf 89' lang='lat' dir='ltr'><strong>de</strong></span> <span class='ocrx_word' id='word_1_396' title='bbox 2093 4809 2196 4860; x_wconf 81' lang='lat' dir='ltr'><strong>qua</strong></span> 
     </span>
    </p>
   </div>
   <div class='ocr_carea' id='block_1_50' title="bbox 655 4883 2191 4956">
    <p class='ocr_par' dir='ltr' id='par_1_50' title="bbox 655 4883 2191 4956">
     <span class='ocr_line' id='line_1_50' title="bbox 655 4883 2191 4956; baseline -0.007 -12"><span class='ocrx_word' id='word_1_397' title='bbox 655 4890 928 4944; x_wconf 81' lang='lat' dir='ltr'><strong>Psalmista</strong></span> <span class='ocrx_word' id='word_1_398' title='bbox 956 4907 968 4940; x_wconf 89' lang='lat'>:</span> <span class='ocrx_word' id='word_1_399' title='bbox 996 4888 1218 4942; x_wconf 84' lang='lat' dir='ltr'><strong>Ostende</strong></span> <span class='ocrx_word' id='word_1_400' title='bbox 1238 4888 1419 4956; x_wconf 76' lang='lat' dir='ltr'><strong>faciem</strong></span> <span class='ocrx_word' id='word_1_401' title='bbox 1433 4897 1596 4947; x_wconf 85' lang='lat' dir='ltr'><strong>tuam,</strong></span> <span class='ocrx_word' id='word_1_402' title='bbox 1612 4887 1798 4939; x_wconf 86' lang='lat' dir='ltr'><strong>etsalri</strong></span> <span class='ocrx_word' id='word_1_403' title='bbox 1819 4885 2006 4936; x_wconf 82' lang='lat' dir='ltr'><strong>erimus</strong></span> <span class='ocrx_word' id='word_1_404' title='bbox 2025 4883 2191 4953; x_wconf 80' lang='lat' dir='ltr'><strong>(l&#39;sal.</strong></span> 
     </span>
    </p>
   </div>
   <div class='ocr_carea' id='block_1_51' title="bbox 657 4975 2196 5046">
    <p class='ocr_par' dir='ltr' id='par_1_51' title="bbox 657 4975 2196 5046">
     <span class='ocr_line' id='line_1_51' title="bbox 657 4975 2196 5046; baseline -0.003 -14"><span class='ocrx_word' id='word_1_405' title='bbox 657 4993 836 5041; x_wconf 65' lang='lat' dir='ltr'><strong>una,</strong></span> <span class='ocrx_word' id='word_1_406' title='bbox 889 4976 964 5046; x_wconf 75' lang='grc'><strong>4).</strong></span> <span class='ocrx_word' id='word_1_407' title='bbox 1013 4977 1134 5030; x_wconf 65' lang='lat' dir='ltr'><strong>llazc</strong></span> <span class='ocrx_word' id='word_1_408' title='bbox 1172 4977 1332 5030; x_wconf 80' lang='lat' dir='ltr'><strong>facies</strong></span> <span class='ocrx_word' id='word_1_409' title='bbox 1351 4976 1446 5030; x_wconf 88' lang='lat' dir='ltr'><strong>soli</strong></span> <span class='ocrx_word' id='word_1_410' title='bbox 1492 4992 1593 5029; x_wconf 87' lang='lat' dir='ltr'><strong>non</strong></span> <span class='ocrx_word' id='word_1_411' title='bbox 1634 4982 1848 5042; x_wconf 85' lang='lat' dir='ltr'><strong>propter</strong></span> <span class='ocrx_word' id='word_1_412' title='bbox 1879 4975 2196 5038; x_wconf 82' lang='lat' dir='ltr'><strong>claritatem,</strong></span> 
     </span>
    </p>
   </div>
   <div class='ocr_carea' id='block_1_52' title="bbox 657 5068 2198 5139">
    <p class='ocr_par' dir='ltr' id='par_1_52' title="bbox 657 5068 2198 5139">
     <span class='ocr_line' id='line_1_52' title="bbox 657 5068 2198 5139; baseline -0.002 -15"><span class='ocrx_word' id='word_1_413' title='bbox 657 5088 759 5139; x_wconf 86' lang='lat' dir='ltr'><strong>qua</strong></span> <span class='ocrx_word' id='word_1_414' title='bbox 780 5071 1259 5139; x_wconf 83' lang='lat' dir='ltr'><strong>incomparabiliter</strong></span> <span class='ocrx_word' id='word_1_415' title='bbox 1275 5069 1440 5135; x_wconf 88' lang='lat' dir='ltr'><strong>major</strong></span> <span class='ocrx_word' id='word_1_416' title='bbox 1454 5078 1557 5132; x_wconf 87' lang='lat' dir='ltr'><strong>est,</strong></span> <span class='ocrx_word' id='word_1_417' title='bbox 1581 5083 1765 5136; x_wconf 88' lang='lat' dir='ltr'><strong>compa</strong></span> <span class='ocrx_word' id='word_1_418' title='bbox 1775 5077 1940 5129; x_wconf 86' lang='lat' dir='ltr'><strong>ratur,</strong></span> <span class='ocrx_word' id='word_1_419' title='bbox 1963 5068 2054 5120; x_wconf 80' lang='lat' dir='ltr'><strong>sed</strong></span> <span class='ocrx_word' id='word_1_420' title='bbox 2077 5068 2198 5134; x_wconf 79' lang='lat' dir='ltr'><strong>quia</strong></span> 
     </span>
    </p>
   </div>
   <div class='ocr_carea' id='block_1_53' title="bbox 659 5158 2202 5221">
    <p class='ocr_par' dir='ltr' id='par_1_53' title="bbox 659 5158 2202 5221">
     <span class='ocr_line' id='line_1_53' title="bbox 659 5158 2202 5221; baseline -0.003 -6"><span class='ocrx_word' id='word_1_421' title='bbox 659 5164 810 5216; x_wconf 83' lang='lat' dir='ltr'><strong>utsol</strong></span> <span class='ocrx_word' id='word_1_422' title='bbox 833 5172 1006 5216; x_wconf 89' lang='lat' dir='ltr'><strong>ortum</strong></span> <span class='ocrx_word' id='word_1_423' title='bbox 1032 5164 1214 5217; x_wconf 87' lang='lat' dir='ltr'><strong>habuit</strong></span> <span class='ocrx_word' id='word_1_424' title='bbox 1244 5161 1529 5221; x_wconf 86' lang='lat' dir='ltr'><strong>nascendo,</strong></span> <span class='ocrx_word' id='word_1_425' title='bbox 1557 5175 1801 5213; x_wconf 86' lang='lat' dir='ltr'><strong>occasum</strong></span> <span class='ocrx_word' id='word_1_426' title='bbox 1832 5158 2124 5219; x_wconf 87' lang='lat' dir='ltr'><strong>moriendo,</strong></span> <span class='ocrx_word' id='word_1_427' title='bbox 2149 5165 2202 5210; x_wconf 89' lang='lat' dir='ltr'><strong>ct</strong></span> 
     </span>
    </p>
   </div>
   <div class='ocr_carea' id='block_1_54' title="bbox 660 5244 2204 5318">
    <p class='ocr_par' dir='ltr' id='par_1_54' title="bbox 660 5244 2204 5318">
     <span class='ocr_line' id='line_1_54' title="bbox 660 5244 2204 5318; baseline -0.002 -17"><span class='ocrx_word' id='word_1_428' title='bbox 660 5265 843 5303; x_wconf 86' lang='lat' dir='ltr'><strong>rursus</strong></span> <span class='ocrx_word' id='word_1_429' title='bbox 881 5259 1056 5303; x_wconf 89' lang='lat' dir='ltr'><strong>ortum</strong></span> <span class='ocrx_word' id='word_1_430' title='bbox 1087 5251 1426 5318; x_wconf 88' lang='lat' dir='ltr'><strong>resurgendo.</strong></span> <span class='ocrx_word' id='word_1_431' title='bbox 1483 5248 1631 5303; x_wconf 87' lang='lat' dir='ltr'><strong>Unde</strong></span> <span class='ocrx_word' id='word_1_432' title='bbox 1691 5248 1970 5308; x_wconf 70' lang='lat' dir='ltr'><strong>Salomon;</strong></span> <span class='ocrx_word' id='word_1_433' title='bbox 2023 5244 2204 5298; x_wconf 82' lang='lat' dir='ltr'><strong>Oritur</strong></span> 
     </span>
    </p>
   </div>
   <div class='ocr_carea' id='block_1_55' title="bbox 660 5334 2198 5405">
    <p class='ocr_par' dir='ltr' id='par_1_55' title="bbox 660 5334 2198 5405">
     <span class='ocr_line' id='line_1_55' title="bbox 660 5334 2198 5405; baseline -0.001 -18"><span class='ocrx_word' id='word_1_434' title='bbox 660 5339 734 5388; x_wconf 72' lang='lat' dir='ltr'><strong>ul</strong></span> <span class='ocrx_word' id='word_1_435' title='bbox 748 5348 793 5388; x_wconf 86' lang='lat' dir='ltr'><strong>et</strong></span> <span class='ocrx_word' id='word_1_436' title='bbox 818 5340 1019 5400; x_wconf 78' lang='lat' dir='ltr'><strong>occidit,</strong></span> <span class='ocrx_word' id='word_1_437' title='bbox 1038 5347 1092 5391; x_wconf 85' lang='lat' dir='ltr'><strong>et</strong></span> <span class='ocrx_word' id='word_1_438' title='bbox 1109 5347 1318 5391; x_wconf 56' lang='lat' dir='ltr'><strong>cetera.</strong></span> <span class='ocrx_word' id='word_1_439' title='bbox 1343 5338 1535 5405; x_wconf 73' lang='lat' dir='ltr'><strong>(Et-cla.</strong></span> <span class='ocrx_word' id='word_1_440' title='bbox 1554 5355 1593 5398; x_wconf 87' lang='grc' dir='ltr'><strong>ι,</strong></span> <span class='ocrx_word' id='word_1_441' title='bbox 1612 5336 1688 5405; x_wconf 81' lang='lat'><strong>5.)</strong></span> <span class='ocrx_word' id='word_1_442' title='bbox 1714 5335 1938 5388; x_wconf 86' lang='lat' dir='ltr'><strong>Possunt</strong></span> <span class='ocrx_word' id='word_1_443' title='bbox 1956 5343 2010 5386; x_wconf 87' lang='lat' dir='ltr'><strong>et</strong></span> <span class='ocrx_word' id='word_1_444' title='bbox 2031 5334 2198 5387; x_wconf 89' lang='lat' dir='ltr'><strong>sancti</strong></span> 
     </span>
    </p>
   </div>
   <div class='ocr_carea' id='block_1_56' title="bbox 663 5424 2194 5496">
    <p class='ocr_par' dir='ltr' id='par_1_56' title="bbox 663 5424 2194 5496">
     <span class='ocr_line' id='line_1_56' title="bbox 663 5424 2194 5496; baseline -0.003 -18"><span class='ocrx_word' id='word_1_445' title='bbox 663 5441 753 5490; x_wconf 79' lang='lat' dir='ltr'><strong>per</strong></span> <span class='ocrx_word' id='word_1_446' title='bbox 766 5428 951 5480; x_wconf 73' lang='lat' dir='ltr'><strong>faciem</strong></span> <span class='ocrx_word' id='word_1_447' title='bbox 969 5428 1204 5496; x_wconf 79' lang='lat' dir='ltr'><strong>intelligi.</strong></span> <span class='ocrx_word' id='word_1_448' title='bbox 1228 5427 1288 5479; x_wconf 66' lang='lat' dir='ltr'><strong>Et</strong></span> <span class='ocrx_word' id='word_1_449' title='bbox 1303 5444 1388 5493; x_wconf 86' lang='lat' dir='ltr'><strong>pes</strong></span> <span class='ocrx_word' id='word_1_450' title='bbox 1409 5429 1518 5495; x_wconf 85' lang='lat' dir='ltr'><strong>ejus</strong></span> <span class='ocrx_word' id='word_1_451' title='bbox 1540 5437 1781 5494; x_wconf 80' lang='lat' dir='ltr'><strong>tauquam</strong></span> <span class='ocrx_word' id='word_1_452' title='bbox 1798 5424 2030 5476; x_wconf 74' lang='lat' dir='ltr'><strong>columna</strong></span> <span class='ocrx_word' id='word_1_453' title='bbox 2045 5425 2194 5491; x_wconf 84' lang='lat' dir='ltr'><strong>ignis.</strong></span> 
     </span>
    </p>
   </div>
   <div class='ocr_carea' id='block_1_57' title="bbox 666 5512 2197 5584">
    <p class='ocr_par' dir='ltr' id='par_1_57' title="bbox 666 5512 2197 5584">
     <span class='ocr_line' id='line_1_57' title="bbox 666 5512 2197 5584; baseline 0.002 -22"><span class='ocrx_word' id='word_1_454' title='bbox 666 5512 827 5572; x_wconf 79' lang='lat' dir='ltr'><strong>l&#39;cdes</strong></span> <span class='ocrx_word' id='word_1_455' title='bbox 848 5516 1015 5584; x_wconf 73' lang='lat' dir='ltr'><strong>angeli</strong></span> <span class='ocrx_word' id='word_1_456' title='bbox 1041 5526 1156 5568; x_wconf 90' lang='lat' dir='ltr'><strong>sunt</strong></span> <span class='ocrx_word' id='word_1_457' title='bbox 1186 5517 1576 5582; x_wconf 64' lang='lat' dir='ltr'><strong>prmdicatores,</strong></span> <span class='ocrx_word' id='word_1_458' title='bbox 1599 5516 1790 5581; x_wconf 80' lang='lat' dir='ltr'><strong>quibus</strong></span> <span class='ocrx_word' id='word_1_459' title='bbox 1816 5515 2089 5567; x_wconf 75' lang='lat' dir='ltr'><strong>itu-amata</strong></span> <span class='ocrx_word' id='word_1_460' title='bbox 2106 5513 2197 5565; x_wconf 79' lang='lat' dir='ltr'><strong>Dei</strong></span> 
     </span>
    </p>
   </div>
   <div class='ocr_carea' id='block_1_58' title="bbox 2218 3151 2330 3244">
    <p class='ocr_par' dir='ltr' id='par_1_58' title="bbox 2218 3151 2330 3244">
     <span class='ocr_line' id='line_1_58' title="bbox 2218 3151 2330 3244; baseline 0 0"><span class='ocrx_word' id='word_1_461' title='bbox 2218 3151 2330 3244; x_wconf 76' lang='lat' dir='ltr'><strong>Cd</strong></span> 
     </span>
    </p>
   </div>
   <div class='ocr_carea' id='block_1_59' title="bbox 2295 1235 3842 1313">
    <p class='ocr_par' dir='ltr' id='par_1_59' title="bbox 2295 1235 3842 1313">
     <span class='ocr_line' id='line_1_59' title="bbox 2295 1235 3842 1313; baseline 0.007 -24"><span class='ocrx_word' id='word_1_462' title='bbox 2295 1235 2556 1304; x_wconf 81' lang='lat' dir='ltr'><strong>sapientia</strong></span> <span class='ocrx_word' id='word_1_463' title='bbox 2583 1243 2748 1289; x_wconf 88' lang='lat' dir='ltr'><strong>totum</strong></span> <span class='ocrx_word' id='word_1_464' title='bbox 2777 1241 3030 1290; x_wconf 87' lang='lat' dir='ltr'><strong>mundum</strong></span> <span class='ocrx_word' id='word_1_465' title='bbox 3057 1245 3117 1290; x_wconf 91' lang='lat' dir='ltr'><strong>ut</strong></span> <span class='ocrx_word' id='word_1_466' title='bbox 3158 1239 3229 1292; x_wconf 86' lang='lat' dir='ltr'><strong>ita</strong></span> <span class='ocrx_word' id='word_1_467' title='bbox 3257 1239 3483 1313; x_wconf 80' lang='lat' dir='ltr'><strong>dixerim</strong></span> <span class='ocrx_word' id='word_1_468' title='bbox 3509 1246 3842 1311; x_wconf 84' lang='lat' dir='ltr'><strong>perambula-</strong></span> 
     </span>
    </p>
   </div>
   <div class='ocr_carea' id='block_1_60' title="bbox 2294 1323 3840 1402">
    <p class='ocr_par' dir='ltr' id='par_1_60' title="bbox 2294 1323 3840 1402">
     <span class='ocr_line' id='line_1_60' title="bbox 2294 1323 3840 1402; baseline 0.01 -26"><span class='ocrx_word' id='word_1_469' title='bbox 2294 1327 2396 1386; x_wconf 90' lang='lat' dir='ltr'><strong>vit;</strong></span> <span class='ocrx_word' id='word_1_470' title='bbox 2422 1324 2512 1392; x_wconf 89' lang='lat' dir='ltr'><strong>qui</strong></span> <span class='ocrx_word' id='word_1_471' title='bbox 2539 1324 2673 1378; x_wconf 90' lang='lat' dir='ltr'><strong>bene</strong></span> <span class='ocrx_word' id='word_1_472' title='bbox 2699 1323 3021 1380; x_wconf 67' lang='lat' dir='ltr'><strong>columnaet</strong></span> <span class='ocrx_word' id='word_1_473' title='bbox 3045 1327 3151 1398; x_wconf 89' lang='lat' dir='ltr'><strong>igni</strong></span> <span class='ocrx_word' id='word_1_474' title='bbox 3173 1340 3570 1400; x_wconf 87' lang='lat' dir='ltr'><strong>comparantur,</strong></span> <span class='ocrx_word' id='word_1_475' title='bbox 3590 1338 3840 1402; x_wconf 87' lang='lat' dir='ltr'><strong>quoniam</strong></span> 
     </span>
    </p>
   </div>
   <div class='ocr_carea' id='block_1_61' title="bbox 2293 1412 3841 1494">
    <p class='ocr_par' dir='ltr' id='par_1_61' title="bbox 2293 1412 3841 1494">
     <span class='ocr_line' id='line_1_61' title="bbox 2293 1412 3841 1494; baseline 0.008 -27"><span class='ocrx_word' id='word_1_476' title='bbox 2293 1422 2347 1467; x_wconf 86' lang='lat' dir='ltr'><strong>et</strong></span> <span class='ocrx_word' id='word_1_477' title='bbox 2365 1414 2756 1482; x_wconf 87' lang='lat' dir='ltr'><strong>superpositum</strong></span> <span class='ocrx_word' id='word_1_478' title='bbox 2771 1412 3054 1468; x_wconf 60' lang='lat' dir='ltr'><strong>aedilicium</strong></span> <span class='ocrx_word' id='word_1_479' title='bbox 3067 1417 3307 1472; x_wconf 68' lang='lat' dir='ltr'><strong>ecclesiae</strong></span> <span class='ocrx_word' id='word_1_480' title='bbox 3324 1428 3556 1488; x_wconf 87' lang='lat' dir='ltr'><strong>portant,</strong></span> <span class='ocrx_word' id='word_1_481' title='bbox 3567 1431 3622 1476; x_wconf 87' lang='lat' dir='ltr'><strong>et</strong></span> <span class='ocrx_word' id='word_1_482' title='bbox 3641 1422 3841 1494; x_wconf 85' lang='lat' dir='ltr'><strong>Spiritu</strong></span> 
     </span>
    </p>
   </div>
   <div class='ocr_carea' id='block_1_62' title="bbox 2293 1501 3843 1580">
    <p class='ocr_par' dir='ltr' id='par_1_62' title="bbox 2293 1501 3843 1580">
     <span class='ocr_line' id='line_1_62' title="bbox 2293 1501 3843 1580; baseline 0.01 -28"><span class='ocrx_word' id='word_1_483' title='bbox 2293 1510 2478 1554; x_wconf 90' lang='lat' dir='ltr'><strong>sancto</strong></span> <span class='ocrx_word' id='word_1_484' title='bbox 2491 1501 2697 1555; x_wconf 87' lang='lat' dir='ltr'><strong>accensi</strong></span> <span class='ocrx_word' id='word_1_485' title='bbox 2715 1502 3014 1555; x_wconf 87' lang='lat' dir='ltr'><strong>auditorum</strong></span> <span class='ocrx_word' id='word_1_486' title='bbox 3027 1504 3187 1558; x_wconf 87' lang='lat' dir='ltr'><strong>corda</strong></span> <span class='ocrx_word' id='word_1_487' title='bbox 3207 1506 3274 1559; x_wconf 89' lang='lat' dir='ltr'><strong>ad</strong></span> <span class='ocrx_word' id='word_1_488' title='bbox 3291 1522 3525 1561; x_wconf 89' lang='lat' dir='ltr'><strong>amorem</strong></span> <span class='ocrx_word' id='word_1_489' title='bbox 3541 1510 3633 1564; x_wconf 89' lang='lat' dir='ltr'><strong>Dei</strong></span> <span class='ocrx_word' id='word_1_490' title='bbox 3653 1515 3843 1580; x_wconf 70' lang='lat' dir='ltr'><strong>pra-di~</strong></span> 
     </span>
    </p>
   </div>
   <div class='ocr_carea' id='block_1_63' title="bbox 2293 1587 3848 1664">
    <p class='ocr_par' dir='ltr' id='par_1_63' title="bbox 2293 1587 3848 1664">
     <span class='ocr_line' id='line_1_63' title="bbox 2293 1587 3848 1664; baseline 0.008 -23"><span class='ocrx_word' id='word_1_491' title='bbox 2293 1587 2461 1643; x_wconf 87' lang='lat' dir='ltr'><strong>cando</strong></span> <span class='ocrx_word' id='word_1_492' title='bbox 2476 1587 2822 1642; x_wconf 79' lang='lat' dir='ltr'><strong>inﬂammant.</strong></span> <span class='ocrx_word' id='word_1_493' title='bbox 2847 1590 3030 1661; x_wconf 74' lang='lat' dir='ltr'><strong>(Vens.</strong></span> <span class='ocrx_word' id='word_1_494' title='bbox 3043 1592 3120 1664; x_wconf 73' lang='lat'><strong>2.)</strong></span> <span class='ocrx_word' id='word_1_495' title='bbox 3135 1593 3201 1646; x_wconf 81' lang='lat' dir='ltr'><strong>Et</strong></span> <span class='ocrx_word' id='word_1_496' title='bbox 3221 1593 3434 1648; x_wconf 78' lang='lat' dir='ltr'><strong>habebat</strong></span> <span class='ocrx_word' id='word_1_497' title='bbox 3459 1597 3513 1650; x_wconf 89' lang='lat' dir='ltr'><strong>in</strong></span> <span class='ocrx_word' id='word_1_498' title='bbox 3528 1613 3684 1652; x_wconf 85' lang='lat' dir='ltr'><strong>manu</strong></span> <span class='ocrx_word' id='word_1_499' title='bbox 3701 1600 3848 1654; x_wconf 76' lang='lat' dir='ltr'><strong>libr!-</strong></span> 
     </span>
    </p>
   </div>
   <div class='ocr_carea' id='block_1_64' title="bbox 2295 1678 3837 1756">
    <p class='ocr_par' dir='ltr' id='par_1_64' title="bbox 2295 1678 3837 1756">
     <span class='ocr_line' id='line_1_64' title="bbox 2295 1678 3837 1756; baseline 0.012 -27"><span class='ocrx_word' id='word_1_500' title='bbox 2295 1678 2400 1730; x_wconf 76' lang='lat' dir='ltr'><strong>liun</strong></span> <span class='ocrx_word' id='word_1_501' title='bbox 2415 1689 2666 1745; x_wconf 75' lang='lat' dir='ltr'><strong>apertum.</strong></span> <span class='ocrx_word' id='word_1_502' title='bbox 2684 1679 2870 1735; x_wconf 74' lang='lat' dir='ltr'><strong>Manus</strong></span> <span class='ocrx_word' id='word_1_503' title='bbox 2885 1682 3058 1752; x_wconf 89' lang='lat' dir='ltr'><strong>angeli</strong></span> <span class='ocrx_word' id='word_1_504' title='bbox 3076 1685 3311 1752; x_wconf 86' lang='lat' dir='ltr'><strong>operatio</strong></span> <span class='ocrx_word' id='word_1_505' title='bbox 3327 1695 3410 1741; x_wconf 89' lang='lat' dir='ltr'><strong>est</strong></span> <span class='ocrx_word' id='word_1_506' title='bbox 3428 1697 3621 1743; x_wconf 60' lang='lat' dir='ltr'><strong>nostra</strong></span> <span class='ocrx_word' id='word_1_507' title='bbox 3634 1692 3837 1756; x_wconf 82' lang='lat' dir='ltr'><strong>salutis,</strong></span> 
     </span>
    </p>
   </div>
   <div class='ocr_carea' id='block_1_65' title="bbox 2299 1768 3840 1844">
    <p class='ocr_par' dir='ltr' id='par_1_65' title="bbox 2299 1768 3840 1844">
     <span class='ocr_line' id='line_1_65' title="bbox 2299 1768 3840 1844; baseline 0.011 -24"><span class='ocrx_word' id='word_1_508' title='bbox 2299 1768 2354 1820; x_wconf 91' lang='lat' dir='ltr'><strong>id</strong></span> <span class='ocrx_word' id='word_1_509' title='bbox 2379 1779 2461 1821; x_wconf 91' lang='lat' dir='ltr'><strong>cst</strong></span> <span class='ocrx_word' id='word_1_510' title='bbox 2487 1769 2778 1824; x_wconf 89' lang='lat' dir='ltr'><strong>incarnatio</strong></span> <span class='ocrx_word' id='word_1_511' title='bbox 2806 1770 3025 1826; x_wconf 87' lang='lat' dir='ltr'><strong>Christi.</strong></span> <span class='ocrx_word' id='word_1_512' title='bbox 3055 1771 3286 1828; x_wconf 85' lang='lat' dir='ltr'><strong>Libellus</strong></span> <span class='ocrx_word' id='word_1_513' title='bbox 3310 1785 3525 1844; x_wconf 86' lang='lat' dir='ltr'><strong>apertus</strong></span> <span class='ocrx_word' id='word_1_514' title='bbox 3577 1779 3840 1836; x_wconf 83' lang='lat' dir='ltr'><strong>declarata</strong></span> 
     </span>
    </p>
   </div>
   <div class='ocr_carea' id='block_1_66' title="bbox 2226 1833 3841 1936">
    <p class='ocr_par' dir='ltr' id='par_1_66' title="bbox 2226 1833 3841 1936">
     <span class='ocr_line' id='line_1_66' title="bbox 2226 1833 3841 1936; baseline 0.009 -27"><span class='ocrx_word' id='word_1_515' title='bbox 2226 1833 2272 1893; x_wconf 65' lang='grc' dir='ltr'><strong>Β</strong></span> <span class='ocrx_word' id='word_1_516' title='bbox 2296 1857 2466 1924; x_wconf 87' lang='lat' dir='ltr'><strong>gratia</strong></span> <span class='ocrx_word' id='word_1_517' title='bbox 2503 1867 2584 1912; x_wconf 86' lang='lat' dir='ltr'><strong>est</strong></span> <span class='ocrx_word' id='word_1_518' title='bbox 2608 1857 2739 1913; x_wconf 74' lang='lat' dir='ltr'><strong>Novi</strong></span> <span class='ocrx_word' id='word_1_519' title='bbox 2764 1859 3106 1914; x_wconf 86' lang='lat' dir='ltr'><strong>Testamenti.</strong></span> <span class='ocrx_word' id='word_1_520' title='bbox 3138 1862 3204 1916; x_wconf 86' lang='lat' dir='ltr'><strong>Et</strong></span> <span class='ocrx_word' id='word_1_521' title='bbox 3234 1833 3360 1916; x_wconf 71' lang='lat' dir='ltr'><strong>nota</strong></span> <span class='ocrx_word' id='word_1_522' title='bbox 3379 1864 3504 1932; x_wconf 89' lang='lat' dir='ltr'><strong>quia</strong></span> <span class='ocrx_word' id='word_1_523' title='bbox 3539 1833 3665 1920; x_wconf 87' lang='lat' dir='ltr'><strong>nisi</strong></span> 
     </span>
    </p>
   </div>
   <div class='ocr_carea' id='block_1_67' title="bbox 2299 1947 3840 2024">
    <p class='ocr_par' dir='ltr' id='par_1_67' title="bbox 2299 1947 3840 2024">
     <span class='ocr_line' id='line_1_67' title="bbox 2299 1947 3840 2024; baseline 0.008 -25"><span class='ocrx_word' id='word_1_524' title='bbox 2299 1947 2461 2002; x_wconf 77' lang='lat' dir='ltr'><strong>facies</strong></span> <span class='ocrx_word' id='word_1_525' title='bbox 2487 1948 2658 2019; x_wconf 80' lang='lat' dir='ltr'><strong>angeli</strong></span> <span class='ocrx_word' id='word_1_526' title='bbox 2686 1949 2998 2014; x_wconf 74' lang='lat' dir='ltr'><strong>remisisset,</strong></span> <span class='ocrx_word' id='word_1_527' title='bbox 3036 1951 3269 2006; x_wconf 88' lang='lat' dir='ltr'><strong>libellum</strong></span> <span class='ocrx_word' id='word_1_528' title='bbox 3315 1963 3555 2024; x_wconf 83' lang='lat' dir='ltr'><strong>apertum</strong></span> <span class='ocrx_word' id='word_1_529' title='bbox 3600 1957 3654 2012; x_wconf 87' lang='lat' dir='ltr'><strong>in</strong></span> <span class='ocrx_word' id='word_1_530' title='bbox 3680 1957 3840 2012; x_wconf 81' lang='lat' dir='ltr'><strong>manu</strong></span> 
     </span>
    </p>
   </div>
   <div class='ocr_carea' id='block_1_68' title="bbox 2297 2038 3842 2110">
    <p class='ocr_par' dir='ltr' id='par_1_68' title="bbox 2297 2038 3842 2110">
     <span class='ocr_line' id='line_1_68' title="bbox 2297 2038 3842 2110; baseline 0.008 -21"><span class='ocrx_word' id='word_1_531' title='bbox 2297 2051 2402 2090; x_wconf 89' lang='lat' dir='ltr'><strong>non</strong></span> <span class='ocrx_word' id='word_1_532' title='bbox 2444 2045 2670 2101; x_wconf 87' lang='lat' dir='ltr'><strong>teneret,</strong></span> <span class='ocrx_word' id='word_1_533' title='bbox 2711 2038 2835 2107; x_wconf 89' lang='lat' dir='ltr'><strong>quia</strong></span> <span class='ocrx_word' id='word_1_534' title='bbox 2863 2039 2918 2092; x_wconf 91' lang='lat' dir='ltr'><strong>in</strong></span> <span class='ocrx_word' id='word_1_535' title='bbox 2947 2039 3064 2109; x_wconf 87' lang='lat' dir='ltr'><strong>ejus</strong></span> <span class='ocrx_word' id='word_1_536' title='bbox 3087 2039 3479 2110; x_wconf 87' lang='lat' dir='ltr'><strong>dispensatione</strong></span> <span class='ocrx_word' id='word_1_537' title='bbox 3503 2047 3678 2099; x_wconf 88' lang='lat' dir='ltr'><strong>omnis</strong></span> <span class='ocrx_word' id='word_1_538' title='bbox 3697 2045 3842 2101; x_wconf 89' lang='lat' dir='ltr'><strong>Scri-</strong></span> 
     </span>
    </p>
   </div>
   <div class='ocr_carea' id='block_1_69' title="bbox 2293 2129 3838 2203">
    <p class='ocr_par' dir='ltr' id='par_1_69' title="bbox 2293 2129 3838 2203">
     <span class='ocr_line' id='line_1_69' title="bbox 2293 2129 3838 2203; baseline 0.008 -25"><span class='ocrx_word' id='word_1_539' title='bbox 2293 2134 2566 2194; x_wconf 87' lang='lat' dir='ltr'><strong>pturarum</strong></span> <span class='ocrx_word' id='word_1_540' title='bbox 2587 2141 2791 2180; x_wconf 87' lang='lat' dir='ltr'><strong>summa</strong></span> <span class='ocrx_word' id='word_1_541' title='bbox 2817 2129 3046 2182; x_wconf 86' lang='lat' dir='ltr'><strong>revelata</strong></span> <span class='ocrx_word' id='word_1_542' title='bbox 3069 2138 3169 2183; x_wconf 85' lang='lat' dir='ltr'><strong>est.</strong></span> <span class='ocrx_word' id='word_1_543' title='bbox 3206 2130 3274 2183; x_wconf 82' lang='lat' dir='ltr'><strong>Et</strong></span> <span class='ocrx_word' id='word_1_544' title='bbox 3294 2133 3462 2200; x_wconf 80' lang='lat' dir='ltr'><strong>posuit</strong></span> <span class='ocrx_word' id='word_1_545' title='bbox 3490 2135 3667 2203; x_wconf 79' lang='lat' dir='ltr'><strong>pedem</strong></span> <span class='ocrx_word' id='word_1_546' title='bbox 3687 2154 3838 2190; x_wconf 87' lang='lat' dir='ltr'><strong>suum</strong></span> 
     </span>
    </p>
   </div>
   <div class='ocr_carea' id='block_1_70' title="bbox 2294 2213 3836 2291">
    <p class='ocr_par' dir='ltr' id='par_1_70' title="bbox 2294 2213 3836 2291">
     <span class='ocr_line' id='line_1_70' title="bbox 2294 2213 3836 2291; baseline 0.009 -27"><span class='ocrx_word' id='word_1_547' title='bbox 2294 2213 2562 2266; x_wconf 73' lang='lat' dir='ltr'><strong>dexterum</strong></span> <span class='ocrx_word' id='word_1_548' title='bbox 2605 2230 2760 2282; x_wconf 79' lang='lat' dir='ltr'><strong>super</strong></span> <span class='ocrx_word' id='word_1_549' title='bbox 2809 2231 2973 2279; x_wconf 84' lang='lat' dir='ltr'><strong>utare,</strong></span> <span class='ocrx_word' id='word_1_550' title='bbox 3009 2217 3268 2270; x_wconf 84' lang='lat' dir='ltr'><strong>sinistrum</strong></span> <span class='ocrx_word' id='word_1_551' title='bbox 3297 2235 3411 2273; x_wconf 73' lang='lat' dir='ltr'><strong>vero</strong></span> <span class='ocrx_word' id='word_1_552' title='bbox 3449 2237 3603 2291; x_wconf 80' lang='lat' dir='ltr'><strong>super</strong></span> <span class='ocrx_word' id='word_1_553' title='bbox 3625 2233 3836 2278; x_wconf 86' lang='lat' dir='ltr'><strong>terram.</strong></span> 
     </span>
    </p>
   </div>
   <div class='ocr_carea' id='block_1_71' title="bbox 2296 2299 3838 2381">
    <p class='ocr_par' dir='ltr' id='par_1_71' title="bbox 2296 2299 3838 2381">
     <span class='ocr_line' id='line_1_71' title="bbox 2296 2299 3838 2381; baseline 0.008 -28"><span class='ocrx_word' id='word_1_554' title='bbox 2296 2299 2404 2355; x_wconf 86' lang='lat' dir='ltr'><strong>llac</strong></span> <span class='ocrx_word' id='word_1_555' title='bbox 2446 2302 2707 2356; x_wconf 88' lang='lat' dir='ltr'><strong>sententia</strong></span> <span class='ocrx_word' id='word_1_556' title='bbox 2726 2301 2996 2357; x_wconf 63' lang='lat' dir='ltr'><strong>distinctio</strong></span> <span class='ocrx_word' id='word_1_557' title='bbox 3019 2306 3419 2372; x_wconf 75' lang='lat' dir='ltr'><strong>prtcdicatorum</strong></span> <span class='ocrx_word' id='word_1_558' title='bbox 3445 2324 3510 2361; x_wconf 88' lang='lat' dir='ltr'><strong>ac</strong></span> <span class='ocrx_word' id='word_1_559' title='bbox 3545 2319 3838 2381; x_wconf 83' lang='lat' dir='ltr'><strong>temporum</strong></span> 
     </span>
    </p>
   </div>
   <div class='ocr_carea' id='block_1_72' title="bbox 2293 2391 3842 2466">
    <p class='ocr_par' dir='ltr' id='par_1_72' title="bbox 2293 2391 3842 2466">
     <span class='ocr_line' id='line_1_72' title="bbox 2293 2391 3842 2466; baseline 0.008 -24"><span class='ocrx_word' id='word_1_560' title='bbox 2293 2391 2623 2444; x_wconf 84' lang='lat' dir='ltr'><strong>ostenditur:</strong></span> <span class='ocrx_word' id='word_1_561' title='bbox 2661 2392 2815 2458; x_wconf 88' lang='lat' dir='ltr'><strong>quasi</strong></span> <span class='ocrx_word' id='word_1_562' title='bbox 2862 2407 2957 2460; x_wconf 87' lang='lat' dir='ltr'><strong>pes</strong></span> <span class='ocrx_word' id='word_1_563' title='bbox 3004 2393 3191 2445; x_wconf 77' lang='lat' dir='ltr'><strong>dexter</strong></span> <span class='ocrx_word' id='word_1_564' title='bbox 3233 2393 3480 2448; x_wconf 80' lang='lat' dir='ltr'><strong>fortiores</strong></span> <span class='ocrx_word' id='word_1_565' title='bbox 3519 2407 3663 2461; x_wconf 91' lang='lat' dir='ltr'><strong>sunt,</strong></span> <span class='ocrx_word' id='word_1_566' title='bbox 3705 2415 3842 2466; x_wconf 78' lang='lat' dir='ltr'><strong>quos</strong></span> 
     </span>
    </p>
   </div>
   <div class='ocr_carea' id='block_1_73' title="bbox 2296 2478 3835 2551">
    <p class='ocr_par' dir='ltr' id='par_1_73' title="bbox 2296 2478 3835 2551">
     <span class='ocr_line' id='line_1_73' title="bbox 2296 2478 3835 2551; baseline 0.005 -21"><span class='ocrx_word' id='word_1_567' title='bbox 2296 2491 2392 2530; x_wconf 86' lang='lat' dir='ltr'><strong>nec</strong></span> <span class='ocrx_word' id='word_1_568' title='bbox 2415 2491 2668 2546; x_wconf 85' lang='lat' dir='ltr'><strong>prospera</strong></span> <span class='ocrx_word' id='word_1_569' title='bbox 2693 2478 2889 2542; x_wconf 88' lang='lat' dir='ltr'><strong>levant,</strong></span> <span class='ocrx_word' id='word_1_570' title='bbox 2911 2494 3009 2532; x_wconf 87' lang='lat' dir='ltr'><strong>nec</strong></span> <span class='ocrx_word' id='word_1_571' title='bbox 3029 2479 3250 2534; x_wconf 88' lang='lat' dir='ltr'><strong>adversa</strong></span> <span class='ocrx_word' id='word_1_572' title='bbox 3271 2482 3543 2551; x_wconf 80' lang='lat' dir='ltr'><strong>dejiciunl,</strong></span> <span class='ocrx_word' id='word_1_573' title='bbox 3571 2484 3835 2540; x_wconf 88' lang='lat' dir='ltr'><strong>dicentes:</strong></span> 
     </span>
    </p>
   </div>
   <div class='ocr_carea' id='block_1_74' title="bbox 2295 2563 3858 2639">
    <p class='ocr_par' dir='ltr' id='par_1_74' title="bbox 2295 2563 3858 2639">
     <span class='ocr_line' id='line_1_74' title="bbox 2295 2563 3858 2639; baseline 0.006 -21"><span class='ocrx_word' id='word_1_574' title='bbox 2295 2563 2439 2618; x_wconf 74' lang='lat' dir='ltr'><strong>Sient</strong></span> <span class='ocrx_word' id='word_1_575' title='bbox 2461 2565 2679 2618; x_wconf 79' lang='lat' dir='ltr'><strong>tenebra:</strong></span> <span class='ocrx_word' id='word_1_576' title='bbox 2700 2566 2834 2634; x_wconf 83' lang='lat' dir='ltr'><strong>ejus,</strong></span> <span class='ocrx_word' id='word_1_577' title='bbox 2866 2568 2939 2618; x_wconf 89' lang='lat' dir='ltr'><strong>ita</strong></span> <span class='ocrx_word' id='word_1_578' title='bbox 2963 2577 3011 2620; x_wconf 89' lang='lat' dir='ltr'><strong>et</strong></span> <span class='ocrx_word' id='word_1_579' title='bbox 3041 2566 3351 2639; x_wconf 19' lang='lat' dir='ltr'><strong>lumen‘ejus</strong></span> <span class='ocrx_word' id='word_1_580' title='bbox 3379 2567 3550 2638; x_wconf 78' lang='lat' dir='ltr'><strong>(I’sal.</strong></span> <span class='ocrx_word' id='word_1_581' title='bbox 3573 2583 3858 2636; x_wconf 73' lang='lat' dir='ltr'><strong>cxxxvtu,‘</strong></span> 
     </span>
    </p>
   </div>
   <div class='ocr_carea' id='block_1_75' title="bbox 2297 2655 3838 2728">
    <p class='ocr_par' dir='ltr' id='par_1_75' title="bbox 2297 2655 3838 2728">
     <span class='ocr_line' id='line_1_75' title="bbox 2297 2655 3838 2728; baseline 0.008 -23"><span class='ocrx_word' id='word_1_582' title='bbox 2297 2655 2403 2724; x_wconf 77' lang='lat' dir='ltr'><strong>l2).</strong></span> <span class='ocrx_word' id='word_1_583' title='bbox 2466 2655 2530 2706; x_wconf 77' lang='lat' dir='ltr'><strong>lli</strong></span> <span class='ocrx_word' id='word_1_584' title='bbox 2567 2669 2726 2722; x_wconf 87' lang='lat' dir='ltr'><strong>super</strong></span> <span class='ocrx_word' id='word_1_585' title='bbox 2752 2669 2900 2708; x_wconf 88' lang='lat' dir='ltr'><strong>mare</strong></span> <span class='ocrx_word' id='word_1_586' title='bbox 2921 2665 3209 2723; x_wconf 89' lang='lat' dir='ltr'><strong>ponuntur,</strong></span> <span class='ocrx_word' id='word_1_587' title='bbox 3234 2657 3288 2709; x_wconf 92' lang='lat' dir='ltr'><strong>id</strong></span> <span class='ocrx_word' id='word_1_588' title='bbox 3309 2666 3393 2711; x_wconf 89' lang='lat' dir='ltr'><strong>est</strong></span> <span class='ocrx_word' id='word_1_589' title='bbox 3407 2660 3474 2712; x_wconf 87' lang='lat' dir='ltr'><strong>ad</strong></span> <span class='ocrx_word' id='word_1_590' title='bbox 3498 2660 3838 2728; x_wconf 78' lang='lat' dir='ltr'><strong>perferendas</strong></span> 
     </span>
    </p>
   </div>
   <div class='ocr_carea' id='block_1_76' title="bbox 2295 2745 3840 2819">
    <p class='ocr_par' dir='ltr' id='par_1_76' title="bbox 2295 2745 3840 2819">
     <span class='ocr_line' id='line_1_76' title="bbox 2295 2745 3840 2819; baseline 0.004 -19"><span class='ocrx_word' id='word_1_591' title='bbox 2295 2746 2553 2801; x_wconf 91' lang='lat' dir='ltr'><strong>malorum</strong></span> <span class='ocrx_word' id='word_1_592' title='bbox 2579 2746 2993 2815; x_wconf 85' lang='lat' dir='ltr'><strong>persecutiones.</strong></span> <span class='ocrx_word' id='word_1_593' title='bbox 3042 2745 3268 2802; x_wconf 88' lang='lat' dir='ltr'><strong>Sinister</strong></span> <span class='ocrx_word' id='word_1_594' title='bbox 3287 2764 3415 2804; x_wconf 86' lang='lat' dir='ltr'><strong>vero</strong></span> <span class='ocrx_word' id='word_1_595' title='bbox 3453 2765 3567 2819; x_wconf 87' lang='lat' dir='ltr'><strong>pes,</strong></span> <span class='ocrx_word' id='word_1_596' title='bbox 3617 2753 3840 2806; x_wconf 87' lang='lat' dir='ltr'><strong>minoris</strong></span> 
     </span>
    </p>
   </div>
   <div class='ocr_carea' id='block_1_77' title="bbox 2291 2837 3837 2909">
    <p class='ocr_par' dir='ltr' id='par_1_77' title="bbox 2291 2837 3837 2909">
     <span class='ocr_line' id='line_1_77' title="bbox 2291 2837 3837 2909; baseline 0.003 -19"><span class='ocrx_word' id='word_1_597' title='bbox 2291 2837 2503 2890; x_wconf 87' lang='lat' dir='ltr'><strong>virtutis</strong></span> <span class='ocrx_word' id='word_1_598' title='bbox 2528 2845 2671 2899; x_wconf 89' lang='lat' dir='ltr'><strong>sunt,</strong></span> <span class='ocrx_word' id='word_1_599' title='bbox 2697 2838 2921 2904; x_wconf 90' lang='lat' dir='ltr'><strong>quidum</strong></span> <span class='ocrx_word' id='word_1_600' title='bbox 2933 2837 3080 2905; x_wconf 89' lang='lat' dir='ltr'><strong>pacis</strong></span> <span class='ocrx_word' id='word_1_601' title='bbox 3101 2847 3337 2906; x_wconf 87' lang='lat' dir='ltr'><strong>tempore</strong></span> <span class='ocrx_word' id='word_1_602' title='bbox 3363 2839 3661 2904; x_wconf 88' lang='lat' dir='ltr'><strong>mittuntur,</strong></span> <span class='ocrx_word' id='word_1_603' title='bbox 3683 2841 3837 2909; x_wconf 81' lang='lat' dir='ltr'><strong>quasi</strong></span> 
     </span>
    </p>
   </div>
   <div class='ocr_carea' id='block_1_78' title="bbox 2292 2925 3837 2994">
    <p class='ocr_par' dir='ltr' id='par_1_78' title="bbox 2292 2925 3837 2994">
     <span class='ocr_line' id='line_1_78' title="bbox 2292 2925 3837 2994; baseline 0.005 -16"><span class='ocrx_word' id='word_1_604' title='bbox 2292 2927 2346 2978; x_wconf 92' lang='lat' dir='ltr'><strong>iu</strong></span> <span class='ocrx_word' id='word_1_605' title='bbox 2369 2934 2522 2978; x_wconf 80' lang='lat' dir='ltr'><strong>terra:</strong></span> <span class='ocrx_word' id='word_1_606' title='bbox 2545 2925 2809 2979; x_wconf 88' lang='lat' dir='ltr'><strong>soliditate</strong></span> <span class='ocrx_word' id='word_1_607' title='bbox 2834 2933 3119 2994; x_wconf 87' lang='lat' dir='ltr'><strong>ponuntur.</strong></span> <span class='ocrx_word' id='word_1_608' title='bbox 3169 2925 3320 2981; x_wconf 82' lang='lat' dir='ltr'><strong>Sicut</strong></span> <span class='ocrx_word' id='word_1_609' title='bbox 3338 2928 3479 2982; x_wconf 87' lang='lat' dir='ltr'><strong>enim</strong></span> <span class='ocrx_word' id='word_1_610' title='bbox 3518 2943 3610 2983; x_wconf 80' lang='lat' dir='ltr'><strong>rex</strong></span> <span class='ocrx_word' id='word_1_611' title='bbox 3654 2938 3837 2986; x_wconf 72' lang='lat' dir='ltr'><strong>contra</strong></span> 
     </span>
    </p>
   </div>
   <div class='ocr_carea' id='block_1_79' title="bbox 2292 3014 3786 3093">
    <p class='ocr_par' dir='ltr' id='par_1_79' title="bbox 2292 3014 3786 3093">
     <span class='ocr_line' id='line_1_79' title="bbox 2292 3014 3786 3093; baseline 0.003 -26"><span class='ocrx_word' id='word_1_612' title='bbox 2292 3014 2538 3070; x_wconf 80' lang='lat' dir='ltr'><strong>fortiores</strong></span> <span class='ocrx_word' id='word_1_613' title='bbox 2561 3015 2760 3085; x_wconf 85' lang='lat' dir='ltr'><strong>dirigit,</strong></span> <span class='ocrx_word' id='word_1_614' title='bbox 2789 3017 2860 3069; x_wconf 89' lang='lat' dir='ltr'><strong>ita</strong></span> <span class='ocrx_word' id='word_1_615' title='bbox 2886 3024 2941 3070; x_wconf 90' lang='lat' dir='ltr'><strong>et</strong></span> <span class='ocrx_word' id='word_1_616' title='bbox 2962 3016 3224 3071; x_wconf 86' lang='lat' dir='ltr'><strong>Christus.</strong></span> <span class='ocrx_word' id='word_1_617' title='bbox 3779 3086 3786 3093; x_wconf 32' lang='lat'><em>.</em></span> 
     </span>
    </p>
   </div>
   <div class='ocr_carea' id='block_1_80' title="bbox 2364 3105 3836 3177">
    <p class='ocr_par' dir='ltr' id='par_1_80' title="bbox 2364 3105 3836 3177">
     <span class='ocr_line' id='line_1_80' title="bbox 2364 3105 3836 3177; baseline 0.003 -17"><span class='ocrx_word' id='word_1_618' title='bbox 2364 3107 2524 3160; x_wconf 67' lang='lat' dir='ltr'><strong>Vens.</strong></span> <span class='ocrx_word' id='word_1_619' title='bbox 2550 3106 2603 3158; x_wconf 87' lang='grc'><strong>’5.</strong></span> <span class='ocrx_word' id='word_1_620' title='bbox 2643 3136 2710 3145; x_wconf 91' lang='lat'><strong>—</strong></span> <span class='ocrx_word' id='word_1_621' title='bbox 2747 3106 2814 3159; x_wconf 80' lang='lat' dir='ltr'><strong>Et</strong></span> <span class='ocrx_word' id='word_1_622' title='bbox 2840 3105 3076 3161; x_wconf 72' lang='lat' dir='ltr'><strong>clamavit</strong></span> <span class='ocrx_word' id='word_1_623' title='bbox 3099 3124 3216 3162; x_wconf 77' lang='lat' dir='ltr'><strong>rore</strong></span> <span class='ocrx_word' id='word_1_624' title='bbox 3255 3125 3440 3177; x_wconf 80' lang='lat' dir='ltr'><strong>magna</strong></span> <span class='ocrx_word' id='word_1_625' title='bbox 3463 3147 3477 3172; x_wconf 96' lang='lat'><strong>,</strong></span> <span class='ocrx_word' id='word_1_626' title='bbox 3502 3108 3836 3177; x_wconf 79' lang='lat' dir='ltr'><strong>quemadmo-</strong></span> 
     </span>
    </p>
   </div>
   <div class='ocr_carea' id='block_1_81' title="bbox 2335 3190 3836 3260">
    <p class='ocr_par' dir='ltr' id='par_1_81' title="bbox 2335 3190 3836 3260">
     <span class='ocr_line' id='line_1_81' title="bbox 2335 3190 3836 3260; baseline 0.005 -17"><span class='ocrx_word' id='word_1_627' title='bbox 2335 3207 2418 3244; x_wconf 83' lang='lat' dir='ltr'><strong>unt</strong></span> <span class='ocrx_word' id='word_1_628' title='bbox 2443 3207 2560 3244; x_wconf 85' lang='lat' dir='ltr'><strong>cum</strong></span> <span class='ocrx_word' id='word_1_629' title='bbox 2586 3190 2664 3244; x_wconf 87' lang='lat' dir='ltr'><strong>leo</strong></span> <span class='ocrx_word' id='word_1_630' title='bbox 2693 3193 2848 3260; x_wconf 84' lang='lat' dir='ltr'><strong>rugit.</strong></span> <span class='ocrx_word' id='word_1_631' title='bbox 2887 3193 3036 3246; x_wconf 90' lang='lat' dir='ltr'><strong>Sicut</strong></span> <span class='ocrx_word' id='word_1_632' title='bbox 3063 3195 3228 3248; x_wconf 89' lang='lat' dir='ltr'><strong>leonis</strong></span> <span class='ocrx_word' id='word_1_633' title='bbox 3254 3195 3450 3248; x_wconf 87' lang='lat' dir='ltr'><strong>clamor</strong></span> <span class='ocrx_word' id='word_1_634' title='bbox 3479 3196 3723 3250; x_wconf 87' lang='lat' dir='ltr'><strong>timorem</strong></span> <span class='ocrx_word' id='word_1_635' title='bbox 3750 3197 3836 3250; x_wconf 85' lang='lat' dir='ltr'><strong>in-</strong></span> 
     </span>
    </p>
   </div>
   <div class='ocr_carea' id='block_1_82' title="bbox 2297 3280 3839 3354">
    <p class='ocr_par' dir='ltr' id='par_1_82' title="bbox 2297 3280 3839 3354">
     <span class='ocr_line' id='line_1_82' title="bbox 2297 3280 3839 3354; baseline 0.005 -21"><span class='ocrx_word' id='word_1_636' title='bbox 2297 3281 2430 3333; x_wconf 88' lang='lat' dir='ltr'><strong>cutit</strong></span> <span class='ocrx_word' id='word_1_637' title='bbox 2468 3281 2675 3343; x_wconf 88' lang='lat' dir='ltr'><strong>bestiis,</strong></span> <span class='ocrx_word' id='word_1_638' title='bbox 2723 3281 2799 3334; x_wconf 91' lang='lat' dir='ltr'><strong>sic</strong></span> <span class='ocrx_word' id='word_1_639' title='bbox 2841 3280 3086 3336; x_wconf 85' lang='lat' dir='ltr'><strong>Christus</strong></span> <span class='ocrx_word' id='word_1_640' title='bbox 3109 3298 3205 3352; x_wconf 88' lang='lat' dir='ltr'><strong>per</strong></span> <span class='ocrx_word' id='word_1_641' title='bbox 3227 3292 3441 3338; x_wconf 85' lang='lat' dir='ltr'><strong>sanctos</strong></span> <span class='ocrx_word' id='word_1_642' title='bbox 3463 3286 3839 3354; x_wconf 78' lang='lat' dir='ltr'><strong>przedicatores</strong></span> 
     </span>
    </p>
   </div>
   <div class='ocr_carea' id='block_1_83' title="bbox 2299 3369 3830 3432">
    <p class='ocr_par' dir='ltr' id='par_1_83' title="bbox 2299 3369 3830 3432">
     <span class='ocr_line' id='line_1_83' title="bbox 2299 3369 3830 3432; baseline 0.008 -12"><span class='ocrx_word' id='word_1_643' title='bbox 2299 3369 2547 3422; x_wconf 89' lang='lat' dir='ltr'><strong>minando</strong></span> <span class='ocrx_word' id='word_1_644' title='bbox 2598 3370 2839 3422; x_wconf 87' lang='lat' dir='ltr'><strong>timorem</strong></span> <span class='ocrx_word' id='word_1_645' title='bbox 2889 3372 3078 3424; x_wconf 88' lang='lat' dir='ltr'><strong>incutit</strong></span> <span class='ocrx_word' id='word_1_646' title='bbox 3133 3373 3443 3428; x_wconf 87' lang='lat' dir='ltr'><strong>bestialibus</strong></span> <span class='ocrx_word' id='word_1_647' title='bbox 3496 3375 3830 3432; x_wconf 88' lang='lat' dir='ltr'><strong>hominibus:</strong></span> 
     </span>
    </p>
   </div>
   <div class='ocr_carea' id='block_1_84' title="bbox 2291 3456 3840 3534">
    <p class='ocr_par' dir='ltr' id='par_1_84' title="bbox 2291 3456 3840 3534">
     <span class='ocr_line' id='line_1_84' title="bbox 2291 3456 3840 3534; baseline 0.004 -24"><span class='ocrx_word' id='word_1_648' title='bbox 2291 3456 2443 3525; x_wconf 76' lang='lat' dir='ltr'><strong>juxta</strong></span> <span class='ocrx_word' id='word_1_649' title='bbox 2469 3458 2593 3510; x_wconf 92' lang='lat' dir='ltr'><strong>illud</strong></span> <span class='ocrx_word' id='word_1_650' title='bbox 2621 3477 2631 3510; x_wconf 94' lang='lat'>:</span> <span class='ocrx_word' id='word_1_651' title='bbox 2666 3457 2768 3511; x_wconf 86' lang='lat' dir='ltr'><strong>Leo</strong></span> <span class='ocrx_word' id='word_1_652' title='bbox 2791 3459 2951 3526; x_wconf 89' lang='lat' dir='ltr'><strong>rugit,</strong></span> <span class='ocrx_word' id='word_1_653' title='bbox 2974 3462 3089 3530; x_wconf 88' lang='lat' dir='ltr'><strong>quis</strong></span> <span class='ocrx_word' id='word_1_654' title='bbox 3110 3478 3209 3513; x_wconf 90' lang='lat' dir='ltr'><strong>non</strong></span> <span class='ocrx_word' id='word_1_655' title='bbox 3231 3462 3419 3514; x_wconf 82' lang='lat' dir='ltr'><strong>timebit</strong></span> <span class='ocrx_word' id='word_1_656' title='bbox 3448 3462 3623 3532; x_wconf 72' lang='lat' dir='ltr'><strong>(Amos</strong></span> <span class='ocrx_word' id='word_1_657' title='bbox 3645 3479 3728 3527; x_wconf 87' lang='lat' dir='ltr'><strong>Ill,</strong></span> <span class='ocrx_word' id='word_1_658' title='bbox 3750 3465 3840 3534; x_wconf 89' lang='lat'><strong>8)?</strong></span> 
     </span>
    </p>
   </div>
   <div class='ocr_carea' id='block_1_85' title="bbox 2299 3546 3836 3620">
    <p class='ocr_par' dir='ltr' id='par_1_85' title="bbox 2299 3546 3836 3620">
     <span class='ocr_line' id='line_1_85' title="bbox 2299 3546 3836 3620; baseline 0.005 -22"><span class='ocrx_word' id='word_1_659' title='bbox 2299 3546 2365 3599; x_wconf 78' lang='lat' dir='ltr'><strong>Et</strong></span> <span class='ocrx_word' id='word_1_660' title='bbox 2390 3564 2504 3598; x_wconf 84' lang='lat' dir='ltr'><strong>eum</strong></span> <span class='ocrx_word' id='word_1_661' title='bbox 2536 3547 2805 3600; x_wconf 82' lang='lat' dir='ltr'><strong>clamasset</strong></span> <span class='ocrx_word' id='word_1_662' title='bbox 2833 3588 2845 3611; x_wconf 94' lang='lat'><strong>,</strong></span> <span class='ocrx_word' id='word_1_663' title='bbox 2872 3548 3044 3602; x_wconf 84' lang='lat' dir='ltr'><strong>locuta</strong></span> <span class='ocrx_word' id='word_1_664' title='bbox 3070 3560 3189 3603; x_wconf 90' lang='lat' dir='ltr'><strong>sunt</strong></span> <span class='ocrx_word' id='word_1_665' title='bbox 3217 3561 3401 3620; x_wconf 85' lang='lat' dir='ltr'><strong>septem</strong></span> <span class='ocrx_word' id='word_1_666' title='bbox 3441 3553 3667 3606; x_wconf 84' lang='lat' dir='ltr'><strong>tonitrua</strong></span> <span class='ocrx_word' id='word_1_667' title='bbox 3693 3570 3836 3606; x_wconf 72' lang='lat' dir='ltr'><strong>voces</strong></span> 
     </span>
    </p>
   </div>
   <div class='ocr_carea' id='block_1_86' title="bbox 2297 3637 3839 3708">
    <p class='ocr_par' dir='ltr' id='par_1_86' title="bbox 2297 3637 3839 3708">
     <span class='ocr_line' id='line_1_86' title="bbox 2297 3637 3839 3708; baseline 0.005 -20"><span class='ocrx_word' id='word_1_668' title='bbox 2297 3653 2436 3689; x_wconf 90' lang='lat' dir='ltr'><strong>suas.</strong></span> <span class='ocrx_word' id='word_1_669' title='bbox 2462 3637 2569 3690; x_wconf 83' lang='lat' dir='ltr'><strong>lioc</strong></span> <span class='ocrx_word' id='word_1_670' title='bbox 2589 3637 2893 3706; x_wconf 82' lang='lat' dir='ltr'><strong>signiﬁcant</strong></span> <span class='ocrx_word' id='word_1_671' title='bbox 2918 3647 3119 3706; x_wconf 85' lang='lat' dir='ltr'><strong>septem</strong></span> <span class='ocrx_word' id='word_1_672' title='bbox 3151 3641 3406 3704; x_wconf 88' lang='lat' dir='ltr'><strong>tonitrua,</strong></span> <span class='ocrx_word' id='word_1_673' title='bbox 3434 3641 3573 3708; x_wconf 83' lang='lat' dir='ltr'><strong>quod</strong></span> <span class='ocrx_word' id='word_1_674' title='bbox 3607 3656 3707 3694; x_wconf 75' lang='lat' dir='ltr'><strong>vox</strong></span> <span class='ocrx_word' id='word_1_675' title='bbox 3728 3642 3839 3696; x_wconf 87' lang='lat' dir='ltr'><strong>leo-</strong></span> 
     </span>
    </p>
   </div>
   <div class='ocr_carea' id='block_1_87' title="bbox 2299 3725 3840 3794">
    <p class='ocr_par' dir='ltr' id='par_1_87' title="bbox 2299 3725 3840 3794">
     <span class='ocr_line' id='line_1_87' title="bbox 2299 3725 3840 3794; baseline 0.001 -14"><span class='ocrx_word' id='word_1_676' title='bbox 2299 3727 2401 3789; x_wconf 90' lang='lat' dir='ltr'><strong>nis,</strong></span> <span class='ocrx_word' id='word_1_677' title='bbox 2429 3727 2480 3780; x_wconf 90' lang='lat' dir='ltr'><strong>id</strong></span> <span class='ocrx_word' id='word_1_678' title='bbox 2503 3737 2586 3780; x_wconf 89' lang='lat' dir='ltr'><strong>est</strong></span> <span class='ocrx_word' id='word_1_679' title='bbox 2607 3725 2752 3779; x_wconf 87' lang='lat' dir='ltr'><strong>verbi</strong></span> <span class='ocrx_word' id='word_1_680' title='bbox 2777 3727 3201 3794; x_wconf 75' lang='lat' dir='ltr'><strong>praulicationem</strong></span> <span class='ocrx_word' id='word_1_681' title='bbox 3227 3745 3242 3792; x_wconf 91' lang='lat'><strong>;</strong></span> <span class='ocrx_word' id='word_1_682' title='bbox 3280 3737 3338 3783; x_wconf 89' lang='lat' dir='ltr'><strong>ut</strong></span> <span class='ocrx_word' id='word_1_683' title='bbox 3365 3729 3488 3782; x_wconf 91' lang='lat' dir='ltr'><strong>illud</strong></span> <span class='ocrx_word' id='word_1_684' title='bbox 3520 3747 3533 3782; x_wconf 93' lang='lat'>:</span> <span class='ocrx_word' id='word_1_685' title='bbox 3573 3728 3684 3782; x_wconf 70' lang='lat' dir='ltr'><strong>Vox</strong></span> <span class='ocrx_word' id='word_1_686' title='bbox 3705 3730 3840 3783; x_wconf 88' lang='lat' dir='ltr'><strong>toni-</strong></span> 
     </span>
    </p>
   </div>
   <div class='ocr_carea' id='block_1_88' title="bbox 2298 3812 3840 3886">
    <p class='ocr_par' dir='ltr' id='par_1_88' title="bbox 2298 3812 3840 3886">
     <span class='ocr_line' id='line_1_88' title="bbox 2298 3812 3840 3886; baseline 0.005 -22"><span class='ocrx_word' id='word_1_687' title='bbox 2298 3815 2401 3864; x_wconf 83' lang='lat' dir='ltr'><strong>trui</strong></span> <span class='ocrx_word' id='word_1_688' title='bbox 2430 3814 2508 3865; x_wconf 83' lang='lat' dir='ltr'><strong>tui</strong></span> <span class='ocrx_word' id='word_1_689' title='bbox 2531 3813 2584 3866; x_wconf 88' lang='lat' dir='ltr'><strong>in</strong></span> <span class='ocrx_word' id='word_1_690' title='bbox 2615 3823 2726 3865; x_wconf 88' lang='lat' dir='ltr'><strong>rota</strong></span> <span class='ocrx_word' id='word_1_691' title='bbox 2755 3812 2922 3884; x_wconf 83' lang='lat' dir='ltr'><strong>(Psal.</strong></span> <span class='ocrx_word' id='word_1_692' title='bbox 2955 3830 3134 3878; x_wconf 67' lang='lat' dir='ltr'><strong>Luxu,</strong></span> <span class='ocrx_word' id='word_1_693' title='bbox 3177 3815 3283 3884; x_wconf 83' lang='lat' dir='ltr'><strong>l9).</strong></span> <span class='ocrx_word' id='word_1_694' title='bbox 3325 3816 3393 3868; x_wconf 81' lang='lat' dir='ltr'><strong>Et</strong></span> <span class='ocrx_word' id='word_1_695' title='bbox 3417 3825 3538 3869; x_wconf 88' lang='lat' dir='ltr'><strong>nota</strong></span> <span class='ocrx_word' id='word_1_696' title='bbox 3566 3819 3688 3885; x_wconf 88' lang='lat' dir='ltr'><strong>quia</strong></span> <span class='ocrx_word' id='word_1_697' title='bbox 3720 3827 3840 3886; x_wconf 86' lang='lat' dir='ltr'><strong>post</strong></span> 
     </span>
    </p>
   </div>
   <div class='ocr_carea' id='block_1_89' title="bbox 2298 3901 3838 3972">
    <p class='ocr_par' dir='ltr' id='par_1_89' title="bbox 2298 3901 3838 3972">
     <span class='ocr_line' id='line_1_89' title="bbox 2298 3901 3838 3972; baseline 0.003 -18"><span class='ocrx_word' id='word_1_698' title='bbox 2298 3901 2465 3955; x_wconf 86' lang='lat' dir='ltr'><strong>leonis</strong></span> <span class='ocrx_word' id='word_1_699' title='bbox 2492 3917 2696 3967; x_wconf 87' lang='lat' dir='ltr'><strong>vocem,</strong></span> <span class='ocrx_word' id='word_1_700' title='bbox 2734 3902 2909 3956; x_wconf 89' lang='lat' dir='ltr'><strong>locuta</strong></span> <span class='ocrx_word' id='word_1_701' title='bbox 2949 3903 3199 3955; x_wconf 89' lang='lat' dir='ltr'><strong>dicuntur</strong></span> <span class='ocrx_word' id='word_1_702' title='bbox 3219 3903 3447 3956; x_wconf 88' lang='lat' dir='ltr'><strong>tonitrua</strong></span> <span class='ocrx_word' id='word_1_703' title='bbox 3469 3941 3483 3965; x_wconf 92' lang='lat'><strong>,</strong></span> <span class='ocrx_word' id='word_1_704' title='bbox 3529 3904 3652 3972; x_wconf 86' lang='lat' dir='ltr'><strong>quia</strong></span> <span class='ocrx_word' id='word_1_705' title='bbox 3697 3904 3838 3972; x_wconf 88' lang='lat' dir='ltr'><strong>quod</strong></span> 
     </span>
    </p>
   </div>
   <div class='ocr_carea' id='block_1_90' title="bbox 2299 3990 3840 4060">
    <p class='ocr_par' dir='ltr' id='par_1_90' title="bbox 2299 3990 3840 4060">
     <span class='ocr_line' id='line_1_90' title="bbox 2299 3990 3840 4060; baseline 0.001 -14"><span class='ocrx_word' id='word_1_706' title='bbox 2299 3993 2555 4046; x_wconf 84' lang='lat' dir='ltr'><strong>Dominus</strong></span> <span class='ocrx_word' id='word_1_707' title='bbox 2578 3991 2778 4056; x_wconf 89' lang='lat' dir='ltr'><strong>docuit,</strong></span> <span class='ocrx_word' id='word_1_708' title='bbox 2822 3992 2923 4045; x_wconf 89' lang='lat' dir='ltr'><strong>hoc</strong></span> <span class='ocrx_word' id='word_1_709' title='bbox 2950 3992 3113 4045; x_wconf 88' lang='lat' dir='ltr'><strong>etiam</strong></span> <span class='ocrx_word' id='word_1_710' title='bbox 3139 3991 3366 4060; x_wconf 88' lang='lat' dir='ltr'><strong>Spiritus</strong></span> <span class='ocrx_word' id='word_1_711' title='bbox 3394 3990 3717 4060; x_wconf 84' lang='lat' dir='ltr'><strong>septiformis</strong></span> <span class='ocrx_word' id='word_1_712' title='bbox 3745 3992 3840 4048; x_wconf 84' lang='lat' dir='ltr'><strong>do-</strong></span> 
     </span>
    </p>
   </div>
   <div class='ocr_carea' id='block_1_91' title="bbox 2297 4079 3838 4149">
    <p class='ocr_par' dir='ltr' id='par_1_91' title="bbox 2297 4079 3838 4149">
     <span class='ocr_line' id='line_1_91' title="bbox 2297 4079 3838 4149; baseline -0.001 -15"><span class='ocrx_word' id='word_1_713' title='bbox 2297 4082 2409 4134; x_wconf 86' lang='lat' dir='ltr'><strong>cuit</strong></span> <span class='ocrx_word' id='word_1_714' title='bbox 2431 4080 2696 4148; x_wconf 83' lang='lat' dir='ltr'><strong>apostolos</strong></span> <span class='ocrx_word' id='word_1_715' title='bbox 2719 4081 3009 4149; x_wconf 76' lang='lat' dir='ltr'><strong>prtedicarc</strong></span> <span class='ocrx_word' id='word_1_716' title='bbox 3041 4099 3054 4132; x_wconf 90' lang='lat'><strong>:</strong></span> <span class='ocrx_word' id='word_1_717' title='bbox 3084 4082 3221 4135; x_wconf 90' lang='lat' dir='ltr'><strong>unde</strong></span> <span class='ocrx_word' id='word_1_718' title='bbox 3249 4079 3376 4132; x_wconf 79' lang='lat' dir='ltr'><strong>Filii</strong></span> <span class='ocrx_word' id='word_1_719' title='bbox 3398 4081 3610 4134; x_wconf 83' lang='lat' dir='ltr'><strong>tonitrui</strong></span> <span class='ocrx_word' id='word_1_720' title='bbox 3651 4080 3838 4140; x_wconf 84' lang='lat' dir='ltr'><strong>dicun-</strong></span> 
     </span>
    </p>
   </div>
   <div class='ocr_carea' id='block_1_92' title="bbox 2298 4167 3839 4237">
    <p class='ocr_par' dir='ltr' id='par_1_92' title="bbox 2298 4167 3839 4237">
     <span class='ocr_line' id='line_1_92' title="bbox 2298 4167 3839 4237; baseline 0.003 -18"><span class='ocrx_word' id='word_1_721' title='bbox 2298 4177 2402 4220; x_wconf 89' lang='lat' dir='ltr'><strong>tur.</strong></span> <span class='ocrx_word' id='word_1_722' title='bbox 2429 4167 2565 4222; x_wconf 85' lang='lat' dir='ltr'><strong>Suas</strong></span> <span class='ocrx_word' id='word_1_723' title='bbox 2594 4180 2773 4222; x_wconf 88' lang='lat' dir='ltr'><strong>autem</strong></span> <span class='ocrx_word' id='word_1_724' title='bbox 2798 4184 2958 4223; x_wconf 85' lang='lat' dir='ltr'><strong>voces</strong></span> <span class='ocrx_word' id='word_1_725' title='bbox 2983 4169 3157 4222; x_wconf 89' lang='lat' dir='ltr'><strong>locuta</strong></span> <span class='ocrx_word' id='word_1_726' title='bbox 3182 4177 3328 4231; x_wconf 87' lang='lat' dir='ltr'><strong>sunt,</strong></span> <span class='ocrx_word' id='word_1_727' title='bbox 3351 4169 3473 4237; x_wconf 83' lang='lat' dir='ltr'><strong>quia</strong></span> <span class='ocrx_word' id='word_1_728' title='bbox 3507 4185 3610 4222; x_wconf 89' lang='lat' dir='ltr'><strong>non</strong></span> <span class='ocrx_word' id='word_1_729' title='bbox 3632 4168 3839 4224; x_wconf 76' lang='lat' dir='ltr'><strong>Judteo-</strong></span> 
     </span>
    </p>
   </div>
   <div class='ocr_carea' id='block_1_93' title="bbox 2299 4258 3842 4327">
    <p class='ocr_par' dir='ltr' id='par_1_93' title="bbox 2299 4258 3842 4327">
     <span class='ocr_line' id='line_1_93' title="bbox 2299 4258 3842 4327; baseline -0.001 -15"><span class='ocrx_word' id='word_1_730' title='bbox 2299 4276 2415 4312; x_wconf 86' lang='lat' dir='ltr'><strong>rum</strong></span> <span class='ocrx_word' id='word_1_731' title='bbox 2438 4260 2660 4326; x_wconf 80' lang='lat' dir='ltr'><strong>fabulas,</strong></span> <span class='ocrx_word' id='word_1_732' title='bbox 2677 4275 2780 4312; x_wconf 89' lang='lat' dir='ltr'><strong>non</strong></span> <span class='ocrx_word' id='word_1_733' title='bbox 2802 4259 3231 4327; x_wconf 87' lang='lat' dir='ltr'><strong>philosophorum</strong></span> <span class='ocrx_word' id='word_1_734' title='bbox 3245 4258 3444 4312; x_wconf 61' lang='lat' dir='ltr'><strong>natuias</strong></span> <span class='ocrx_word' id='word_1_735' title='bbox 3454 4267 3633 4312; x_wconf 88' lang='lat' dir='ltr'><strong>sancta</strong></span> <span class='ocrx_word' id='word_1_736' title='bbox 3647 4258 3842 4312; x_wconf 89' lang='lat' dir='ltr'><strong>doctri-</strong></span> 
     </span>
    </p>
   </div>
   <div class='ocr_carea' id='block_1_94' title="bbox 2299 4349 3839 4420">
    <p class='ocr_par' dir='ltr' id='par_1_94' title="bbox 2299 4349 3839 4420">
     <span class='ocr_line' id='line_1_94' title="bbox 2299 4349 3839 4420; baseline 0.001 -19"><span class='ocrx_word' id='word_1_737' title='bbox 2299 4365 2363 4401; x_wconf 89' lang='lat' dir='ltr'><strong>na</strong></span> <span class='ocrx_word' id='word_1_738' title='bbox 2382 4349 2432 4401; x_wconf 92' lang='lat' dir='ltr'><strong>iu</strong></span> <span class='ocrx_word' id='word_1_739' title='bbox 2445 4350 2556 4403; x_wconf 91' lang='lat' dir='ltr'><strong>suis</strong></span> <span class='ocrx_word' id='word_1_740' title='bbox 2567 4350 2900 4418; x_wconf 81' lang='lat' dir='ltr'><strong>dogmatibus</strong></span> <span class='ocrx_word' id='word_1_741' title='bbox 2915 4351 3119 4418; x_wconf 82' lang='lat' dir='ltr'><strong>recipit.</strong></span> <span class='ocrx_word' id='word_1_742' title='bbox 3137 4349 3241 4402; x_wconf 90' lang='lat' dir='ltr'><strong>Sed</strong></span> <span class='ocrx_word' id='word_1_743' title='bbox 3258 4350 3409 4403; x_wconf 88' lang='lat' dir='ltr'><strong>valde</strong></span> <span class='ocrx_word' id='word_1_744' title='bbox 3420 4350 3572 4404; x_wconf 88' lang='lat' dir='ltr'><strong>nobis</strong></span> <span class='ocrx_word' id='word_1_745' title='bbox 3590 4349 3839 4420; x_wconf 76' lang='lat' dir='ltr'><strong>perplexa</strong></span> 
     </span>
    </p>
   </div>
   <div class='ocr_carea' id='block_1_95' title="bbox 2297 4435 3842 4507">
    <p class='ocr_par' dir='ltr' id='par_1_95' title="bbox 2297 4435 3842 4507">
     <span class='ocr_line' id='line_1_95' title="bbox 2297 4435 3842 4507; baseline 0.002 -19"><span class='ocrx_word' id='word_1_746' title='bbox 2297 4437 2519 4505; x_wconf 65' lang='lat' dir='ltr'><strong>quaestio</strong></span> <span class='ocrx_word' id='word_1_747' title='bbox 2534 4439 2884 4506; x_wconf 84' lang='lat' dir='ltr'><strong>generaturin</strong></span> <span class='ocrx_word' id='word_1_748' title='bbox 2906 4452 2970 4489; x_wconf 88' lang='lat' dir='ltr'><strong>eo</strong></span> <span class='ocrx_word' id='word_1_749' title='bbox 3004 4437 3142 4503; x_wconf 89' lang='lat' dir='ltr'><strong>quod</strong></span> <span class='ocrx_word' id='word_1_750' title='bbox 3171 4437 3415 4488; x_wconf 87' lang='lat' dir='ltr'><strong>subditur</strong></span> <span class='ocrx_word' id='word_1_751' title='bbox 3441 4455 3453 4488; x_wconf 90' lang='lat'>:</span> <span class='ocrx_word' id='word_1_752' title='bbox 3492 4435 3672 4504; x_wconf 81' lang='lat' dir='ltr'><strong>(Vsus.</strong></span> <span class='ocrx_word' id='word_1_753' title='bbox 3698 4435 3752 4507; x_wconf 73' lang='grc'><strong>4)</strong></span> <span class='ocrx_word' id='word_1_754' title='bbox 3776 4437 3842 4491; x_wconf 80' lang='lat' dir='ltr'><strong>Et</strong></span> 
     </span>
    </p>
   </div>
   <div class='ocr_carea' id='block_1_96' title="bbox 2298 4526 3838 4594">
    <p class='ocr_par' dir='ltr' id='par_1_96' title="bbox 2298 4526 3838 4594">
     <span class='ocr_line' id='line_1_96' title="bbox 2298 4526 3838 4594; baseline 0.002 -16"><span class='ocrx_word' id='word_1_755' title='bbox 2298 4543 2415 4593; x_wconf 65' lang='lat' dir='ltr'><strong>quin</strong></span> <span class='ocrx_word' id='word_1_756' title='bbox 2442 4526 2615 4580; x_wconf 83' lang='lat' dir='ltr'><strong>locuta</strong></span> <span class='ocrx_word' id='word_1_757' title='bbox 2639 4535 2763 4591; x_wconf 84' lang='lat' dir='ltr'><strong>sunt</strong></span> <span class='ocrx_word' id='word_1_758' title='bbox 2793 4534 2994 4592; x_wconf 81' lang='lat' dir='ltr'><strong>septem</strong></span> <span class='ocrx_word' id='word_1_759' title='bbox 3022 4526 3250 4577; x_wconf 89' lang='lat' dir='ltr'><strong>tonitrua</strong></span> <span class='ocrx_word' id='word_1_760' title='bbox 3276 4527 3562 4594; x_wconf 80' lang='lat' dir='ltr'><strong>scripturus</strong></span> <span class='ocrx_word' id='word_1_761' title='bbox 3587 4543 3726 4581; x_wconf 86' lang='lat' dir='ltr'><strong>erant</strong></span> <span class='ocrx_word' id='word_1_762' title='bbox 3745 4568 3760 4591; x_wconf 94' lang='lat'><strong>,</strong></span> <span class='ocrx_word' id='word_1_763' title='bbox 3790 4539 3838 4581; x_wconf 81' lang='lat' dir='ltr'><strong>et</strong></span> 
     </span>
    </p>
   </div>
   <div class='ocr_carea' id='block_1_97' title="bbox 2297 4614 3840 4685">
    <p class='ocr_par' dir='ltr' id='par_1_97' title="bbox 2297 4614 3840 4685">
     <span class='ocr_line' id='line_1_97' title="bbox 2297 4614 3840 4685; baseline 0.001 -18"><span class='ocrx_word' id='word_1_764' title='bbox 2297 4615 2474 4669; x_wconf 78' lang='lat' dir='ltr'><strong>audiri</strong></span> <span class='ocrx_word' id='word_1_765' title='bbox 2510 4631 2675 4668; x_wconf 77' lang='lat' dir='ltr'><strong>rorem</strong></span> <span class='ocrx_word' id='word_1_766' title='bbox 2718 4615 2781 4667; x_wconf 86' lang='lat' dir='ltr'><strong>de</strong></span> <span class='ocrx_word' id='word_1_767' title='bbox 2820 4614 2942 4668; x_wconf 75' lang='lat' dir='ltr'><strong>caelo</strong></span> <span class='ocrx_word' id='word_1_768' title='bbox 2986 4615 3233 4668; x_wconf 76' lang='lat' dir='ltr'><strong>dicentem</strong></span> <span class='ocrx_word' id='word_1_769' title='bbox 3263 4629 3281 4665; x_wconf 94' lang='lat'><em>:</em></span> <span class='ocrx_word' id='word_1_770' title='bbox 3333 4615 3495 4684; x_wconf 81' lang='lat' dir='ltr'><strong>Signa</strong></span> <span class='ocrx_word' id='word_1_771' title='bbox 3529 4633 3644 4685; x_wconf 65' lang='lat' dir='ltr'><strong>qua’</strong></span> <span class='ocrx_word' id='word_1_772' title='bbox 3670 4617 3840 4671; x_wconf 87' lang='lat' dir='ltr'><strong>locuto</strong></span> 
     </span>
    </p>
   </div>
   <div class='ocr_carea' id='block_1_98' title="bbox 2298 4703 3842 4770">
    <p class='ocr_par' dir='ltr' id='par_1_98' title="bbox 2298 4703 3842 4770">
     <span class='ocr_line' id='line_1_98' title="bbox 2298 4703 3842 4770; baseline 0.003 -18"><span class='ocrx_word' id='word_1_773' title='bbox 2298 4712 2416 4754; x_wconf 86' lang='lat' dir='ltr'><strong>sunt</strong></span> <span class='ocrx_word' id='word_1_774' title='bbox 2440 4712 2628 4770; x_wconf 86' lang='lat' dir='ltr'><strong>septem</strong></span> <span class='ocrx_word' id='word_1_775' title='bbox 2649 4703 2898 4766; x_wconf 84' lang='lat' dir='ltr'><strong>tonitrua,</strong></span> <span class='ocrx_word' id='word_1_776' title='bbox 2921 4713 2968 4755; x_wconf 83' lang='lat' dir='ltr'><strong>et</strong></span> <span class='ocrx_word' id='word_1_777' title='bbox 2999 4703 3103 4756; x_wconf 89' lang='lat' dir='ltr'><strong>noli</strong></span> <span class='ocrx_word' id='word_1_778' title='bbox 3136 4719 3195 4754; x_wconf 89' lang='lat' dir='ltr'><strong>ea</strong></span> <span class='ocrx_word' id='word_1_779' title='bbox 3222 4703 3456 4756; x_wconf 82' lang='lat' dir='ltr'><strong>scribere.</strong></span> <span class='ocrx_word' id='word_1_780' title='bbox 3485 4703 3539 4757; x_wconf 81' lang='lat' dir='ltr'><strong>Si</strong></span> <span class='ocrx_word' id='word_1_781' title='bbox 3559 4705 3699 4758; x_wconf 89' lang='lat' dir='ltr'><strong>enim</strong></span> <span class='ocrx_word' id='word_1_782' title='bbox 3721 4719 3842 4758; x_wconf 83' lang='lat' dir='ltr'><strong>san-</strong></span> 
     </span>
    </p>
   </div>
   <div class='ocr_carea' id='block_1_99' title="bbox 2299 4788 3840 4860">
    <p class='ocr_par' dir='ltr' id='par_1_99' title="bbox 2299 4788 3840 4860">
     <span class='ocr_line' id='line_1_99' title="bbox 2299 4788 3840 4860; baseline 0 -16"><span class='ocrx_word' id='word_1_783' title='bbox 2299 4800 2381 4844; x_wconf 83' lang='lat' dir='ltr'><strong>cta</strong></span> <span class='ocrx_word' id='word_1_784' title='bbox 2404 4792 2707 4860; x_wconf 71' lang='lat' dir='ltr'><strong>prtedicatio</strong></span> <span class='ocrx_word' id='word_1_785' title='bbox 2736 4792 2930 4859; x_wconf 88' lang='lat' dir='ltr'><strong>scripta</strong></span> <span class='ocrx_word' id='word_1_786' title='bbox 2973 4806 3076 4842; x_wconf 85' lang='lat' dir='ltr'><strong>non</strong></span> <span class='ocrx_word' id='word_1_787' title='bbox 3108 4788 3313 4854; x_wconf 78' lang='lat' dir='ltr'><strong>fuisset,</strong></span> <span class='ocrx_word' id='word_1_788' title='bbox 3339 4791 3404 4844; x_wconf 89' lang='lat' dir='ltr'><strong>ad</strong></span> <span class='ocrx_word' id='word_1_789' title='bbox 3431 4807 3527 4846; x_wconf 88' lang='lat' dir='ltr'><strong>nos</strong></span> <span class='ocrx_word' id='word_1_790' title='bbox 3571 4792 3709 4844; x_wconf 90' lang='lat' dir='ltr'><strong>unde</strong></span> <span class='ocrx_word' id='word_1_791' title='bbox 3747 4804 3840 4844; x_wconf 84' lang='lat' dir='ltr'><strong>ve-</strong></span> 
     </span>
    </p>
   </div>
   <div class='ocr_carea' id='block_1_100' title="bbox 2299 4879 3841 4950">
    <p class='ocr_par' dir='ltr' id='par_1_100' title="bbox 2299 4879 3841 4950">
     <span class='ocr_line' id='line_1_100' title="bbox 2299 4879 3841 4950; baseline -0.003 -12"><span class='ocrx_word' id='word_1_792' title='bbox 2299 4885 2504 4938; x_wconf 85' lang='lat' dir='ltr'><strong>nisset?</strong></span> <span class='ocrx_word' id='word_1_793' title='bbox 2535 4885 2755 4937; x_wconf 70' lang='lat' dir='ltr'><strong>Videtur</strong></span> <span class='ocrx_word' id='word_1_794' title='bbox 2779 4896 2906 4950; x_wconf 85' lang='lat' dir='ltr'><strong>ergo</strong></span> <span class='ocrx_word' id='word_1_795' title='bbox 2931 4882 3032 4934; x_wconf 89' lang='lat' dir='ltr'><strong>hoc</strong></span> <span class='ocrx_word' id='word_1_796' title='bbox 3061 4880 3176 4935; x_wconf 88' lang='lat' dir='ltr'><strong>loco</strong></span> <span class='ocrx_word' id='word_1_797' title='bbox 3220 4883 3499 4950; x_wconf 87' lang='lat' dir='ltr'><strong>quamdam</strong></span> <span class='ocrx_word' id='word_1_798' title='bbox 3531 4879 3841 4947; x_wconf 85' lang='lat' dir='ltr'><strong>descriptio-</strong></span> 
     </span>
    </p>
   </div>
   <div class='ocr_carea' id='block_1_101' title="bbox 2301 4967 3840 5041">
    <p class='ocr_par' dir='ltr' id='par_1_101' title="bbox 2301 4967 3840 5041">
     <span class='ocr_line' id='line_1_101' title="bbox 2301 4967 3840 5041; baseline -0.005 -11"><span class='ocrx_word' id='word_1_799' title='bbox 2301 4990 2418 5030; x_wconf 86' lang='lat' dir='ltr'><strong>nem</strong></span> <span class='ocrx_word' id='word_1_800' title='bbox 2436 4975 2655 5041; x_wconf 82' lang='lat' dir='ltr'><strong>intelligi</strong></span> <span class='ocrx_word' id='word_1_801' title='bbox 2681 4973 2889 5025; x_wconf 86' lang='lat' dir='ltr'><strong>debere.</strong></span> <span class='ocrx_word' id='word_1_802' title='bbox 2919 4971 3052 5025; x_wconf 78' lang='lat' dir='ltr'><strong>Nam</strong></span> <span class='ocrx_word' id='word_1_803' title='bbox 3075 4972 3346 5025; x_wconf 86' lang='lat' dir='ltr'><strong>sciendum</strong></span> <span class='ocrx_word' id='word_1_804' title='bbox 3367 4970 3490 5038; x_wconf 87' lang='lat' dir='ltr'><strong>quia</strong></span> <span class='ocrx_word' id='word_1_805' title='bbox 3504 4970 3620 5022; x_wconf 87' lang='lat' dir='ltr'><strong>ideo</strong></span> <span class='ocrx_word' id='word_1_806' title='bbox 3641 4967 3840 5038; x_wconf 88' lang='lat' dir='ltr'><strong>aliquid</strong></span> 
     </span>
    </p>
   </div>
   <div class='ocr_carea' id='block_1_102' title="bbox 2299 5059 3841 5130">
    <p class='ocr_par' dir='ltr' id='par_1_102' title="bbox 2299 5059 3841 5130">
     <span class='ocr_line' id='line_1_102' title="bbox 2299 5059 3841 5130; baseline -0.005 -12"><span class='ocrx_word' id='word_1_807' title='bbox 2299 5079 2396 5118; x_wconf 86' lang='lat' dir='ltr'><strong>nos</strong></span> <span class='ocrx_word' id='word_1_808' title='bbox 2424 5064 2521 5116; x_wconf 87' lang='lat' dir='ltr'><strong>sub</strong></span> <span class='ocrx_word' id='word_1_809' title='bbox 2553 5060 2726 5130; x_wconf 89' lang='lat' dir='ltr'><strong>sigillo</strong></span> <span class='ocrx_word' id='word_1_810' title='bbox 2750 5060 3041 5114; x_wconf 87' lang='lat' dir='ltr'><strong>claudimus</strong></span> <span class='ocrx_word' id='word_1_811' title='bbox 3067 5075 3134 5113; x_wconf 87' lang='lat' dir='ltr'><strong>ne</strong></span> <span class='ocrx_word' id='word_1_812' title='bbox 3160 5059 3365 5113; x_wconf 87' lang='lat' dir='ltr'><strong>cunctis</strong></span> <span class='ocrx_word' id='word_1_813' title='bbox 3383 5067 3581 5127; x_wconf 88' lang='lat' dir='ltr'><strong>pateat,</strong></span> <span class='ocrx_word' id='word_1_814' title='bbox 3603 5060 3694 5114; x_wconf 88' lang='lat' dir='ltr'><strong>sed</strong></span> <span class='ocrx_word' id='word_1_815' title='bbox 3715 5073 3841 5113; x_wconf 89' lang='lat' dir='ltr'><strong>eon-</strong></span> 
     </span>
    </p>
   </div>
   <div class='ocr_carea' id='block_1_103' title="bbox 2301 5147 3839 5222">
    <p class='ocr_par' dir='ltr' id='par_1_103' title="bbox 2301 5147 3839 5222">
     <span class='ocr_line' id='line_1_103' title="bbox 2301 5147 3839 5222; baseline -0.006 -17"><span class='ocrx_word' id='word_1_816' title='bbox 2301 5168 2431 5222; x_wconf 88' lang='lat' dir='ltr'><strong>gruo</strong></span> <span class='ocrx_word' id='word_1_817' title='bbox 2459 5160 2694 5218; x_wconf 87' lang='lat' dir='ltr'><strong>tempore</strong></span> <span class='ocrx_word' id='word_1_818' title='bbox 2713 5151 2903 5218; x_wconf 83' lang='lat' dir='ltr'><strong>quibus</strong></span> <span class='ocrx_word' id='word_1_819' title='bbox 2924 5150 3188 5204; x_wconf 88' lang='lat' dir='ltr'><strong>credimus</strong></span> <span class='ocrx_word' id='word_1_820' title='bbox 3211 5147 3474 5214; x_wconf 88' lang='lat' dir='ltr'><strong>solvatur;</strong></span> <span class='ocrx_word' id='word_1_821' title='bbox 3505 5147 3643 5217; x_wconf 89' lang='lat' dir='ltr'><strong>quod</strong></span> <span class='ocrx_word' id='word_1_822' title='bbox 3663 5152 3839 5199; x_wconf 87' lang='lat' dir='ltr'><strong>autem</strong></span> 
     </span>
    </p>
   </div>
   <div class='ocr_carea' id='block_1_104' title="bbox 2301 5235 3837 5312">
    <p class='ocr_par' dir='ltr' id='par_1_104' title="bbox 2301 5235 3837 5312">
     <span class='ocr_line' id='line_1_104' title="bbox 2301 5235 3837 5312; baseline -0.004 -18"><span class='ocrx_word' id='word_1_823' title='bbox 2301 5243 2472 5312; x_wconf 88' lang='lat' dir='ltr'><strong>palam</strong></span> <span class='ocrx_word' id='word_1_824' title='bbox 2503 5240 2803 5305; x_wconf 87' lang='lat' dir='ltr'><strong>scribimus,</strong></span> <span class='ocrx_word' id='word_1_825' title='bbox 2830 5242 2897 5295; x_wconf 87' lang='lat' dir='ltr'><strong>ad</strong></span> <span class='ocrx_word' id='word_1_826' title='bbox 2917 5248 3226 5293; x_wconf 90' lang='lat' dir='ltr'><strong>cunctorum</strong></span> <span class='ocrx_word' id='word_1_827' title='bbox 3249 5239 3490 5292; x_wconf 89' lang='lat' dir='ltr'><strong>notitiam</strong></span> <span class='ocrx_word' id='word_1_828' title='bbox 3510 5235 3837 5291; x_wconf 86' lang='lat' dir='ltr'><strong>deducimus.</strong></span> 
     </span>
    </p>
   </div>
   <div class='ocr_carea' id='block_1_105' title="bbox 2303 5322 3842 5400">
    <p class='ocr_par' dir='ltr' id='par_1_105' title="bbox 2303 5322 3842 5400">
     <span class='ocr_line' id='line_1_105' title="bbox 2303 5322 3842 5400; baseline -0.006 -16"><span class='ocrx_word' id='word_1_829' title='bbox 2303 5332 2558 5385; x_wconf 72' lang='lat' dir='ltr'><strong>iubemur</strong></span> <span class='ocrx_word' id='word_1_830' title='bbox 2583 5346 2710 5400; x_wconf 82' lang='lat' dir='ltr'><strong>ergo</strong></span> <span class='ocrx_word' id='word_1_831' title='bbox 2728 5329 3058 5398; x_wconf 86' lang='lat' dir='ltr'><strong>eloquiorum</strong></span> <span class='ocrx_word' id='word_1_832' title='bbox 3075 5329 3164 5382; x_wconf 87' lang='lat' dir='ltr'><strong>Dei</strong></span> <span class='ocrx_word' id='word_1_833' title='bbox 3191 5334 3518 5382; x_wconf 87' lang='lat' dir='ltr'><strong>sacramenta</strong></span> <span class='ocrx_word' id='word_1_834' title='bbox 3545 5339 3647 5378; x_wconf 89' lang='lat' dir='ltr'><strong>non</strong></span> <span class='ocrx_word' id='word_1_835' title='bbox 3671 5322 3842 5377; x_wconf 87' lang='lat' dir='ltr'><strong>omni-</strong></span> 
     </span>
    </p>
   </div>
   <div class='ocr_carea' id='block_1_106' title="bbox 2304 5414 3839 5488">
    <p class='ocr_par' dir='ltr' id='par_1_106' title="bbox 2304 5414 3839 5488">
     <span class='ocr_line' id='line_1_106' title="bbox 2304 5414 3839 5488; baseline -0.005 -14"><span class='ocrx_word' id='word_1_836' title='bbox 2304 5421 2402 5474; x_wconf 88' lang='lat' dir='ltr'><strong>bus</strong></span> <span class='ocrx_word' id='word_1_837' title='bbox 2434 5421 2715 5474; x_wconf 86' lang='lat' dir='ltr'><strong>indiscretc</strong></span> <span class='ocrx_word' id='word_1_838' title='bbox 2743 5419 3045 5488; x_wconf 82' lang='lat' dir='ltr'><strong>propalare;</strong></span> <span class='ocrx_word' id='word_1_839' title='bbox 3078 5419 3169 5471; x_wconf 90' lang='lat' dir='ltr'><strong>sed</strong></span> <span class='ocrx_word' id='word_1_840' title='bbox 3193 5417 3257 5470; x_wconf 86' lang='lat' dir='ltr'><strong>ad</strong></span> <span class='ocrx_word' id='word_1_841' title='bbox 3277 5423 3671 5481; x_wconf 83' lang='lat' dir='ltr'><strong>mensuram,ct</strong></span> <span class='ocrx_word' id='word_1_842' title='bbox 3691 5414 3839 5483; x_wconf 88' lang='lat' dir='ltr'><strong>quasi</strong></span> 
     </span>
    </p>
   </div>
   <div class='ocr_carea' id='block_1_107' title="bbox 2303 5506 3835 5579">
    <p class='ocr_par' dir='ltr' id='par_1_107' title="bbox 2303 5506 3835 5579">
     <span class='ocr_line' id='line_1_107' title="bbox 2303 5506 3835 5579; baseline -0.004 -16"><span class='ocrx_word' id='word_1_843' title='bbox 2303 5511 2367 5563; x_wconf 86' lang='lat' dir='ltr'><strong>de</strong></span> <span class='ocrx_word' id='word_1_844' title='bbox 2399 5510 2495 5563; x_wconf 80' lang='lat' dir='ltr'><strong>sub</strong></span> <span class='ocrx_word' id='word_1_845' title='bbox 2522 5508 2712 5579; x_wconf 70' lang='lat' dir='ltr'><strong>sigillo.</strong></span> <span class='ocrx_word' id='word_1_846' title='bbox 2746 5518 2896 5576; x_wconf 82' lang='lat' dir='ltr'><strong>prout</strong></span> <span class='ocrx_word' id='word_1_847' title='bbox 2927 5508 3142 5561; x_wconf 77' lang='lat' dir='ltr'><strong>idoneos</strong></span> <span class='ocrx_word' id='word_1_848' title='bbox 3190 5507 3253 5560; x_wconf 91' lang='lat' dir='ltr'><strong>ad</strong></span> <span class='ocrx_word' id='word_1_849' title='bbox 3303 5507 3662 5576; x_wconf 70' lang='lat' dir='ltr'><strong>accipiendum</strong></span> <span class='ocrx_word' id='word_1_850' title='bbox 3692 5506 3835 5559; x_wconf 88' lang='lat' dir='ltr'><strong>vidc-</strong></span> 
     </span>
    </p>
   </div>
  </div>
