4154 6262
355 343 501 403 1143,

1089 332 1506 388 'EXEGETICA.
1544 362 1612 371 —
1644 329 1990 385 COMMENT.
2028 329 2094 383 ΙΝ
2132 330 2414 417 ᾼΡΟΟΑΙ..
2448 360 2519 370 -
2554 330 2678 382 LIB.
2718 330 2778 383 Υ.

3392 323 3526 379 ιιιθ

352 468 493 516 mus,
513 467 577 504 ea
600 449 1031 506 subministrare;
1056 455 1111 500 et
1123 447 1242 499 aliis
1260 454 1442 513 potum
1463 442 1636 505 lactis,
1662 441 1781 509 aliis
1802 456 1888 493 so—
1914 446 1959 499 Λ
1986 452 2106 493 mus
2152 440 2393 506 sequitur
2417 448 2723 492 sanctorum
2754 438 2975 519 alii:ch
3028 436 3206 508 [Cod.,
3261 435 3525 508 effectus],

352 541 516 595 lidqu
562 539 737 592 cibum
780 536 928 590 dare.
968 534 1294 588 Clauduntur
1325 531 1488 585 etiam
1514 520 1690 584 divina
1713 544 1891 582 sacra-

352 636 529 681 menta
554 625 654 679 sub
703 622 959 678 custodia:
1001 621 1186 688 signo,
1221 634 1289 673 ne
1332 618 1634 688 pandantur
1673 616 1890 670 minime

349 715 658 780 creditoris,
677 714 803 784 quia
822 726 949 783 cum
962 725 1025 765 ea
1044 727 1150 766 non
1177 709 1459 785 recipiunt,
1482 707 1739 777 incipiunt
1760 705 1888 759 irri-

349 806 496 859 dere.

419 892 581 945 Vsus.
604 891 658 945 5.
682 889 835 943 --Et
859 886 1095 960 angelus,
1112 903 1260 957 quem
1274 885 1378 940 vidi
1398 888 1539 939 stare
1554 898 1718 954 supra
1744 899 1889 936 mare

348 992 398 1034 et
422 995 579 1049 supra
624 990 846 1043 terram,
896 979 1080 1033 levavit
1115 992 1331 1050 Amanum
1376 991 1525 1028 suam
1567 974 1638 1027 ad
1664 973 1844 1026 ccelum
1868 1012 1884 1037 ,

349 1071 533 1140 (Vsus.
558 1068 635 1139 6.)
664 1077 712 1122 et
731 1066 928 1137 juravit
961 1082 1053 1135 per
1094 1067 1335 1119 uiuentem
1362 1064 1418 1117 in
1444 1061 1639 1117 'scecula
1664 1060 1885 1115 sarculo-

349 1175 486 1211 rum.
516 1157 646 1211 Cum
674 1156 928 1209 Dominus
946 1153 1133 1222 iurare
1155 1154 1433 1222 prohibeat
1450 1192 1465 1217 ,
1494 1153 1620 1220 quid
1650 1153 1751 1205 sibi
1774 1152 1887 1205 vult

347 1244 489 1313 quod
520 1242 825 1312 ipsejurat‘l
859 1242 961 1297 nisi
984 1228 1121 1312 quia
1158 1242 1400 1296 homines
1423 1256 1562 1310 stepe
1581 1241 1886 1309 iuramento

349 1331 624 1393 falluntur,
671 1330 782 1398 ipse
804 1344 931 1384 vero
978 1329 1079 1398 qui
1097 1329 1295 1384 veritas
1342 1342 1612 1397 nunquam
1661 1327 1880 1381 fallitur.

350 1420 549 1472 Levare
570 1419 733 1487 igitur
752 1419 818 1471 ad
836 1418 1029 1472 ctelnm
1049 1417 1234 1485 angelo
1250 1431 1489 1481 manum,
1511 1416 1611 1472 fuit
1624 1416 1889 1485 Redemp-

348 1517 517 1562 torem
549 1515 787 1562 nostrum
812 1523 907 1562 sua
929 1507 1124 1562 virtute
1147 1507 1216 1563 ad
1239 1504 1418 1562 sedem
1432 1513 1709 1576 paternam
1734 1521 1885 1561 suam

349 1596 732 1650 humanitatem
758 1596 1003 1650 evehere.
1029 1594 1218 1655 Jurare
1256 1608 1386 1649 vero
1409 1609 1507 1664 per
1533 1595 1801 1648 viventem
1830 1595 1886 1649 in

346 1682 536 1737 secula
557 1683 889 1748 seculorum,
914 1697 973 1737 se
993 1683 1164 1752 ipsum
1182 1682 1323 1752 quod
1334 1690 1418 1737 est
1435 1682 1608 1737 Patris
1625 1681 1882 1747 Verbum,

1990 536 2135 581 recte
2161 526 2402 580 subditur
2428 541 2444 579 :
2472 526 2654 596 (Vsus.
2687 525 2742 595 9)
2773 525 2839 577 Et
2865 526 2969 579 abii
2988 526 3057 578 ad
3076 524 3314 594 angelum
3356 524 3529 579 dicens

1988 616 2037 667 ei
2069 628 2123 668 ιη
2160 615 2309 668 daret
2335 615 2461 668 mihi
2484 612 2733 667 libellum.
2754 614 2822 667 Et
2839 616 2965 684 quia
2987 615 3035 669 is
3057 616 3147 683 qui
3175 614 3243 668 ad
3268 614 3530 685 promissa

1987 704 2207 768 invitat,
2253 702 2517 773 neminem
2565 700 2699 754 fallit
2720 741 2736 765 ,
2776 710 2897 769 apte
2929 700 3254 758 subinfertur
3281 718 3297 768 ;
3326 710 3377 756 et
3401 698 3533 756 dicit

1986 787 2112 847 mihi
2136 807 2154 845 :
2176 792 2359 860 Accipe
2382 790 2635 854 libellum,
2652 799 2699 843 et
2719 791 2903 843 dei-ora
2927 806 3062 842 eum.
3082 790 3340 846 Libellum
3365 791 3525 846 devo-

1988 890 2243 946 rare,‘est
2264 881 2661 948 Scripturarum
2681 880 3079 948 intelligentiam
3113 880 3165 933 in
3187 882 3407 942 secretis
3444 897 3531 937 re-

1985 952 2231 1024 cendere.
2279 968 2565 1022 Sciendum
2602 983 2789 1036 nempe
2816 969 2940 1037 quia
2985 983 3139 1021 sacra
3171 968 3444 1038 Scriptura
3471 968 3526 1023 in

1985 1058 2228 1112 obscuris
2253 1056 2387 1111 locis
2434 1048 2586 1111 cibus
2620 1057 2772 1111 nobis
2816 1064 2921 1121 est,
2948 1072 3068 1125 qua:
3089 1057 3193 1112 nisi
3217 1057 3526 1127 exponendo

1986 1146 2327 1210 mandantur,
2354 1144 2598 1213 deglutiri
2635 1159 2742 1197 non
2776 1153 3027 1213 possunt;
3077 1144 3129 1198 in
3157 1146 3355 1213 apertis
3397 1160 3526 1200 vero

1983 1242 2158 1304 potus,
2188 1248 2308 1303 quae
2334 1248 2437 1286 nou
2479 1228 2719 1301 exposita
2750 1232 2902 1285 facile
2925 1241 2983 1287 ut
3019 1232 3359 1286 inveniuntur
3386 1231 3525 1287 bibi-

1984 1340 2121 1379 mus.
2170 1324 2320 1383 Unde
2346 1324 2591 1392 quamvis
2617 1322 2786 1376 sancti
2811 1322 3189 1390 praedicatores
3234 1323 3286 1376 in
3309 1321 3527 1378 Joannis

1982 1426 2206 1481 persona
2233 1411 2345 1480 jam
2381 1410 2613 1463 revelata
2659 1407 3056 1476 Scripturarum
3084 1419 3416 1467 sacramenta
3458 1412 3527 1467 de

1983 1499 2204 1553 Domino
2239 1496 2612 1565 intelligerent,
2635 1503 2811 1549 tamen
2847 1495 2969 1562 quia
2994 1495 3168 1549 adhuc
3206 1496 3434 1564 qualiter
3456 1498 3525 1552 ad

1982 1602 2101 1641 eum
2116 1587 2463 1656 pertinerent,
2489 1584 2818 1653 expositione
2836 1582 3160 1653 indigebant,
3189 1599 3522 1655 nequaquam

1983 1675 2051 1729 de
2072 1682 2257 1743 aperto
2285 1672 2461 1727 liber
2480 1673 2703 1729 dicitur;
2735 1673 2919 1744 Accipe
2936 1673 3143 1737 librum,
3181 1682 3235 1728 et
3260 1675 3400 1740 bibe,
3429 1677 3523 1733 sed

345 1780 643 1836 etcarnem,
666 1786 783 1840 qua:
804 1779 971 1824 totum
987 1770 1275 1835 hominem,
1299 1770 1391 1839 qui
1410 1779 1617 1826 constat
1634 1785 1700 1824 ex
1718 1786 1879 1827 came
1908 1753 1954 1813 Β
1976 1762 2183 1817 devora.
2204 1761 2284 1817 Ac
2305 1764 2351 1817 si
2370 1762 2663 1816 diceretur:
2694 1763 2846 1831 quasi
2870 1762 3125 1818 mandens
3156 1772 3445 1831 pertracta,
3469 1776 3525 1821 et

345 1870 399 1913 et
424 1861 601 1912 anima
622 1860 966 1923 demonstrat,
988 1874 1147 1932 unam
1160 1872 1439 1927 personam
1456 1858 1549 1912 Dei
1576 1866 1632 1913 et
1653 1859 1883 1913 hominis

347 1947 512 1999 Deum
536 1960 718 1999 verum
744 1945 1053 2009 ostendere;
1081 1944 1163 1998 vel
1193 1952 1339 1999 certe
1354 1958 1451 2014 per
1470 1944 1685 1999 Patrem
1714 1944 1880 2012 jurat,

346 2033 469 2101 quia
511 2033 687 2087 omnia
730 2033 804 2086 illi
848 2033 1050 2087 tribuit.
1101 2033 1156 2087 In
1198 2047 1263 2087 eo
1288 2034 1429 2102 quod
1479 2034 1725 2089 subditur
1752 2052 1769 2087 :
1795 2035 1883 2104 qui

343 2124 532 2177 crearit
557 2122 736 2176 ciuium
757 2132 804 2177 et
825 2140 885 2177 ea
908 2139 1023 2191 quw
1042 2123 1095 2175 iu
1115 2121 1205 2175 illo
1229 2132 1372 2186 sunt,
1400 2131 1589 2179 terram
1615 2133 1665 2176 et
1686 2139 1749 2177 ea
1766 2139 1883 2192 qua

344 2210 400 2265 in
417 2228 479 2266 es
507 2223 646 2280 sunt,
665 2224 712 2267 et
738 2230 880 2267 mare
898 2223 945 2266 et
965 2230 1024 2267 ea
1043 2229 1159 2282 quin
1182 2213 1237 2266 in
1262 2229 1321 2266 eo
1341 2221 1497 2278 sunt;
1513 2212 1882 2268 hmreticorum

344 2315 579 2353 errorem
624 2300 846 2355 destruit
865 2339 880 2363 ,
932 2301 1022 2369 qui
1072 2301 1310 2368 quaedam
1337 2316 1368 2353 a
1392 2302 1552 2365 bono,
1581 2302 1820 2369 quaedam
1848 2317 1880 2353 a

345 2390 581 2459 principe
610 2392 942 2445 tenebrarum
993 2389 1136 2443 facta
1187 2404 1293 2443 non
1343 2397 1593 2444 verentur
1618 2404 1875 2443 asserere.

346 2479 483 2544 Quid
505 2487 679 2534 autem
708 2480 984 2548 juraverit,
1012 2480 1285 2533 audiamus
1315 2497 1328 2533 :
1362 2478 1498 2543 Quia
1540 2488 1736 2549 tempus
1762 2480 1881 2548 jam

347 2582 448 2618 non
471 2566 600 2630 erit;
627 2566 806 2634 (Vsus.
831 2567 883 2636 7)
911 2567 1001 2619 sed
1033 2568 1085 2620 in
1110 2567 1284 2619 diebus
1309 2568 1510 2636 septimi
1546 2568 1736 2636 angeli,
1764 2584 1879 2621 cum

344 2652 545 2719 caper-it
590 2653 709 2705 tuba
736 2669 937 2717 canere,
978 2654 1413 2707 consummabitur
1434 2656 1729 2722 mysterium
1760 2654 1877 2718 Dei,

346 2742 473 2793 sicut
498 2741 859 2810 evangelisavit
895 2758 987 2811 per
1010 2758 1177 2795 seruos
1220 2759 1342 2796 suos
1376 2742 1668 2811 prophetas.
1698 2741 1877 2809 Septi-

345 2844 464 2880 mus
491 2828 706 2894 angelus
728 2843 791 2881 ac
829 2829 1052 2897 septima
1074 2828 1199 2881 tuba
1229 2828 1348 2882 ﬁnis
1373 2837 1459 2882 est
1504 2828 1879 2893 ecclesiastica:

346 2917 764 2985 praedicationis;
820 2916 871 2969 iu
922 2918 1073 2985 cujus
1119 2918 1570 2972 consummatione
1612 2918 1879 2973 secundus

344 3005 553 3058 Domini
588 3012 830 3072 speratur
864 3007 1135 3059 adventus.
1167 3006 1272 3061 Sed
1296 3008 1341 3060 si
1385 3014 1592 3074 tempus
1609 3005 1725 3073 jam
1770 3023 1875 3062 non

342 3094 466 3157 erit,
489 3106 607 3146 cum
629 3100 808 3146 sancta
826 3094 1127 3163 praedicatio
1140 3092 1296 3147 ﬁnem
1316 3096 1599 3163 acmperit,
1612 3096 1875 3163 quomodo

344 3180 622 3234 Psalmista
670 3182 795 3235 dicit
834 3200 847 3234 :
896 3181 1011 3235 Erit
1063 3190 1259 3252 tempus
1304 3199 1481 3236 eorum
1528 3184 1583 3237 in
1618 3176 1881 3239 aeternum

344 3267 516 3339 (Psal.
547 3286 707 3333 ωλι,
745 3270 866 3340 l6)?
916 3270 1199 3326 Sciendum
1221 3286 1347 3342 ergo
1376 3273 1500 3341 quia
1534 3272 1714 3341 justis,
1741 3289 1875 3343 quos

344 3359 612 3411 mternitas
637 3358 1045 3412 immortalitatis
1068 3360 1375 3428 susceperit,
1396 3375 1728 3429 nequaquam
1748 3370 1877 3417 tem-

344 3463 445 3515 pus
470 3447 743 3501 varietatis
766 3448 1028 3512 succedit;
1063 3456 1118 3502 et
1141 3448 1369 3517 injustis,
1390 3465 1524 3517 quos
1540 3460 1768 3505 aeternus
1785 3452 1875 3505 de-

342 3536 513 3589 tectus
537 3546 789 3600 assumet,
831 3538 982 3603 quasi
1010 3547 1247 3606 tempora
1289 3540 1653 3593 mutabilitatis
1680 3555 1869 3592 occur-

343 3632 464 3676 rent
501 3642 512 3675 :
540 3625 660 3691 quia
694 3625 1065 3692 enimtempus
1103 3638 1198 3693 per
1222 3635 1485 3677 momenta
1510 3624 1707 3689 deﬁcit,
1742 3641 1869 3679 con-

341 3726 472 3779 grue
521 3710 730 3765 nomine
759 3712 1009 3779 temporis
1052 3711 1308 3765 malorum
1356 3710 1589 3765 delectus
1629 3723 1868 3767 vocatur.

343 3800 494 3867 Quod
513 3815 638 3868 ergo
658 3799 889 3865 dejustis
908 3801 1158 3853 Dominus
1184 3794 1425 3870 denegat,
1458 3804 1556 3856 hoc
1575 3802 1640 3856 de
1666 3802 1872 3870 injustis

340 3889 619 3943 Fsalmista
646 3888 939 3942 conﬁrmat.
984 3889 1217 3957 Denique
1241 3892 1378 3958 quod
1402 3892 1528 3946 dicit
1567 3908 1870 3948 sacramen-

343 3987 457 4032 tum
502 3979 595 4031 Dei
622 3980 1009 4044 cousummari,
1053 3995 1210 4033 noua
1244 3983 1660 4049 consumptione,
1706 3983 1798 4037 sed
1837 4000 1869 4037 a

339 4069 659 4138 perfectione
691 4069 885 4122 dictum
908 4077 1010 4123 est.
1056 4068 1204 4135 Quod
1246 4084 1341 4138 per
1371 4072 1652 4139 prophetas
1680 4072 1871 4143 praedi-

338 4167 486 4212 ctum
532 4158 688 4222 dicit,
739 4158 862 4227 quia
912 4173 1044 4227 pene
1088 4158 1259 4212 omnis
1316 4174 1498 4213 eorqu
1548 4158 1764 4213 intentio
1796 4158 1871 4227 ff-

338 4234 514 4316 primo
528 4256 582 4299 et
604 4221 832 4301 secundo
851 4221 1058 4301 Domini
1082 4248 1307 4302 adventu
1333 4264 1397 4303 ac
1415 4221 1869 4303 consummatio!“

338 4335 519 4395 saeculi
554 4336 670 4387 fuit.

411 4424 570 4477 Vens.
599 4425 651 4479 8.
681 4454 751 4463 —
778 4424 844 4477 Et
868 4438 1049 4477 vocem
1076 4438 1232 4492 quam
1255 4423 1430 4477 audivi
1450 4426 1633 4478 iterum
1661 4426 1870 4494 loquen-

335 4524 440 4565 tem
467 4527 662 4565 mecum
718 4521 765 4564 et
804 4512 1050 4565 dicentem
1098 4529 1110 4563 :
1150 4510 1311 4573 Vade,
1353 4512 1523 4581 accipe
1558 4512 1780 4565 libellum
1807 4515 1871 4568 de

335 4614 497 4651 manu
520 4598 688 4666 angeli
708 4599 890 4651 stantis
919 4594 1077 4667 supra
1095 4614 1236 4652 mare
1262 4607 1309 4651 et
1338 4613 1497 4667 supra
1520 4610 1727 4653 terram.
1758 4602 1867 4656 Vox

337 4686 453 4751 illa,
482 4702 599 4754 quae
622 4688 863 4756 superius
884 4676 1098 4759 propter
1121 4706 1224 4744 non
1252 4690 1547 4745 credituros
1571 4691 1651 4744 vel
1678 4707 1869 4760 parm-

335 4778 442 4842 los,
473 4792 628 4831 voces
670 4779 1020 4841 tonitruorum
1047 4767 1289 4835 claudere
1326 4780 1561 4847 jusserat
1582 4822 1596 4845 ,
1632 4798 1772 4836 nunc
1800 4783 1866 4836 ad

334 4878 579 4937 apertum
608 4866 802 4920 librum
829 4874 1066 4920 sanctam
1090 4868 1366 4921 ecclesiam
1402 4869 1454 4921 iu
1482 4870 1592 4921 suis
1616 4870 1867 4937 przedica-

338 4960 542 5012 toribus
567 4958 770 5012 invitat.
802 4957 914 5009 Vox
932 4964 1107 5008 autem
1135 4957 1234 5008 ista
1260 4956 1510 5024 Spiritalis
1535 4957 1866 5025 intelligitur,

332 5064 444 5119 qua
491 5051 625 5103 Deus
650 5049 809 5104 corda
839 5048 1238 5117 praedicatorum
1287 5047 1501 5099 inStruit
1520 5085 1535 5109 ,
1572 5055 1630 5099 ut
1657 5046 1789 5114 legis
1815 5056 1868 5099 et

334 5140 710 5213 prophetarum
764 5134 1147 5192 manifeStatam
1207 5135 1500 5204 intelligant
1543 5136 1820 5189 veritatem
1848 5176 1863 5199 ,

333 5242 458 5296 qum
479 5227 693 5281 omnino
718 5226 967 5292 perituris
988 5226 1067 5279 vel
1101 5225 1154 5277 in
1193 5231 1391 5290 septem
1436 5223 1681 5276 tonitruis
1707 5223 1787 5276 vel
1812 5223 1865 5274 in

334 5323 541 5384 septem
562 5314 749 5383 sigillis
772 5312 1051 5366 clauditur.
1077 5313 1300 5366 Gressus
1327 5326 1451 5364 vero
1476 5312 1667 5377 quibus
1688 5319 1866 5365 sancta

334 5407 575 5463 Ecclesia
604 5408 668 5461 ad
688 5406 926 5476 angelum
951 5408 1142 5475 pergit,
1168 5423 1271 5461 non
1293 5407 1590 5474 corporales
1611 5417 1753 5469 sunt,
1777 5406 1869 5460 sed

332 5494 624 5565 spiritales,
648 5495 839 5548 mentis
856 5495 1055 5550 scilicet
1075 5495 1389 5549 desiderium
1412 5511 1515 5564 quo
1538 5496 1643 5548 Deo
1660 5498 1871 5563 propiu-

336 5600 505 5657 quarc
528 5586 749 5639 videtur.
782 5586 946 5652 Igitur
970 5586 1089 5654 quia
1112 5584 1346 5652 iubentis
1390 5600 1570 5639 vocem
1597 5586 1869 5654 paratissi~

1978 1849 2234 1919 intellige,
2260 1848 2451 1902 deinde
2475 1848 2692 1917 degluti.

2045 1934 2114 1990 Et
2135 1936 2292 2015 faciet
2327 1935 2605 1988 amaricari
2642 1944 2864 1988 uentrem
2902 1945 3082 1999 tuum;
3108 1938 3197 1990 sed
3220 1939 3274 1991 in
3316 1956 3405 1994 ore
3431 1952 3520 1996 tuo

1977 2025 2074 2079 erit
2101 2022 2266 2077 dulcis
2302 2031 2549 2093 tanquam
2582 2021 2703 2081 mel.
2741 2023 2884 2079 Ordo
2919 2033 3272 2095 praeposterus
3300 2037 3402 2094 est,
3431 2032 3521 2099 qui

1979 2123 2155 2168 tamen
2186 2114 2343 2184 paulo
2367 2113 2587 2168 inferius
2611 2123 2756 2168 recte
2780 2115 3062 2169 invenitur.
3094 2116 3225 2171 Nam
3246 2121 3518 2187 sequitur:

1979 2204 2163 2274 (Vsus.
2190 2203 2277 2274 10)
2307 2197 2378 2257 Et
2415 2205 2588 2272 accepi
2615 2203 2847 2257 libellum
2873 2204 2936 2257 de
2954 2221 3112 2258 manu
3138 2206 3327 2276 angeli,
3352 2217 3401 2260 et
3434 2209 3522 2260 de-

1977 2296 2151 2348 voravi
2176 2309 2319 2357 eum,
2355 2302 2405 2347 et
2440 2302 2552 2348 erat
2587 2294 2642 2347 in
2669 2309 2757 2347 ore
2783 2290 2895 2346 meo
2922 2301 3166 2363 tanquam
3193 2294 3292 2348 mel
3314 2295 3517 2361 dulcis;

1977 2392 2024 2434 et
2051 2398 2168 2433 cum
2194 2382 2514 2434 deuorassem
2544 2398 2677 2444 eum,
2708 2382 3024 2435 ammiratus
3049 2390 3124 2435 est
3149 2392 3323 2437 center
3354 2400 3516 2438 meus.

1980 2468 2141 2523 [lecte
2166 2483 2262 2538 per
2296 2483 2377 2532 os,
2415 2481 2483 2520 ex
2522 2483 2628 2535 quo
2654 2469 2958 2535 praedicatio
2990 2478 3219 2534 emanat,
3256 2470 3311 2524 hi
3347 2473 3520 2542 expri-

1979 2564 2213 2621 muntur,
2252 2557 2343 2626 qui
2371 2556 2426 2609 in
2463 2555 2579 2624 lege
2617 2554 2709 2609 Dei
2757 2552 2843 2607 die
2880 2569 2944 2607 ac
2979 2564 3134 2610 nocte
3169 2558 3516 2613 meditantur:

1976 2648 2173 2716 quique
2201 2662 2324 2700 cum
2353 2646 2633 2700 Psalmista
2657 2646 2871 2700 dicunt:
2901 2644 3069 2710 Quam
3090 2646 3262 2703 dulcia
3284 2650 3520 2718 faucibus

1975 2734 2102 2786 meis
2118 2732 2320 2803 eloquia
2334 2741 2425 2786 tua
2446 2730 2613 2804 (Psal.
2638 2749 2822 2798 cxvm,
2846 2727 2935 2804 82)
2954 2736 2967 2787 ι
2989 2733 3092 2810 Per
3110 2745 3349 2792 ventrem
3367 2754 3515 2807 vero,
3608 2788 3614 2793 .

1976 2823 2041 2876 de
2066 2836 2172 2891 quo
2212 2829 2449 2876 stercora
2486 2831 2709 2888 exeunt,
2750 2824 2992 2879 carnales
3025 2810 3251 2881 terrenis
3286 2830 3522 2900 volupta-

1978 2913 2119 2966 tibus
2152 2912 2335 2976 dediti,
2373 2912 2438 2967 de
2480 2902 2671 2981 quibus
2714 2912 2864 2965 electi
2910 2913 3093 2967 dicunt
3126 2934 3141 2966 :
3188 2917 3416 2972 Adluesit
3463 2922 3516 2974 in

1977 3010 2115 3054 terra
2143 3010 2315 3054 venter
2336 3010 2507 3079 noster
2534 3000 2704 3071 (Psal.
2732 3016 2887 3066 XLIII,
2931 3002 3040 3073 25).
3084 3004 3352 3073 Tanquam
3389 3024 3517 3079 ergo

1900 3057 1948 3117 ϐ
1974 3103 2073 3156 per
2096 3102 2159 3141 os
2181 3089 2234 3140 in
2260 3076 2497 3141 ventrem
2518 3057 2668 3142 cibus
2685 3057 2973 3153 descendit,
3000 3057 3124 3143 cum
3152 3057 3247 3159 pei-
3268 3057 3517 3149 Ecclesia:

1972 3175 2347 3246 praedicatores
2360 3176 2751 3247 Scripturarum
2762 3182 2945 3236 notitia
2964 3185 3030 3237 ad
3049 3198 3142 3239 eos
3155 3186 3313 3240 etiam
3331 3202 3519 3255 perve-

1974 3268 2068 3331 nit,
2085 3267 2176 3336 qui
2199 3267 2484 3323 carnaliter
2503 3269 2705 3329 vivunt.
2719 3269 2869 3325 Unde
2886 3270 3023 3325 liber
3048 3272 3101 3326 in
3128 3287 3221 3329 ore
3253 3275 3516 3343 dulcis,‘in

1971 3367 2158 3412 ventre
2203 3360 2506 3412 amareseit.
2550 3359 2688 3424 Quid
2734 3362 2875 3416 enim
2925 3362 3029 3416 illis
3066 3366 3300 3420 amarius
3351 3383 3512 3435 quam

1974 3446 2115 3514 quod
2136 3446 2391 3500 Dominus
2407 3447 2577 3515 jubet,
2600 3446 2723 3499 Non
2747 3449 3067 3523 concupisces
3095 3467 3303 3505 uxorem
3329 3457 3508 3523 proxi-

1969 3536 2042 3588 mi
2086 3537 2163 3588 tui
2210 3535 2441 3606 (Deuter.
2486 3552 2540 3600 v,
2589 3535 2703 3607 21),
2732 3534 2786 3590 et
2826 3538 3000 3590 omnia
3036 3555 3153 3607 qum
3183 3540 3321 3597 illius
3353 3548 3510 3598 sunt?

1968 3623 2158 3689 Aliter,
2187 3625 2242 3678 in
2277 3640 2370 3678 ore
2394 3625 2530 3679 liber
2564 3625 2734 3679 dulcis
2775 3635 2875 3693 est,
2902 3642 3021 3681 cum
3048 3628 3342 3697 legentibus
3372 3636 3423 3687 iu
3450 3652 3514 3690 co

1970 3715 2159 3783 gaudia
2208 3722 2404 3770 mterna
2462 3708 2875 3784 promittuntur,
2925 3726 2987 3771 ut
3026 3718 3191 3772 illud:
3223 3720 3511 3791 Fulgcbunt

1961 3801 2095 3868 justi
2122 3804 2253 3854 sicut
2291 3803 2369 3855 sol
2397 3803 2609 3870 (Matth.
2655 3819 2775 3868 xm,
2823 3804 2935 3877 45).
2982 3806 3040 3859 ιιι
3085 3816 3288 3873 ventre,
3331 3813 3383 3865 id
3431 3824 3513 3869 est

1968 3887 2161 3940 mentis
2198 3896 2428 3952 secreto,
2457 3903 2689 3953 amarus,
2734 3905 2853 3942 cum
2896 3898 3104 3944 austera
3151 3905 3413 3964 praecepta
3457 3901 3509 3952 in

1967 3976 2058 4032 illo
2082 3985 2444 4045 opponantur;
2472 3986 2531 4031 ut
2558 3977 2683 4032 illud
2706 3997 2720 4031 :
2753 3979 2872 4033 Nisi
2908 3980 3206 4050 efﬁciamini
3232 3985 3362 4038 sicut
3387 4002 3511 4054 par-

1966 4064 2120 4118 vulus
2152 4065 2272 4130 iste,
2316 4082 2417 4119 non
2444 4068 2700 4122 intrabitis
2724 4069 2778 4122 in
2800 4085 3008 4139 regnum
3028 4071 3270 4126 caelorum
3294 4056 3515 4144 (Matth.

1966 4169 2155 4218 xxvm,
2177 4155 2253 4225 3).
2284 4155 2464 4224 (Vsus.
2492 4155 2598 4225 Η.)
2622 4156 2688 4208 Et
2706 4156 2836 4210 dicit
2853 4158 3234 4229 mihi:0pertet
3250 4172 3299 4217 te
3323 4165 3506 4219 iterum

1966 4244 2266 4312 prapltetare
2287 4244 2511 4313 populis,
2554 4252 2603 4294 et
2629 4245 2881 4312 gentibus,
2909 4256 2957 4297 et
2984 4249 3204 4315 regibus,
3239 4262 3287 4303 et
3319 4252 3510 4322 linguis
3524 4296 3527 4297 ν

1891 4364 1945 4431 D
1971 4330 2163 4383 multis:
2204 4330 2315 4383 Hoc
2338 4330 2636 4399 specialiter
2656 4330 2865 4397 Joanni,
2898 4341 2954 4386 et
2979 4336 3295 4402 generaliter
3318 4340 3508 4407 praedi-

1970 4420 2239 4473 catoribus
2260 4420 2469 4483 dicitur,
2494 4420 2585 4488 qui
2620 4421 2818 4477 idcirco
2861 4422 3051 4477 iterum
3076 4426 3415 4493 prophetare,
3453 4430 3506 4483 id

1970 4516 2052 4561 est
2101 4510 2409 4578 praedicare,
2450 4511 2722 4579 iubentur,
2753 4521 2813 4566 ut
2862 4515 3001 4583 quod
3059 4517 3348 4585 pradicant
3387 4533 3503 4585 ore,

1968 4601 2123 4656 factis
2148 4602 2338 4656 iterato
2361 4603 2605 4658 clament.

2561 4678 2780 4749 CAPUT
2826 4696 2915 4749 ιιι.

2039 4784 2196 4836 Vens.
2250 4785 2294 4836 l.
2344 4812 2413 4823 -——
2455 4782 2523 4835 Et
2566 4783 2718 4836 datus
2765 4792 2839 4837 est
2884 4787 3007 4840 mihi
3050 4790 3279 4841 calamus
3322 4788 3504 4840 similis
3564 4798 3581 4810 '

1971 4874 2125 4942 virga:
2154 4875 2371 4927 dicens:
2406 4872 2568 4939 Surge
2609 4881 2656 4925 et
2688 4875 2866 4928 metire
2908 4878 3146 4948 templum
3193 4878 3310 4942 Dei,
3349 4887 3396 4930 et
3422 4878 3503 4930 al-

1971 4970 2102 5026 tare,
2130 4975 2176 5015 et
2199 4965 2468 5017 adorantes
2492 4963 2544 5014 in
2578 4979 2657 5015 eo.
2694 4964 2803 5023 Hoc
2826 4968 3143 5035 generaliter
3163 4968 3225 5020 in
3254 4969 3506 5036 praedica-

1971 5057 2145 5102 torum
2192 5051 2422 5119 loquitur
2453 5064 2697 5117 persona.
2738 5051 2841 5106 Per
2867 5055 3147 5118 calamum,
3184 5056 3271 5123 qui
3318 5052 3507 5109 Latine

1972 5138 2175 5191 arundo
2202 5138 2412 5201 dicitur,
2443 5138 2641 5206 tropice
2689 5140 2863 5195 divina
2905 5142 3223 5210 praedicatio,
3261 5157 3379 5209 qua:
3408 5155 3508 5212 per

1971 5241 2090 5279 eum
2130 5226 2394 5287 scribitur,
2416 5226 2720 5296 designatur
2744 5249 2757 5282 :
2788 5232 2971 5284 similis
3010 5239 3183 5285 autem
3205 5231 3358 5299 virga:
3377 5231 3507 5284 diei-

1972 5321 2079 5378 tur,
2109 5316 2228 5382 quia
2254 5321 2434 5368 saucta
2459 5318 2762 5391 praedicatio
2787 5336 2889 5373 non
2918 5329 2998 5374 est
3022 5317 3280 5380 ﬂexibilis,
3311 5318 3401 5371 sed
3424 5334 3508 5372 re-

1971 5412 2074 5454 cta.
2106 5402 2377 5470 Templum
2404 5403 2497 5457 Dei
2538 5405 2719 5460 ﬁdeles
2755 5415 2896 5469 sunt,
2927 5408 3116 5475 quibus
3136 5404 3327 5457 dicitur
3355 5418 3373 5465 ;
3410 5403 3509 5460 Vos

1972 5492 2089 5541 cstis
2117 5491 2355 5557 templum
2405 5490 2497 5543 Dei
2547 5495 2644 5545 vivi
2688 5494 2768 5563 (Il
2815 5494 2933 5547 Cor.
2984 5512 3055 5556 Vl,
3106 5494 3208 5563 l6).
3239 5494 3419 5549 Altare
3457 5496 3509 5549 in

1976 5580 2164 5648 templo
2208 5588 2286 5631 cst
2326 5580 2431 5634 vita
2463 5582 2823 5652 religiosorum
2865 5584 2917 5635 in
2972 5582 3120 5649 plebe
3162 5584 3420 5650 ﬁdelium,
3457 5584 3510 5637 in
