4154 6246
373 400 509 453 H49

1124 344 1527 451 EXEGingCA.
1568 426 1635 436 —-
1667 394 2012 451 COMMENT.
2054 391 2119 444 ΙΝ
2157 390 2438 446 APOCAL.
2479 412 2547 433 -'-
2582 392 2708 447 LIB.
2747 394 2809 446 Υ.

3424 394 3559 445 1150

366 518 414 559 et
438 505 687 558 Dominus
705 518 880 556 eorum
901 503 1177 570 cruciﬁxus
1197 512 1291 556 est.
1311 504 1411 556 Per
1432 503 1532 557 huc
1550 502 1689 571 quod
1708 510 1919 555 sancto-
1943 507 1987 558 A
2017 498 2230 551 testium
2274 513 2495 566 corpora
2523 507 2769 553 constare
2794 499 3167 566 pmmisimus,
3211 499 3278 553 ad
3309 500 3409 554 hoc
3431 514 3559 553 cou-

370 614 489 651 rum
512 597 746 651 Ecclesia
768 598 821 657 in
842 595 1014 664 platea
1033 595 1264 648 civitatis
1288 608 1492 661 magna:
1515 602 1721 647 mortua
1741 592 1921 659 jacere

368 687 711 749 describitur,
723 685 1062 739 vehementer
1080 682 1269 738 afﬂicta
1287 691 1342 736 et
1359 682 1453 736 Dei
1464 673 1663 752 judicio
1676 680 1922 750 spiritali-

370 784 456 829 ter
480 774 717 828 hostibus
742 773 852 827 suis
876 772 1144 828 substrata
1172 780 1516 825 monstratur.
1547 770 1614 824 Et
1634 777 1758 823 nota
1782 769 1921 837 quod

372 878 477 915 non
516 861 727 915 illorum
761 861 929 914 solum
966 873 1211 928 corpora,
1260 858 1352 926 qui
1398 857 1543 911 ferro
1586 856 1922 918 occiduntur,

372 950 466 1006 sed
493 961 549 1004 et
587 948 816 1016 illorum,
845 951 935 1020 qui
963 951 1133 1005 adhuc
1161 950 1361 1011 vivunt,
1388 956 1629 1017 oporteat
1660 946 1880 1015 intelligi
1905 963 1920 1011 ;

371 1041 437 1093 de
465 1040 707 1109 qualibus
730 1038 1045 1109 Apostolus:
1073 1036 1267 1090 Mortui
1287 1038 1422 1091 enim
1454 1037 1591 1099 estis,
1621 1044 1674 1090 et
1701 1036 1921 1102 reliqua.

374 1130 439 1182 lit
486 1132 610 1199 quia
652 1130 981 1183 Hierusalem
1024 1127 1289 1183 crudelior
1332 1127 1434 1181 erit
1460 1127 1779 1196 persecutio,
1808 1124 1927 1178 ideo

371 1218 622 1273 dicuntur
653 1217 723 1271 ibi
763 1232 881 1271 esse
910 1224 1214 1269 sanctorum
1259 1215 1543 1282 martvria;
1584 1213 1675 1267 ubi
1697 1212 1930 1267 ostendi-

374 1315 461 1359 tur
486 1307 610 1375 quia
633 1304 799 1359 Judaei
819 1304 1184 1374 principaliter
1206 1304 1536 1358 Antichristo
1564 1304 1924 1363 adhaerebunt,

372 1408 649 1462 quousque
696 1394 809 1447 Elia
855 1401 908 1447 et
960 1385 1143 1447 Enoeb
1190 1392 1530 1463 prmdicante,
1555 1391 1644 1460 qui
1690 1390 1928 1445 salvandi

374 1480 573 1535 fuerint
607 1488 1004 1534 convertantur.
1036 1480 1323 1550 Egyptnm
1368 1488 1567 1545 autem,
1607 1486 1661 1533 et
1700 1476 1928 1532 Sodoma

352 1564 683 1637 spiritaliter
717 1570 903 1623 civitas
930 1568 1017 1622 illa
1046 1578 1267 1623 vocatur
1293 1577 1512 1637 propter
1545 1569 1780 1637 ipsorum
1814 1568 1932 1621 imi-

374 1659 657 1712 tationem.
682 1657 749 1712 Et
770 1659 895 1727 quia
924 1658 1011 1712 illa
1040 1659 1339 1727 persecutio
1368 1659 1422 1712 in
1451 1666 1563 1733 toto
1588 1658 1783 1712 mundo
1805 1658 1930 1721 erit;

378 1752 521 1797 totus
551 1745 697 1797 orbis
723 1753 906 1798 contra
935 1744 1226 1799 Ecclesiam
1255 1746 1477 1799 saeviens
1503 1759 1598 1814 per
1634 1745 1769 1799 hanc
1802 1743 1919 1797 civi-

2020 582 2335 638 ﬁrmandum
2387 584 2607 638 Paulum
2650 586 2896 639 idoneum
2941 595 3133 640 testem
3182 587 3565 641 introducimus

2022 668 2283 724 dicentem
2319 687 2333 724 :
2364 670 2476 725 Nos
2505 674 2591 741 qui
2633 673 2866 738 vivimus,
2904 675 2993 743 qui
3019 674 3369 744 relinquimur,
3408 675 3564 728 simul

2024 760 2283 829 rapiemur
2304 776 2419 813 cum
2447 760 2551 815 illis
2574 763 2631 815 in
2648 762 2864 827 nubibus
2882 763 3079 815 obviam
3107 761 3310 816 Christo
3338 764 3390 817 in
3416 779 3561 828 aera,

2022 857 2072 900 et
2105 849 2180 901 sic
2204 864 2405 918 semper
2443 865 2559 901 cum
2603 848 2821 902 Domino
2860 851 3050 903 erimus
3075 850 3234 920 (Ibid.
3274 866 3329 915 ν,
3368 851 3472 921 l6).
3506 851 3563 905 Si

2022 947 2173 1002 ergo,
2198 941 2258 987 ut
2287 931 2569 1002 Apostolus
2593 934 2743 999 dzcit,
2769 936 2872 988 vivi
2908 937 2999 1005 qui
3025 937 3357 991 invenientur
3384 938 3435 991 in
3469 953 3569 992 nu-

2024 1020 2180 1073 bibus
2206 1021 2415 1074 ohviam
2444 1020 2657 1075 Christo
2689 1023 2743 1075 in
2778 1036 2899 1076 aera
2947 1024 3234 1090 rapientur,
3259 1038 3386 1093 ergo
3424 1038 3571 1078 men-

2026 1107 2127 1160 dax
2152 1116 2233 1160 est
2256 1106 2535 1160 Psalmista
2571 1110 2786 1162 dicens:
2828 1107 2957 1173 Quis
2994 1119 3068 1162 est
3102 1111 3255 1162 homo
3293 1112 3381 1180 qui
3419 1111 3566 1176 vivit,

2027 1205 2073 1247 et
2100 1210 2201 1246 non
2233 1195 2416 1247 ridebit
2446 1206 2659 1248 mortem
2695 1196 2863 1265 (Psal.
2889 1214 3155 1264 ιιιιιινιιι,
3187 1198 3310 1267 d9)?
3336 1199 3404 1252 Et
3436 1199 3571 1252 liber

2029 1281 2249 1336 Genesis
2300 1299 2313 1334 :
2366 1282 2555 1347 Terra,
2593 1284 2852 1352 inquiens,
2889 1299 2967 1347 es,
3006 1292 3061 1338 et
3107 1286 3161 1338 in
3209 1293 3403 1339 terram
3435 1285 3570 1339 ibis?

2030 1370 2134 1423 Sed
2163 1370 2319 1424 absit.
2351 1369 2503 1434 Nam,
2553 1364 2613 1423 ut
2654 1370 2811 1425 Pater
2833 1372 3156 1442 Augustinus
3194 1373 3340 1437 dicit,
3366 1373 3422 1426 in
3460 1374 3574 1442 ipso

2029 1468 2184 1525 raptu
2218 1458 2455 1521 nubium
2515 1467 2937 1511 momentaneam
2994 1467 3219 1514 mortem
3270 1462 3570 1528 gustabunt.

2031 1544 2145 1599 Hoc
2188 1551 2271 1598 est
2302 1551 2478 1597 autem
2524 1558 2718 1612 corpus
2746 1544 2799 1597 in
2831 1553 3025 1598 terram
3066 1548 3281 1611 reverti,
3309 1551 3447 1614 quod
3482 1562 3577 1601 ex-

2029 1642 2189 1687 eunte
2232 1633 2407 1687 anima
2457 1646 2732 1687 remanere
2778 1648 2993 1702 corpus,
3039 1635 3181 1703 quod
3224 1635 3404 1703 utique
3433 1642 3573 1688 terra

2029 1729 2130 1776 est.
2161 1722 2333 1788 Quam
2356 1730 2534 1775 autem
2569 1720 2723 1774 velox
2759 1722 2827 1775 sit
2849 1728 3070 1790 utraque
3090 1722 3407 1786 immutatio,
3430 1722 3575 1792 Apo-

376 1839 540 1884 tatem
566 1839 740 1898 potest
768 1832 1008 1903 intelligi.
1030 1832 1163 1886 Nam
1198 1841 1252 1886 et
1282 1802 1537 1887 Dominus
1566 1840 1670 1887 non
1704 1833 1843 1887 intra
1868 1830 1933 1884 il-
1962 1830 1973 1889 1

2037 1811 2203 1866 stolus
2231 1810 2448 1875 indicat,
2475 1810 2567 1879 qui
2602 1810 2780 1864 omnia
2815 1811 2868 1863 in
2907 1812 3013 1864 ictu
3057 1802 3192 1864 oculi
3226 1810 3276 1882 (ι
3321 1810 3441 1865 Cor.
3490 1827 3576 1875 xv,

375 1916 485 1970 lam
525 1918 817 1983 civitatem,
859 1920 952 1972 sed
977 1928 1127 1974 extra
1156 1929 1339 1989 portas
1374 1918 1489 1987 ejus
1525 1934 1714 1988 passus
1747 1929 1849 1983 est,
1874 1926 1934 1971 ut

375 2004 432 2057 in
458 2012 569 2059 toto
604 2007 804 2061 mundo
840 2007 1147 2077 crucifixus,
1180 2017 1238 2064 et
1274 2017 1445 2064 totum
1486 2009 1739 2062 mundum
1775 2021 1935 2061 occu-

375 2107 533 2162 passe
550 2094 879 2150 crederetur.
907 2095 1011 2150 Per
1036 2095 1322 2167 Egyptum
1350 2106 1404 2151 et
1433 2097 1661 2151 Sodoma
1689 2111 1935 2164 persecu-

378 2190 554 2233 turum
590 2182 842 2251 iniquitas
865 2184 1189 2252 designatur.
1219 2184 1400 2256 (Vsns.
1425 2183 1502 2256 9.)
1525 2181 1600 2236 Et
1615 2184 1853 2237 videbunt
1872 2182 1938 2236 de

378 2270 602 2338 populis,
631 2271 885 2336 tribubus,
911 2281 958 2323 et
978 2272 1187 2341 linguis,
1233 2280 1281 2325 et
1324 2273 1580 2347 gentibus,
1604 2287 1821 2340 corpora
1858 2286 1938 2323 eo-

381 2374 497 2409 rum
524 2359 692 2412 tribus
712 2358 897 2412 diebus
920 2368 973 2412 et
998 2360 1232 2422 dimidio,
1278 2370 1328 2413 et
1360 2377 1577 2431 corpora
1621 2375 1797 2413 eorum
1836 2374 1937 2411 non

379 2446 547 2497 sinent
572 2447 691 2515 poni
718 2447 772 2498 in
798 2447 1155 2500 monumenh‘s.
1188 2446 1339 2501 Sicut
1376 2448 1618 2517 sepulcra
1647 2448 1715 2507 ab
1750 2448 1938 2500 buma-

382 2534 465 2585 tis
495 2533 664 2587 oculis
688 2549 934 2602 corpora,
961 2535 1040 2588 sic
1072 2544 1285 2589 sanctos
1328 2551 1359 2588 a
1394 2535 1737 2589 tribulatione
1758 2543 1939 2589 conte-

380 2624 459 2689 git
493 2624 850 2692 tranquillitas
878 2626 1150 2693 temporis.
1178 2625 1311 2691 Quia
1335 2640 1461 2694 ergo
1483 2641 1585 2697 pax
1609 2626 1807 2681 sanctis
1833 2640 1938 2679 non

381 2711 508 2773 erit,
538 2711 655 2763 ideo
694 2712 942 2764 dicuntur
982 2713 1230 2781 insepulti
1275 2729 1508 2769 manere.
1556 2714 1695 2767 Nulli
1720 2729 1846 2769 vero
1870 2714 1940 2768 sit

380 2800 725 2861 contrarium,
752 2800 797 2853 si
824 2807 1059 2853 mortuos
1084 2815 1189 2853 non
1210 2800 1377 2855 solum
1405 2802 1628 2863 occisos,
1659 2803 1751 2856 sed
1774 2802 1937 2855 etiam

380 2887 605 2941 afﬂictos
636 2888 836 2941 dictum
862 2896 946 2941 est
968 2887 1189 2957 intelligi
1225 2904 1400 2958 posse,
1442 2891 1691 2958 quoniam
1737 2889 1938 2957 tropice

379 2993 410 3026 ει
453 2978 764 3045 corporibus
814 2984 953 3032 totos
1006 2978 1203 3032 indicat
1250 2980 1508 3035 homines.
1558 2980 1741 3048 Itaque
1776 2980 1937 3032 trium

382 3067 588 3119 dierum
617 3075 672 3119 et
696 3067 899 3121 dimidii
931 3069 1120 3137 spatio,
1154 3070 1442 3124 triennium
1469 3080 1524 3125 et
1553 3087 1645 3126 sex
1675 3072 1936 3125 mensium

2036 1898 2126 1969 52)
2156 1898 2273 1953 ﬁeri
2298 1896 2595 1951 confirmat.
2830 1952 2833 1953 ν

2104 1987 2263 2047 Vsus,
2287 1986 2371 2040 l3.
2393 1986 2551 2041 —Et
2570 1987 2627 2038 in
2654 1985 2748 2038 illa
2769 1987 2899 2040 hora
2932 1987 3100 2055 factus
3128 1996 3202 2040 est
3230 1997 3380 2042 terra
3413 1995 3578 2043 matus

2016 2084 2270 2146 magnus.
2304 2074 2528 2131 Ostensa
2563 2077 2973 2141 resurrectione,
3000 2093 3031 2131 a
3073 2077 3359 2132 novissima
3399 2094 3578 2148 persc-

2034 2161 2245 2214 cutio'ne
2279 2157 2606 2228 recapitulat.
2649 2158 2768 2218 Non
2816 2169 2993 2213 autem
3043 2161 3237 2214 mirum
3279 2161 3326 2215 si
3370 2172 3587 2231 propter

2033 2250 2231 2305 electos
2264 2250 2629 2303 abbreviatum
2662 2253 2871 2317 tempus
2898 2251 3082 2303 horam
3111 2260 3285 2315 vocet,
3314 2267 3433 2305 cum
3459 2255 3583 2307 alibi

2034 2338 2100 2392 de
2136 2342 2247 2392 toto
2279 2339 2382 2393 hoc
2407 2346 2644 2405 tempore
2687 2338 2857 2391 dicat:
2899 2336 3100 2402 Filioli,
3137 2341 3410 2407 nouissima
3454 2341 3583 2394 liora

2033 2433 2106 2478 est
2136 2424 2190 2494 (I
2239 2424 2397 2477 Joan.
2450 2442 2511 2490 ιι,
2563 2426 2672 2497 18).
2714 2426 2781 2479 Et
2824 2434 2949 2481 nota
2994 2427 3119 2495 quia
3166 2429 3412 2496 magnum
3458 2428 3587 2482 dicit

2034 2521 2417 2578 terrmmotum,
2442 2515 2692 2583 quoniam
2718 2514 2871 2583 juxta
2906 2508 3114 2569 Domini
3143 2531 3342 2580 vocem,
3372 2518 3467 2571 erit
3493 2532 3587 2571 au-

2035 2609 2143 2655 tem
2170 2599 2435 2654 tribulatio
2458 2600 2627 2671 qualis
2661 2617 2763 2656 non
2788 2604 2886 2670 luit
2927 2602 2991 2655 ab
3020 2604 3169 2655 initio
3198 2604 3409 2674 (Matth.
3436 2620 3586 2670 XXIV.

2034 2688 2147 2758 2⁵1).
2182 2688 2251 2741 Et
2288 2689 2486 2743 decima
2538 2705 2660 2757 pars
2707 2690 2925 2743 ciuitatis
2964 2690 3163 2744 cecidit.
3208 2690 3422 2746 Decima
3462 2709 3589 2763 pars

2034 2779 2267 2833 civitatis
2306 2779 2360 2833 in
2400 2779 2504 2833 illis
2543 2778 2705 2844 cadit,
2744 2780 2834 2848 qui
2882 2780 2948 2834 ad
2984 2780 3273 2835 electorum
3308 2797 3587 2838 numerum

2034 2882 2139 2921 non
2170 2870 2454 2937 pertinent.
2487 2869 2654 2923 Electi
2685 2871 2827 2923 enim
2861 2884 3051 2925 novem
3075 2871 3350 2927 ordinibus
3375 2875 3589 2944 angelo-
3662 2911 3669 2917 -

2035 2971 2154 3011 rum
2196 2957 2368 3025 juncti
2396 2958 2579 3011 ruinas
2624 2958 2925 3013 dmmonum
2966 2975 3061 3013 sua
3096 2966 3475 3019 numerositate
3504 2967 3588 3019 in-

2035 3058 2292 3113 staurant,
2319 3057 2374 3102 et
2412 3048 2676 3102 decimum
2717 3048 2920 3102 ordinis
2958 3053 3037 3103 sui
3070 3051 3243 3105 locum
3280 3043 3588 3124 adimplcnt.

382 3169 592 3207 summa
626 3154 973 3221 describitur;
1009 3172 1041 3209 a
1068 3166 1219 3224 parte
1265 3158 1469 3213 scilicet
1513 3168 1702 3215 totum.
1753 3161 1936 3233 (Vsus.
1964 3163 2013 3228 α
2040 3140 2155 3233 NT}
2184 3140 2362 3233 itaque
2393 3138 2757 3233 ‘°“‘_\__de_°i_mat
2906 3153 3029 3207 pars
3056 3141 3292 3233 ἀεξθίωδέν
3324 3143 3588 3233 ἀθδθξίη·

386 3240 497 3311 10.)
528 3241 594 3294 Et
631 3242 973 3297 inhabitantes
997 3253 1189 3298 terram
1214 3246 1508 3315 gaudebunt
1544 3265 1698 3315 super
1721 3250 1858 3317 illos,
1895 3262 1941 3306 et

382 3330 825 3395 iucundabuntur,
863 3340 914 3383 et
956 3347 1169 3393 munera
1209 3332 1407 3385 mittant
1452 3334 1684 3399 invicem,
1721 3338 1844 3405 quia
1887 3338 1941 3391 hi

382 3420 491 3470 duo
515 3419 869 3472 crucincerunt
894 3436 978 3472 eos
1004 3421 1092 3489 qui
1120 3415 1368 3480 {habitant
1393 3439 1547 3492 super
1568 3435 1780 3479 terram.
1799 3426 1942 3492 Quo-

386 3508 546 3561 modo
582 3510 649 3563 ab
684 3510 763 3563 eis
805 3509 1129 3575 crucientur,
1177 3511 1335 3579 paulo
1385 3514 1630 3582 superius
1680 3516 1938 3581 diximus;

385 3597 591 3651 scilicet
620 3597 962 3665 devoratione
1008 3598 1143 3667 ignis
1182 3601 1455 3669 spiritalis,
1484 3607 1829 3683 suspensione
1854 3623 1942 3661 sa-

387 3688 580 3741 laturis
609 3688 816 3755 pluvize,
846 3697 900 3741 et
941 3692 1289 3745 conversione
1333 3704 1590 3760 aquarum
1636 3696 1688 3747 in
1732 3698 1945 3766 sangui-

388 3794 537 3831 11011).

462 3868 622 3922 Vens.
653 3867 739 3920 il.
762 3897 835 3910 —
860 3866 931 3921 Et
954 3878 1068 3937 post
1088 3879 1193 3925 tres
1216 3872 1324 3925 dies
1348 3881 1395 3925 et
1418 3873 1715 3939 dimidium,
1734 3874 1945 3942 spiritus

386 3956 507 4006 rite
532 3971 565 4005 a
600 3952 711 4005 Deo
750 3954 957 4007 intrarit
994 3957 1051 4008 in
1088 3971 1195 4019 eos,
1238 3966 1285 4009 et
1331 3968 1578 4014 steterunt
1614 3979 1767 4031 super
1795 3962 1947 4032 pedes

385 4054 531 4091 suos.
555 4036 831 4094 Generalis
877 4041 978 4094 hoc
1021 4040 1137 4096 loco
1169 4041 1407 4096 omnium
1435 4054 1742 4102 sanctorum
1771 4067 1947 4106 resur-

390 4127 562 4181 rectio
595 4135 717 4196 post
746 4126 886 4181 illam
912 4128 1342 4205 persecutionem.
1357 4130 1696 4185 novissimam
1727 4144 1946 4188 ventura

360 4216 713 4271 'ileclaratur.
748 4217 973 4288 Spiritus
1001 4226 1179 4271 autem
1211 4219 1327 4271 ritca
1354 4236 1385 4272 a
1414 4220 1517 4273 Deo
1546 4220 1767 4277 intrabit
1806 4226 1859 4277 in
1885 4224 1947 4277 il-

385 4307 489 4369 los,
512 4319 615 4358 non
644 4320 750 4374 quo
772 4305 933 4359 alium
954 4306 1238 4374 accipiant,
1264 4307 1363 4360 sed
1380 4308 1503 4375 quia
1525 4312 1769 4366 eumdem
1789 4327 1947 4381 quem

389 4394 702 4446 habuerunt.
737 4394 1011 4462 recipient.
1066 4393 1243 4464 Super
1280 4396 1441 4464 pedes
1476 4412 1603 4452 vero
1652 4409 1823 4466 stare,
1867 4413 1949 4457 est

2044 3227 2225 3297 telligi,
2255 3241 2373 3295 quae
2409 3225 2571 3291 cadit,
2600 3226 2652 3279 id
2677 3234 2758 3279 est
2786 3226 2873 3278 illa
2916 3241 3034 3295 quae
3061 3226 3128 3279 ad
3163 3242 3351 3281 novem
3380 3230 3594 3285 ordines

2040 3317 2351 3385 anglorum
2388 3331 2494 3370 non
2541 3316 2880 3386 pertingens,
2933 3316 3106 3370 locum
3154 3317 3347 3371 decimi
3393 3320 3595 3376 ordinis

2039 3408 2259 3461 minime
2294 3415 2453 3461 tenet.
2480 3406 2549 3459 Et
2581 3407 2750 3477 occisa
2796 3416 2914 3459 sunt
2949 3408 3002 3459 in
3048 3416 3344 3462 terra'motu
3387 3411 3594 3463 nomina

2040 3495 2304 3547 hominum
2336 3503 2523 3561 septem
2551 3494 2738 3545 millia:
2777 3494 2832 3545 In
2868 3495 2952 3546 his
2986 3509 3111 3561 pars
3139 3496 3226 3547 illa
3257 3497 3593 3567 intelligenda

2041 3594 2142 3649 est,
2169 3598 2286 3652 qua:
2313 3597 2454 3637 nunc
2486 3583 2626 3635 inter
2666 3595 2830 3660 agnos
2854 3582 3046 3647 latitat,
3078 3585 3171 3636 sed
3199 3596 3386 3653 agente
3414 3592 3598 3644 novis—
3682 3608 3683 3611 η

2043 3678 2177 3730 sima
2209 3673 2576 3743 persecutione
2605 3674 2669 3726 ad
2714 3670 2981 3742 publicam
3022 3687 3261 3729 errorem
3290 3675 3513 3732 deducta
3542 3681 3595 3734 in

2042 3781 2234 3835 corpus
2258 3764 2442 3819 bestiae
2466 3765 2764 3817 devoranda
2806 3761 3085 3832 trajicitur.
3132 3762 3335 3835 Reliqui
3364 3768 3419 3819 in
3448 3770 3597 3823 timo-

2043 3862 2287 3907 remittunt
2317 3854 2483 3917 missi,
2513 3861 2561 3905 et
2603 3852 2851 3905 dederunt
2892 3851 3109 3922 gloriam
3150 3853 3259 3907 Deo
3283 3854 3412 3908 caeli.
3453 3853 3597 3923 Quos

2044 3942 2275 4011 reliquos
2324 3940 2489 3994 dicit?
2538 3940 2659 3993 lllos
2697 3942 2787 4010 qui
2822 3942 2877 3993 in
2917 3942 3019 3995 lide
3062 3954 3489 4010 permanserunt,
3528 3961 3597 4001 an

2044 4033 2165 4088 illos
2183 4022 2272 4103 qui
2300 4040 2629 4103 negaverunt
2647 4040 2700 4085 et
2726 4040 2845 4101 post
2869 4034 3067 4087 reversi
3091 4036 3245 4088 sunt?
3270 4051 3336 4089 an
3367 4036 3482 4092 illos
3505 4041 3596 4109 qui

2046 4130 2159 4179 sine
2208 4126 2321 4180 ﬁde
2371 4124 2607 4189 fuerunt,
2654 4118 2709 4179 et
2752 4131 2873 4193 post
2920 4126 3328 4194 praedicantibus
3378 4128 3492 4186 Elia
3544 4140 3601 4185 et

2045 4215 2226 4267 Enoch
2254 4222 2377 4267 sunt
2403 4215 2690 4267 credituri?
2723 4216 2870 4269 .Vere
2911 4230 3097 4271 omnes
3142 4226 3422 4287 possumus
3449 4221 3603 4274 intel-

2044 4304 2224 4372 ligere.
2254 4303 2435 4372 (Vens.
2475 4301 2583 4371 14.)
2625 4300 2714 4354 Va:
2748 4305 3029 4357 secundum
3062 4306 3203 4369 abiit,
3232 4323 3351 4361 ecce
3388 4326 3462 4362 me
3499 4320 3601 4364 ter-

2045 4394 2171 4445 tium
2196 4391 2329 4445 venit
2357 4393 2477 4443 cito.
2500 4389 2596 4445 Hic
2617 4389 2737 4445 linis
2753 4399 2834 4445 est
2856 4392 3079 4459 duplicis
3108 4394 3557 4475 recapitulationis
3580 4419 3609 4466 ει

388 4480 534 4535 nulla
578 4480 691 4550 jam
741 4495 920 4535 rerum
967 4485 1279 4553 spiritalium
1334 4486 1685 4542 mutabilitate
1736 4500 1941 4547 nutare.
1974 4482 2021 4540 1)
2047 4481 2139 4537 sed
2166 4496 2271 4535 non
2293 4479 2417 4535 huic
2444 4480 2730 4535 secundum
2769 4496 2847 4534 va:
2883 4482 3185 4535 aseribitur.
3211 4483 3417 4537 Dictum
3457 4488 3598 4542 enim

388 4570 605 4625 Sanctis
640 4572 1240 4642 itaque-evigilantibus,
1275 4576 1402 4645 quid
1443 4577 1653 4645 reprobi
1680 4580 1947 4646 patiantur

306 4728 315 4731 _
387 4660 701 4714 audiamus:
732 4669 779 4713 et
812 4662 968 4713 timor
994 4679 1211 4731 magnus
1250 4666 1430 4719 cecidit
1474 4682 1627 4735 super
1648 4684 1733 4721 eos
1759 4671 1846 4737 qui
1875 4673 1949 4723 vi-

388 4749 579 4801 derunt
607 4765 709 4802 eos.
750 4748 858 4803 Nec
907 4750 1098 4802 mirum
1139 4754 1186 4805 si
1222 4752 1479 4823 reprobus
1516 4756 1675 4809 timor
1711 4757 1943 4823 invadat,

390 4853 516 4890 rum
557 4838 654 4905 ipsi
694 4840 855 4892 etiam
905 4839 1081 4903 electi,
1120 4842 1231 4915 ﬁetsi
1277 4860 1465 4899 securo
1512 4847 1717 4911 timore,
1769 4856 1944 4901 tamen

392 4928 675 4996 pavebant.
710 4928 889 4997 (Vnus.
938 4928 1049 5000 12.)
1090 4924 1153 5005 Et
1191 4933 1466 4988 audierunt
1509 4953 1678 4990 vocem
1708 4954 1945 5007 magnam

391 5015 461 5065 de
499 5016 621 5068 uelo
657 5017 905 5070 dicentem
948 5017 1052 5070 illis
1079 5032 1096 5067 :
1132 5021 1401 5074 Ascendite
1426 5025 1543 5077 huc.
1571 5026 1683 5079 Vox
1713 5027 1825 5081 hmo
1862 5027 1945 5079 illa

393 5112 483 5156 est
513 5121 577 5157 ω
608 5122 662 5173 qt
690 5122 711 5159 ι
739 5108 1020 5176 Apostolus
1049 5106 1176 5160 dicit
1206 5127 1216 5159 :
1250 5107 1367 5176 Ipse
1402 5111 1655 5171 Dominus
1690 5117 1743 5169 in
1773 5117 1945 5184 jussu,

393 5203 447 5245 rt
466 5194 520 5245 in
547 5209 661 5245 voce
690 5230 696 5243 .
728 5198 1003 5266 rchangeli,
1026 5200 1147 5251 etin
1181 5199 1303 5250 tuba
1326 5200 1421 5255 Dei
1450 5203 1715 5259 descendet
1740 5207 1801 5259 de
1828 5207 1949 5260 caelo

396 5280 451 5348 (1
483 5281 655 5334 Thess.
684 5299 756 5345 IV,
790 5285 898 5351 15).
940 5285 1006 5337 Et
1034 5288 1367 5342 ascenderunt
1408 5292 1461 5343 in
1503 5293 1681 5349 malum
1710 5297 1760 5348 in
1800 5298 1949 5359 nube,

396 5382 445 5423 et
479 5371 710 5423 viderunt
760 5370 871 5425 ιεέοι
906 5375 1097 5427 inimici
1127 5394 1320 5430 eorum.
1366 5379 1420 5432 ln
1456 5383 1595 5436 nube
1634 5386 1948 5449 ascendunt,

399 5462 452 5513 id
486 5468 583 5525 est,
618 5462 667 5514 in
703 5469 961 5531 potestate
992 5464 1297 5531 judicantis.
1332 5469 1465 5524 Hinc
1492 5479 1574 5524 est
1606 5475 1745 5540 quod
1779 5478 1952 5529 Domi-

395 5564 521 5610 nus,
552 5549 754 5607 devicta
794 5564 980 5619 morte,
1012 5556 1063 5607 in
1093 5557 1229 5608 nube
1259 5560 1322 5611 ad
1357 5562 1534 5615 sedem
1566 5571 1839 5631 paternam
1868 5581 1953 5617 as-

398 5639 599 5695 cendit.
647 5640 794 5705 Quod
845 5656 1017 5700 autem
1061 5662 1123 5699 cx
1170 5647 1300 5699 vivis
1346 5658 1398 5701 et
1454 5654 1672 5705 mortuis
1730 5656 1949 5708 duorum

2050 4571 2223 4625 fuerat
2245 4573 2506 4641 superius,
2532 4582 2745 4642 peracto
2766 4571 2947 4640 praelia
2971 4568 3312 4640 lucustarum;
3337 4589 3415 4630 vae
3434 4594 3599 4633 unum

2051 4663 2265 4725 abiisse,
2309 4670 2363 4715 et
2406 4661 2507 4715 alia
2556 4662 2659 4716 duo
2704 4672 2925 4716 ventura
2960 4677 3094 4717 esse.
3144 4662 3315 4732 Atque
3341 4668 3602 4722 enarratis

2050 4766 2169 4818 qua:
2195 4751 2261 4804 ad
2289 4752 2576 4805 secundum
2598 4767 2683 4813 ,γε
2710 4754 3065 4819 pertinebant,
3092 4754 3143 4808 id
3168 4766 3250 4808 est
3270 4755 3322 4808 in
3344 4757 3516 4809 soluti:
3536 4774 3601 4813 ne

2050 4847 2277 4907 quatuor
2300 4840 2602 4909 angelorum
2630 4850 2684 4894 et
2729 4844 2957 4907 cmteris,
2986 4860 3089 4897 non
3127 4855 3209 4899 est
3230 4846 3489 4900 redditum
3523 4864 3601 4902 Vat:

2050 4930 2359 4984 secundum.
2390 4931 2501 4985 Hoc
2525 4939 2701 4984 autem
2733 4932 2952 4998 idcirco,
2988 4936 3109 5003 quia
3145 4934 3505 5005 recapitulatio
3535 4938 3601 4991 ab

2050 5021 2280 5074 adventu
2331 5020 2525 5076 Christi
2566 5024 2912 5089 sequebatur;
2962 5042 3029 5079 ne
3071 5034 3398 5094 putaremus,
3448 5028 3489 5080 si
3530 5026 3602 5081 ibi

2051 5110 2250 5167 dictum
2279 5109 2464 5165 fuisset
2491 5126 2569 5164 va:
2592 5113 2876 5167 secundum
2905 5115 3055 5177 abiit,
3084 5116 3296 5167 tertium
3322 5131 3397 5168 va:
3420 5115 3484 5168 ad
3515 5132 3599 5168 re-

2052 5197 2478 5263 capitulationem
2524 5201 2807 5265 pertinere.
2854 5201 2941 5254 Vn:
2987 5216 3115 5271 ergo
3161 5203 3446 5255 secundum
3494 5218 3601 5257 non

2052 5287 2117 5338 ad
2164 5289 2327 5351 hunc,
2366 5288 2455 5342 sed
2494 5290 2559 5342 ad
2605 5291 2927 5357 superiorem
2964 5292 3137 5345 locum
3175 5292 3599 5347 subauditionem

2056 5377 2231 5429 habet.
2278 5372 2531 5431 Enarrata
2564 5379 2701 5432 enim
2744 5381 3175 5449 recapitulatione
3206 5397 3321 5452 quae
3359 5381 3597 5435 ordinem

2056 5468 2305 5531 concidit,
2353 5470 2523 5523 ordini
2570 5472 2781 5524 conciso
2824 5473 3075 5526 redditur.
3124 5472 3258 5539 Quid
3310 5472 3378 5525 sit
3424 5480 3599 5528 autem

2055 5574 2132 5612 vro
2164 5562 2397 5627 tertium,
2426 5564 2659 5631 aperitur
2696 5580 2812 5617 cum
2836 5567 3079 5619 subditur
3104 5584 3115 5617 :

2120 5658 2282 5709 \‘rns.
2324 5657 2402 5707 lii.
2449 5690 2515 5699 ——
2552 5659 2617 5712 Et
2658 5661 2897 5727 scidimus
2946 5661 3065 5711 tuba
3116 5661 3327 5725 cecinit,
3366 5672 3410 5714 et
3450 5664 3601 5729 factis
