4262 6270
574 365 700 420 1151
1409 367 1466 417 D.
1510 364 1569 418 l".
1609 364 1827 416 ALIlINI
1867 364 1994 417 Sl'll'
2036 363 2122 415 Al.

2223 361 2307 413 IN!
2343 358 2621 412 OPI'JIIL'M
2660 357 2835 410 l‘AllS
2867 358 2928 410 ll.
3627 358 3762 410 1152

572 489 688 531 sunt
717 493 856 530 t‘occs
881 491 1079 543 mugmt‘
1102 476 1154 526 in
1176 474 1319 526 celo.
1345 474 1642 541 Apparentc
1688 473 1910 525 Domino
1949 474 2013 524 ad
2035 471 2120 536 jn-
2148 476 2195 528 Α
2222 483 2385 537 agere
2425 467 2724 529 contendit,
2745 475 2800 520 et
2831 481 2934 520 non
2958 467 3114 528 valet,
3145 469 3266 534 quia
3294 469 3455 521 etiam
3483 470 3658 537 pusilli
3692 473 3762 526 ad

572 571 792 630 dicinm,
821 569 906 621 hic
930 568 1185 633 septimus
1211 566 1428 633 angelus
1455 565 1578 618 tuba
1605 565 1782 622 canit;
1816 564 1867 614 in
1890 575 1996 628 quo
2024 561 2119 612 Ec-

572 657 734 710 clesia
766 653 1073 722 intelligitur
1101 668 1205 704 non
1218 651 1337 718 ,jam
1364 652 1675 719 pra-dicatis,
1699 649 1792 702 sed
1818 647 2118 700 miscricor-

573 747 716 799 diam
739 753 794 796 et
819 743 1089 812 judicium
1117 743 1338 796 Domino
1371 744 1675 796 decantatis.
1708 740 1840 793 llinc
1865 749 1943 792 est
1980 739 2120 808 quod

574 833 791 901 angelus
818 848 978 899 super
1004 840 1216 894 terram
1245 841 1300 884 et
1337 845 1483 882 mare
1509 839 1655 882 stans
1674 828 1819 894 jurat
1848 829 1986 895 quod
2007 827 2120 894 jam

573 929 678 974 non
708 921 777 974 sit
805 931 1034 988 tempus,
1075 921 1167 972 sed
1202 919 1255 972 in
1294 919 1417 971 tuba
1451 919 1673 985 septima
1712 916 2115 970 consummatio.

570 1009 743 1065 .Vooes
770 1015 948 1059 autem
989 1019 1190 1074 magna:
1240 1006 1294 1058 in
1341 1005 1496 1068 emlo,
1543 1006 1594 1057 id
1630 1014 1714 1058 est
1763 1005 1814 1056 in
1863 1003 2116 1065 Ecclesia,

573 1095 866 1164 gratiarum
904 1103 1028 1147 sunt
1068 1097 1332 1153 actim-es;
1371 1102 1425 1144 ct
1461 1095 1591 1145 Ibem}
1635 1108 1856 1161 magum,
1900 1091 2022 1158 quia
2056 1091 2121 1143 de

574 1183 782 1250 magnis
824 1183 982 1234 rebus
1031 1197 1276 1248 magnum
1333 1181 1570 1257 exoritur
1620 1181 1958 1233 desiderium.
2017 1180 2121 1230 Sed

572 1272 714 1325 unde
753 1272 860 1325 sint
884 1272 964 1323 ha:
990 1285 1164 1333 voces,
1194 1269 1424 1322 Joannes
1465 1270 1715 1332 ostendit,
1765 1270 1854 1335 qui
1897 1266 2071 1320 subdit
2105 1283 2116 1317 :

572 1361 792 1414 dicentes
825 1373 842 1410 :
882 1357 1101 1411 Factum
1134 1367 1208 1411 est
1245 1373 1451 1428 regnum
1486 1357 1641 1424 hujus
1678 1355 1889 1419 manili;
1930 1355 1980 1406 id
2015 1364 2118 1417 cst,

574 1450 627 1498 in
650 1462 757 1513 quo
785 1446 930 1514 prius
961 1445 1208 1512 antiquus
1245 1445 1424 1500 hostis,
1445 1445 1700 1511 regnabat
1729 1443 1819 1496 Dei
1847 1451 1900 1494 et
1922 1442 2120 1495 Christi

571 1535 704 1602 ejus.
734 1531 799 1585 Et
829 1533 1121 1601 rcgnabunt
1155 1534 1209 1584 in
1236 1529 1426 1583 sa'cula
1465 1529 1788 1581 stt-culorum.
1836 1529 1892 1582 In
1932 1529 2037 1584 his.
2068 1528 2122 1580 id

571 1628 654 1672 cst
682 1621 734 1672 in
766 1619 921 1672 l’atrc
947 1627 998 1671 et
1021 1617 1176 1680 Filio,
1199 1616 1432 1670 Trinitas
1452 1615 1782 1684 intelligitur.
1807 1615 1987 1684 (Vsus.
2013 1613 2119 1682 16.)

573 1707 638 1756 Et
677 1705 851 1774 rigiuti
885 1716 1108 1774 quatuor
1129 1705 1373 1767 seniores,
1398 1708 1486 1772 qui
1513 1705 1565 1756 in
1594 1713 1860 1772 conspectu
1910 1703 2007 1758 Dei
2043 1721 2122 1757 se-

2220 559 2362 610 illam
2392 557 2688 612 mercedem
2713 557 3037 626 pertingant.
3079 557 3227 611 Unde
3251 559 3435 611 beatus
3456 558 3556 622 Job
3583 575 3600 612 :
3625 559 3761 613 Pan-

2217 663 2309 699 rus
2335 657 2384 698 et
2411 662 2623 714 magnus
2643 645 2713 698 ibi
2735 655 2856 698 sunt
2878 643 3018 712 (Job.
3051 661 3134 709 ιιι,
3165 646 3272 715 19).
3301 647 3368 700 Et
3381 650 3760 704 exterminandi

2217 752 2301 788 eos
2326 737 2414 806 qui
2449 744 2782 804 corruperunt
2812 744 3020 786 terram.
3048 733 3248 789 Idcirco
3292 751 3396 790 non
3431 739 3621 802 occidi,
3667 738 3760 792 sed

2217 825 2560 879 exterminari
2617 824 2902 889 dicuntur,
2947 833 3007 878 ut
3049 833 3362 894 perpetuum
3408 828 3764 884 damnationis

2218 914 2464 968 exsilium
2496 924 2697 967 :eterna
2729 912 2937 983 illorum
2972 913 3366 970 demonstretur
3401 917 3600 986 in0pia.
3627 919 3762 974 Ter-

2219 1017 2333 1054 ram
2358 1016 2700 1070 corrumpere
2742 1009 2826 1056 est
2859 1002 3056 1071 iniquis
3091 1004 3342 1070 operibus
3371 1007 3539 1061 vitam
3567 1009 3757 1076 depra-

2220 1105 2360 1142 vare.
2389 1089 2522 1142 lline
2547 1089 2723 1156 itaque
2754 1089 2946 1157 pendet
2972 1091 3188 1144 tertium
3210 1106 3293 1146 va:
3317 1094 3602 1159 malorum,
3621 1098 3762 1164 quod

2219 1176 2271 1226 in
2306 1175 2530 1242 septimo
2547 1173 2733 1244 angelo
2754 1175 3059 1243 praedictum
3084 1184 3169 1231 est
3190 1176 3302 1232 cito
3319 1191 3621 1235 venturum.
3740 1242 3744 1245 ,

2287 1261 2444 1314 Vens.
2477 1262 2556 1316 l9.
2583 1291 2649 1300 —-
2677 1261 2745 1314 Et
2789 1273 3022 1355 qpertum
3058 1274 3134 1318 est
3161 1268 3403 1348 templum
3442 1271 3494 1322 in
3519 1271 3668 1335 ctclo,
3709 1282 3765 1324 et

2219 1351 2325 1403 risu
2347 1362 2420 1404 est
2447 1369 2572 1404 arca
2599 1345 2888 1404 testamenti
2919 1353 3032 1422 ejus
3069 1356 3124 1408 in
3148 1345 3335 1425 teniplo
3361 1358 3495 1426 ejus.
3529 1358 3650 1414 “me
3690 1361 3766 1415 lo—

2218 1441 2362 1492 cutio
2384 1441 2452 1492 ad
2475 1439 2682 1492 initium
2714 1439 2833 1493 ﬁdei
2855 1444 3104 1508 recurrit,
3133 1451 3189 1497 et
3221 1445 3498 1501 conﬂictus
3518 1447 3767 1504 Ecclesia:

2219 1530 2317 1582 sub
2333 1529 2451 1583 aliis
2475 1529 2658 1598 ﬁguris
2686 1530 2892 1584 intexit.
2923 1530 3059 1597 Quid
3085 1533 3229 1587 enim
3247 1533 3341 1589 Dei
3368 1513 3646 1605 templum,
3662 1538 3762 1590 nisi

2218 1618 2487 1672 Christum
2516 1618 2818 1688 signiﬁcat?
2845 1621 2901 1673 in
2936 1637 3042 1690 quo
3067 1623 3232 1676 omnis
3252 1623 3519 1693 plenitudo
3547 1627 3752 1681 divini-

2220 1707 2341 1759 tatis
2365 1707 2614 1760 inhabitat
2635 1708 2971 1780 corporaliter
2993 1707 3129 1776 (Col.
3155 1725 3218 1773 tt,
3243 1710 3322 1779 9).
3351 1711 3599 1780 Apertum
3626 1728 3752 1767 vero

569 1794 691 1845 dent
717 1795 768 1845 in
797 1795 999 1846 sedibus
1020 1795 1150 1855 suis,
1180 1795 1466 1845 ceciderunt
1494 1795 1544 1844 in
1571 1794 1730 1860 facies
1771 1810 1910 1851 suas.
1943 1793 2016 1845 De
2046 1809 2126 1846 sc-
2156 1782 2199 1838 Β
2223 1795 2437 1858 dicitur,
2463 1796 2587 1863 quia
2625 1796 2739 1864 jam
2775 1805 2953 1862 natus,
2993 1811 3204 1865 passus,
3246 1797 3534 1852 suscitatus
3569 1807 3623 1852 et
3659 1800 3767 1853 ele-

571 1883 804 1934 nioribus
841 1881 954 1948 jam
1008 1882 1205 1934 dictum
1234 1890 1316 1933 est
1350 1882 1472 1948 quia
1513 1882 1886 1948 praedicatores
1923 1881 2123 1950 signiti-

570 1979 712 2032 cant,
741 1973 880 2043 quod
909 1971 960 2023 in
986 1971 1160 2038 specie
1188 1985 1353 2038 genus
1380 1971 1595 2040 intelligi
1630 1971 1840 2024 debeat.
1869 1971 2009 2026 Bene
2031 1985 2124 2023 au-

573 2069 680 2111 tem
707 2060 887 2128 viginti
929 2068 1156 2126 quatuor
1200 2075 1295 2126 pro
1341 2059 1616 2113 duodecim
1659 2059 1846 2121 tribus,
1893 2067 1949 2112 ct
1996 2059 2126 2112 duo-

573 2147 742 2200 decim
786 2148 1056 2215 apostolis.
1103 2148 1207 2202 Per
1255 2148 1408 2201 scies
1430 2157 1484 2199 et
1513 2148 1746 2199 seniores
1782 2162 1882 2199 una
1926 2146 2125 2201 Christi

573 2235 726 2287 sedes
750 2235 1080 2302 intelligitur,
1112 2237 1166 2290 in
1197 2236 1428 2305 pradatis
1461 2246 1516 2288 et
1554 2235 1796 2288 subditis.
1839 2235 1998 2289 llecte
2032 2252 2124 2288 au-

507 2396 512 2400 '
575 2334 681 2377 tem
707 2325 942 2378 seniores
987 2327 1038 2378 in
1085 2335 1372 2394 coiispectu
1413 2325 1504 2377 Dei
1543 2326 1727 2378 sedere
1761 2325 2122 2392 perhibentur,

574 2414 697 2480 quia
727 2412 1082 2481 subjectornm
1111 2413 1248 2466 facta
1277 2413 1661 2474 examinantes,
1702 2427 1804 2464 non
1843 2413 2126 2464 lmmanam

575 2515 669 2566 per
705 2500 806 2553 hoc
841 2501 1089 2568 gratiam,
1139 2501 1232 2554 sed
1271 2501 1361 2554 Dei
1391 2500 1611 2569 gloriam
1638 2508 1901 2567 qumrunt.
1943 2499 1997 2552 In
2045 2498 2124 2550 fa-

575 2591 710 2643 ciem
741 2591 954 2649 cadunt,
992 2592 1114 2658 quia
1156 2605 1310 2643 onme
1353 2593 1546 2643 bonum
1578 2605 1681 2641 non
1719 2589 1842 2651 sibi,
1892 2589 1983 2640 sed
2021 2587 2128 2640 Deo

577 2679 834 2733 tribuunt.
865 2662 1292 2730 Et'adorarerunt
1314 2677 1738 2739 Deum,diccntcs
1764 2691 1782 2726 :
1808 2676 1988 2745 (Vt-tus.
2044 2676 2124 2744 I7)

574 2765 783 2818 (iratius
828 2766 1027 2833 agimus
1063 2766 1185 2828 tibi,
1220 2766 1434 2819 Domine
1476 2766 1615 2818 Deus
1652 2767 2000 2833 omnipotens,
2038 2767 2125 2834 qui

574 2869 708 2920 cras,
736 2863 783 2904 et
804 2853 892 2920 qui
916 2869 988 2905 es.
1019 2853 1076 2905 In
1112 2868 1176 2906 co
1206 2853 1346 2920 quod
1372 2869 1476 2907 non
1504 2854 1706 2916 dicunt,
1747 2854 1835 2922 qui
1875 2863 2126 2906 venturus

575 2950 679 3002 est,
705 2943 870 2994 claret
897 2944 1010 2995 lucc
1033 2943 1212 2996 omnia
1239 2943 1292 2996 in
1321 2952 1558 2997 extremo
1576 2943 1776 3009 judicio
1801 2943 2018 2997 dicenda
2043 2944 2125 2996 vel

475 3045 481 3050 ·
576 3030 796 3097 agenda.
839 3030 986 3093 Quod
1010 3039 1187 3083 autem
1214 3031 1454 3097 sequitur
1481 3049 1495 3081 :

651 3118 804 3170 Vnus.
844 3118 923 3170 I3.
955 3117 1171 3180 —Quia
1185 3119 1420 3187 accepisti
1447 3119 1837 3171 cirtntemtuam
1860 3135 2121 3187 magnam,

575 3217 621 3258 ct
648 3207 794 3257 irattc
819 3215 936 3256 sunt
956 3216 1157 3274 gentes;
1184 3208 1250 3259 ad
1271 3209 1498 3276 primum
1523 3209 1638 3276 ejus
1661 3209 1941 3262 adventum
1961 3210 2123 3276 perti-

579 3301 690 3346 net.
718 3293 934 3360 Accepit
958 3294 1208 3347 virtutem
1247 3311 1492 3362 magnam
1519 3297 1569 3348 iu
1597 3296 1944 3358 humanitate,
1965 3311 2124 3363 quam

579 3395 788 3448 semper
809 3381 992 3432 habuit
1021 3396 1115 3448 per
1139 3382 1485 3436 divinitatem.
1515 3383 1665 3447 Quod
1691 3399 1818 3437 vero
1849 3384 2122 3445 subditur,

543 3527 554 3533 _
578 3468 701 3535 quia
726 3466 928 3519 advenit
955 3469 1032 3520 ira
1062 3479 1150 3520 tua
1174 3479 1219 3520 et
1238 3479 1432 3538 tempus
1457 3474 1797 3534 mortuorum,
1820 3472 1884 3524 de
1897 3471 2127 3524 secundo

579 3555 789 3608 dicitur.
823 3555 927 3610 Sed
960 3573 1080 3611 cum
1112 3558 1364 3612 Dominus
1385 3560 1550 3621 dicat,
1581 3559 1788 3626 Diligite
1804 3560 2128 3612 inimicust-e-

581 3653 714 3695 stros
745 3643 956 3712 (Matth.
991 3661 1041 3709 v,
1077 3645 1189 3712 41),
1213 3648 1476 3714 quomodo
1515 3648 1579 3699 de
1609 3647 1834 3700 adventu
1880 3648 1972 3700 ira:
2017 3646 2130 3712 eius

581 3733 631 3784 in
664 3735 914 3800 reprobos
956 3735 1040 3786 isti
1069 3736 1266 3803 gratias
1305 3751 1461 3803 agere
1496 3734 1832 3788 referuntur?
1860 3735 1973 3788 Non
2004 3751 2130 3804 ergo

581 3837 676 3889 pro
705 3822 958 3874 malormn
980 3825 1292 3890 perditione,
1321 3824 1412 3875 sed
1449 3838 1546 3890 pro
1570 3838 1665 3876 sua
1690 3824 1918 3891 gaudent
1954 3839 2131 3877 resur-

584 3910 817 3962 rectione
856 3917 910 3961 et
955 3911 1356 3977 glorilicatione,
1400 3925 1559 3977 quam
1592 3911 1765 3964 sciunt
1797 3927 2128 3980 nequaquam

582 4012 735 4064 posse
764 3997 991 4066 itnplcri,
1015 3999 1114 4050 nisi
1152 3999 1419 4050 damnatio
1447 3999 1776 4064 przeeesserit
1825 3999 2126 4064 impiorum.

580 4088 736 4142 Juxta
768 4091 904 4145 lmnc
931 4091 1276 4150 intellectum,
1308 4091 1808 4142 attinnt-occisorum
1837 4091 1935 4143 sub
1960 4091 2130 4144 altare

586 4178 676 4230 Dei
703 4178 930 4229 clamare
956 4178 1323 4244 perhibentur,
1357 4175 1646 4245 L’sqnequo,
1683 4177 1921 4241 Domine,
1951 4187 2004 4230 ct
2031 4195 2132 4231 eae-

585 4277 696 4319 tcra
747 4269 924 4336 (Apoc.
950 4284 1023 4330 vi,
1055 4267 1158 4335 I0).
1180 4266 1292 4320 Non
1319 4269 1460 4320 enim
1490 4269 1775 4320 vindictam
1805 4277 2094 4334 expo...cunt
2113 4307 2128 4332 ,

585 4361 675 4410 sed
713 4357 884 4426 [Cotl.,
917 4358 967 4407 in
991 4374 1085 4424 pro
1108 4356 1222 4426 sed]
1254 4373 1359 4424 quo
1386 4357 1485 4424 ipsi
1523 4365 1643 4423 post
1669 4357 1927 4410 malorum
1955 4357 2129 4410 vindi-

583 4454 722 4496 ctam
751 4454 1172 4496 remunerentur.
1199 4444 1331 4496 llinc
1388 4444 1662 4496 Psalmista
1704 4444 2129 4512 :La'tabiturju-

581 4541 690 4583 stus
717 4547 830 4582 cum
855 4531 1032 4583 riderit
1062 4531 1332 4584 vindictam
1364 4529 1532 4600 (l’sal.
1565 4547 1690 4592 Lvn,
1727 4531 1828 4598 11).
1858 4531 1939 4583 Ira
1970 4532 2129 4598 igitur

577 4619 795 4687 judicis,
821 4634 922 4670 non
946 4619 1396 4686 perturbationem
1418 4620 1630 4681 mentis,
1649 4619 1740 4672 sed
1760 4619 2125 4673 rectitudincm

586 4707 869 4776 signiﬁcat.
898 4709 1115 4773 Qualem
1153 4707 1329 4776 itaque
1356 4709 1732 4761 conscientiam
1763 4709 1882 4777 quis
1911 4709 2123 4774 tulerit,

586 4796 742 4848 talem
792 4813 912 4848 eum
962 4797 1177 4850 videbit.
1219 4798 1460 4850 Judicari
1504 4808 1550 4850 et
1587 4798 1796 4850 reddere
1845 4799 2124 4852 mercedem

582 4885 739 4934 scrcis
765 4884 864 4934 tuis
889 4885 1145 4951 prapltetis
1164 4925 1177 4947 ,
1208 4894 1254 4936 et
1277 4887 1487 4946 sanctis,
1519 4895 1565 4936 ct
1603 4886 1895 4937 timentibus
1942 4869 2126 4938 nomen

583 4983 727 5024 tuum
750 4971 952 5040 pusillis
971 5011 984 5035 ,
1010 4983 1057 5024 et
1086 4974 1303 5041 magnis.
1331 4973 1460 5025 Cum
1487 4973 1767 5040 Apostolus
1795 4974 1936 5026 dicat
1957 4975 2127 5042 gratia

585 5076 682 5113 nos
716 5061 969 5123 salvatus,
1010 5062 1274 5128 quomodo
1312 5062 1562 5117 Dominus
1591 5065 1676 5117 hic
1705 5066 2002 5138 mercedem
2050 5064 2128 5116 di-

585 5151 723 5201 citur
747 5150 1002 5202 reddere?
1026 5152 1306 5204 Sciendum
1339 5169 1466 5224 ergo
1505 5156 1628 5222 quia
1657 5169 1778 5206 cum
1809 5154 1947 5207 Deus
1993 5170 2129 5206 mer—

585 5237 766 5291 cedem
797 5238 964 5291 servis
991 5240 1102 5291 suis
1122 5239 1314 5301 reddit,
1338 5256 1431 5291 sua
1459 5241 1612 5292 in-eis
1637 5242 1772 5292 dona
1801 5246 2122 5292 remunerat.

586 5327 730 5394 Opus
767 5327 907 5378 enim
940 5328 1200 5378 mercedis
1227 5328 1421 5380 habere
1459 5329 1756 5396 nequimus,
1787 5329 1884 5380 nisi
1928 5332 1994 5381 ab
2040 5331 2128 5384 illo

589 5423 643 5465 nt
672 5430 1014 5481 operaremur
1051 5415 1461 5483 accepissemus.
1493 5416 1556 5467 Et
1602 5428 1722 5470 nota
1748 5418 1888 5485 quod
1934 5418 1984 5469 in
2011 5435 2129 5485 pro-

591 5504 867 5567 phetarum
900 5505 1111 5557 nomine
1137 5507 1358 5575 apostoli
1399 5506 1760 5572 designantur.
1790 5507 1992 5560 Interea
2016 5510 2127 5558 nul-

592 5592 671 5642 lus
705 5595 767 5646 de
794 5611 886 5648 sua
931 5594 1250 5664 perfectione
1295 5598 1533 5666 desperet
1565 5639 1576 5658 .
1621 5599 1660 5649 si
1695 5610 1867 5650 tanu-n
1898 5598 2127 5663 perlecta

2147 3087 2196 3147 C

2161 4400 2209 4457 D

2220 1892 2375 1936 vatus
2399 1894 2480 1937 est
2496 1883 2771 1948 Christus;
2799 1899 2916 1954 qua:
2935 1885 3114 1939 omnia
3135 1885 3259 1954 quia
3273 1887 3327 1939 in
3355 1885 3588 1941 Ecclesia
3612 1887 3770 1941 Chri-

2221 1980 2335 2024 stus
2357 1970 2543 2024 l‘ecisse
2569 1972 2910 2040 praedicatur,
2949 1971 3069 2026 ideo
3106 1972 3160 2026 in
3187 1973 3325 2027 cmlo
3364 1973 3617 2043 templum
3641 1991 3768 2044 ape-

2223 2060 2330 2113 rire
2369 2060 2582 2114 dicitur.
2629 2059 2768 2112 Area
2814 2061 3116 2114 testamenti
3159 2061 3393 2116 Ecclesia
3425 2075 3664 2128 vocatur,
3713 2064 3767 2118 in
3854 2069 3856 2071 ’

2223 2163 2325 2217 qua
2351 2150 2575 2204 duorum
2621 2149 3080 2203 Testamentorum
3121 2150 3294 2204 virtus
3324 2151 3492 2221 digito
3517 2153 3610 2206 Dei
3632 2153 3769 2206 scri-

2223 2245 2314 2305 pta
2360 2245 2445 2291 est
2474 2251 2490 2289 :
2516 2251 2635 2305 qua:
2686 2235 2840 2304 juxta
2879 2237 3035 2290 ﬁdem
3077 2237 3244 2293 Exodi
3269 2248 3500 2308 quatuor
3541 2240 3770 2294 circulos

2225 2340 2421 2379 aureos
2445 2324 2634 2387 habet,
2666 2324 2717 2378 in
2755 2325 2947 2392 quibus
2987 2335 3215 2393 quatuor
3236 2327 3478 2382 vectibus
3503 2336 3769 2398 portetur,

2225 2415 2276 2466 id
2295 2421 2377 2467 est
2402 2421 2629 2480 quatuor
2657 2411 2968 2482 Evangelia,
2999 2427 3096 2480 per
3133 2429 3254 2481 quae
3278 2429 3308 2466 a
3333 2415 3534 2468 sanctis
3576 2414 3770 2484 pradi-

2223 2502 2493 2557 catoribus
2520 2501 2842 2570 gubernatur
2866 2519 2878 2553 :
2912 2501 2964 2553 in
2992 2517 3096 2570 qua
3125 2512 3209 2556 est
3227 2517 3360 2554 urna
3386 2518 3548 2555 aurea
3577 2517 3767 2555 manna

2223 2589 2518 2650 continens,
2551 2588 2603 2642 id
2644 2597 2726 2643 est
2756 2588 2920 2641 divini
2951 2589 3096 2643 verbi
3142 2591 3401 2658 sapientia
3428 2607 3550 2644 cum
3576 2591 3770 2658 pabulo

2224 2678 2344 2732 vitae
2370 2697 2382 2730 :
2415 2693 2511 2732 nec
2531 2693 2636 2730 non
2663 2687 2718 2731 ct
2741 2678 2891 2746 virga
2922 2675 3117 2738 Aaron,
3147 2678 3200 2731 id
3227 2685 3309 2732 est
3336 2676 3647 2746 approbatio
3681 2691 3769 2732 re-

2223 2770 2355 2839 galis
2379 2770 2679 2824 sacerdotii.
2709 2769 2777 2820 Et
2811 2768 2951 2836 [acta
2995 2777 3113 2820 sunt
3138 2766 3371 2836 fulgura,
3417 2777 3466 2820 et
3508 2783 3676 2830 voces,
3720 2775 3770 2819 et

2223 2860 2473 2921 tonitrua,
2494 2868 2540 2911 et
2567 2868 2718 2911 terra:
2747 2867 2934 2920 motus,
2963 2867 3010 2910 et
3059 2857 3254 2926 grando
3298 2872 3508 2924 magna.
3540 2855 3770 2922 Fulgura

2222 2955 2345 2999 sunt
2378 2945 2751 3000 miraculorum
2772 2945 2944 3013 signa,
2978 2944 3172 3010 quibus
3191 2942 3450 3012 perculsae
3474 2942 3764 2996 inﬁdelium

2226 3044 2450 3096 mentes,
2480 3034 2762 3088 humilitati
2789 3047 2846 3086 se
2863 3031 3230 3086 subdiderunt.
3258 3030 3409 3086 Unde
3437 3031 3715 3085 Psalmista
3753 3049 3765 3081 :

2224 3123 2450 3192 Fulgura
2504 3121 2903 3190 multiplicabis,
2947 3128 3002 3173 et
3055 3120 3398 3175 conturbabis
3447 3135 3541 3174 eos
3597 3117 3768 3187 (Psal.

2224 3227 2356 3275 xvn,
2410 3212 2515 3280 ιδ).
2568 3211 2710 3265 Bene
2749 3219 2928 3264 autem
2965 3218 3084 3277 post
3123 3208 3330 3276 fulgura
3371 3223 3539 3269 voces,
3591 3207 3644 3260 id
3688 3216 3771 3259 est

2223 3302 2946 3371 pnc;licatores,pontmtur;
2978 3296 3100 3363 quia
3145 3294 3546 3363 praedicatores,
3595 3301 3656 3346 ut
3697 3293 3776 3347 Io-

2224 3389 2432 3456 quendo
2460 3386 2761 3442 incredulos
2781 3385 2847 3438 ad
2883 3382 3040 3437 ﬁdem
3063 3381 3434 3450 perducerent,
3461 3381 3610 3450 prius
3635 3393 3770 3435 nova

2227 3475 2482 3528 miracula
2520 3475 2892 3528 cxhibuerunt.
2925 3471 3051 3525 Post
3081 3470 3240 3523 verba
3270 3476 3446 3522 autem
3474 3475 3772 3536 sequuntur

2225 3565 2493 3626 tonitrua,
2535 3571 2594 3615 ut
2636 3560 2727 3629 qui
2771 3575 2929 3614 voces
2973 3559 3295 3626 despiciunt,
3341 3569 3545 3610 terrore
3588 3555 3772 3624 judicii

2225 3652 2547 3719 quatiantur.
2581 3648 2776 3702 Deinde
2819 3655 3171 3708 terminatus,
3224 3645 3278 3699 id
3321 3652 3405 3699 est
3439 3643 3769 3712 persecutio.

2225 3753 2343 3805 qua:
2387 3752 2484 3804 per
2525 3735 2835 3806 grandinem
2893 3734 3151 3801 signatur.
3198 3731 3348 3784 Sicut
3382 3731 3524 3783 enim
3569 3730 3774 3796 grando

2226 3826 2404 3895 fruges
2448 3834 2606 3879 tet-rte
2648 3812 3054 3877 comminuendo
3084 3819 3483 3881 comminuitur,
3531 3827 3583 3871 et
3632 3825 3772 3869 terra

2227 3914 2398 3967 denuo
2424 3910 2734 3973 fruetiﬁcat;
2782 3909 2860 3964 sic
2911 3907 3090 3962 furens
3121 3907 3272 3960 turba
3318 3905 3613 3975 gentilium,
3648 3904 3772 3956 dum

2229 4016 2419 4054 nomen
2470 3999 2563 4052 Dei
2593 3999 2658 4052 de
2687 4008 2827 4051 terra
2855 3996 3063 4050 auferre
3094 4003 3284 4048 conata
3322 4003 3425 4055 est,
3472 3993 3581 4059 ipsa
3605 3991 3668 4044 ad
3694 3991 3775 4043 ni-

2229 4091 2394 4144 hilum
2443 4089 2657 4142 redacta
2701 4093 2782 4139 cst
2806 4125 2821 4148 ,
2860 4093 2952 4138 aut
2991 4084 3194 4138 viribus
3235 4092 3330 4136 aut
3365 4079 3776 4135 comnmiatione

2231 4178 2284 4229 in
2322 4177 2528 4230 melius.
2580 4174 2766 4228 Plures
2793 4173 2934 4226 enim
2977 4173 3041 4226 de
3081 4173 3164 4226 his
3191 4171 3258 4225 ad
3287 4169 3444 4221 ﬁdem
3469 4166 3663 4221 Christi
3693 4180 3776 4222 re-

2231 4269 2459 4322 dierum.

2814 4329 3036 4387 CAPUT
3072 4330 3181 4382 XII.

2303 4445 2460 4497 Vens.
2491 4444 2539 4494 1.
2565 4471 2632 4481 —-
2655 4441 2722 4495 Et
2745 4443 2944 4510 signum
2974 4454 3215 4506 magnum
3257 4437 3496 4505 apparuit
3537 4436 3590 4488 in
3628 4434 3771 4498 caelo,

2230 4532 2414 4583 mulier
2435 4531 2624 4582 amicta
2655 4529 2783 4591 sole,
2823 4538 2870 4580 ct
2911 4526 3035 4577 luna
3060 4526 3152 4578 sub
3177 4523 3388 4592 pedibus
3427 4522 3560 4590 ejus.
3591 4519 3764 4576 Mulict

2229 4621 2421 4674 amicta
2451 4620 2560 4672 sole
2585 4620 2738 4672 beata
2775 4617 2924 4681 virgo
2950 4613 3113 4666 Maria
3146 4623 3248 4677 est,
3277 4612 3589 4666 obumbrata
3612 4610 3760 4663 Altis

2229 4710 2350 4763 simi
2386 4709 2598 4770 virtute,
2639 4709 2690 4761 in
2721 4721 2824 4774 qua
2871 4704 3031 4757 etiam
3069 4719 3252 4774 genus,
3295 4702 3347 4754 id
3392 4709 3475 4756 est
3517 4701 3772 4762 Ecclesia,

2230 4794 2568 4864 intelligitur;
2605 4808 2724 4862 quae
2761 4806 2866 4844 non
2904 4800 3122 4860 propter
3151 4789 3423 4843 mollitiem
3445 4789 3657 4843 mulier
3690 4788 3772 4840 di-

2229 4884 2383 4948 citur,
2423 4885 2515 4937 sed
2543 4883 2666 4950 quia
2692 4895 2855 4934 novos
2881 4882 3116 4949 quotidie
3135 4880 3355 4948 populos
3376 4881 3630 4950 parit,'ex
3659 4878 3774 4945 qui-

2229 4974 2329 5027 bus
2366 4971 2608 5041 generale
2646 4971 2843 5024 Christi
2879 4985 3072 5038 corpus
3117 4969 3495 5024 confarreatur.
3537 4967 3772 5021 Ecclesia

2232 5065 2410 5132 itaque
2435 5061 2545 5113 sole
2566 5061 2756 5114 amicta
2776 5068 2875 5118 est,
2897 5057 3048 5124 juxta
3076 5059 3204 5113 illud
3229 5077 3241 5112 :
3267 5058 3534 5124 Quotquot
3556 5057 3608 5109 in
3623 5055 3773 5109 Chri-

2233 5161 2310 5204 sto
2351 5149 2595 5216 baptizati
2623 5149 2764 5209 estis,
2804 5144 3063 5198 Christum
3106 5147 3346 5198 induistis
3374 5143 3512 5212 (Gal.
3554 5161 3632 5207 ιιι,
3661 5143 3770 5211 27).

2233 5241 2473 5292 Christus
2499 5249 2578 5291 est
2599 5238 2737 5290 enim
2760 5236 3091 5305 soljustitim,
3121 5245 3174 5288 et
3198 5236 3394 5289 candor
3415 5236 3542 5289 lucis
3569 5246 3773 5287 ceterum

2236 5329 2385 5398 (ευρ.
2414 5345 2508 5392 vn,
2537 5327 2645 5398 26).
2675 5325 2776 5381 Per
2799 5328 2976 5380 lunam
3004 5338 3150 5388 vero,
3179 5341 3294 5393 qtuc
3323 5342 3417 5393 per
3449 5326 3772 5376 incrementa

2237 5428 2527 5485 temporum
2555 5417 2749 5480 deﬁcit,
2798 5415 3124 5469 mutabilitas
3163 5416 3412 5484 temporis
3436 5413 3771 5490 exprimitur,

2235 5525 2389 5576 quant
2417 5508 2652 5562 Ecclesia
2680 5507 2803 5575 quia
2843 5505 3064 5573 despicit
3094 5507 3244 5572 quasi
3275 5506 3370 5556 sub
3403 5504 3621 5570 pedibus
3651 5518 3772 5570 pre-

2237 5598 2347 5649 mit.
2393 5599 2450 5650 Iit
2485 5606 2606 5650 nota
2638 5595 2757 5662 quia
2795 5604 2909 5645 :~nnt
2940 5594 3177 5660 quantum
3209 5593 3260 5644 in
3297 5593 3636 5658 sequentibus
3659 5605 3773 5660 qtnc
