4154 6236
327 412 331 415 .
383 374 516 425 1135

1129 365 1527 418 EXI‘JCETICA.
1564 392 1627 400 -—
1663 355 2008 416 COMMENT.
2052 354 2114 406 IN
2154 353 2434 405 APOCAL.
2478 383 2520 390 ν-
2581 351 2700 403 LIB.
2747 349 2805 401 Υ.

3441 349 3570 401 “iii

380 495 486 532 non
519 477 733 544 speciei,
765 475 857 528 sed
882 474 1062 543 generi
1091 473 1427 526 conveniunt.
1463 470 1524 522 lz't
1546 473 1599 522 iu
1626 470 1788 537 capite
1811 468 1920 534 ejus
1952 472 1995 524 Λ
2023 475 2104 514 tus
2141 474 2211 512 cst
2252 463 2341 512 tibi
2369 478 2493 529 puer
2519 461 2774 511 masculus
2805 459 3014 525 (Jercm.
3047 476 3136 520 λι,
3174 459 3277 520 lii).
3313 462 3572 511 (la'terutn

379 584 572 620 corona
601 565 868 618 stellarum
904 563 1191 615 duodecim.
1218 561 1504 615 Duodecim
1543 558 1706 610 stella:
1736 556 1928 623 quibus

380 671 577 711 corona
625 663 854 723 aptatur,
899 653 1175 708 duodecim
1220 658 1346 703 sunt
1389 648 1632 716 apostoli,
1670 661 1764 712 per
1795 658 1926 710 quos

376 744 552 814 primo
601 749 758 810 caput
804 740 1074 801 Ecclesiaz,
1119 732 1298 791 idest
1341 737 1603 795 Christus,
1648 734 1924 786 victoriam

382 829 692 899 reportavit.
742 828 918 881 Stellae
962 833 1138 879 autem
1181 832 1456 885 vocantur,
1511 821 1633 888 quia
1681 820 1928 872 tenebras

382 918 694 986 ignorantia:
722 916 859 969 ratio
903 914 1144 966 veritatis
1173 913 1420 964 illustrat.
1451 909 1632 976 (Vsus.
1659 906 1738 974 2.)
1767 903 1833 956 Et
1870 907 1926 956 in

382 1018 528 1060 utero
548 1006 738 1058 habens
759 1005 952 1058 clamat
972 1004 1282 1070 parturiens,
1306 1010 1353 1052 et
1372 1001 1641 1053 cruciatur
1661 1005 1711 1048 ut
1736 997 1924 1062 pariat.

382 1091 508 1146 Haec
545 1093 716 1144 beata:
741 1090 919 1142 Mariae
954 1088 1256 1155 specialiter
1290 1087 1458 1154 aptari
1504 1092 1791 1153 nequeunt,
1835 1082 1926 1135 sed

384 1178 635 1232 Ecclesia:
667 1192 808 1245 quas,
835 1177 960 1230 dum
998 1190 1089 1229 eos
1113 1190 1246 1243 quos
1272 1175 1381 1242 jam
1407 1180 1704 1241 pepererat,
1736 1171 1927 1224 iterum

384 1268 631 1334 parturit,
663 1265 948 1334 quamdam
988 1272 1170 1333 partus
1196 1262 1552 1316 diﬁicultatcm
1583 1261 1668 1312 hic
1694 1259 1920 1327 patitur;

385 1370 680 1425 quousque,
713 1355 863 1423 juxta
894 1353 1128 1420 Apostoli
1151 1367 1349 1413 vocem,
1377 1350 1564 1404 Omnes
1600 1364 1926 1401 occurramus

384 1451 440 1502 in
479 1451 646 1501 uirum
684 1447 960 1514 perfectum
1002 1445 1212 1514 (Ephes.
1257 1459 1330 1505 tv,
1378 1444 1486 1511 i5).
1515 1443 1693 1510 (Vens.
1738 1439 1814 1506 5.)
1861 1438 1928 1489 Et

387 1538 550 1590 uisum
585 1545 656 1587 cst
683 1534 824 1586 aliud
846 1533 1046 1600 signum
1074 1532 1128 1584 in
1157 1530 1311 1592 coelo;
1332 1539 1377 1582 et
1400 1546 1512 1581 ecce
1538 1529 1694 1579 draco
1717 1541 1929 1593 magnus

389 1625 535 1690 rufus
574 1622 763 1673 habens
802 1621 971 1687 capita
1014 1628 1220 1686 septem,
1249 1627 1298 1669 et
1339 1632 1531 1669 cornua
1569 1615 1759 1674 decem,
1801 1622 1847 1662 et
1876 1613 1929 1662 in

387 1709 638 1778 capitibus
683 1708 796 1760 suis
834 1715 1021 1774 septem
1065 1707 1378 1757 diademata.
1424 1703 1672 1755 Diabolus
1716 1711 1930 1768 propter

2026 550 2261 604 Ecclesia
2301 564 2405 600 non
2449 548 2829 607 olli-minatum,
2865 565 2966 600 non
3019 550 3296 601 remissum
3334 558 3571 615 generat.

2027 638 2128 702 Qui
2172 648 2400 690 recturus
2427 638 2531 689 erit
2570 649 2740 704 gentes
2781 639 2833 688 in
2876 640 3018 704 rirga
3061 639 3247 704 ferrea.
3277 637 3397 705 'Iloc
3432 649 3483 690 et
3509 639 3575 690 ad

2024 735 2201 793 caput,
2232 734 2286 777 et
2313 726 2378 776 ad
2407 739 2599 790 corpus
2645 725 2916 790 redigitur.
2962 723 3061 776 l‘cr
3084 725 3284 792 virgam
3317 726 3576 777 reciitmlo

2017 811 2236 879 justitizc
2275 812 2611 878 exprimitur.
2657 811 2804 863 [inde
2844 811 3118 864 l’salmista
3150 830 3161 862 :
3202 813 3357 880 Virga
3405 822 3570 875 recta,

2023 910 2078 953 et
2117 909 2323 953 camera.
2351 901 2487 964 Quid
2515 910 2596 953 est
2623 912 2797 953 autem
2836 903 2974 968 quod
3018 904 3262 954 subditur
3292 923 3301 954 :
3329 915 3572 972 tanquam

2008 1006 2110 1042 ras
2138 991 2284 1058 ﬁguli
2313 999 2655 1042 conterentur
2691 989 2869 1057 (Apoc.
2913 1007 2968 1049 ll,
2999 992 3124 1059 9.7)?
3158 993 3258 1045 nisi
3303 995 3422 1060 quia
3451 1009 3574 1045 cen-

2026 1094 2146 1131 sura
2172 1079 2392 1146 jnstitim
2413 1078 2666 1130 lutulenta
2692 1080 2742 1130 in
2767 1081 2991 1132 subditis
3017 1095 3175 1148 opera
3203 1090 3572 1146 conteruntur,

2025 1180 2081 1223 ut
2103 1171 2306 1222 ﬁantex
2331 1172 2466 1222 vasis
2494 1172 2978 1238 contemptibilibus
2999 1190 3119 1225 vasa
3142 1175 3356 1228 honoris
3378 1187 3429 1228 et
3453 1192 3574 1230 san—

2026 1261 2378 1313 ctiﬁcationis.
2408 1262 2659 1324 Quamvis
2688 1263 2850 1328 possit
2879 1264 2977 1314 hoc.
3010 1265 3167 1316 etiam
3207 1268 3272 1318 ad
3318 1269 3572 1333 reprohos

2026 1347 2223 1398 Christi
2250 1347 2452 1399 referri.
2485 1348 2549 1398 Et
2595 1359 2771 1415 raptus
2791 1360 2864 1400 est
2894 1349 3034 1416 filius
3075 1354 3187 1419 ejus
3229 1355 3295 1406 ad
3345 1355 3502 1407 Deum
3528 1367 3573 1406 ct

2028 1436 2095 1488 ad
2141 1439 2376 1488 thronum
2420 1439 2551 1504 ejus.
2598 1438 2706 1489 lloc
2749 1441 2905 1506 paulo
2938 1443 3180 1507 superius
3227 1444 3422 1495 dictum
3471 1455 3571 1494 est.

2030 1525 2211 1592 (Vitas.
2238 1526 2313 1587 6.)
2341 1527 2404 1577 Et
2429 1527 2615 1579 ntulier
2639 1529 2800 1595 fugiet
2843 1531 2895 1582 in
2936 1532 3283 1591 solitudinem,
3309 1533 3392 1582 ubi
3419 1534 3576 1586 habet

2029 1612 2193 1677 locum
2238 1624 2476 1680 paratum
2512 1632 2542 1665 a
2588 1615 2711 1680 Deo,
2755 1627 2807 1667 ut
2852 1618 2921 1666 ibi
2963 1629 3174 1684 pascant
3214 1621 3352 1671 illam
3398 1623 3574 1674 diebus
3636 1679 3638 1681 ι

2030 1701 2166 1752 mille
2195 1702 2425 1754 ducentis
2467 1705 2751 1770 sexaginta.
2796 1704 2904 1757 Hoc
2941 1716 3021 1757 cst
3050 1708 3319 1759 mulierem
3362 1710 3412 1761 in
3447 1711 3571 1762 soli-

388 1775 642 1851 malitiam
681 1796 870 1856 draco;
898 1799 1113 1860 propter
1139 1787 1581 1858 multiplicitatem
1621 1788 1927 1839 insidiarum
1959 1775 2004 1832 B
2035 1787 2263 1839 tudinem
2291 1787 2490 1854 fugere,
2524 1792 2660 1855 quod
2688 1792 2850 1842 ﬁlium
2881 1792 2993 1858 ejus
3023 1795 3086 1844 ad
3133 1796 3292 1847 Deum
3325 1799 3464 1863 rapi;
3498 1799 3574 1848 [ιι-

388 1897 643 1949 magnus;
670 1889 884 1948 propter
907 1879 1256 1936 homicidium
1274 1877 1422 1930 rufus
1453 1886 1687 1929 vocatur.
1715 1875 1770 1927 la
1797 1875 1931 1928 cmlo

387 1980 597 2032 autem,
625 1970 675 2021 id
695 1969 847 2021 estin
875 1967 1107 2020 Ecclesia
1139 1967 1366 2027 videtur,
1398 1981 1499 2017 non
1521 1979 1624 2031 quo
1645 1963 1929 2030 possideat,

388 2060 481 2113 sed
520 2057 643 2125 quia
683 2057 731 2108 ei
773 2056 1099 2108 adversatur.
1126 2053 1182 2105 in
1223 2053 1484 2119 capitibus
1518 2061 1571 2105 et
1603 2052 1653 2102 in
1683 2051 1931 2102 cornibus

389 2156 558 2200 totum
586 2145 700 2212 ejus
725 2158 943 2212 regnum
974 2141 1296 2202 ostenditur;
1325 2149 1570 2207 tanquam
1602 2147 1800 2204 septem
1839 2152 1929 2190 ca-

386 2237 499 2302 pita
543 2240 726 2284 contra
769 2241 968 2297 septem
1013 2229 1300 2288 Ecclesias,
1348 2238 1546 2295 septem
1588 2227 1803 2292 spiritus
1837 2241 1928 2277 ne-

387 2337 548 2390 quam
575 2329 760 2373 contra
798 2318 1155 2386 scptiformem
1191 2318 1432 2386 spiritum
1465 2317 1578 2379 Dei,
1607 2316 1786 2368 decem
1808 2330 1929 2366 cor-

390 2417 708 2467 nua.contra
737 2410 918 2462 decem
960 2416 1220 2477 praecepta
1251 2407 1380 2474 legis
1409 2406 1690 2459 venientia.
1735 2403 1838 2457 Sed
1869 2405 1931 2457 de

391 2499 475 2550 bis
501 2497 658 2548 latius
679 2497 732 2547 in
752 2496 1094 2561 sequentibus
1117 2495 1338 2548 dicetur.
1364 2491 1545 2563 (Vsus.
1574 2492 1649 2554 4.)
1681 2492 1744 2544 Et
1766 2492 1930 2544 cauda

386 2586 501 2653 ejus
529 2584 760 2636 trahebat
801 2584 999 2635 tertiam
1027 2591 1222 2650 partem
1251 2581 1515 2634 stellarum
1545 2580 1675 2643 cali,
1705 2589 1752 2631 et
1795 2580 1930 2631 misit

387 2687 478 2724 eas
501 2671 556 2721 in
586 2679 794 2722 terram.
825 2668 1000 2721 Cauda
1039 2668 1286 2721 draconis
1329 2675 1450 2720 sunt
1474 2667 1705 2733 perversi
1745 2665 1932 2732 prmdi-

389 2767 620 2820 careres,
660 2755 812 2822 juxta
857 2756 1025 2808 illud:
1060 2755 1313 2823 Propheta
1359 2755 1541 2806 docens
1588 2755 1930 2815 mendacium,

391 2846 499 2912 ipse
524 2843 689 2896 cauda
714 2853 787 2895 est
812 2841 944 2911 (Isa.
973 2859 1050 2905 ix,
1081 2842 1184 2911 15).
1225 2842 1328 2895 Εοε
1348 2842 1437 2910 qui
1464 2841 1591 2894 foris
1615 2843 1788 2895 studio
1813 2842 1932 2894 vita:

391 2928 624 2984 caelestis
664 2931 906 2982 videntur
946 2931 1229 2994 inbrerere,
1268 2945 1333 2982 ex
1374 2945 1553 2983 amore
1591 2939 1800 2983 terreno
1837 2945 1934 2998 per

395 3017 553 3069 falsos
601 3015 976 3085 praedicatores
1020 3017 1084 3069 ad
1134 3018 1302 3084 aperti
1354 3018 1550 3070 erroris
1598 3017 1927 3083 iniquitatem

2030 1875 2105 1941 git
2129 1875 2267 1926 enim
2297 1876 2551 1939 Ecclesia,
2578 1893 2682 1929 non
2703 1881 2984 1945 corporali,
3016 1883 3105 1932 sed
3136 1884 3356 1950 spiritali
3385 1900 3570 1938 ascen-

2030 1978 2110 2015 su.
2141 1963 2376 2016 Solitndo
2410 1975 2670 2017 secretum
2709 1977 2790 2019 est
2829 1971 3035 2021 tuentis.
3075 1970 3200 2023 Nam
3249 1975 3416 2025 sancti
3452 1975 3570 2036 viri,

2030 2058 2088 2100 ut
2124 2052 2383 2118 serpentis
2412 2067 2672 2105 venenum
2701 2057 2947 2116 evadant,
2991 2059 3192 2124 seipsos
3237 2061 3571 2115 solitudinem

2030 2134 2245 2196 faciunt,
2276 2141 2452 2190 omnia
2484 2142 2788 2193 transitoria
2815 2152 2867 2193 et
2895 2146 3123 2195 carnalia
3161 2147 3417 2199 desideria
3444 2165 3571 2202 con-

2032 2225 2330 2276 temnendo.
2382 2226 2447 2276 Et
2493 2236 2616 2279 nota
2665 2229 2806 2295 quod
2854 2232 3260 2296 praedicatomm
3313 2245 3393 2287 est
3440 2238 3575 2288 lianc.

2030 2309 2302 2362 mulierem
2331 2326 2565 2377 pascere.
2597 2313 2766 2368 Locus
2806 2327 2980 2369 autem
3031 2320 3117 2370 ubi
3165 2323 3417 2387 pascitur,
3466 2327 3574 2392 ipse

2029 2405 2111 2448 est
2148 2398 2230 2449 cui
2258 2399 2450 2452 dicitur
2479 2419 2490 2451 :
2526 2401 2650 2454 Esto
2696 2405 2818 2455 mihi
2842 2406 2894 2455 iu
2935 2405 3096 2459 Deum
3144 2421 3496 2476 protectorem,
3529 2426 3574 2468 et

2030 2486 2082 2536 in
2109 2486 2279 2538 locum
2306 2489 2490 2557 refugii
2517 2490 2682 2558 (Psal.
2715 2509 2837 2556 xxx,
2872 2497 2944 2562 3).
2977 2497 3088 2564 Ipse
3114 2508 3195 2550 est
3221 2511 3274 2552 et
3301 2503 3450 2555 cibus
3471 2520 3576 2570 quo

2031 2577 2282 2642 pascitur,
2313 2579 2399 2645 qui
2429 2580 2502 2631 ait
2526 2595 2539 2631 :
2572 2580 2680 2648 Ego
2700 2599 2811 2634 sum
2834 2571 2981 2650 prinis
3006 2587 3154 2639 vivus
3180 2587 3356 2656 (Joau.
3386 2607 3434 2651 v,
3462 2593 3570 2658 55).

2032 2662 2294 2717 Numerus
2326 2675 2501 2718 autem
2533 2669 2631 2721 iste
2660 2671 2860 2723 dierum
2893 2674 2969 2724 sic
3002 2683 3236 2742 tempora
3264 2678 3574 2733 Antichristi

2031 2751 2312 2818 signiﬁcat,
2342 2761 2400 2804 ut
2444 2763 2617 2808 tamen
2655 2772 2812 2811 omne
2854 2769 3061 2827 tempus
3095 2761 3217 2815 vita:
3243 2768 3516 2831 praesentis
3545 2784 3573 2820 a

2031 2838 2402 2904 prmdicationc
2444 2849 2496 2894 et
2541 2845 2785 2909 passione
2831 2844 3028 2899 Christi
3073 2861 3326 2903 assumat.
3380 2853 3574 2906 Eodem

2033 2929 2174 2982 enim
2219 2931 2422 2986 dierum
2474 2949 2694 2988 numero
2735 2938 3036 3006 evangelica
3081 2942 3377 3007 prtrdicatio
3409 2959 3438 2996 a
3471 2944 3574 2996 Do-

2034 3016 2177 3067 mino
2204 3017 2343 3069 edita
2375 3026 2471 3081 est,
2512 3035 2616 3086 quo
2642 3023 2692 3073 in
2730 3021 2833 3075 line
2860 3028 3297 3090 per‘novissiuios
3326 3031 3575 3095 praedica-

394 3083 619 3166 devolvi,
646 3106 709 3158 de
733 3107 923 3173 quibus
950 3105 1049 3158 Job
1091 3122 1103 3156 :
1132 3083 1492 3159 Obscurentur
1521 3105 1679 3158 stella:
1717 3105 1934 3173 caligine
1961 3083 2005 3142 (ἶ
2036 3108 2178 3154 tores
2203 3083 2554 3158 terminandai.

394 3193 506 3260 ejus
531 3193 669 3261 (Job.
699 3209 780 3255 ιιι,
808 3192 883 3261 9).
911 3192 1043 3256 Quia
1068 3207 1193 3245 vero
1222 3192 1386 3244 cauda
1419 3193 1536 3244 ﬁnis
1561 3200 1637 3244 est
1676 3192 1930 3258 corporis,

395 3286 570 3345 potest
611 3291 706 3345 per
753 3292 871 3330 eam
912 3278 1270 3352 Antichristus
1309 3279 1525 3345 ejusque
1568 3279 1936 3346 prmdicatores

397 3367 637 3434 intelligi,
683 3375 740 3419 ut
786 3367 1108 3433 prasteritum
1138 3361 1234 3432 prb
1283 3365 1458 3418 futuro
1503 3368 1841 3433 accipiamus.
1872 3367 1935 3418 Et

397 3468 581 3507 revera
626 3462 752 3508 tunc
794 3453 1121 3518 manifestior
1165 3439 1266 3507 erit
1308 3456 1493 3507 barum
1531 3455 1802 3507 stellarum
1846 3455 1935 3507 dc-

391 3541 574 3608 jectio.

468 3628 534 3680 Et
558 3629 714 3680 draco
754 3629 889 3681 stetit
933 3639 1050 3680 ante
1092 3629 1353 3682 mulierem
1385 3646 1500 3698 qua:
1536 3641 1644 3682 erat
1681 3632 1932 3698 paritura,

397 3725 455 3767 ut
484 3731 600 3767 cum
627 3717 896 3781 peperisset
936 3716 1101 3780 ﬁlium
1129 3717 1239 3781 ejus
1284 3717 1562 3769 devoraret.
1608 3717 1766 3770 Stetit
1813 3726 1935 3770 tunc

397 3805 559 3856 draco
605 3810 663 3853 ut
704 3811 882 3854 natum
933 3810 1090 3870 caput
1125 3802 1433 3870 deglutiret;
1481 3815 1586 3858 stat
1630 3820 1836 3873 semper
1880 3815 1937 3858 ut

399 3893 634 3944 membra
667 3892 854 3958 capitis
881 3890 1149 3957 deglutiat.
1176 3890 1297 3954 Sed,
1330 3899 1387 3943 ut
1413 3895 1686 3959 sequentia
1715 3896 1934 3947 demon-

399 3983 594 4038 strant,
625 3977 742 4029 ideo
766 3976 1005 4028 mulieris
1030 3977 1167 4030 ﬁlius
1194 3993 1426 4032 morsum
1465 3980 1709 4032 draconis
1747 3982 1932 4041 evasit,

397 4065 522 4131 quia
551 4065 615 4117 ad
645 4065 894 4116 thronum
918 4064 1091 4115 Patris
1121 4073 1301 4131 raptus
1330 4075 1430 4120 est.
1464 4067 1608 4121 Unde
1634 4069 1809 4136 gravis
1830 4068 1936 4121 ori-

399 4161 487 4204 tur
518 4152 760 4220 quaastio.
791 4151 969 4218 Neque
991 4151 1130 4204 enim
1157 4165 1278 4205 mox
1303 4163 1361 4206 nt
1387 4153 1628 4210 Christus
1653 4165 1806 4210 natus
1832 4165 1933 4219 est,

397 4245 452 4291 et
473 4240 539 4291 ab
553 4237 760 4292 Herode
777 4240 1046 4306 qumsitus,
1064 4239 1405 4307 corporaliter
1423 4245 1585 4298 coslos
1601 4247 1930 4311 conscendit;

2107 3190 2265 3243 Vens.
2299 3192 2349 3243 7.
2381 3193 2540 3246 -Ει
2588 3195 2781 3262 factum
2829 3209 2900 3250 est
2946 3202 3178 3267 pra'lium
3231 3221 3469 3272 magnum
3522 3210 3573 3260 in

2033 3276 2192 3340 caelo;
2223 3277 2443 3332 Michael
2470 3291 2516 3332 et
2539 3284 2705 3350 angeli
2743 3286 2855 3352 ejus
2897 3288 3265 3354 pra'liabantur
3307 3310 3421 3344 cum
3455 3296 3576 3345 dra—

2032 3383 2175 3430 cone,
2203 3378 2248 3419 et
2285 3368 2441 3421 draco
2468 3374 2725 3438 pugnabat
2755 3384 2801 3424 et
2832 3376 2998 3442 angeli
3032 3379 3162 3443 ejus.
3205 3380 3356 3432 Absit
3393 3398 3421 3433 a
3451 3383 3573 3435 ﬁde-

2035 3453 2161 3506 lium
2190 3455 2455 3518 cordibus,
2488 3467 2543 3509 ut
2566 3460 2665 3510 hoc
2692 3462 2925 3526 praelium
2957 3472 3078 3517 tunc
3115 3465 3307 3518 factum
3335 3472 3572 3534 credant,

2032 3544 2244 3610 quando
2269 3560 2364 3612 per
2393 3549 2689 3614 superbiam
2717 3552 2965 3619 antiquus
2992 3556 3157 3608 hostis
3183 3572 3301 3608 cum
3331 3552 3571 3612 satelliti-

2033 3629 2131 3682 bus
2152 3631 2260 3684 suis
2287 3634 2351 3686 de
2377 3634 2512 3686 cado
2536 3636 2743 3688 cecidit.
2769 3636 2872 3689 Sed
2904 3639 2969 3690 ab
2997 3640 3145 3691 initio
3173 3643 3292 3695 ﬁdei
3318 3646 3575 3699 Christia-

2035 3732 2114 3769 na:
2141 3734 2306 3785 usque
2331 3723 2396 3773 ad
2422 3724 2576 3776 tinem
2615 3726 2734 3778 vita!
2760 3729 3035 3793 praesentis
3065 3730 3176 3782 tieri
3206 3733 3317 3784 sine
3346 3735 3448 3786 ulla
3480 3738 3574 3788 du-

2033 3805 2286 3858 bitatione
2317 3811 2595 3862 tenendum
2629 3822 2739 3875 est;
2770 3816 2908 3880 quod
2939 3833 3002 3869 ex
3031 3833 3094 3869 eo
3123 3818 3373 3886 [δι-ξηαπ,
3403 3824 3570 3894 initio]

2036 3893 2087 3944 in
2115 3895 2268 3956 casio,
2304 3896 2351 3947 id
2389 3907 2469 3948 est
2496 3899 2546 3949 in
2577 3900 2810 3953 Ecclesia
2842 3903 2969 3969 (quo
2999 3908 3282 3972 apostolica
3313 3925 3440 3964 voce
3467 3893 3574 3966 cla;

2035 3990 2242 4034 utatur:
2270 3983 2390 4035 Non
2417 3995 2490 4037 est
2517 3988 2660 4040 nobis
2689 3989 2980 4042 colluctatio
3023 3995 3263 4048 adversus
3293 4015 3496 4052 carnem
3525 4013 3571 4053 et

2031 4071 2348 4134 sanguinem,
2376 4075 2463 4123 sed
2487 4085 2662 4126 contra
2685 4081 2937 4146 spiritalia
2960 4086 3195 4150 nequitia:
3218 4088 3270 4137 in
3292 4091 3571 4145 ca'lestibus

2034 4151 2242 4222 [Ephes.
2274 4170 2345 4217 vr,
2374 4157 2481 4227 12])
2514 4159 2675 4213 draco
2702 4163 2789 4215 ille
2825 4166 2873 4217 id
2911 4176 2994 4218 est
3018 4170 3258 4223 diabolus
3283 4190 3571 4245 repugnare

2033 4255 2239 4308 semper
2258 4253 2309 4296 et
2333 4246 2602 4299 adversari
2627 4253 2894 4314 probetur.
2920 4253 3068 4318 Quod
3093 4258 3135 4309 si
3160 4275 3256 4312 nas
3279 4278 3570 4331 pugnamus

400 4340 500 4378 nec
533 4324 646 4390 ejus
684 4328 920 4380 membra
948 4329 1065 4382 ideo
1088 4330 1330 4382 draconis
1357 4330 1542 4385 dentes
1573 4345 1776 4396 cavent,
1810 4337 1932 4403 quia
1962 4366 2012 4423 Β
2032 4339 2216 4382 contra
2255 4333 2387 4385 banc
2423 4338 2754 4400 sententiam,
2785 4355 2879 4392 cur
2926 4340 3144 4397 Michael
3174 4324 3404 4415 pugnare
3435 4353 3568 4406 dici-

398 4425 590 4479 corpus
618 4413 851 4466 funditus
871 4415 1173 4470 deserentes
1189 4418 1253 4470 ad
1270 4426 1424 4485 caput
1438 4433 1586 4471 suum
1603 4424 1929 4486 perveniunt.

399 4499 683 4575 Sciendum
709 4514 834 4567 ergo
859 4501 981 4566 quia
1012 4500 1142 4555 ﬁdes
1167 4513 1333 4567 recta,
1377 4519 1492 4572 quae
1525 4505 1646 4557 vita:
1672 4515 1932 4575 przecepta

397 4573 718 4641 conservans
745 4601 839 4654 per
867 4601 1045 4640 sacras
1086 4587 1476 4657 Scripturarum
1507 4593 1719 4660 paginas
1762 4573 1933 4646 decla-

399 4686 564 4736 ratur,
607 4690 856 4729 ascensus
880 4677 1073 4730 mentis
1115 4685 1196 4730 est
1238 4679 1305 4731 ad
1344 4679 1530 4740 Deum,
1556 4695 1660 4746 quo
1689 4678 1931 4734 draconis

399 4762 600 4817 malitia
631 4761 847 4815 vitatur.
883 4763 961 4816 Ac
985 4775 1080 4831 per
1120 4765 1218 4817 hoc
1257 4781 1360 4818 non
1385 4770 1729 4834 corporaliter
1750 4783 1933 4821 ascen-

396 4863 517 4904 sum
543 4850 687 4903 dicit.
721 4849 787 4903 Et
817 4857 946 4905 nota
985 4852 1124 4918 quod
1151 4868 1252 4906 non
1296 4864 1457 4917 retro,
1493 4857 1584 4908 sed
1627 4866 1747 4909 ante
1790 4866 1929 4909 stare

399 4936 504 4989 illis
543 4937 756 4999 dicitur,
808 4952 837 4988 a
878 4937 1068 5003 quibus
1116 4937 1230 5003 ejus
1274 4942 1478 4994 astutia:
1521 4929 1936 5010 cognoscuntur;

400 5022 580 5091 (Vens.
618 5023 693 5092 5.)
720 5023 787 5076 Et
810 5026 1000 5094 peperit
1020 5024 1184 5092 ﬁlium
1212 5027 1511 5082 masculum.
1541 5029 1626 5082 [lla
1661 5040 1817 5098 caput
1842 5045 1930 5098 pe-

398 5111 559 5181 perit,
594 5112 706 5164 baac
734 5115 969 5167 membra
996 5115 1184 5182 capitis
1208 5116 1388 5182 gignit.
1417 5116 1520 5170 Sed
1550 5135 1710 5187 quare
1738 5137 1932 5172 mascu-

398 5197 506 5250 lum
551 5197 767 5260 addidit,
815 5212 933 5251 cum
972 5203 1284 5267 praemiserit
1324 5204 1528 5270 ﬁlium?
1555 5207 1764 5261 Scilicet
1808 5209 1929 5276 quia

399 5283 568 5335 autin
610 5284 747 5336 bono
778 5283 972 5336 dicitur
1008 5301 1103 5352 pro
1142 5289 1448 5343 excellentia
1477 5292 1817 5356 fortitudinis,
1845 5304 1938 5348 aut

401 5366 456 5418 in
482 5365 618 5418 malo
654 5382 748 5436 pro
775 5369 1127 5425 immensitate
1159 5376 1389 5430 sceleris.
1421 5375 1566 5430 Sicut
1591 5379 1730 5432 enim
1757 5381 1842 5434 hic
1879 5382 1930 5434 in

399 5454 563 5516 bono,
601 5454 678 5507 sic
701 5471 796 5523 pro
824 5457 962 5511 malo
985 5460 1197 5526 ponitur
1225 5463 1276 5513 in
1301 5462 1522 5516 Jeremia
1551 5465 1755 5518 dicente
1779 5483 1792 5518 :
1818 5468 1933 5521 Ha-

399 5541 614 5594 ledictus
638 5541 816 5605 homo.
844 5548 931 5613 qui
957 5549 1274 5601 annuntiaeit
1304 5555 1440 5617 patri
1461 5569 1570 5604 meo
1607 5554 1796 5618 dicens,
1823 5556 1934 5607 Na-

2038 4417 2156 4467 tur?
2180 4417 2507 4488 Quapropter
2531 4425 2816 4488 sciendum,
2845 4436 2900 4479 et
2922 4439 3154 4485 nostrum
3190 4444 3242 4488 et
3265 4439 3567 4506 angelorum

2035 4512 2301 4557 certamen
2328 4519 2508 4562 contra
2538 4513 2800 4566 diabolum
2835 4532 2968 4581 esse,
2993 4521 3150 4573 etiam
3174 4524 3224 4574 in
3252 4528 3431 4581 multis
3454 4529 3570 4583 aliis

1989 4625 1992 4628 -
2037 4593 2164 4646 locis
2187 4597 2409 4648 ostendi.
2443 4597 2572 4651 Nam
2608 4605 2848 4667 quamvis
2877 4606 3063 4660 Petrus
3104 4610 3297 4664 dixerit
3327 4615 3460 4668 :Cui
3491 4636 3569 4670 re—

2033 4684 2193 4734 sistite
2223 4683 2374 4750 fortes
2403 4686 2460 4735 in
2486 4687 2586 4751 [ide
2613 4689 2664 4756 (1
2674 4689 2697 4739 Ι
2725 4688 2863 4744 Petr.
2895 4709 2943 4754 v,
2978 4696 3059 4762 9);
3110 4708 3164 4750 et
3195 4698 3453 4756 Jacobus:
3487 4723 3565 4757 re-

2033 4771 2195 4859 sistite
2220 4771 2440 4834 diabolo,
2459 4783 2506 4824 et
2535 4776 2693 4843 fugiet
2723 4797 2754 4830 a
2789 4782 2924 4834 vobis
2951 4785 3150 4850 (Jacob.
3183 4806 3254 4851 tv,
3278 4791 3360 4859 7);
3392 4801 3564 4847 tamen

2033 4857 2134 4910 hoc
2161 4860 2332 4926 ipsum
2360 4875 2454 4926 per
2480 4865 2690 4930 angelos
2720 4867 2830 4922 ﬁeri
2859 4872 3021 4925 David
3051 4875 3281 4931 declarat
3304 4857 3523 4936 dicendo
3549 4903 3561 4936 τ

2033 4941 2275 4998 Immittet
2303 4947 2510 5015 angelus
2543 4950 2748 5006 Domini
2769 4957 2823 5007 in
2861 4959 3077 5012 circuitu
3105 4965 3386 5018 timentium
3425 4984 3561 5036 em,

2031 5040 2076 5084 et
2102 5033 2274 5100 eripiet
2310 5051 2393 5087 eos
2432 5034 2598 5104 (Psal.
2644 5057 2724 5105 Ill,
2764 5044 2835 5110 8).
2865 5043 2920 5095 in
2947 5048 3138 5116 quibus
3182 5033 3565 5120 exemplaribus

2032 5124 2321 5175 ostenditur
2348 5125 2466 5190 quia
2497 5141 2594 5181 nec
2628 5145 2724 5183 nos
2748 5131 2861 5183 sine
2902 5135 3226 5203 angelorum,
3258 5157 3353 5196 nec
3393 5148 3564 5215 angeli

2032 5209 2145 5263 sine
2173 5221 2351 5264 nostro
2375 5212 2616 5269 conﬂictu
2638 5218 2907 5273 dimicant.
2939 5225 3119 5292 Ληρειί
3139 5238 3312 5284 autem
3345 5209 3565 5287 Michael

2032 5308 2133 5346 non
2170 5297 2285 5350 ideo
2314 5297 2580 5364 dicuntur,
2606 5303 2744 5369 quod
2772 5304 2883 5372 ipse
2903 5323 3011 5369 eos,
3035 5310 3185 5375 juxta
3217 5319 3565 5380 quorumdam

2031 5382 2396 5438 haereticorum
2446 5389 2734 5454 perﬁdiam,
2782 5397 3070 5460 creaverit;
3118 5401 3211 5453 sed
3255 5405 3376 5470 quia
3417 5421 3506 5460 eos
3533 5423 3564 5461 ι

2032 5469 2138 5522 Deo
2174 5473 2225 5523 in
2254 5473 2572 5539 adjutorium
2609 5482 2898 5547 acceperit;
2931 5485 3010 5536 vel
3037 5488 3159 5550 quia
3191 5469 3286 5542 sub
3312 5507 3413 5544 uno
3445 5509 3565 5562 rege

2031 5567 2081 5609 et
2106 5575 2167 5611 ex
2197 5576 2298 5613 una
2327 5563 2538 5618 civitate
2568 5568 2796 5623 militare
2835 5573 3118 5625 creduntur
3145 5595 3154 5605 -
3191 5580 3326 5634 sicut
3370 5593 3421 5634 et
3445 5587 3562 5636 dra-
