1931 3076
356 120 366 133 Ι

212 142 248 176 59
708 145 738 175 S.
758 143 970 176 NICEPHORI
986 144 1242 179 PATRIARClLE
1265 143 1319 173 ΕΡ.
1811 139 1843 172 θθ

213 199 301 227 eticus
317 198 490 234 syllogismus
502 206 532 227 ea
544 206 603 234 qua:
617 199 744 226 videntur
756 200 868 234 verique
880 201 998 233 speciem

1056 198 1120 233 ὕλην
1140 199 1168 225 δὲ
1184 199 1244 224 τίνα
1260 197 1442 233 λαμῦέινουσι,
1463 196 1551 232 μίξεις
1568 203 1598 222 τε
1613 191 1661 222 xui.
1676 194 1840 230 συμπλοκάς·

213 244 316 273 habent
330 245 487 277 concludat,
502 249 530 272 et
550 252 672 279 quamam
690 246 787 272 horum
810 246 846 273 sit
863 246 1001 278 reductio;

214 298 296 325 quam
314 292 503 318 necessitatem
519 292 715 320 demonstratio
728 293 838 325 habeat,
852 296 881 319 ιιι
895 300 908 318 a
926 293 1002 319 dete-

215 335 334 362 rioribus
348 340 438 369 captet
452 336 612 369 veritatem;
630 344 689 370 quae
706 336 801 363 horttut
823 337 1001 371 problemata.

215 388 274 414 qua:
285 380 433 413 axiomata,
444 389 503 415 quae
515 382 763 409 axiomatissimilia
773 391 780 413 ;
791 390 913 417 quzenam
921 388 1003 410 matc-

216 426 293 457 riam,
304 426 445 454 mistiones
456 434 486 454 ac
496 428 700 462 complexiones
710 429 862 461 recipiant;
876 436 1000 463 quruam

213 472 299 507 prima
315 473 487 507 physicorum
506 473 638 508 principia
661 474 700 501 sic
713 475 934 501 utdcmonsttari
952 483 1004 502 non

213 519 317 551 possint
329 528 335 546 :
346 527 406 553 qum
422 519 500 552 quies
516 519 568 552 sit;
580 524 645 553 quot
660 521 748 547 modis
762 521 870 547 dicatur
885 521 954 548 idem
972 529 1004 548 ac

214 565 367 597 diversum;
386 565 442 596 tibi,
463 565 496 592 ad
512 566 586 600 quid,
602 567 748 600 quomodo,
771 567 891 601 quando,
914 567 1002 593 cunti-

216 616 320 636 nunsve
337 609 534 643 principiorum
550 617 706 644 processus,
719 618 752 636 an
765 618 830 637 vero
846 618 898 637 non
909 610 1004 636 turmi-

214 657 294 680 netur
319 654 352 680 ad
381 655 559 688 c0ntinuum;
585 655 646 690 quis
662 659 761 687 motor,
781 663 840 689 qua:
858 655 899 681 vis
923 661 1003 688 orga-

214 699 286 731 nica,
299 707 357 733 quae
370 700 407 726 vis
423 700 564 734 genitalis;
578 700 642 734 quid
655 701 796 735 praevium,
809 701 873 735 quid
887 701 913 727 id
932 700 1003 735 quod

213 745 341 772 eductum
355 751 406 775 est.
428 750 521 780 etquo
536 747 623 773 medio
636 755 642 779 ;
655 747 786 781 qudquid
804 752 907 782 vergat,
925 755 1005 781 spon-

1057 244 1128 276 τίνες
1143 253 1172 270 τε
1189 244 1295 279 πρῶται
1312 244 1366 270 τῶν
1387 242 1510 278 φυσικῶν
1529 242 1613 277 ἀρχαὶ
1634 241 1683 267 καὶ
1705 240 1764 272 πῶς
1785 241 1844 267 ἀνα-

1057 291 1203 317 πόδεικτοι·
1217 290 1283 325 τίςή
1296 289 1407 321 στάσις,
1420 290 1436 324 ὴ
1451 288 1585 323 ταυτότης
1595 287 1624 314 δὲ
1638 286 1775 322 ποσαχῶς,
1790 287 1844 312 ἑτε-

1059 337 1140 373 ρότης
1156 337 1184 365 δὲ
1199 337 1262 368 ποῦ,
1279 337 1326 364 καὶ
1339 336 1408 372 πρὸς
1421 335 1447 361 τί
1464 336 1511 362 καὶ
1525 334 1595 366 πῶς,
1613 334 1660 360 καὶ
1685 333 1751 359 πότε
1765 341 1770 348 ·
1787 339 1845 357 συν-

1056 383 1123 418 εχὴς
1136 382 1164 409 δὲ
1176 380 1231 417 ἆρα
1246 382 1300 408 τῶν
1312 381 1404 417 ἀρχῶν
1419 382 1436 416 ἡ
1451 380 1576 416 πρὸοδος,
1593 380 1640 406 καὶ
1655 378 1724 414 πρὸς
1741 378 1771 404 τδ
1785 386 1840 403 συν-

1056 426 1117 461 εχὲς
1126 427 1175 461 οὐχ
1189 425 1322 461 ὁρίζεται·
1339 426 1381 456 τίς
1391 426 1404 451 ὁ
1418 425 1544 460 κινήσας,
1562 424 1637 449 ποῖον
1652 421 1806 457 ὀργανικὸν,
1819 422 1842 447 τί

1059 472 1089 499 τὸ
1106 472 1228 507 γόνιμον·
1245 472 1274 498 τὸ
1289 471 1468 507 προοδεῦσαν.
1484 471 1530 497 καὶ
1545 471 1620 496 ποῖον
1636 467 1842 504 ἐκπυρηνισθὲν,

1059 519 1106 544 καὶ
1129 518 1175 544 διὰ
1191 518 1281 549 τίνος,
1301 517 1348 544 καὶ
1366 517 1430 552 περὶ
1451 516 1478 542 τί
1502 515 1625 542 συννεύει
1644 514 1717 541 κατὰ
1732 514 1842 549 αἵρεσιν,

1057 563 1128 591 κατὰ
1144 563 1204 598 βίαν
1217 563 1245 589 δὲ
1257 562 1311 598 ἆρα
1321 571 1327 576 ·
1343 563 1370 589 τί
1385 563 1416 589 τὸ
1429 561 1598 597 συγκρατοῦν
1618 560 1668 592 τὶς
1685 560 1842 594 ποιότητας·

1057 609 1088 634 ἐκ
1109 608 1187 640 ποίας
1203 607 1232 634 δὲ
1253 607 1341 634 ταῦτά
1365 616 1447 642 φασιν
1463 608 1563 633 ἐκεῖνοι
1579 606 1746 642 στερήσεως,
1769 605 1811 632 καὶ
1826 606 1842 639 ἡ

1058 654 1089 680 ὲκ
1104 653 1151 679 τοῦ
1170 654 1280 689 μηδαμῆ
1296 654 1430 689 μηδαμῶς
1443 662 1450 669 ·
1468 653 1515 680 καὶ
1532 654 1607 684 ὅπως
1621 654 1661 684 είς
1679 652 1785 686 γένεσιν
1800 652 1844 678 καὶ

1057 700 1186 727 οὐσίωσιν
1200 700 1229 731 ἐξ
1245 701 1376 726 ἐναντίων
1392 699 1546 731 ἐλαύνεται,
1561 700 1636 730 ὅπως
1651 699 1679 726 δὲ
1694 699 1774 726 πάλιν
1789 699 1842 729 τοῖς

1060 746 1192 777 ἐναντίοις
1209 745 1373 780 ἀφανίζεται
1392 745 1439 772 καὶ
1459 745 1670 780 συμφθείρεται.

215 793 275 817 tene
293 799 326 817 an
352 791 500 818 violentia?
525 791 588 825 quid
615 793 761 827 qualitates
790 794 937 824 contineat,
965 800 998 819 ex
1019 799 1137 826 quanam
1153 792 1210 819 haec
1244 799 1306 818 esse
1320 791 1474 825 privatione
1506 791 1643 821 dicantur,
1667 794 1695 817 et
1709 797 1742 816 an
1760 797 1789 816 ex
1802 789 1843 816 ni-

215 836 270 864 bilo
297 845 408 872 prorsus
440 839 508 866 nihil
537 840 602 872 (iat;
629 848 688 874 qum
720 845 748 867 et
776 842 912 875 quomodo
932 848 964 868 ex
997 839 1144 867 contrariis
1174 844 1263 867 ortum
1297 839 1416 868 habeant
1460 846 1492 866 ac
1523 838 1693 871 essentiam;
1723 842 1751 864 et.
1779 845 1842 872 quo-

213 885 294 912 modo
309 885 408 912 iterum
433 887 578 914 contrariis
594 886 769 915 destruantur
784 889 941 922 pariterque
959 887 1106 914 intereant.

249 930 294 958 Π.
315 930 378 959 [Lee
393 936 475 967 atque
497 933 555 967 ejus
579 935 688 968 generis
710 934 774 967 alia,
795 935 886 970 sagaci
909 939 1000 961 tuente
1018 938 1038 965 Β

212 983 372 1011 summaque
386 978 537 1013 vigilantia,
556 980 645 1014 quoad
658 979 748 1012 licuit,
767 981 893 1012 rimatus,
909 985 1003 1008 extre-

182 1033 186 1036 ·
213 1022 318 1057 misquc
329 1024 412 1051 labris
421 1032 515 1052 eorum
526 1025 644 1052 utilitate
653 1030 773 1061 gustata,
782 1025 1001 1054 laudatissimum

210 1068 320 1096 colebat
331 1069 481 1103 silentium,
492 1070 572 1105 inque
583 1071 682 1098 ccelum
696 1072 894 1100 subvehentem
905 1079 1002 1100 sensus

212 1115 388 1149 modestiam,
411 1116 438 1143 id
464 1122 517 1149 est,
546 1117 725 1146 humilitatem
754 1118 913 1146 exhibebat.
946 1117 1001 1144 Viri

210 1161 286 1187 enim
299 1161 420 1195 perfecta
431 1162 544 1190 scientia
556 1167 608 1196 est,
625 1168 653 1190 ut
665 1163 734 1198 grati
750 1164 834 1191 animi
849 1171 929 1192 sensu
941 1171 1003 1199 per—

212 1206 312 1233 lectam
328 1208 512 1242 cognitionem
535 1203 595 1236 'Deo
616 1209 748 1241 ascribat,
765 1210 891 1244 sciatque
905 1217 935 1237 se
949 1210 1001 1237 mi-

211 1251 287 1279 nime
302 1261 345 1280 res
355 1254 606 1287 comprehendisse,
616 1260 645 1281 ut
658 1255 711 1282 illae
722 1260 786 1282 sunt
798 1256 948 1283 secundum
963 1263 1003 1283 es-

211 1295 341 1323 sentiam.
361 1297 407 1323 Sie
428 1296 528 1324 indolis
553 1298 576 1324 vi
599 1298 739 1333 animique
763 1300 945 1334 propensione
969 1308 1002 1328 ac

212 1340 311 1368 divinae
321 1349 372 1374 ope
389 1344 483 1376 gratia
499 1343 704 1378 disciplinarum
717 1345 860 1372 scientiam
878 1346 1001 1380 adeptus,

211 1386 281 1414 nihil
298 1388 390 1415 minus
403 1389 437 1416 ad
454 1397 534 1417 veras
557 1392 672 1417 virtutes
695 1392 809 1424 gradum
827 1391 918 1420 facere
934 1401 1002 1420 con-

212 1433 350 1461 tendebat.
370 1434 445 1462 llaud
464 1436 537 1462 enim
553 1444 630 1463 suam
648 1437 677 1464 in
695 1437 748 1464 illis
764 1439 906 1472 probatam
936 1447 1002 1474 ope-

213 1486 282 1511 ram,
299 1479 351 1506 sibi
367 1481 399 1507 ad
413 1481 537 1508 virtutem
549 1482 719 1510 incoutmodo
740 1483 799 1511 fore
819 1485 1000 1519 existimavit;

214 1524 278 1558 quin
293 1530 354 1559 apta
368 1526 409 1552 via
424 1526 548 1560 serieque
564 1535 640 1560 usus,
655 1536 752 1564 magno
763 1537 822 1557 Sese
837 1531 870 1557 ad
889 1537 1003 1566 utraque

212 1571 378 1598 extendebat
391 1571 525 1606 profectu,
543 1573 570 1600 in
581 1574 704 1609 utrisque
718 1575 911 1609 perfectionem
926 1585 1002 1604 sunt-

214 1622 285 1641 mam
303 1616 429 1650 adeptus.

251 1660 296 1689 18.
317 1661 498 1690 Abstinentite
513 1668 540 1691 et
561 1665 684 1692 ciborum
700 1666 825 1700 parcitati
839 1667 998 1695 castitatem

211 1711 319 1734 naturae
333 1709 501 1736 contrariam
515 1710 633 1743 socians,
649 1710 791 1738 eilrenium
807 1713 947 1740 libidinum
961 1713 1003 1741 in-

213 1758 354 1786 gruentent
372 1755 475 1782 ventris
488 1756 619 1784 umbilico
629 1762 761 1785 tumorem
772 1758 925 1786 collidebat.
937 1759 1002 1787 0m-

214 1798 240 1825 ni
253 1798 288 1826 ab
301 1798 340 1825 ira
353 1800 478 1827 sedatum
492 1801 613 1828 animum
633 1803 724 1830 innata
740 1804 866 1831 obtinens
879 1805 1000 1839 lenitate,

213 1845 320 1872 cunctis
337 1853 367 1873 se
387 1845 518 1874 blandum
535 1853 617 1883 atque
640 1856 750 1876 suavem
765 1851 922 1884 exhibebat,
941 1853 1001 1879 vul-

214 1895 256 1918 tus
271 1890 396 1918 iracundi
422 1893 514 1927 specie
531 1894 684 1929 proﬂigata.
700 1895 759 1923 Non
776 1897 848 1923 enim
871 1897 907 1924 illi
924 1898 1002 1925 furor

208 1937 361 1965 set-nmium
389 1938 593 1967 similitudinem
623 1942 777 1976 serpentis;
804 1943 830 1970 in
854 1944 1001 1971 draconem

212 1987 330 2015 tantum,
342 1985 389 2018 qui
405 1985 478 2011 solus
492 1985 570 2013 nobis
587 1986 672 2014 ruinae
688 1992 783 2014 auctor
799 1989 915 2022 exstitit,
930 1995 1001 2017 totus

212 2028 360 2056 ferebatur.
376 2030 556 2058 Pecuniarum
585 2038 783 2067 contemptum,
808 2043 862 2070 quo
878 2037 911 2063 ad
939 2037 1001 2064 vitae

209 2073 341 2107 spiritalis
373 2077 533 2111 compendia
563 2077 689 2105 homines
719 2085 920 2114 pra‘pztrantur,
947 2090 1000 2109 non

209 2126 288 2146 more
301 2119 395 2154 Cynici
415 2122 486 2149 illius
505 2122 657 2158 philosophi
685 2126 850 2154 recondebat
866 2127 893 2154 in
910 2128 999 2162 dolio;

208 2164 258 2191 scd
271 2164 329 2200 jugi
354 2166 380 2192 in
394 2174 526 2201 pauperes
540 2170 709 2203 erogatione,
726 2172 894 2200 monstrabat
908 2175 1001 2201 animo

208 2210 300 2238 datiori
324 2219 353 2238 se
369 2213 499 2246 pecunias
521 2221 661 2248 spernere,
688 2221 713 2243 et
734 2224 794 2244 eam
810 2226 862 2253 qua
880 2219 931 2247 illa:
950 2228 1000 2254 pa-

209 2261 307 2283 rantur
325 2257 394 2283 viam
412 2257 559 2286 declinare.
573 2259 730 2294 Opportune
747 2263 819 2290 enim
837 2271 895 2290 eam
919 2266 1000 2292 virtu-

211 2302 248 2328 tis
263 2302 377 2336 adeptus
403 2311 549 2336 summam,
569 2310 598 2332 ιιι
615 2308 806 2335 ostentationis
826 2311 914 2344 gratia
931 2311 1000 2339 nihil

210 2347 323 2381 faceret,
341 2356 428 2383 eaque
444 2355 520 2383 parte
537 2353 703 2380 conscientia
728 2354 925 2389 imperturbata
942 2358 1001 2391 pol-

211 2395 280 2426 lens,
311 2402 364 2422 nott
389 2397 469 2423 modo
493 2397 632 2425 dexteram
658 2399 691 2426 ad
719 2400 898 2434 eleemosyntc
918 2410 999 2436 opera

211 2441 374 2472 instruebat,
393 2442 439 2468 sed
455 2443 537 2470 etiam
554 2445 672 2472 sinistra:
696 2445 754 2479 eius
771 2447 891 2474 notitiam
912 2449 999 2476 [iden-

210 2494 253 2515 ter
263 2489 466 2516 coneredebat:
487 2490 588 2524 quippe
605 2491 651 2524 qui
678 2499 710 2517 eo
728 2499 757 2518 se
771 2493 952 2526 provexisset,
970 2499 998 2521 ιιι

209 2534 373 2562 insatiabilis
388 2534 468 2569 lnijus
479 2536 650 2571 tegritudinis
665 2537 771 2565 aﬂ'cctio
787 2539 857 2565 nulla
873 2539 996 2566 titillaret

210 2579 342 2606 animum.

246 2625 289 2652 l9.
310 2625 494 2659 Quamobrem
517 2628 666 2655 secundum
682 2629 829 2657 violentam
851 2630 996 2664 impurato-

209 2679 268 2699 ruut
281 2672 433 2707 jussiouem
451 2675 562 2702 tuaximi
578 2676 649 2711 regia
668 2676 694 2702 in
713 2676 780 2703 urbe
793 2676 935 2710 hospitals
952 2685 998 2704 cu-

210 2725 328 2747 ratorem
345 2729 426 2756 agere
442 2729 503 2749 eum
523 2722 614 2749 divina
639 2722 727 2757 gratia
744 2722 827 2750 voluit
842 2742 848 2754 ,
869 2727 897 2749 ut
920 2730 951 2749 ea
970 2731 999 2750 re

210 2775 240 2792 ac
248 2765 387 2794 iunctione
397 2768 482 2802 ipsum
497 2776 585 2802 prmpa
591 2773 663 2794 rnrct
675 2776 682 2800 ς
692 2769 746 2800 cui,
760 2772 788 2795 ut
800 2769 888 2795 verbo
895 2769 996 2800 dicam,

210 2813 340 2844 peculiari
357 2814 473 2848 quadam
494 2813 731 2841 administratione
746 2814 887 2841 catholica:
904 2814 998 2842 Eccle-

211 2857 262 2886 sia:
273 2859 497 2893 gubernationem
512 2863 570 2887 erat
585 2859 801 2888 concrediturus.
818 2859 915 2888 Verum
929 2861 997 2895 ha’c,

1089 932 1131 964 ιζ’.
1152 932 1245 959 Ταῦτα
1262 932 1309 959 xu“.
1325 931 1440 959 τοιαῦτα
1467 933 1590 968 προσοχῇ
1615 931 1675 964 νοὸς
1697 931 1745 958 καὶ
1768 931 1845 966 νήψει

1053 978 1144 1014 τελεία
1159 979 1231 1006 κατὰ
1244 978 1275 1005 τὸ
1300 978 1413 1004 δυνατὸν
1435 977 1584 1011 ἐξετάσας,
1601 977 1650 1004 καὶ
1675 977 1725 1012 τῆς
1742 977 1845 1004 τούτων

1053 1024 1186 1059 ὠφελείας
1199 1024 1277 1059 ἄκρῳ
1293 1023 1418 1058 δακτύλῳ
1434 1024 1608 1058 γευσάμενος
1622 1023 1792 1058 ἐφιλοσόφει,
1803 1031 1845 1049 σι-

1052 1070 1105 1104 γήν
1117 1078 1147 1095 τε
1162 1069 1364 1104 πολυῢμνητον,
1382 1069 1430 1095 καὶ
1447 1068 1516 1103 πρὸς
1532 1067 1648 1104 οὐρανὸν
1665 1067 1785 1102 uocum
1799 1075 1847 1094 τα-

1053 1115 1182 1141 πείνωσιν
1197 1114 1382 1141 ἐπεδείκνυτο.
1398 1114 1495 1140 Τελεία
1508 1114 1562 1148 γὰρ
1577 1113 1678 1147 γνῶσις
1696 1113 1802 1149 ἀνδρδς,
1816 1113 1846 1140 τδ

1052 1159 1102 1195 τὴν
1126 1160 1232 1187 τελείαν
1257 1159 1410 1195 κατάληψιν
1435 1159 1606 1194 εὐχαρίστως
1631 1159 1784 1186 ἀποδιδόναι
1808 1159 1847 1195 τῷ

1053 1206 1212 1241 Κρείττονι,
1226 1206 1274 1233 καὶ
1288 1205 1445 1240 γινώσκειν,
1464 1206 1504 1232 ὅτι
1521 1205 1556 1232 τὰ
1578 1205 1614 1241 μὴ
1633 1205 1709 1238 ὄντα,
1725 1206 1763 1236 ὡς
1778 1205 1847 1232 αὐτὰ

1054 1253 1114 1278 κατ’
1128 1252 1224 1278 οὐσίαν
1240 1252 1310 1284 ἐστὶ,
1330 1251 1506 1286 κατείληφεν.
1521 1250 1599 1278 Οὕτω
1610 1250 1718 1286 φύσεως
1732 1250 1846 1286 δυνάμει

1053 1297 1101 1323 καὶ
1119 1297 1232 1332 γνώμης
1248 1296 1375 1331 βουλήσει
1389 1316 1396 1328 ,
1413 1297 1460 1323 καὶ
1475 1297 1586 1332 χάριτος
1608 1297 1747 1324 ἐπινεύσει
1771 1296 1846 1328 Θείας

1053 1343 1082 1369 ὲν
1099 1342 1243 1377 περιλήψει
1259 1341 1312 1368 τῶν
1331 1341 1500 1376 μαθημάτων
1516 1341 1673 1376 γενόμενος,
1693 1341 1761 1377 πρὸς
1787 1342 1848 1368 ἐπίο

1055 1388 1133 1414 Eua-tv
1152 1387 1206 1415 τῶν
1219 1387 1301 1414 θείων
1313 1387 1419 1422 ἀρετῶν
1431 1387 1479 1422 οὐχ
1493 1383 1576 1422 ἦττον
1591 1387 1721 1422 ὑπήγετο.
1740 1387 1778 1414 Οὐ
1793 1386 1848 1422 γὰρ

1054 1435 1145 1471 ἔκρινε
1161 1434 1190 1461 τδ
1206 1436 1234 1462 ὲν
1250 1434 1367 1466 ἐκείνοις
1385 1434 1529 1468 εὐδόκιμον
1540 1453 1547 1466 ,
1571 1434 1639 1469 πρὸς
1659 1433 1760 1469 ἀρετὴν
1773 1432 1847 1468 αὑτῴ

1053 1481 1179 1515 γενέσθαι
1203 1481 1344 1516 ἐμπὸδιον·
1371 1480 1429 1507 ἀλλ’
1449 1480 1501 1516 ὁδῷ
1523 1479 1683 1515 καταλλήλῳ
1701 1480 1749 1506 καὶ
1770 1479 1847 1512 τάξει

1053 1529 1238 1564 χρησάμενος,
1255 1529 1314 1559 ταῖς
1326 1528 1369 1554 ἐπ’
1384 1528 1468 1563 ἄμφω
1484 1528 1639 1562 προκοπαῖς
1655 1527 1846 1561 ἐπεκτείνεται,

1053 1575 1101 1602 καὶ
1114 1575 1183 1609 πρὸς
1199 1574 1248 1610 τὴν
1264 1573 1399 1608 ἑκατέρας
1414 1573 1517 1608 ἔφθασε
1532 1573 1703 1608 τελειότητα.

1092 1662 1137 1698 ιη’.
1165 1662 1346 1698 Σωφροσύνην
1362 1663 1411 1697 μὲν
1432 1662 1481 1698 τὴν
1496 1662 1546 1697 τῆς
1567 1662 1675 1696 φύσεως
1701 1661 1849 1696 ἀντίφυτον

1055 1710 1089 1737 δι’
1108 1711 1285 1745 ὀλιγαρκείας
1299 1711 1347 1737 καὶ
1372 1711 1560 1746 συγκρατείας
1582 1710 1707 1736 σύνοικον
1729 1711 1849 1746 nomad-

1056 1765 1148 1791 μενος,
1162 1757 1209 1783 καὶ
1225 1756 1260 1783 τὰ
1272 1757 1326 1782 τῶν
1344 1757 1387 1783 ἐπ’
1412 1755 1537 1790 ὀμφαλοῦ
1554 1755 1671 1790 γαστρὸς
1686 1756 1850 1791 ἐπιτιθεμέ-

1054 1811 1108 1828 νων
1120 1802 1280 1829 ἀκαθὲκτων
1294 1802 1388 1829 παθῶν
1399 1801 1594 1828 ἀπολεπτύνων
1607 1801 1742 1836 οἰδήματα
1753 1822 1760 1833 ,
1782 1802 1850 1837 ἀορ-

1054 1847 1152 1882 γησίαν
1164 1847 1193 1874 δὲ
1207 1849 1239 1883 τῇ
1255 1848 1369 1883 ὲμςρύτῳ
1379 1848 1513 1883 πραότητι
1528 1849 1785 1882 προσκτησάμενος.
1797 1848 1848 1874 καὶ

1053 1893 1114 1919 ὅλον
1129 1893 1224 1920 ἑαυτὸν
1238 1894 1405 1929 ἐμπαρέχων
1428 1895 1484 1924 τοῖς
1500 1894 1567 1919 πᾶσι
1583 1893 1726 1927 μειλίχιον,
1750 1894 1780 1919 τὸ
1796 1893 1851 1928 τῆς

1053 1940 1138 1974 ὀργῆς
1149 1939 1268 1974 εἰδεχθὲς
1280 1937 1453 1975 ἀπεῤῥᾶπιζε
1469 1939 1628 1974 πρόσωπον.
1645 1939 1674 1965 ὐ
1689 1938 1744 1974 γὰρ
1760 1938 1850 1974 θυμὸς

1053 1985 1083 2011 ού
1100 1985 1171 2011 κατὰ
1192 1985 1311 2020 τῆν’-τοῦ
1336 1986 1427 2020 ὄφεως
1450 1986 1600 2020 ὁμοιότητα
1626 1985 1732 2020 προσῆν
1753 1985 1848 2021 αὐτῷ,

1053 2030 1125 2057 κατὰ
1139 2030 1219 2065 μόνον
1234 2031 1263 2058 δὲ
1285 2031 1333 2066 τὴν
1350 2031 1455 2058 πτῶσιν
1473 2032 1539 2066 ἡμῖν
1555 2031 1765 2065 προξενισαντος
1781 2031 1852 2067 δρά-

1053 2084 1147 2109 κοντος
1162 2077 1326 2103 ἐπετείνετο.
1354 2076 1569 2112 Ἀςρι),αργυρίαν
1584 2076 1612 2103 δὲ
1624 2097 1631 2108 ,
1649 2076 1698 2111 τὴν
1714 2076 1784 2112 πρὸς
1795 2077 1851 2104 ἀΰ-

1053 2120 1112 2147 λίαν
1126 2121 1172 2147 τὸν
1185 2121 1330 2157 ἄνθρωπον
1344 2122 1557 2156 ὲπαλείφουσαν,
1571 2121 1621 2148 οὐκ
1635 2122 1664 2148 ὲν
1687 2122 1758 2157 πίθῳ
1775 2122 1850 2149 κατὰ

1052 2166 1098 2192 τὸν
1113 2166 1245 2192 Κυνικὸνε
1257 2168 1364 2193 ἐκεῖνον
1390 2167 1537 2201 φιλόσοφον
1555 2166 1746 2202 ἐθησαύριζεν·
1767 2169 1802 2203 τῇ
1819 2168 1852 2195 δὲ

1053 2211 1122 2246 πρὸς
1137 2212 1199 2243 τοὺς
1213 2212 1335 2247 πένητας
1349 2213 1455 2248 ἁεννάῳ
1472 2213 1591 2248 χορηγίᾳ
1606 2213 1752 2244 διαπαντὸς
1776 2213 1851 2240 πλα-

1053 2258 1210 2292 τυνόμενος,
1222 2267 1273 2293 χρη
1280 2259 1373 2293 μάτων
1385 2259 1558 2294 κατεφρόνει,
1568 2259 1615 2285 xu‘v.
1628 2259 1676 2294 τὴν
1691 2259 1758 2294 πρὺς
1775 2259 1851 2286 αὐτὰ

1054 2303 1188 2338 φέρουσαν
1203 2304 1263 2330 ὁδὸν
1278 2303 1450 2340 ἐξετρέπετο.
1467 2305 1504 2331 Τὸ
1519 2304 1573 2340 γὰρ
1589 2305 1624 2339 μή
1639 2313 1665 2331 τι
1681 2306 1770 2331 ποιεῖν
1783 2305 1851 2331 κατ’

1051 2349 1179 2382 ἐπίδειξιν
1197 2351 1331 2385 εὐκαίρως
1341 2351 1527 2386 φιλοσοφήσας
1541 2351 1587 2377 καὶ
1603 2351 1633 2377 τὸ
1650 2351 1769 2382 συνειδὸς
1785 2351 1853 2377 ἀθό-

1050 2396 1134 2422 λωτον
1152 2397 1180 2423 ἐν
1204 2397 1291 2431 τούτῳ
1309 2397 1497 2432 κτησάμενος,
1523 2397 1553 2423 οὐ
1579 2397 1658 2432 μόνον
1680 2397 1729 2430 τὴν
1752 2397 1851 2429 δεξιὰν

1049 2443 1118 2477 προς
1138 2442 1324 2478 ἐλεημοσύνην
1338 2442 1521 2474 καθώπλιζεν,
1536 2437 1603 2468 ἀλλᾶ
1619 2442 1665 2468 καὶ
1677 2442 1726 2477 τὴν
1739 2443 1851 2474 ταύτης

1048 2488 1149 2522 γνῶσιν
1165 2489 1197 2522 τῇ
1212 2488 1345 2523 ἀριστερᾷ
1361 2487 1596 2523 προσεθάρρησεν,
1615 2487 1652 2519 ὡς
1667 2489 1707 2519 εἰς
1720 2487 1847 2526 παντελῆ

1052 2534 1187 2562 ἀπάθειαν
1200 2533 1247 2560 τοῦ
1260 2533 1408 2568 ἀκορέστου
1426 2533 1503 2559 τοῦδε
1523 2533 1624 2567 φθάσαι
1641 2534 1808 2569 νοσήματος.

1089 2630 1132 2656 ιϐ’.
1151 2629 1232 2656 Ὅθεν
1245 2630 1292 2656 καὶ
1303 2630 1350 2656 τοῦ
1364 2629 1492 2665 μεγίστου
1501 2631 1636 2664 πτωχείου
1649 2629 1703 2656 τῶν
1711 2631 1782 2657 κατὰ
1795 2633 1850 2667 τὴν

1054 2675 1178 2710 βασιλίδα
1202 2675 1393 2711 ἐπιτροπεύειν
1423 2677 1567 2711 προτροπῇ
1595 2675 1672 2711 βιαίᾳ
1695 2676 1750 2704 τῶν
1771 2685 1848 2712 κρα-

1051 2720 1168 2747 τούντων
1186 2721 1200 2755 ἡ
1222 2721 1302 2755 χάρις
1318 2721 1419 2755 ἠξίωσε
1431 2741 1438 2753 ,
1456 2721 1712 2756 προευτρεπίζουσα
1736 2721 1850 2756 τούτῳ,

1052 2767 1108 2798 καὶ,
1134 2767 1172 2798 ὡς
1191 2767 1255 2798 ἔπος
1279 2767 1379 2798 εἰπεῖν,
1397 2767 1590 2802 ὲγχειρίζουσα
1622 2766 1653 2802 τῇ
1676 2770 1777 2803 μερικῇ
1803 2769 1849 2796 δι-

1052 2812 1178 2847 εξαγωγῇ
1192 2812 1240 2846 τὴν
1258 2812 1304 2846 τῆς
1317 2812 1463 2847 καθολικῆς
1482 2812 1646 2847 Ἰῦκκλησίας
1662 2813 1848 2849 κυϐέρνησιν.

1058 2858 1138 2886 Ἀλλὰ
1165 2859 1214 2894 μὲν
1235 2858 1319 2886 ταῦτα
1334 2859 1382 2886 καὶ
1408 2858 1588 2894 περὶτούτων
1604 2857 1849 2895 καθιστορούντων
