1931 3076
194 165 228 198 63
690 168 720 198 s.
740 167 952 199 NICEPHORI
971 170 1227 200 Immunem
1244 170 1298 200 cr.
1796 161 1830 192 (ιι

192 221 300 254 agebat,
315 225 343 248 ut
358 220 483 249 Ecclesiae
497 221 584 249 vidua:
599 228 730 256 sponsum
745 223 879 258 ejusmodi
891 224 980 258 ιιι-ωῐί-

1036 224 1134 259 Ξλλος)
1161 225 1194 251 δι’
1220 224 1333 260 ἐρεύνης
1359 221 1416 258 εἶχε
1441 222 1542 257 πολλῆς
1564 219 1762 254 ἐγκαθιδρῗισαι
1795 222 1828 253 τῇ

193 269 267 292 ceret
280 265 325 299 qui
344 265 465 294 docendo
479 265 582 293 lidelem
593 274 748 294 sermonem
765 268 979 297 Ienereidoneus

193 313 277 341 esset,
297 315 324 337 et
339 309 410 346 ejus,
424 311 470 345 qui
488 319 573 346 nuper
592 312 709 346 pastoris
721 320 822 342 munus
835 315 982 349 sapientis-

193 355 263 382 Iime
278 356 392 389 obicrat,
409 357 529 391 vestigiis
544 359 678 385 insistere.
696 357 879 391 Quamobrem
901 361 981 388 etiam

194 401 226 427 ad
241 402 383 429 universOS
396 410 457 430 cum
476 404 632 431 sacerdotes
651 410 706 431 tum
723 405 885 437 monachos,
898 413 982 440 quos-

194 455 246 482 que
264 453 420 475 senatorum
440 449 574 482 primores
598 457 629 476 ac
644 450 756 485 reliquis
780 453 984 486 praestantiores

195 498 316 528 noverat,
331 501 387 522 rem
402 494 540 522 deferebat
556 504 562 522 :
583 495 780 529 utjustissima:
796 496 912 531 plurium
928 497 984 525 elc-

195 539 378 574 ctioni,quam
391 541 473 567 divini
484 540 603 575 Spiritus
620 546 707 568 ratam
720 542 832 569 haberet
844 550 984 575 assensus.

195 591 244 610 suo
257 591 364 619 quoque
388 584 446 618 ipse
469 585 596 621 suffragio
620 588 774 615 accederet.
790 589 841 615 Ast
858 587 895 615 illi
913 587 983 624 (nec

194 630 268 655 enim
287 630 412 656 homines
426 637 487 656 cum
505 636 607 664 essent,
623 640 734 667 prorsus
747 640 843 660 cavere
860 638 984 668 poterant

197 680 230 699 ne
245 674 309 706 quid
323 673 356 701 ad
378 674 492 708 gratiam
515 677 637 711 agerent)
666 681 786 705 mutuam
810 679 983 706 concordiam

197 719 365 746 dissensione
385 720 532 754 solventes,
545 723 626 750 alium
649 723 700 751 sibi
726 724 842 759 quisque
857 725 984 759 designa-

197 763 244 790 bat
262 769 344 798 atque
361 765 485 792 trallebat
511 774 518 793 :
545 774 597 793 non
621 775 702 802 quem
720 768 803 796 divini
821 775 901 797 nutus
917 777 985 804 pra:-

196 810 312 838 scientia
328 811 539 847 designaverat;
555 815 602 840 sed
613 821 698 848 quem
714 815 848 850 cujusque
862 816 985 843 voluntas

198 856 362 884 informabat
380 864 412 884 ac
432 859 645 892 prtehabendnm
666 860 808 887 suadebat.
826 860 985 895 imperatori

1032 271 1157 307 ἀνάνδρῳ
1168 271 1284 307 νυμφίον
1295 279 1324 297 τε
1339 270 1385 297 καὶ
1398 269 1605 305 προμνήστορα,
1620 265 1719 297 ἱκανῶς
1733 265 1830 300 ἔχοντα

1032 317 1079 344 τοῦ
1095 317 1165 344 κατὰ
1185 318 1234 352 τὴν
1248 316 1360 352 διδαχὴν
1384 316 1480 342 πιστοῦ
1497 314 1576 348 λόγου
1603 312 1763 344 ἀνθέξεσθαι
1782 312 1830 338 καὶ

1034 362 1185 398 βαδιεῖσθαι
1193 364 1252 390 κατ’
1262 363 1334 397 ἴχνος
1344 361 1389 389 τοῦ
1400 361 1637 397 προποιμὰναντος
1645 358 1827 392 λογικώτατα.

1034 408 1080 435 Διὸ
1093 409 1139 435 καὶ
1155 409 1238 436 πᾶσιν
1252 408 1423 435 ἀνεκοινοῦτο
1437 406 1541 443 ἱερεῦσί
1557 415 1587 432 τε
1606 405 1653 432 καὶ
1670 404 1829 439 μονάζουσι,

1038 457 1086 484 καὶ
1100 457 1150 492 τῆς
1168 457 1322 492 συγκλήτου
1344 455 1443 492 βουλῆς
1458 455 1521 482 ὅσον
1543 454 1670 489 ἔγκριτον
1686 453 1732 479 καὶ
1748 451 1831 487 προῦ-

1034 511 1080 537 χον
1106 502 1256 538 ἠπίστατο.
1275 503 1312 534 ὡς
1329 502 1362 529 ἂν
1379 503 1412 538 τῇ
1436 502 1491 528 τῶν
1514 501 1645 527 πλειόνων
1668 499 1768 534 ἐκλογῇ
1792 499 1832 525 8'.-

1035 547 1168 582 καιοτάτῃ
1194 546 1279 582 οὔσῃ,
1297 547 1345 573 καὶ
1367 548 1401 582 τῇ
1424 546 1471 582 τοῦ
1492 545 1566 572 θείου
1591 544 1750 579 Πνεύματος
1767 545 1830 569 ἑπι-

1035 593 1126 619 νεύσει
1142 593 1172 619 τὸ
1190 592 1297 628 βέϐαιον
1311 591 1498 627 λαμὸανούσῃ,
1516 591 1591 625 καὶὴ
1608 589 1829 623 αὐτοῦ-ἐφεψιτο

1037 638 1175 673 βούλησις.
1189 639 1220 664 Oi.
1232 637 1260 664 δὲ
1277 637 1341 673 (καὶ
1355 636 1410 672 γὰρ
1425 635 1585 671 ἀνθρώπους
1596 635 1674 666 ὂντας
1690 633 1830 666 διαδρᾶναι

1034 685 1065 712 τὸ
1081 685 1149 719 πρὸς
1166 684 1245 720 χάριν
1262 683 1414 718 ἀδύνατον)
1430 683 1462 718 τῇ
1482 682 1529 708 ἀπ’
1550 681 1673 716 ἀλλήλων
1688 679 1830 706 διαστάσει

1035 729 1067 755 τὸ
1078 729 1241 764 ὀμόγνωμον
1255 728 1432 758 διαλύσαντες
1445 746 1452 756 ,
1472 726 1551 757 ἄλλος
1569 724 1648 752 ἄλλον
1665 723 1830 759 ἐψηφολόγει

1037 775 1085 802 καὶ
1100 771 1191 801 εἷλκεν
1206 783 1212 789 ·
1230 774 1278 808 οὐχ
1292 774 1321 800 ὃν
1335 774 1352 808 ἡ
1367 773 1416 807 τῆς
1433 773 1489 799 ἄνω
1509 773 1595 807 ῥοπῆς
1606 771 1748 805 ὑπέγραφε
1765 769 1832 805 πρό-

1037 829 1149 854 γνωσις,
1162 820 1191 847 τὺ
1203 820 1320 846 ἑκάστου
1330 820 1357 846 δὲ
1368 819 1457 845 Θέλειν
1469 817 1638 852 ἀνετυποῦτο
1651 817 1700 844 καὶ
1710 815 1830 842 ἔπειθεν.

1039 865 1085 901 Τῷ
1106 866 1133 891 δὲ
1153 865 1260 901 βασιλεῖ
1276 865 1306 891 ἰδ
1326 864 1373 891 τοῦ
1389 864 1435 891 νοῦ
1454 864 1617 900 δραστήριον
1635 861 1831 897 ὑπεζωγράιρει

198 906 288 929 autem
306 910 369 929 acre
386 903 486 930 mentis
500 911 552 938 qua
566 904 836 939 pollebatjudicium,
851 905 983 940 Nicepho.

1038 911 1220 946 ποιμνίαρχον
1238 912 1407 946 Νικηφόρον,
1423 911 1470 937 καὶ
1483 910 1551 946 πρὸς
1562 910 1665 936 ἐκεῖνον
1682 908 1749 943 ὁρᾶν
1767 907 1832 934 πάν-

198 955 257 974 rum
273 949 364 983 gregis
384 950 533 984 principem
546 953 726 985 suggerebat:
742 951 767 978 in
783 959 863 986 quem
882 956 910 979 ut
925 960 984 979 om-

198 1000 246 1020 nes
260 993 428 1027 conjicerent
447 995 541 1022 oculos
561 995 739 1031 compellebat
756 997 825 1031 ipse,
840 997 985 1032 przcclaras

198 1038 249 1065 viri
267 1038 344 1066 dotes
368 1039 394 1065 in
415 1040 575 1067 memoriam
590 1048 739 1075 revocans;
756 1041 918 1076 eloquentiae
930 1042 984 1069 sci-

198 1082 262 1110 licet
273 1087 329 1110 tum
343 1091 429 1112 sacra:
440 1088 496 1112 tum
510 1085 631 1120 profana:
639 1087 694 1114 vim
707 1088 865 1120 maximam,
878 1096 984 1115 morum

198 1129 360 1156 modestiam
376 1138 408 1157 ac
423 1131 574 1163 lenitatem,
595 1133 771 1160 conscientiae
787 1134 820 1161 ad
836 1141 932 1161 omnes
945 1135 986 1161 in-

198 1175 351 1209 tegritatem
367 1175 400 1202 ab
420 1177 494 1203 omni
514 1176 666 1205 offensione
689 1179 912 1206 remotissimam.
933 1179 986 1207 Dc-

197 1220 278 1255 niqtte
291 1221 364 1248 velut
380 1221 484 1254 nimbo,
496 1223 635 1250 continuis
649 1223 702 1251 illis
714 1225 780 1262 regii
792 1225 848 1252 oris
860 1225 986 1259 eloquiis,

197 1265 386 1293 universorutn
401 1274 481 1294 aures
508 1269 685 1302 concludens,
713 1270 777 1296 nulli
802 1270 854 1297 vim
872 1271 985 1304 faciens,

196 1311 271 1338 velut
298 1311 324 1338 in
348 1319 487 1346 sagenam,
519 1313 547 1340 in
578 1322 660 1345 unam
697 1322 792 1343 omnes
823 1317 986 1344 sententiam

197 1357 288 1391 adegit
304 1366 311 1384 :
330 1358 429 1385 exinde
446 1359 518 1385 enim
548 1361 669 1388 onmium
686 1360 765 1389 labiis
788 1368 889 1397 oreque
906 1362 985 1390 Nice-

197 1403 299 1437 phOrus
315 1404 471 1438 patriarcha
487 1403 664 1434 acclamatur.

229 1481 275 1509 22.
295 1481 374 1509 Mittit
396 1481 488 1517 itaque
508 1483 669 1517 imperator,
687 1485 732 1520 qui
748 1485 912 1514 denuntient
939 1487 986 1522 ju-

195 1526 349 1561 beantque,
370 1531 399 1554 ut
422 1532 526 1554 semota
556 1530 632 1556 omni
670 1532 845 1560 cunctatione
871 1540 903 1561 ac
928 1533 987 1561 sine

1034 967 1083 988 τας
1100 957 1278 993 συνήλαυνεν,
1294 957 1513 992 ὑπομιμνήσκων
1528 956 1582 982 τῶν
1603 954 1708 991 ἀρετῶν
1722 953 1769 980 τοῦ
1785 954 1832 979 ἀν-

1035 1003 1097 1038 δρὸς
1113 1003 1146 1030 τὰ
1163 1003 1321 1038 αὐχήματα·
1340 1003 1370 1029 τὸ
1392 1003 1421 1029 ὲν
1435 1002 1544 1037 λόγος,
1558 1003 1615 1033 τοῖς
1631 1009 1661 1027 τε
1681 1007 1832 1034 πνευματι-

1037 1049 1095 1079 κοῖς
1114 1048 1161 1073 καὶ
1179 1049 1236 1078 τοῖς
1253 1047 1382 1082 Θύραθεν,
1401 1048 1519 1082 καίριοψ
1536 1046 1565 1072 τὸ
1581 1047 1609 1072 ὲν
1625 1045 1684 1080 ἤθει
1703 1043 1831 1070 ταπεινὸν

1037 1094 1083 1119 καὶ
1094 1093 1237 1128 μειλίχιον·
1247 1093 1277 1119 τὸ
1287 1094 1315 1120 ἐν
1328 1093 1479 1128 συνειδήσει
1489 1091 1557 1127 πρὸς
1569 1091 1673 1121 πάντας
1686 1088 1832 1123 εἱλικρινὲς

1037 1139 1084 1165 καὶ
1096 1138 1281 1174 ἀπρόσκοπον.
1295 1139 1350 1164 Καὶ
1364 1138 1545 1170 ἁπαξαπλῶς,
1561 1134 1603 1162 οἶα
1618 1135 1709 1169 νιφάδι
1723 1133 1760 1169 τῷ
1775 1138 1832 1160 συν·

1037 1184 1094 1218 εχεῖ
1107 1184 1160 1209 τῶν
1173 1183 1320 1218 βασιλικῶν
1333 1184 1446 1210 ἐκείνων
1456 1183 1553 1216 λογῖων
1562 1181 1611 1212 τὰς
1624 1180 1735 1207 πάντων
1746 1178 1832 1210 ἀκοὰς

1037 1229 1236 1261 κατακλείσας,
1254 1230 1390 1265 μηδεμιᾶς
1403 1229 1527 1264 ὑπούσης
1541 1228 1618 1263 βία-ί.
1638 1229 1677 1259 εἰς
1694 1226 1758 1261 μίιν
1777 1225 1833 1260 Qui"

1038 1283 1087 1309 φον
1097 1275 1134 1306 ὡς
1146 1275 1187 1305 εἰς
1198 1275 1320 1309 σαγήνην
1336 1275 1397 1306 τοὺς
1407 1275 1512 1305 πάντας
1525 1273 1696 1308 ἐζώγρησεν·
1714 1271 1742 1304 ἐξ
1758 1271 1831 1297 ὲκεί-

1038 1329 1083 1347 νου
1100 1329 1129 1347 τε
1144 1321 1197 1356 γὰρ
1220 1322 1249 1347 ἐν
1265 1320 1347 1347 παντὶ
1363 1320 1448 1355 χείλει
1462 1320 1509 1346 καὶ
1530 1319 1642 1354 γλώσσῃ
1658 1318 1733 1354 πάσῃ
1747 1317 1832 1352 Νικη-

1039 1365 1122 1402 φόρος
1138 1365 1313 1402 πατριάρχης
1331 1365 1528 1402 ἀνηγορεύετο.

1073 1489 1124 1525 κβ’.
1152 1489 1260 1516 Στέλλει
1285 1488 1351 1524 γοῦν
1378 1488 1505 1524 βασιλεὺς
1534 1487 1603 1523 προς
1626 1485 1705 1513 αὑτὸν
1731 1485 1832 1520 ἄνδρας

1037 1537 1278 1571 ἀπαγγελοῦντας,
1296 1535 1396 1567 παντὸς
1413 1535 1494 1562 ὖκνου
1512 1534 1558 1561 καὶ
1576 1534 1666 1568 πάσης
1685 1533 1751 1567 ἄτερ
1766 1532 1832 1558 ἁνα-

196 1580 271 1599 mora
286 1573 367 1600 sistat
383 1581 413 1600 se
426 1573 556 1609 Augusta)
582 1575 652 1603 urbi.
669 1575 694 1604 ls
708 1584 784 1610 vero,
800 1580 845 1613 qui
863 1579 983 1608 laudabi-

1037 1583 1117 1618 ϐολῆς
1131 1583 1180 1618 τὴν
1195 1582 1293 1608 ἑαυτοῦ
1308 1581 1460 1620 παρουσίαν
1473 1581 1506 1615 τῇ
1523 1579 1639 1615 βασιλίδι
1652 1576 1831 1614 χαρίσασθαι.

196 1617 248 1644 lem
264 1617 447 1646 obedientiam
468 1620 657 1654 vituperandae
680 1623 872 1652 inobedientize
894 1626 983 1661 potio-

195 1671 252 1690 rem
276 1663 398 1696 haheret,
421 1672 574 1700 quanquam
599 1667 740 1700 renitens,
757 1669 830 1697 viros
856 1671 985 1700 ductores

196 1709 301 1736 itineris
319 1715 440 1738 actutum
460 1716 570 1745 secutus
588 1718 640 1740 est.
657 1713 707 1741 Ubi
717 1720 808 1742 autem
825 1716 982 1751 imperator,

196 1755 222 1782 id
235 1755 307 1790 quod
332 1758 484 1791 satagebat,
514 1757 620 1790 effecit,
645 1767 677 1787 ac
699 1768 792 1788 coram
821 1768 983 1796 pratsentem

194 1808 267 1833 eum,
288 1801 365 1835 cujus
382 1802 519 1830 desiderio
533 1805 687 1839 tenebatur,
706 1808 868 1842 conspexit;
885 1809 911 1835 in
928 1809 985 1837 haec

194 1847 288 1877 verba,
306 1852 335 1873 ttt
350 1847 436 1879 aiunt,
455 1849 488 1875 ad
503 1856 564 1876 eum
580 1849 685 1878 loeutus
697 1857 739 1879 est
756 1860 764 1878 :
782 1852 846 1881 Mihi
861 1855 982 1889 quidem,

194 1891 236 1918 vir
253 1891 310 1918 Deo
326 1893 527 1927 acceptissime.
540 1895 674 1930 siquidem
692 1897 735 1925 fas
749 1903 822 1926 esset
840 1899 886 1927 Dci
907 1909 984 1928 man-

194 1936 256 1963 data
271 1937 298 1962 in
320 1937 441 1965 minimis
464 1938 565 1967 habere
592 1948 741 1978 eorumque
757 1951 839 1977 opere
862 1946 984 1981 neglecto

194 1981 328 2015 publicam
348 1991 403 2010 rem
428 1985 634 2020 administrare,
649 1987 676 2015 in
692 1995 817 2024 promptu
833 1996 892 2018 erat
909 2000 983 2026 quae-

194 2027 254 2053 dam
272 2027 408 2055 sedurtrix
428 2036 460 2056 ac
474 2029 528 2056 lata
548 2031 600 2064 via,
620 2040 673 2067 qua
687 2033 797 2061 obvium
816 2037 983 2071 quempiam,

194 2073 269 2099 milio
285 2075 418 2102 anteriori
439 2078 538 2104 merito
555 2082 584 2105 ut
604 2079 728 2113 pontifex
753 2081 830 2108 ﬁeret
846 2090 985 2111 commen-

194 2119 320 2150 (labilem,
339 2121 386 2148 sed
401 2121 446 2154 qui
461 2123 632 2152 solummodo
656 2125 747 2159 vellet,
774 2128 835 2155 urbi
853 2128 984 2163 Augusta:

194 2164 373 2197 pradicerem.
391 2166 458 2199 Quia
476 2175 540 2196 vero
554 2169 653 2197 divinis
667 2170 815 2206 Scripturae
831 2173 982 2203 documen-

195 2210 228 2236 tis
252 2211 376 2239 eruditus
400 2213 475 2245 st-io,
497 2215 605 2248 qualetn
628 2223 689 2244 esse
714 2223 840 2252 oporteat
864 2220 983 2248 futurum

193 2257 363 2284 sacerdotem
382 2263 409 2285 et
424 2260 558 2293 imprimis
572 2268 645 2295 ettm,
668 2263 745 2297 cujus
762 2265 798 2291 sit
818 2266 851 2293 ad
868 2267 982 2301 gradum

192 2300 327 2333 ejusmodi
343 2304 493 2337 provehere
509 2306 596 2339 alios;
615 2307 744 2335 nimirum
767 2300 909 2339 sublimem
928 2313 984 2340 vir-

193 2349 251 2372 tute
274 2355 304 2374 ac
327 2347 405 2376 labiis
431 2349 576 2385 intactum,
595 2354 641 2387 qui
663 2355 806 2383 scientiam
834 2359 982 2392 custodiat,

194 2395 276 2425 atque
291 2394 454 2428 exquisitam
471 2395 555 2431 legem
573 2398 600 2424 in
615 2406 664 2426 ore
684 2399 786 2433 ferens,
802 2403 908 2432 Domini
923 2413 984 2432 om-

194 2435 340 2470 nipotentis
370 2440 480 2473 angelus
512 2442 621 2477 audiat;
649 2452 747 2473 vereor
772 2455 806 2475 ne
831 2457 908 2477 sacra
936 2452 981 2479 illa

194 2482 379 2512 admonitione
397 2492 500 2521 spreta,
518 2489 689 2524 negligentiae
705 2492 766 2520 dein
779 2501 886 2529 poenas,
901 2497 982 2533 inque

196 2536 286 2556 meum
303 2536 385 2565 caput
409 2533 482 2560 diras
504 2534 652 2563 intentatas
674 2545 822 2566 arcessam.
838 2540 915 2570 Nunc
932 2543 983 2578 igi-

195 2578 238 2600 tur
251 2582 312 2602 cum
334 2575 405 2604 Deus
421 2580 567 2608 sacerdotii
589 2590 692 2617 arcem,
709 2585 884 2623 cmlestisque
896 2575 978 2624 hujus

193 2621 272 2647 stadii
289 2623 364 2650 vobis
378 2624 499 2653 habenas
511 2629 668 2662 concredat,
684 2639 727 2664 ne,
744 2621 848 2667 quasso,
860 2621 982 2664 vocatio-

194 2672 255 2693 nem
274 2670 433 2702 respueritis
445 2680 455 2705 ,ς
472 2673 519 2700 sed
533 2674 653 2703 divinum
669 2678 817 2707 subeuntes
831 2686 980 2715 certamen,

195 2714 221 2741 iu
240 2715 266 2742 id
281 2717 371 2750 potius
404 2720 541 2754 respicite,
558 2724 629 2758 quod
647 2733 660 2752 e
679 2729 816 2756 commttni
831 2729 919 2758 salute
934 2731 980 2758 sit.

194 2759 300 2788 Scimus
323 2763 394 2790 enim
416 2772 463 2793 vos
485 2766 562 2801 juxta
585 2774 659 2797 tuum
674 2778 706 2799 ac
722 2779 894 2802 communem
913 2783 982 2810 prae-

230 2865 242 2879 °
260 2871 309 2890 ms.
321 2865 408 2897 γνὼον

1041 1628 1071 1653 '0
1092 1628 1120 1654 δὲ
1135 1627 1185 1662 τὴν
1210 1627 1412 1661 ἐπαινουμένην
1434 1625 1557 1661 ὑπακοὴν
1579 1625 1680 1660 μᾶλλον
1695 1623 1744 1657 τῆς
1768 1624 1831 1649 ὲπι-

1035 1672 1121 1707 ψόγου
1146 1672 1291 1707 παρακοῆς
1315 1671 1513 1706 ἀνθελόμενος,
1541 1670 1588 1696 καὶ
1609 1670 1657 1704 οὐχ
1682 1668 1752 1695 ἑκὼν
1774 1669 1831 1699 τοϊς

1036 1718 1112 1752 ἄγειν
1127 1717 1267 1745 ἐθέλουσιν
1283 1718 1384 1744 εἵπετο.
1403 1717 1457 1743 Καὶ
1474 1717 1534 1742 ἐπεὶ
1547 1716 1586 1751 τῷ
1601 1715 1785 1750 αὐτοκράτορι
1800 1714 1831 1740 τὸ

1036 1764 1202 1798 ζητούμενον
1229 1763 1327 1798 ἤνυστο
1341 1784 1348 1795 ,
1378 1763 1426 1789 καὶ
1453 1763 1514 1789 κατ’
1532 1762 1593 1796 ὕψιν
1615 1759 1690 1796 εἶχεν
1711 1761 1778 1796 ὁρᾷν
1800 1759 1832 1786 τὸ

1035 1808 1218 1843 ποθούμενον,
1236 1808 1324 1835 ταῦτα
1348 1808 1417 1843 πρὸς
1440 1808 1522 1835 αὑτὸν
1537 1807 1684 1842 διειλέχθαι
1708 1806 1830 1840 λέγεταυ

1041 1855 1119 1888 Ἐμοὶ
1134 1855 1193 1890 μὲν,
1210 1853 1232 1881 ὦ
1246 1855 1312 1890 ἄνερ
1328 1854 1388 1889 Θεῴ
1405 1855 1623 1890 μεμελετημένε,
1639 1854 1717 1888 εῐπερ
1730 1851 1763 1887 ἦν
1777 1852 1832 1879 τῶν

1035 1901 1115 1927 θείων
1132 1901 1330 1936 κατολιγωρεῖν
1354 1900 1545 1937 προστάξεων,
1573 1902 1620 1927 καὶ
1643 1899 1759 1934 ἀμελείᾳ
1780 1898 1832 1932 τῆς

1035 1947 1138 1973 τούτων
1154 1947 1290 1982 ἐργασίας
1313 1947 1522 1982 ἐπιμελεῖσθαι,
1537 1944 1570 1982 ἦν
1592 1946 1646 1981 ἄρα
1667 1954 1709 1976 τις
1726 1945 1831 1980 πλάνης

1034 2002 1064 2019 τε
1091 1993 1139 2020 καὶ
1162 1994 1278 2020 πλατεῖα
1298 1993 1372 2025 ὁδὸς,
1389 1993 1423 2020 δι’
1439 1990 1472 2028 ἦς
1489 1993 1537 2019 καὶ
1555 1993 1602 2019 τὸν
1623 1992 1738 2028 τυχόντα
1751 2011 1757 2022 .
1784 1991 1831 2017 καὶ

1035 2037 1108 2070 ἄξιον
1127 2039 1211 2073 μηδὲν
1227 2039 1474 2074 προεισενεγκόντα
1488 2038 1536 2065 τοῦ
1558 2038 1680 2074 βήματος
1697 2037 1765 2072 πλὴν
1782 2036 1830 2063 τοῦ

1036 2082 1190 2118 βούλεσθαι,
1203 2084 1337 2119 ἀρχιερέα
1348 2086 1380 2119 τῇ
1396 2084 1511 2119 βασιλίδι
1524 2084 1740 2119 προστήσασθαι.
1760 2083 1830 2110 Ἀλλ’

1035 2129 1128 2165 ἐπειδὴ
1151 2130 1236 2165 παρεὶι⁴
1247 2131 1297 2164 τῆς
1313 2130 1388 2161 θείας
1411 2131 1524 2166 Γραφῆς
1540 2130 1756 2165 νενουθέτημαι,
1774 2127 1831 2156 οἷον

1035 2172 1105 2201 εἶναι
1119 2175 1161 2202 δεῖ
1174 2176 1219 2202 τὸν
1235 2176 1360 2211 ἱερᾶσθαι
1375 2177 1506 2211 μέλλοντα
1521 2177 1569 2203 καὶ
1586 2176 1683 2208 ἄλλους
1699 2177 1738 2207 εἰς
1751 2175 1831 2202 τοῦτο

1036 2222 1166 2256 προάγειν
1181 2222 1335 2256 ὀφείλοντα,
1350 2223 1391 2249 ὅτι
1408 2223 1510 2258 ὑψηλὸν
1525 2223 1611 2258 ἀρετῇ
1629 2223 1676 2249 καὶ
1691 2222 1831 2256 ἀνέπαφον

1036 2267 1153 2302 χείλεσι,
1171 2267 1291 2301 γνῶσινο
1307 2268 1481 2303 φυλάσσοντα
1497 2268 1543 2294 καὶ
1562 2269 1643 2303 νόμον
1661 2267 1831 2303 ὲκξητοὺμε-

1036 2321 1079 2338 νον
1095 2313 1123 2339 ἐν
1137 2314 1251 2346 στόματι
1269 2313 1397 2348 φέροντα,
1413 2315 1461 2341 καὶ
1474 2314 1518 2341 διὰ
1529 2315 1608 2341 τοῦτο
1624 2313 1831 2350 χρηματίζοντα

1035 2359 1138 2394 Κυρίου
1161 2361 1382 2396 παντοκράτορος
1401 2361 1516 2394 ἄγγελον
1528 2369 1537 2376 ⁸
1553 2361 1626 2393 δέδια
1647 2360 1683 2395 μὴ
1709 2361 1737 2386 τί
1756 2360 1831 2395 ἱερὸν

1034 2405 1123 2431 ἐκεῖνο
1137 2406 1316 2441 παραόλὲψας
1333 2406 1500 2441 νουθέτημα,
1519 2407 1648 2441 ἀμελείας
1672 2406 1776 2432 iamiam
1792 2405 1832 2431 δί-

1035 2459 1097 2485 κην,
1113 2452 1161 2478 καὶ
1175 2451 1224 2487 τὴν
1247 2452 1450 2488 ἀπειλουμένην
1470 2453 1540 2488 ἀρὰν
1554 2454 1594 2484 εἰς
1609 2452 1728 2487 ἐμαυτὸν
1745 2453 1831 2478 ἐκκα-

1036 2497 1162 2532 λέσομαι.
1177 2497 1233 2524 Νῦν
1248 2496 1294 2524 οὖν
1308 2498 1376 2524 Θεοῦ
1392 2499 1440 2533 τὴν
1458 2498 1611 2534 ἱερωσύνην
1627 2498 1673 2524 καὶ
1689 2499 1737 2529 τὰς
1752 2497 1832 2531 ἡνίας

1037 2541 1083 2568 τοῦ
1096 2543 1224 2578 οὐρανίου
1243 2544 1342 2570 τούτου
1355 2544 1464 2570 διαύλου
1480 2545 1545 2578 ὑμῖν
1563 2543 1774 2579 ἐγχειρῐζοντος,
1793 2543 1830 2577 μὴ

1036 2589 1234 2616 ἁπαναίνεσθαι
1254 2589 1303 2625 τὴν
1328 2590 1440 2624 κλῆσιν,
1461 2590 1519 2616 ἁλλ’
1538 2591 1675 2616 ὑποδύντα
1698 2590 1742 2615 τὶν
1760 2590 1832 2617 θεῖον

1036 2635 1141 2669 ἀγῶνα,
1163 2636 1231 2671 πρὸς
1255 2637 1286 2663 τὸ
1314 2638 1390 2672 κοινῇ
1411 2637 1567 2664 λυσιτελοῦν
1595 2638 1711 2672 ἀφορᾷ-λ.
1737 2637 1832 2671 “lapsu

1036 2682 1089 2716 γὰρ
1103 2682 1151 2713 ὡς,
1164 2683 1236 2709 κατὰ
1248 2683 1293 2710 τὸν
1308 2683 1353 2709 σὺν
1365 2684 1411 2710 καὶ
1424 2684 1512 2710 κοινὸν
1524 2683 1700 2718 καθηγεμόνα
1712 2682 1829 2715 Παῦλον,

1038 2728 1075 2763 μὴ
1093 2728 1161 2764 πρὸς
1175 2729 1244 2764 ἀέρα
1257 2729 1305 2764 τὴν
1320 2729 1454 2765 πυκτικὴν
1471 2729 1666 2761 ἐπιδείξασθαι,
1686 2729 1751 2764 μηδὲ
1765 2729 1831 2763 δρα-

1038 2774 1148 2810 μεῖσθαι
1170 2776 1242 2811 ὑμᾶς
1264 2775 1466 2812 ἀκατάληπτα·
1488 2777 1701 2812 τεθαρῥήκαμεν
1728 2775 1755 2801 δὲ
1780 2775 1831 2809 ri“;
