1931 3076
184 103 213 134 91
357 134 360 138 ,
679 107 708 136 S.
727 107 936 136 NICEPHORI
956 107 970 136 Ε

1023 107 1207 137 ἸὶΙΑίίΕΗιΕ
1221 108 1274 138 (ΖΡ.
1781 111 1815 142 92

187 158 267 189 laute,
284 160 354 197 quod
374 160 449 187 vobis
469 160 646 188 oifeusioncm
674 162 748 193 fecit,
765 162 873 196 penitus
896 169 970 188 atno-

1023 161 1069 188 τοῦ
1087 162 1247 196 Πνεύματος
1271 162 1397 196 συζητεῖν
1417 163 1468 190 οὐκ
1492 163 1640 197 ἀναγκαῖον
1664 164 1814 198 τιθέμεθα.

187 212 308 232 veanms.
341 206 378 232 0s
392 211 480 233 autem
511 207 626 240 aperire,
644 211 737 241 ιιιιιυιιμ
754 214 784 234 ea
819 214 878 241 qua:
909 212 973 234 sunt

189 250 317 284 Spiritus,
330 260 390 279 cum
407 253 449 284 iis,
459 254 504 287 qui
521 262 535 279 a
548 252 651 287 Spiritu
669 253 749 280 alieni
761 258 833 287 sunt,
848 253 974 280 conferre

187 304 269 332 atque
285 300 309 325 iu
337 300 547 334 disputationem
569 308 680 334 vocare,
698 301 768 327 haud
796 308 887 335 opera:
909 308 973 335 pre-

189 343 253 369 tium
270 351 329 371 esse
347 345 481 378 ducimus,
493 354 655 380 quacunque
680 347 789 374 demum
803 347 834 373 ad
851 347 903 373 hoc
925 349 974 372 ne-

187 388 315 415 cessitate
348 391 479 424 compulsi
512 391 645 418 fuerimus
672 400 679 418 :

1026 206 1076 232 xiv
1088 207 1111 232 εἱ
1125 206 1214 241 πάις-ης
1230 206 1352 241 ἀνάγκης
1369 207 1568 242 πειραθείημεν
1580 208 1665 239 αἴτια,
1679 209 1739 235 οὐδὲ
1757 211 1817 240 ταῖς

1027 253 1073 278 ὑπ’
1085 252 1197 278 ἐκείνων
1210 253 1432 284 ἀποκνισϐείσαις
1446 253 1597 288 Γραφικαίς
1610 256 1655 280 καὶ
1666 255 1817 289 Πατρικαῐς

1027 299 1176 333 ὑπείχομεν
1193 299 1301 333 ρήσεσι.
1316 299 1404 325 Πάλαι
1416 300 1470 334 γὰρ
1486 301 1537 326 ὑπὸ
1551 301 1656 327 πολλῶν
1672 301 1810 336 ἐλεγχθεῖ-

1028 353 1083 376 σαι,
1103 344 1148 370 καὶ
1164 344 1302 378 Πατὲρων,
1320 343 1479 379 τεθνήκασι.

708 399 796 426 neque
821 397 912 418 tamen
937 391 970 418 iis
1005 390 1167 420 sententiis,
1195 397 1263 422 quas
1291 396 1324 416 ex
1362 389 1504 424 Scriptura
1537 390 1704 426 Patrumqne
1738 382 1816 420 libris

187 433 391 467 decerpseruut,
421 442 563 471 propterea
595 437 728 465 cedimus.
758 437 817 465 Jam
843 437 907 464 olim
937 444 970 463 en

1041 443 1057 462 ιι
1088 434 1180 462 multis
1208 435 1288 462 etiam
1320 436 1444 464 Patribus
1475 437 1639 470 conf-itane,
1670 439 1810 466 exstincta:

186 485 258 506 sunt.

902 547 1016 575 CAPUT
1038 548 1091 576 νυ.

286 623 450 658 Cullequium
467 624 552 650 sancti
571 622 713 658 Nicepltori
729 632 788 650 cum
804 624 960 658 imperatore
977 624 1009 650 de
1026 620 1143 659 sculptili
1158 633 1191 652 ea:
1207 625 1359 660 prwscripto
1375 625 1475 661 Moysi:
1493 635 1543 654 non
1570 628 1701 662 faciendo.

224 705 266 731 ιε.
282 704 350 732 Τυιιι
375 705 525 739 imperator
551 704 716 739 suscipiens,
735 705 797 732 ait:
821 706 862 732 An
891 706 973 741 igitur

187 759 220 778 ne
232 750 336 786 Moyses
353 751 463 785 quidem
481 758 572 778 veram
585 751 631 777 tihi
645 751 678 778 de
695 751 736 778 liis
761 752 855 778 ductus
869 753 975 778 videtur

187 797 374 824 sententiam?
392 796 459 823 Num
480 797 585 823 dubitas
601 796 700 832 Moysis
722 799 803 824 verba
827 798 872 824 Dei
891 798 973 824 verba

187 850 258 874 csso,
271 842 315 877 qui
330 843 452 876 praecipit
471 850 522 868 non
540 842 691 869 faciendum
716 849 776 870 esse
805 843 904 869 idolum
925 851 972 870 seu

1058 704 1112 739 μβν.
1132 705 1186 731 Ka‘.
1202 706 1216 731 ὁ
1229 705 1356 740 βασιλεὺς
1372 705 1534 739 ὑποφθάσας
1550 707 1644 741 φησίψ
1668 708 1739 735 Ἀλλ’
1753 709 1814 735 οὐδὲ

1022 750 1142 784 Muri-r71:
1160 758 1200 776 σοι
1213 751 1278 785 περὶ
1290 752 1393 777 τούτων
1407 750 1458 785 τῆς
1485 750 1603 786 ἀληθοῦς
1627 755 1815 786 πεφωτικέναι

1022 796 1147 829 φαίνεται
1173 796 1298 830 Mosen;
1321 796 1378 822 Οὐκ
1396 796 1429 823 ἂν
1452 796 1480 822 δὲ
1497 797 1665 832 ἀμφιγνοίης
1685 798 1723 830 ὡς
1746 799 1813 826 Θεοῦ

1023 841 1096 874 λόγοι
1117 841 1163 866 τοῦ
1187 841 1309 872 Μωσέως
1330 842 1354 868 οἰ
1379 841 1473 874 λόγοι,
1502 843 1573 877 μήτε
1599 843 1720 875 εἴδωλον,
1745 844 1813 878 μήτε

187 888 363 915 simulaerum
379 896 410 914 ac
437 888 653 920 similitudinem,
670 888 750 922 idque
781 897 831 914 non
856 889 970 915 hominis

1023 888 1148 922 ὁμοίωμα
1163 889 1249 913 ποιεῖν
1263 886 1458 922 ἐπιτρέποντος
1468 907 1476 918 ,
1492 887 1541 913 οὐκ
1556 888 1702 923 ἀνθρώπου
1721 889 1812 924 μόνον,

189 936 304 963 tantum,
322 932 368 958 sed
389 931 510 959 absolute
527 939 558 958 ac
573 932 712 959 indefinite
731 935 767 959 rei
786 933 899 960 alterius
923 941 972 960 cn-

185 977 352 1012 juscnuque,
368 977 394 1004 in
410 978 479 1004 ctnlo
495 985 610 1011 aereque
630 978 777 1004 volantium
794 999 801 1010 ,
821 984 867 1005 aut
885 979 974 1006 viren-

189 1023 253 1048 tiuut
276 1022 300 1048 in
333 1027 415 1054 terra,
438 1023 477 1050 vel
496 1023 573 1057 aquis
593 1023 799 1050 innatantium?
817 1024 873 1056 Qua
892 1024 973 1058 igitur

188 1068 293 1094 ratione
310 1067 451 1094 fabricatis
468 1068 633 1102 imaginilms
655 1077 687 1096 ac
706 1069 860 1096 simulacris
888 1070 969 1096 hono-

189 1120 244 1139 rem
277 1120 322 1139 vos
349 1113 502 1144 adhibetis,
525 1121 586 1140 cum
619 1114 756 1148 legislator
777 1116 858 1142 etiam
884 1115 973 1143 facere

186 1160 316 1193 ejusmodi
335 1160 740 1193 prohibeat?PATIHARCIIA.
759 1160 837 1188 Velut
849 1161 875 1188 iu
887 1161 971 1189 altum

188 1211 347 1239 vastumque
365 1206 554 1240 disputationis
573 1206 691 1240 pelagus,
706 1213 722 1231 ο
745 1206 905 1240 imperator,
921 1214 972 1234 nos

187 1252 281 1284 ducis;
301 1252 372 1285 quod
401 1252 475 1278 umlti
501 1252 608 1284 quidem
635 1260 687 1278 non
713 1259 774 1278 raro
795 1252 971 1286 traiecerunt,

189 1297 286 1324 nullius
302 1302 391 1323 autem
416 1298 632 1329 adversantium,
649 1298 721 1332 quod
744 1299 910 1330 noverimus,
926 1299 973 1326 di-

188 1342 297 1377 ligcnlia
318 1343 357 1369 sic
382 1343 537 1377 enavigavit
555 1347 583 1369 ut
608 1344 640 1369 ad
671 1344 899 1376 imperturbatum
915 1352 974 1379 por-

189 1395 245 1416 tum
263 1390 427 1423 pervenerit.
442 1389 506 1416 Nam
522 1389 566 1416 alii
585 1390 706 1424 quidem,
721 1397 883 1425 quamquam
895 1392 973 1418 abso-

188 1443 251 1462 num
272 1436 429 1462 existiment
447 1436 596 1471 imaginum
611 1444 687 1462 usum
713 1442 740 1463 et
753 1437 824 1464 velut
843 1437 971 1469 gentilitii

188 1481 275 1507 cultus
301 1481 384 1507 fetum
405 1481 511 1508 occulto
539 1481 637 1508 mentis
658 1481 759 1515 iudicio
779 1481 971 1514 criminentur,

187 1534 286 1561 easque
304 1527 496 1553 daumantihus
522 1527 720 1561 astipulantur;
751 1527 794 1553 ubi
821 1533 908 1554 tamen
938 1528 971 1554 ad

1024 932 1116 964 ἁπλῶς
1133 932 1161 959 δὲ
1176 932 1247 959 οὕτω
1261 933 1307 958 καὶ
1332 931 1477 967 ἀορίστως,
1497 933 1534 967 μὴ
1550 933 1605 959 τῶν
1622 933 1683 960 κατ’
1698 934 1814 969 οὐρανὸν

1024 977 1253 1013 ἁεροπορούντων,
1276 979 1312 1013 μὴ
1325 977 1378 1004 τῶν
1391 979 1421 1005 ὲν
1435 979 1469 1013 γῇ
1484 978 1670 1014 διαιτωμένων
1682 998 1689 1011 ,
1707 979 1744 1014 μὴ
1757 980 1813 1006 τῶν

1024 1024 1053 1049 ὲν
1076 1023 1153 1050 ὕδασι
1172 1023 1348 1058 νηχομένωνς
1372 1023 1434 1054 Πῶς
1458 1021 1505 1049 οὖν
1530 1024 1609 1059 ὑμεῖς
1632 1024 1740 1055 εἰκόνας
1763 1024 1812 1058 δη-

1026 1069 1217 1105 μιουργοῦντες
1238 1070 1391 1104 προσάγετε
1406 1069 1504 1100 αὑταῖς
1515 1070 1607 1104 τιμὰς,
1621 1070 1653 1101 ἃς
1669 1070 1683 1095 ό
1698 1070 1813 1105 νομοθέν-

1023 1124 1071 1150 της
1087 1114 1292 1150 ἀπηγόρευσεν;
1315 1115 1335 1141 0
1353 1115 1585 1142 ΠΑΤΡΙΑΡΧΗΣ.
1617 1115 1661 1147 Ὦς
1678 1117 1718 1148 είς
1743 1116 1812 1151 βαθὺ

1023 1169 1052 1187 τε
1068 1162 1114 1187 καὶ
1137 1161 1237 1196 ἀχανὲς
1257 1161 1397 1196 ζητήσεως
1428 1161 1547 1195 πέλαγος
1564 1162 1672 1195 ὲνάγεις
1690 1163 1773 1197 ἡμᾶς,
1790 1160 1813 1189 ὧ

1025 1205 1146 1240 βασιλεῦ,
1159 1206 1173 1232 ὃ
1193 1205 1285 1232 πολλοὶ
1301 1205 1351 1241 μὲν
1375 1204 1507 1238 πολλάκις
1530 1206 1705 1240 διέπλευσαν,
1725 1208 1813 1239 οὐδεὶς

1023 1251 1052 1277 δέ
1060 1259 1102 1285 γε.
1117 1251 1168 1278 ὅσα
1179 1251 1258 1286 ἴσμεν
1274 1252 1365 1286 ἡμεῖς,
1381 1252 1427 1277 ἐπὶ
1441 1252 1485 1278 τὸν
1499 1252 1596 1286 λιμένα
1609 1254 1657 1287 τῆς
1670 1252 1814 1288 ἀκριϐείας

1024 1297 1147 1330 ἀφίκετο.
1169 1298 1200 1323 Οἱ
1225 1298 1273 1332 μὲν
1297 1297 1362 1332 γὰρ,
1376 1298 1500 1332 καίτοιγε
1520 1298 1621 1325 ἄτοπόν
1647 1307 1672 1325 τι
1696 1299 1813 1332 οἰόμενοι

1024 1343 1072 1374 τὰς
1085 1343 1191 1374 εἰκόνας
1206 1344 1299 1378 χρῆμα
1311 1343 1358 1370 καὶ
1375 1343 1543 1379 Ἑλληνικῆς
1565 1343 1677 1377 ἔκγονον
1692 1344 1812 1379 πλάνης,

1024 1389 1053 1415 ἐν
1067 1389 1116 1423 μὲν
1137 1389 1174 1423 τῷ
1192 1390 1292 1423 ἀφανεῖ
1308 1389 1358 1423 τῆς
1375 1389 1465 1424 ψυχῆς
1488 1389 1623 1424 κριτηρίῳ
1641 1389 1814 1416 διαϐάλλουσί

1023 1443 1052 1460 τε
1072 1434 1156 1466 αὐτὰς
1172 1435 1219 1461 καὶ
1237 1436 1293 1466 τοῖς
1318 1436 1483 1470 κατηγόροις
1508 1435 1697 1462 συντίθενται·
1718 1436 1764 1462 ἐπὶ
1785 1435 1814 1462 δδ

1023 1479 1077 1505 τῶν
1098 1480 1265 1514 πραγμάτων
1288 1480 1412 1511 ἐλθόντες
1428 1481 1556 1515 πρύμναν
1572 1489 1600 1507 τε
1630 1481 1813 1516 ὲκροὺσαντο,

1023 1525 1070 1552 καὶ
1084 1526 1192 1552 ἐναντία
1206 1526 1307 1561 δρῶσιν
1324 1523 1365 1558 οἷς
1386 1527 1521 1559 ἑγνωσαψ
1539 1527 1644 1559 εἰκόνες
1658 1536 1686 1553 τε
1699 1527 1753 1562 γὰρ
1764 1528 1814 1554 αὑ-

187 1580 244 1599 rem
260 1572 378 1603 venitur,
391 1572 563 1607 puppi,quod
578 1572 663 1604 aiuntl
677 1572 789 1599 inhibita
802 1581 831 1600 se
843 1573 970 1607 paulatim

1023 1572 1078 1601 τοῖς
1095 1573 1148 1597 εἱσι
1161 1572 1206 1597 καὶ
1222 1572 1250 1597 ὲν
1265 1573 1324 1603 ταῖς
1338 1571 1421 1607 ὲκκλη
1428 1572 1560 1609 ςίαιςγκαὶ
1580 1574 1609 1599 ὲν
1625 1574 1685 1604 ταῖς
1700 1573 1814 1607 ἀγοραῖς

187 1617 349 1651 subducunt,
364 1618 500 1644 contraria
516 1622 627 1652 agentes
644 1618 685 1644 his
703 1626 764 1652 qua:
782 1623 945 1645 censuerant
960 1629 967 1646 :

187 1664 287 1690 habent
301 1664 373 1690 enim
389 1663 520 1697 imagines
533 1671 594 1690 cum
608 1663 633 1690 in
651 1663 772 1691 ecclesiis
789 1667 844 1690 tum
869 1663 896 1691 in
914 1664 972 1692 foro

187 1710 268 1744 inque
289 1709 423 1741 domibus,
439 1710 550 1744 quidam
574 1710 656 1736 etiam
682 1709 787 1736 itineris
811 1710 924 1738 comites
945 1715 972 1738 et

184 1755 393 1782 contubernales
419 1761 490 1782 terra
516 1755 713 1788 marique.Alii
742 1756 780 1781 rei
795 1756 972 1790 perplexitate

185 1802 291 1836 penitus
305 1800 470 1833 (miscentes,
489 1806 572 1835 atque
595 1809 608 1827 ιι
627 1801 712 1834 prima
736 1801 828 1828 statim
845 1809 972 1836 congres-

183 1848 260 1875 sione
289 1848 452 1881 abjicicntcs
481 1855 570 1879 arma,
598 1848 667 1874 hosti
697 1851 771 1882 terga
804 1848 918 1881 dedere;
945 1851 971 1876 et

183 1901 271 1927 neque
296 1894 489 1928 prophetarum
517 1894 647 1928 imagines
674 1893 771 1920 honori
793 1894 902 1926 habent,
921 1901 971 1921 nec

183 1940 363 1974 apostolorum
378 1940 640 1975 simulm:ra,'neque
662 1945 809 1975 martyrum
833 1939 970 1967 coloribus

182 1993 214 2012 ac
226 1985 352 2020 penicillo
367 1986 462 2013 (luctas
484 1986 583 2020 ﬁguras
603 1995 609 2012 :
623 1986 669 2013 sed
685 1986 725 2012 his
739 1985 866 2013 onmibus
883 1985 969 2012 libera

182 2037 354 2059 exstruentes
378 2034 478 2067 templa
499 2033 567 2059 citra
596 2032 677 2058 ullum
701 2032 846 2066 figurarum
875 2031 970 2065 imagi-

183 2086 300 2112 numque
322 2084 493 2112 apparatum,
503 2077 558 2105 Deo
572 2078 701 2105 invisibili
713 2082 795 2112 atque
808 2077 970 2111 incorporeo

179 2123 281 2156 jactant
297 2124 508 2158 supplicationes
531 2124 630 2152 offerre
656 2132 685 2151 se
700 2132 732 2151 ac
745 2129 804 2151 vota
820 2124 919 2151 facere.
934 2123 969 2150 At

181 2169 202 2196 si
218 2169 317 2204 placet,
330 2171 356 2196 in
376 2170 455 2204 hujm
471 2170 508 2197 rei
533 2170 687 2203 indaginem
709 2169 834 2204 ingrcssi,
853 2177 904 2196 non
922 2176 969 2196 ne-

1024 1618 1071 1643 καὶ
1084 1618 1113 1643 ὲν
1131 1618 1186 1648 τοῖς
1199 1617 1294 1648 οἴκοις,
1317 1617 1366 1652 ἤδη
1392 1617 1420 1644 δὲ
1443 1619 1491 1644 καὶ
1514 1618 1580 1645 ἔνιοι
1605 1619 1814 1654 συνοδοιπόρους

1023 1662 1114 1697 ἔχουσι
1133 1663 1180 1689 καὶ
1198 1662 1370 1697 ὁμοδιαίτους
1394 1664 1441 1689 καὶ
1460 1663 1677 1698 πεξοποροῦντες
1694 1666 1741 1691 καὶ
1763 1673 1813 1691 πε-

1022 1706 1179 1741 λαγίζοντες
1188 1716 1195 1723 ·
1215 1709 1239 1734 οῑ
1253 1707 1280 1734 δὲ
1293 1708 1392 1740 τελέως
1404 1709 1474 1744 πρὸς
1486 1709 1536 1744 τὴν
1551 1710 1668 1744 ἀπορίαν
1680 1709 1814 1737 ὀκλάσαν-

1021 1761 1077 1784 τες,
1090 1753 1171 1784 εὐθὺς
1186 1754 1217 1779 ἐκ
1231 1753 1345 1789 πρώτης
1357 1754 1518 1789 συμπλοκῆς
1528 1755 1562 1781 τὰ
1577 1755 1647 1782 ὅπλα
1659 1755 1706 1789 τῆς
1722 1755 1812 1790 ψυχῆς

1022 1799 1226 1833 ἀπορρίψαντες
1238 1820 1245 1831 ,
1265 1799 1337 1826 νῶτα
1358 1800 1398 1835 τῷ
1420 1800 1543 1836 πολεμίῳ
1560 1802 1745 1836 παρέσχοντο·
1763 1803 1812 1828 καὶ

1021 1844 1083 1871 οὕτε
1100 1845 1253 1880 προφητῶν
1266 1845 1361 1877 αὐτοῖς
1375 1847 1511 1882 τιμῶνται
1526 1848 1643 1879 εἰκόνες,
1667 1847 1729 1874 οὔτε
1746 1848 1814 1874 ἀπο.

1021 1890 1121 1917 στόλων
1140 1891 1263 1926 μορφαὶ,
1283 1890 1345 1917 οὔτε
1363 1892 1513 1927 μαρτύρων
1531 1893 1646 1928 γραφαί·
1668 1892 1735 1919 ἀλλὰ
1751 1893 1813 1919 τού⁶

1020 1945 1074 1962 των
1090 1937 1217 1963 ἁπάντων
1242 1936 1458 1972 ἀπηλλαγμένας
1472 1938 1522 1970 τὰς
1545 1939 1694 1973 ἐκκλησίας
1711 1939 1813 1974 συστή-

1021 1991 1127 2015 σαντες,
1144 1983 1367 2018 ἀσχηματίστους
1383 1984 1430 2010 καὶ
1443 1984 1526 2011 τόπον
1545 1984 1624 2016 ἐκτὸς
1638 1984 1677 2019 τῷ
1701 1984 1813 2020 ἀοράτῳ

1019 2037 1048 2054 τε
1063 2028 1110 2055 καὶ
1124 2029 1263 2064 ἀσωμάτῳ
1275 2029 1334 2064 Θεῷ
1348 2029 1398 2061 τὰς
1410 2030 1514 2057 ἑαυτῶν
1530 2030 1635 2062 ἱκεσίας
1650 2031 1810 2065 ἀνάγουσιν.

1026 2074 1106 2107 ’Δλλ’,
1123 2075 1147 2101 εί
1161 2075 1244 2108 δοκεῖ,
1264 2075 1301 2110 μὴ
1325 2076 1389 2110 περὶ
1407 2076 1457 2111 τὴν
1480 2076 1595 2111 ζήτησιν
1610 2076 1811 2112 ἀποκάμωμεν,

1021 2119 1088 2154 μηδὲ
1098 2119 1244 2154 ἀμελῶμεν
1254 2120 1302 2155 τῆς
1313 2119 1409 2155 θύρας,
1419 2121 1442 2146 εἰ
1455 2121 1491 2156 μὴ
1502 2121 1531 2146 ὲν
1543 2120 1635 2154 κύκλῳ
1646 2122 1812 2156 περιιόντες,

1019 2166 1066 2192 καὶ
1083 2166 1290 2200 ἰχνηλατοῦντες
1305 2165 1343 2201 τῷ
1364 2166 1438 2202 λόγῳ
1458 2167 1487 2193 ὲν
1502 2167 1621 2198 δικτύοις
1638 2167 1722 2202 αὐτὴν
1746 2167 1813 2202 ἁλή-

182 2214 314 2249 gligamus
327 2216 456 2249 ianuam:
475 2223 508 2242 ne
524 2215 594 2242 forte
612 2215 763 2242 iucircuilu
781 2214 966 2242 ambulemus:

1023 2211 1094 2237 Βειαν
1115 2211 1292 2246 ἐμϐάλωμεν.
1311 2212 1410 2238 Ἀκουε
1430 2211 1499 2247 δῆτα
1515 2212 1563 2238 τοῦ
1579 2212 1659 2246 λόγου
1670 2232 1676 2243 ,
1693 2211 1722 2238 εὗ
1740 2212 1813 2247 μάλα

181 2260 226 2286 sed
250 2269 297 2295 per
322 2268 368 2287 sua
389 2261 502 2293 vestigia
517 2262 658 2287 veritatem
693 2265 881 2288 consectantes
906 2268 966 2287 εει·-

183 2313 271 2337 mone,
294 2305 378 2338 ipsam
396 2307 465 2332 intra
498 2305 564 2333 retia
595 2306 731 2339 possimus
758 2313 866 2338 capere.
885 2304 953 2331 Audi

1021 2257 1103 2291 σοφοῦ
1115 2265 1145 2283 τε
1160 2257 1208 2284 καὶ
1218 2257 1346 2292 ἀληθοῦς,
1360 2257 1390 2284 ὃν
1404 2257 1524 2294 ἀποδέξῃ
1539 2259 1587 2284 καὶ
1605 2258 1771 2290 ἐπαινέσεις,
1787 2259 1813 2284 ει

1014 2303 1052 2338 τῷ
1070 2303 1128 2329 ὄντι
1142 2303 1189 2330 τοῦ
1206 2303 1283 2334 ὄντος
1297 2304 1363 2339 ἐρᾷς
1378 2305 1425 2331 καὶ
1444 2305 1494 2338 τῆς
1510 2304 1641 2339 ἀληθείας
1656 2304 1776 2338 ἐφίεσαι.

182 2353 262 2386 igitur
278 2353 421 2380 admodum
437 2353 588 2387 sapientem
608 2359 756 2386 verumque
775 2359 939 2382 sermonem,
957 2357 1037 2386 quem
1065 2351 1142 2385 plane
1159 2351 1320 2385 probaturus
1339 2351 1376 2378 sis
1391 2359 1422 2378 ac
1443 2351 1605 2378 laudaturus
1618 2372 1625 2382 ,
1644 2351 1666 2378 si
1693 2358 1756 2377 vere
1786 2351 1813 2378 id

181 2407 257 2425 amas
284 2399 354 2433 quod
384 2405 477 2425 verum
509 2404 560 2431 est,
575 2404 603 2425 et
629 2399 751 2425 veritatis
779 2398 913 2425 desiderio
931 2396 1042 2424 teneris.

216 2477 261 2504 45.
281 2476 409 2503 Noscisne
420 2477 481 2511 quis
504 2477 568 2504 olim
587 2477 619 2504 de
629 2476 683 2504 Deo
694 2485 772 2504 error
781 2477 968 2513 Egyptiorum

181 2526 284 2548 mentes
296 2522 450 2553 incesserit,
468 2527 552 2556 utque
571 2522 588 2549 ii
606 2523 765 2554 iucreatam,
781 2523 911 2557 onmique
924 2530 970 2550 va-

181 2571 286 2593 cantem
300 2568 414 2594 materia
435 2567 539 2594 Domini
556 2568 683 2602 gloriam,
696 2569 730 2596 ad
751 2569 892 2596 materiam
909 2567 966 2595 for-

181 2620 307 2647 tuamque
332 2613 516 2647 deprimentes
547 2615 671 2641 humana:
694 2613 787 2641 forma:
822 2614 967 2642 simulacra

181 2659 321 2686 colerent?
342 2660 457 2687 Osiridis
474 2660 578 2688 scilicet
592 2665 674 2695 atque
698 2661 847 2696 Typhonis,
864 2660 965 2695 Orique

182 2710 227 2731 :mt
242 2704 319 2732 Isidis
336 2711 416 2739 atque
432 2705 546 2732 aliorum
576 2707 724 2739 hominum,
742 2714 857 2741 quorum
896 2707 966 2734 divis

182 2750 448 2785 stultcaseriptortnn
462 2752 596 2778 luxuriam
611 2752 700 2786 arguit
718 2752 873 2779 institutum
886 2752 962 2778 vita):

182 2797 324 2825 avaritiam
361 2797 513 2832 iujuslaqtte
551 2797 640 2825 studia
671 2798 752 2830 bella.
781 2799 965 2833 opprimendis

1057 2480 1111 2511 μγ¹.
1143 2476 1200 2502 Οὐκ
1225 2474 1323 2506 οἶσθα,
1347 2475 1391 2502 οἵα
1414 2483 1456 2506 τις
1474 2475 1570 2510 πρώην
1597 2475 1662 2511 περὶ
1680 2476 1747 2502 Θεὸν
1762 2477 1812 2509 τὰς

1019 2523 1173 2557 Αἰγυπτίων
1184 2522 1272 2556 ψυχὰς
1284 2521 1433 2555 ἐπενέμετο
1445 2521 1543 2556 πλάνη.
1557 2522 1604 2548 καὶ
1617 2522 1654 2553 ὡς
1667 2523 1716 2558 τὴν
1732 2522 1811 2549 ἄκτιι-

1019 2568 1080 2594 στόν
1097 2576 1126 2593 τε
1143 2567 1190 2593 καὶ
1202 2566 1283 2593 ἄῡλον
1297 2566 1345 2593 τοῦ
1358 2558 1495 2593 Δεσπότου
1511 2566 1590 2598 δόξαν
1607 2569 1810 2602 καταγαγόντες

1018 2614 1056 2645 εἰς
1073 2612 1140 2648 ὕλην
1156 2613 1202 2639 καὶ
1216 2610 1296 2644 εἶδος,
1307 2612 1479 2647 ἀνδρείκελόν
1495 2623 1521 2640 τι
1537 2615 1638 2650 ταύτην
1651 2615 1697 2642 καὶ.
1707 2615 1812 2650 ἀνορωο

1022 2659 1115 2694 ποειδῆ
1135 2659 1338 2694 τετιμήκασιν;
1361 2657 1417 2690 οἶος
1430 2657 1462 2694 ἦν
1477 2659 1531 2694 ἄρα
1545 2661 1648 2692 ἐκεῖνος
1662 2662 1676 2687 ὀ
1694 2662 1810 2695 Ὄσιρις

1022 2706 1035 2732 ὁ
1047 2705 1155 2739 Τυφὼν,
1173 2706 1186 2730 ὁ
1200 2702 1293 2739 Ὧρος,
1305 2705 1321 2738 ἡ
1336 2702 1416 2736 Ἶσις,
1433 2704 1479 2731 καὶ
1492 2705 1546 2732 τῶν
1560 2706 1646 2732 ἄλλων
1658 2707 1810 2741 ἀνθρώπων

1023 2751 1091 2777 θεῶν
1103 2752 1116 2777 ό
1134 2750 1293 2783 κατάλογος,
1311 2746 1348 2776 ὧν
1359 2749 1494 2786 διελέγχει
1507 2752 1553 2777 καὶ
1568 2752 1742 2779 ἀποδείκνυσι
1760 2754 1810 2788 τὴν

1022 2799 1155 2834 ἀκρασίαν
1171 2799 1184 2825 ὀ
1204 2798 1277 2833 βίος,
1293 2798 1343 2833 τὴν
1361 2798 1388 2825 δὲ
1409 2798 1565 2832 πλεονεξίαν
1580 2800 1593 2825 ό
1610 2799 1725 2834 πόλεμος
1738 2820 1744 2831 ,
1762 2801 1810 2838 τὴν
