1931 3076
118 159 168 192 105

878 163 981 194 'VITA.

1702 168 1751 200 186

115 216 164 243 ut
178 215 284 242 ἀνωθεν
299 215 464 250 παραδόσεις
479 214 535 241 τῶν
551 214 669 251 πρώτων
681 215 846 252 ἀνθρώπων,
859 218 909 245 ινα

968 218 1052 248 insitae
1065 220 1205 248 hominum
1215 221 1351 250 mentibus
1361 222 1395 250 de
1408 222 1464 250 Deo
1476 223 1667 258 cogitationes,
1680 232 1755 260 qua:-

115 261 183 288 Θεὸν
200 261 292 297 ἁληθῆ
307 262 390 297 μόνον
404 261 566 295 ἐγίνωσκον·
579 261 604 287 οι
618 261 646 288 δὲ
660 261 711 297 τῆς
725 261 835 297 χθονιας
849 264 914 299 ἐρα-

116 307 178 334 σταὶ
193 306 302 341 σοφίας,
317 306 477 342 ἁφιλοσόφῳ
498 306 579 342 σοφίᾳ
597 306 645 333 καὶ
659 306 732 342 λόγῳ
747 307 848 343 ἀλόγῳ,
864 308 914 342 τῆς

115 352 261 387 εὖσεβείας
277 352 329 384 τὰς
352 352 432 387 ῥίζας
456 351 603 388 τολμηρῶς
620 352 847 386 ἀνασπάσαντες,
866 353 914 388 ἧλ-

115 398 201 431 λαξάν
218 407 248 425 τε
259 399 347 430 αὑτὰς
358 399 406 425 καὶ
418 399 516 434 ἑτέραν
530 398 691 434 ἐτράποντο,
704 400 754 426 καὶ
765 399 914 432 πολυθεῖας

117 444 323 480 ὲμὸεὖληκὸτες
340 444 423 479 φυτὰ,
439 444 612 481 προῦδωκαν,
629 445 665 480 ἣν
682 443 754 480 εἶχον
771 446 912 482 ἀλήθειαν,

116 490 263 526 ἀνθρώπου
283 491 412 526 ὁμοίωμα
428 491 475 517 καὶ
498 490 634 518 πετεινῶν
649 492 696 518 καὶ
714 491 779 526 ἑξῆς
795 492 835 528 τῷ
853 493 913 528 Θεῷ

116 538 336 572 παρασχόμενοι.
362 537 536 564 Ἐναλλάττει
559 537 614 573 γὰρ
634 537 649 563 ὃ
673 538 807 573 πρότερον
827 535 912 574 εἶχεν,

116 583 179 610 ἀντὶ
194 583 242 609 τοῦ
258 583 337 614 δντος
357 583 388 610 τὸ
410 583 448 618 μὴ
469 583 557 618 παρὸν
577 583 651 618 αὐτῷ
675 583 912 619 προαιρούμενος·

117 630 133 656 ὃ
143 630 170 656 δὲ
189 630 226 666 μὴ
242 628 326 665 εῖχεν,
341 630 391 656 οὐκ
406 629 438 656 ἂν
452 629 625 657 ἐναλλάττειν
641 630 752 657 πώποτε
762 631 860 659 ἕλοιτο.

965 273 1019 300 que
1034 266 1095 301 ipso
1121 267 1156 294 ab
1179 267 1258 295 initio
1279 267 1335 303 jam
1362 268 1425 296 olim
1442 269 1586 303 viguerunt
1604 271 1755 304 primorum
1805 290 1816 299 .

966 312 1108 340 hominum
1123 314 1295 346 traditiones,
1309 322 1391 341 unum
1419 315 1551 342 duntaxat
1564 323 1656 342 verum
1670 317 1754 344 Deum

950 352 1184 392 'cognoscendnm
1212 359 1314 386 dabant
1338 368 1346 386 :
1375 363 1489 387 terrente
1518 367 1582 388 vero
1615 361 1756 396 sapientia:

968 409 1115 437 amatores,
1142 405 1244 433 insulsa
1264 405 1394 441 nihilique
1417 407 1523 434 ratione
1546 407 1631 439 dttcti,
1655 408 1756 435 evulsis

968 449 1114 476 temerario
1128 457 1196 477 ausu
1214 450 1324 485 pietatis
1338 451 1484 483 radicibus,
1502 451 1634 485 ejusmodi
1650 453 1756 488 cogita-

969 493 1055 522 tiones
1081 499 1183 522 natura:
1224 496 1322 523 insitas
1346 497 1558 531 verissimasque
1596 498 1756 526 traditiones

969 546 1207 570 commutaverunt
1219 547 1429 577 everteruntqne
1441 547 1468 570 et
1481 543 1595 577 plurium
1615 544 1757 571 numinum

968 586 1136 620 impietatem
1155 587 1227 614 velut
1245 589 1341 615 noxias
1351 588 1457 623 plantas
1474 589 1631 616 inseverunt
1648 590 1757 621 animis,

969 632 1121 668 ipsamque,
1138 641 1190 668 qua
1208 639 1286 661 erant
1306 634 1444 668 instructi,
1460 635 1605 662 veritatem
1629 635 1758 670 prodide-

119 683 196 710 runt,
213 683 243 705 ut
257 678 376 705 hominis
409 677 617 705 similitudinem
650 679 847 714 volucrumque
878 686 911 707 ac
941 687 1035 708 rerum
1056 681 1186 716 deinceps
1214 681 1327 708 aliarum
1348 681 1403 709 Deo
1424 682 1587 709 tribuerent.
1602 682 1759 709 Commota:

119 726 192 754 enim
220 727 245 753 id
262 725 334 761 quod
357 731 420 753 ante
438 725 554 754 habebat
577 726 611 758 is,
628 726 674 761 qui
690 727 714 753 ei
735 727 807 761 quod
824 727 902 755 adest
939 727 967 756 id
983 728 1054 763 quod
1071 736 1123 756 non
1137 730 1213 756 adest
1243 729 1351 765 praefert
1370 739 1376 757 :
1395 734 1563 757 commutare
1597 730 1670 757 enim
1685 730 1758 765 quod

119 782 173 802 non
189 774 283 804 habet.
299 780 378 800 nemo
390 773 416 799 in
429 773 549 799 animum
563 773 772 800 inducatsuum.

154 819 206 855 νβ’.
234 821 254 846 0
275 819 352 846 ΒΑΣ.
378 816 453 853 ’Λρα
481 819 513 845 οὐ
537 819 618 844 τοῦτό
643 819 718 845 ἑστιν
747 819 761 845 ὃ
784 819 913 855 διεξῄεις,

1000 818 1048 846 52.
1067 818 1182 846 iiIPER.
1194 818 1315 846 ﬂoccine
1328 822 1370 846 est
1379 818 1450 853 quod
1461 825 1591 847 sermone
1604 821 1757 851 contendis.

118 867 156 899 ὼς
178 866 225 892 ἐπὶ
243 865 324 900 μόνου
342 864 410 890 Θεοῦ
425 864 611 900 παραδεκτέον
625 864 672 891 τὸν
695 864 744 891 τοῦ
767 865 914 900 νομοθέτου

968 864 1000 892 de
1013 864 1069 892 solo
1082 863 1137 892 Deo
1154 864 1342 898 accipiendum
1359 865 1483 899 verbum,
1498 865 1611 900 ejusque
1624 867 1758 895 duntaxat

113 914 211 947 λόγον,
240 912 288 938 καὶ
304 912 342 943 ὡς
374 911 420 937 ἐπὶ
452 912 549 937 τούτου
578 911 628 944 τὰς
663 911 770 943 εἰκόνας
795 912 914 948 γράφειν

119 959 275 991 subitae“;
303 958 324 984 Ο
346 957 449 984 ΠΑΤΡ.
476 956 563 983 Τοῦτό
581 965 613 990 γε
640 955 722 992 ἔφην,
751 958 800 984 καὶ
825 957 915 992 λέγειν

118 1005 252 1032 οὐδέποτε
265 1003 417 1038 παύσομαι.
437 1004 458 1028 0
476 1003 550 1029 ΒΑΣ.
567 1002 600 1028 Τί
620 1002 671 1038 δής
689 1003 720 1029 ού
743 1003 809 1030 Θεὸν
827 1003 914 1039 ἀληθῆ

120 1051 166 1078 τὸν
189 1049 310 1084 Χριστὸν
330 1048 491 1084 κηρῠττειςς
507 1049 527 1075 0
540 1048 642 1074 ΠΑΤΡ.
656 1049 775 1083 Ἔγωγε.
801 1050 822 1076 0
840 1049 914 1077 ΒΛΣ.

120 1083 289 1131 Χριστοῦιδὲ
305 1095 414 1126 εἰκόνας
427 1095 456 1120 οὗ
472 1095 606 1130 γράφεις
620 1095 640 1121 υ
664 1095 768 1122 ΠΑΤΡ.
796 1094 915 1129 Πάνυγε.

121 1144 143 1169 0
154 1143 228 1169 ΒὶΣ.
247 1142 308 1172 Πῶς
322 1139 369 1168 οὖν
384 1141 450 1167 Θεὸν
464 1141 552 1176 ἀληθῆ
569 1141 614 1167 τὸν
625 1141 743 1176 Χριστὸν
757 1141 916 1177 κηρύττεις,

119 1187 243 1223 Χριστοῦ
255 1187 283 1213 δὲ
295 1187 413 1222 γράφεις
422 1186 540 1218 εἰκόνας,
556 1187 581 1212 εἰ
596 1186 663 1212 Θεοῦ
679 1187 796 1221 γράφειν
810 1187 918 1218 εἰκόνας

119 1233 136 1259 ὁ
149 1233 300 1268 νομοθέτης
319 1231 473 1264 ὲκώλυσενς
490 1232 510 1258 ο
527 1231 631 1258 ΠΑΤΡ.
651 1231 688 1258 Εὖ
704 1240 744 1258 σοι
769 1231 884 1266 γένοιτο,
895 1229 918 1259 ὧ

122 1279 236 1313 βασιλεῦ
251 1287 259 1294 ·
279 1279 310 1305 τὸ
333 1278 388 1313 γὰρ
407 1278 484 1314 παρὰ
506 1277 553 1304 σοῦ
574 1277 686 1312 κινηθὲν
703 1279 875 1313 παραστήσει
889 1278 918 1305 τὸ

119 1326 210 1360 δόγμα
226 1324 431 1360 λαμπρότερον.
450 1324 520 1351 Εἰπὲ
532 1324 605 1358 γὰρ,
623 1324 653 1350 οὐ
672 1323 739 1350 Θεὸν
753 1323 853 1358 ἀληθῆ,
871 1325 919 1350 καὶ

119 1371 267 1406 ἄνθρωπον
289 1369 378 1404 ἀληθῆ
401 1368 448 1396 τὸν
468 1369 587 1404 Χριστὸν
611 1368 774 1404 κηρύττειςς
799 1370 820 1395 υ
842 1368 917 1395 ΒΑΣ.

120 1416 217 1447 Οὖτω;
236 1415 301 1450 ἔχω.
327 1417 348 1440 υ
375 1414 478 1441 ΠΑΤΡ.
496 1414 658 1449 Ἀνθρωπος
681 1413 802 1448 γεγονὼς
822 1415 837 1441 ό
851 1414 920 1451 Χρι-

121 1463 205 1494 πὶς,
238 1461 269 1487 οὐ
308 1460 414 1492 τέλειός
447 1460 522 1486 ἐστιν
553 1460 686 1492 ὡσαύτως
720 1460 799 1486 τοῦτο
825 1462 920 1488 κακεῖ-

967 909 1110 945 pingendis
1131 909 1295 944 imaginibus
1311 917 1343 936 ac
1358 909 1511 937 simulacris
1524 910 1654 939 ducendis
1672 912 1758 940 inter-

966 955 1066 983 dictum
1081 956 1161 983 esse?
1175 956 1276 983 PATR.
1293 955 1349 984 lloc
1377 957 1454 990 plane
1471 956 1541 990 dico,
1564 965 1614 985 nec
1636 965 1757 993 unquam

966 1005 1125 1030 cessatnrus
1145 1009 1204 1030 sum
1227 1001 1329 1030 dicere.
1352 1001 1468 1029 IMPER.
1482 1002 1550 1035 Quid
1568 1004 1650 1031 vero?
1663 1003 1759 1031 Nonne

966 1046 1101 1074 Christum
1124 1055 1216 1074 verum
1240 1047 1323 1075 Deum
1340 1048 1476 1082 proilteris
1487 1048 1502 1075 Ἰ
1517 1048 1618 1076 PATR.
1630 1049 1756 1078 Maxime.

967 1092 1083 1119 IMPEB.
1099 1092 1191 1119 Nottne
1206 1100 1269 1120 vero
1284 1092 1383 1119 Christi
1407 1093 1538 1128 imagines
1552 1101 1584 1121 ac
1611 1087 1756 1121 simulacra

968 1139 1055 1174 pingis
1064 1138 1075 1164 ’ἰ
1084 1138 1184 1165 PATR.
1193 1139 1231 1164 ita
1241 1137 1451 1172 pianeJMi’ER.
1462 1138 1600 1171 Quomodo
1609 1139 1699 1174 igitur,
1711 1141 1757 1175 qui

970 1191 1060 1210 verum
1077 1183 1160 1210 Deum
1181 1184 1320 1210 Christum
1336 1184 1480 1218 proﬁteris,
1497 1184 1599 1212 Christi
1625 1176 1757 1221 imagines

970 1229 1072 1264 piugis,
1090 1237 1151 1256 cum
1179 1229 1317 1264 iegislator
1333 1229 1381 1256 Dei
1399 1230 1532 1264 imagines
1548 1231 1695 1265 pingendas
1711 1239 1758 1258 vc-

967 1274 1068 1301 tuerit?
1094 1273 1196 1301 ΡΑΤΒ.
1215 1274 1287 1301 Bene
1313 1275 1360 1302 tibi
1389 1275 1437 1307 sit,
1453 1282 1469 1302 ο
1486 1275 1646 1309 imperator,
1675 1284 1756 1310 quam

969 1320 1041 1347 enim
1053 1321 1229 1354 quaestionem
1245 1321 1363 1354 movisti,
1377 1321 1529 1348 doctrinam
1544 1321 1644 1349 clarius
1658 1323 1758 1349 contir-

970 1366 1064 1394 mabit.
1079 1366 1158 1398 Natn,
1171 1367 1279 1400 amabo,
1295 1374 1386 1394 nonne
1402 1367 1541 1394 Christum
1558 1376 1652 1395 verum
1670 1369 1756 1395 Deum

970 1418 1117 1446 verumque
1139 1412 1275 1438 hominem
1302 1412 1459 1446 proﬁteris?
1482 1411 1598 1439 IMPER.
1625 1412 1662 1439 ita
1679 1421 1755 1441 sane.

967 1456 1074 1484 PATR‘.
1091 1457 1218 1485 Christus
1235 1457 1314 1484 ltonto
1331 1457 1431 1491 factus,
1449 1465 1538 1486 nonne
1556 1459 1668 1493 perinde
1687 1458 1758 1486 Dens

122 1516 170 1540 νο,
199 1507 247 1534 καὶ
275 1505 338 1532 οὔτε
357 1506 408 1541 τὴν
436 1505 542 1531 οἰκείαν
574 1505 657 1539 φύσιν
683 1506 829 1540 ἐμείωσεν,
856 1505 914 1532 οὔτε

971 1507 1053 1537 atque
1067 1504 1147 1531 homo
1161 1503 1295 1538 perfectus
1314 1504 1431 1536 exsistit,
1444 1504 1554 1539 quando
1577 1512 1666 1539 neque
1678 1513 1756 1532 suam

121 1554 137 1581 ὃ
167 1552 336 1589 προοὲλαῦεν
364 1552 405 1583 εἰς
430 1550 557 1586 θεότητος
594 1551 675 1585 φύσιν
707 1551 873 1586 μετέϐαλεν;
898 1552 914 1579 Ο

968 1547 1031 1582 ipse
1041 1553 1165 1575 naturam
1179 1549 1287 1580 minuit,
1303 1556 1352 1577 nec
1364 1556 1444 1583 quam
1455 1549 1602 1582 assumpsit
1611 1551 1637 1576 in
1648 1551 1757 1578 deitatie

122 1598 200 1625 ΒΑΣ.
225 1598 282 1624 Καὶ
314 1595 399 1631 μάλα.
420 1596 441 1622 0
470 1595 573 1622 ΠΑΤΡ.
604 1595 641 1621 Οὐ
672 1596 865 1631 συνομολογεῖς
890 1596 914 1623 δὲ

970 1599 1094 1622 naturam
1121 1595 1274 1623 convertit?
1299 1595 1417 1623 IMPER.
1427 1595 1527 1624 1‘tane.
1542 1596 1643 1624 PATR.
1662 1596 1758 1625 Nonne

123 1645 172 1672 ut
198 1644 262 1678 φὴς,
292 1642 330 1673 ὡς
360 1641 439 1668 ἄλλον
465 1641 515 1676 μὲν
544 1640 592 1667 καὶ
628 1641 708 1667 ἄλλον
733 1641 779 1668 τὸν
800 1642 918 1677 Χριστὸν

123 1691 175 1718 οὐκ
209 1689 242 1716 ἂν
276 1696 342 1714 ποτε
377 1687 517 1722 φαίημεν
545 1687 592 1714 τὸν
622 1687 703 1714 αὑτὸν
723 1687 752 1714 δὲ
777 1687 835 1722 ἅμα
857 1688 918 1715 κατ’

124 1736 189 1763 ἄλλο
211 1735 262 1761 καὶ
279 1734 349 1761 ,ἄλλο
361 1754 369 1766 ,
388 1734 438 1760 καὶ
456 1733 547 1767 ἀπαθῆ
569 1733 617 1759 καὶ
640 1733 761 1768 παθητὸν
781 1733 896 1767 λέγομεν
909 1741 917 1750 ·

125 1782 187 1809 καθ’
200 1781 215 1808 ὃ
228 1781 279 1816 μὲν
293 1780 378 1812 Θεὸς,
389 1779 478 1812 τοῦτο,
495 1779 556 1806 καθ’
571 1779 585 1805 ὅ
597 1779 625 1805 δὲ
638 1779 783 1814 ἄνθρωπος
797 1780 810 1805 ὁ
825 1780 916 1813 αὐτὸς,

125 1828 234 1858 ἐκεῖνος
257 1825 290 1851 Tt
309 1825 360 1860 an;
387 1824 417 1850 οὐ
436 1824 504 1850 καθὸ
521 1824 570 1859 μὲν
586 1823 663 1860 Θεὸς,
679 1825 793 1859 ἀόρατός
814 1825 843 1851 τὲ
859 1826 917 1852 ἐστι

120 1872 175 1899 καὶ
190 1869 297 1905 ἀναφὴς
312 1859 360 1895 καὶ
375 1868 537 1903 νοούμενος··
549 1868 611 1895 καθ’
628 1859 684 1894 δ’δὲ
699 1868 853 1904 ἄνθρωπος,
870 1869 918 1896 καὶ

126 1918 224 1953 ὁρατὸς
253 1916 301 1943 καὶ
324 1914 410 1946 ἁπτὸς
429 1915 474 1940 καὶ
490 1914 672 1949 φαινόμενο;;
698 1915 765 1949 οὐχὶ
790 1912 837 1941 οὖν
869 1914 917 1942 καὶ

125 1964 194 1990 Θεὸν
206 1964 286 1997 ἴσμεν
298 1961 386 1996 ἀληθῆ
397 1961 443 1987 τὸν
454 1961 643 1995 γραφόμενον;
656 1961 722 1993 Θεὸς
734 1961 787 1996 γὰρ
798 1961 916 1996 ἀληθῶς,

126 2011 175 2037 καὶ
190 2007 347 2043 σαρκωθεὶς
366 2007 381 2032 ὁ
394 2006 524 2042 Χριστός.
546 2006 616 2032 Ἀλλ’
630 2007 661 2033 οὺ
677 2006 738 2033 καθ’
758 2006 772 2033 ὃ
788 2007 854 2039 Θεὸς
872 2007 918 2034 τὸν

126 2055 246 2092 Χριστὸν
271 2054 434 2088 γράφομεν,
460 2050 521 2078 οὐδὲ
546 2052 618 2079 κατὰ
636 2051 715 2079 τοῦτο
735 2053 785 2084 τὰς
810 2054 919 2085 εἰκόνας

127 2101 203 2136 αὐτῷ
215 2099 392 2134 ἀνατίθεμεν*
411 2098 479 2125 καθὸ
495 2098 523 2125 δὲ
539 2098 682 2134 ἄνθρωπος
698 2096 732 2134 ἦν
750 2101 764 2126 ὁ
776 2099 857 2131 αὐτὸς
871 2100 918 2126 καὶ

127 2149 174 2174 ἐπὶ
195 2146 248 2181 γῆς
267 2145 366 2180 ἐφάνη,
382 2145 442 2175 ταῖς
454 2143 541 2170 εἰκόσι
557 2143 726 2179 κεχρήμεθα.
742 2145 798 2171 Καὶ
811 2143 874 2171 οὔτε
886 2144 917 2171 τὸ

125 2192 225 2227 ὁρατὸν
242 2192 291 2217 καὶ
307 2190 495 2224 περιγραπτον
504 2190 561 2218 τοῖς
573 2189 623 2224 τῆς
639 2189 772 2224 ὰορασὶας
787 2189 834 2216 καὶ
851 2190 917 2216 ἀπε-

965 1639 1074 1673 pariter
1097 1640 1237 1667 confiteris
1252 1641 1346 1675 aisqne
1359 1649 1498 1676 nunquam
1518 1649 1566 1669 nos
1581 1642 1663 1670 aiittm
1675 1648 1757 1678 atque

969 1685 1052 1712 alium
1070 1685 1208 1713 Christum
1221 1686 1341 1720 dixisse;
1359 1687 1407 1714 sed
1428 1695 1510 1715 unum
1521 1690 1700 1724 eamdemque
1712 1695 1757 1716 se-

968 1731 1086 1758 cundum
1101 1732 1173 1759 aliud
1186 1737 1268 1766 atque
1289 1733 1361 1760 aliud
1377 1737 1432 1760 tum
1447 1734 1605 1767 passibilem
1620 1739 1675 1761 tum
1689 1734 1756 1761 nulli

968 1777 1115 1804 obnoxium
1129 1778 1246 1812 passioni
1261 1779 1368 1812 dicere;
1385 1778 1500 1806 alterum
1515 1779 1620 1806 scilicet
1632 1787 1684 1814 qua
1710 1787 1754 1806 ra-

970 1823 1044 1851 tione
1059 1823 1194 1857 cstbeus,
1205 1824 1319 1852 alterum
1337 1832 1390 1860 qua
1403 1825 1484 1852 homo
1497 1825 1557 1852 est?
1570 1824 1638 1858 Quid
1655 1826 1756 1861 igitur?

969 1877 1021 1904 qua
1035 1870 1139 1896 ratione
1159 1870 1228 1897 Deus
1244 1874 1297 1902 est,
1314 1878 1403 1897 ttonne
1419 1871 1634 1904 inaspectabilis,
1654 1872 1756 1899 intrac-

970 1913 1069 1945 tabilis,
1085 1913 1302 1948 solaque~mente
1317 1914 1494 1948 inteiligihi‘lis
1510 1915 1571 1942 est?
1593 1923 1646 1950 qua
1663 1921 1754 1944 autem

969 1958 1062 1991 homo,
1080 1966 1172 1985 nonne
1189 1959 1335 1994 ejusmodi,
1355 1959 1400 1993 qui
1415 1959 1501 1986 oculis
1517 1959 1613 1992 videri,
1629 1960 1756 1995 tangiqne

970 2003 1095 2031 manibus
1105 2004 1200 2039 possit,
1214 2012 1244 2031 ac
1255 2011 1335 2031 sensu
1348 2005 1510 2039 conspicuus
1521 2005 1651 2032 exsistat?
1659 2005 1755 2033 Nonne

970 2048 1052 2084 igitur
1065 2049 1147 2076 etiam
1163 2057 1223 2077 eum
1258 2050 1303 2084 qtti
1332 2050 1460 2085 pingitur,
1477 2058 1569 2077 verum
1593 2051 1675 2079 Deum
1691 2060 1756 2079 nos-

969 2094 1078 2122 cimtts?
1097 2095 1166 2122 Vere
1192 2095 1264 2122 enint
1282 2095 1406 2122 Christus
1434 2095 1504 2123 Deus
1520 2101 1573 2129 est,
1591 2097 1715 2130 quamvis
1729 2104 1756 2124 et

969 2147 1050 2168 carne
1063 2141 1191 2176 praeditus
1202 2141 1247 2168 sit.
1260 2140 1336 2168 Haud
1350 2146 1438 2168 tamett
1451 2141 1589 2168 Christum
1602 2137 1633 2169 ea
1650 2143 1755 2170 ratione

969 2181 1119 2222 pingimus,
1135 2195 1188 2222 qua
1206 2187 1278 2214 Deus
1295 2191 1346 2219 est,
1370 2187 1411 2215 vel
1434 2187 1458 2214 ei
1477 2187 1608 2221 imagines
1625 2193 1651 2215 et
1669 2188 1757 2215 simn-

129 2236 278 2272 ριγραψὶας
304 2234 508 2269 ἀνακομίζομεν
539 2233 667 2268 μέτροις,
690 2234 728 2265 ὡς
754 2234 787 2260 ἂν
808 2234 846 2269 μὴ
867 2233 914 2269 τὴν

970 2233 1041 2260 lacra
1068 2233 1247 2268 appendimus
1265 2243 1271 2259 :
1288 2233 1335 2260 sed
1359 2233 1500 2264 duntaxat,
1525 2239 1576 2267 qua
1597 2237 1658 2260 erat
1683 2234 1753 2261 idem

128 2282 266 2317 σωτηρίαν
278 2279 519 2314 διαψευσθείημεν,
532 2278 593 2305 οὔτε
604 2278 625 2304 δ’
640 2276 673 2306 αὖ
682 2279 711 2305 τὸ
720 2279 821 2313 ἀναφὲς
833 2279 914 2306 αύτοῦ

127 2330 175 2356 καὶ
189 2328 308 2362 ἀόρατον
323 2326 371 2353 καὶ
383 2325 603 2360 ἀπερίγραπτον,
616 2326 672 2356 τοῖς
685 2325 735 2359 τῆς
750 2325 857 2360 ἐπαφῆς
870 2325 917 2352 καὶ

127 2373 305 2409 περιγραφῆς
335 2372 384 2398 καὶ
411 2371 533 2405 ὁράσεως
563 2369 796 2405 κατακομίζοντες
827 2370 917 2404 λόγοις

128 2418 273 2455 μανιωδῶς
286 2416 454 2452 διαμορφοῦν
469 2415 672 2450 ἐπιχειροῦμεν
688 2417 788 2452 μᾶλλον
798 2416 827 2443 δὲ
844 2417 915 2443 εἰδό-

126 2472 188 2496 τες,
203 2464 246 2490 ὅτι
268 2461 317 2488 τοῦ
333 2462 394 2492 ἑνὸς
418 2460 539 2496 Χριστοῦ
563 2460 694 2495 πρόσεστι
720 2461 750 2487 τό
766 2469 796 2487 τε
817 2461 915 2496 ἀρατὸν

126 2511 172 2537 καὶ
185 2510 312 2544 ἀόρατον,
334 2507 523 2542 περιγραπτον
538 2507 586 2533 κα).
601 2506 809 2542 ἁπερίγραπτον
827 2507 915 2535 ἀδιαι-

129 2556 211 2591 ρέτως
225 2563 255 2581 τε.
270 2554 319 2581 καὶ
330 2552 492 2587 ἁσυγχύτως
503 2552 575 2579 κατά
585 2561 617 2586 γε
629 2553 663 2579 τὰ
675 2553 739 2585 τῶν,
752 2553 781 2587 ἐξ
794 2550 832 2580 ὧν
846 2554 914 2587 ἐστι,

128 2601 234 2636 φύσεων
252 2600 326 2632 ῑδια,
351 2598 460 2634 ἑκάστῳ
477 2599 547 2625 κατὰ
572 2598 607 2625 τὰ
622 2599 862 2634 προαποδεδομένα
885 2600 915 2626 τὸ

128 2648 224 2672 οἰκεῖον
248 2644 399 2679 ἀπονέμειν
425 2643 635 2679 μεμαθήκαμεν.
657 2644 713 2670 Καὶ
731 2646 809 2670 τοῦτο
834 2644 916 2677 δείξει

127 2691 179 2719 et?”
191 2690 376 2726 γραφομένων
393 2689 506 2715 εἰκόνων
520 2689 534 2714 ὁ
552 2690 661 2723 τρόπος·
678 2689 694 2724 ἢ
714 2689 768 2725 γὰρ
783 2689 811 2715 ὲν
828 2690 916 2726 φάτνῃ

128 2737 250 2772 κείμενον
277 2736 443 2772 γράφουσιν,
464 2735 480 2771 ἢ
506 2735 558 2762 ὑπὸ
580 2735 631 2770 τῆς
652 2736 763 2770 Μητρὸς
783 2735 915 2763 Θεοτόκου

128 2784 302 2818 τρεφόμενον,
319 2782 336 2817 ἢ
363 2780 512 2816 ὁμιλοῦντα
542 2782 600 2812 τοῖς
625 2781 779 2816 μαθηταῖς1
807 2781 823 2816 ἦ
846 2789 916 2818 παρ,

130 2829 229 2856 cntutu.
243 2828 364 2862 Πιλάτῳ,
377 2827 393 2862 ἦ
405 2826 452 2852 ἐπὶ
467 2825 546 2858 ξύλου
563 2827 772 2862 κρεμάμενον,ῆ
782 2827 831 2853 ὅσα
846 2826 914 2854 ἄλλα

130 2874 233 2901 τοιαῦτα
251 2873 302 2908 τὴν
323 2872 370 2899 ἐπὶ
387 2871 439 2906 γῆς
452 2871 534 2898 αὑτοῦ
551 2872 702 2906 παρουσίαν
718 2872 861 2898 δείκνυσιν·
876 2870 913 2900 ὧν

283 2922 421 2954 ΡΑτιιοιλ.
442 2920 501 2950 Gn.
527 2920 559 2951 C.

969 2280 1050 2306 homo
1072 2285 1153 2314 atque
1164 2278 1202 2306 iii~
1215 2279 1295 2306 terris
1313 2284 1354 2306 est
1369 2279 1454 2312 risus,
1469 2279 1573 2305 utimur
1589 2279 1753 2315 imaginibus

968 2325 1026 2359 ejus
1045 2334 1052 2352 :
1069 2330 1096 2352 ct
1123 2333 1212 2358 neque
1234 2325 1304 2360 quod
1321 2325 1486 2359 aspectabilo
1503 2332 1535 2352 ac
1546 2324 1685 2353 deﬁnitum
1699 2332 1752 2358 est.

967 2378 1219 2398 comtnensnrantns
1229 2371 1253 2398 ei
1266 2371 1337 2404 quod
1354 2370 1547 2404 inaspectabile
1559 2379 1590 2398 ac
1607 2371 1753 2400 incircum-

966 2417 1095 2451 scriptum
1112 2417 1228 2448 exsistit,
1244 2423 1278 2444 ne
1303 2416 1328 2443 in
1358 2416 1453 2443 salutis
1469 2417 1577 2450 negotio
1599 2423 1723 2445 erremus
1741 2427 1750 2445 :

967 2471 1015 2491 nec
1032 2471 1137 2495 rursus,
1153 2465 1224 2498 quod
1238 2463 1275 2490 illi
1302 2462 1484 2495 intractabile,
1500 2462 1704 2497 inaspectabiie,
1718 2471 1751 2492 ac

966 2510 1232 2544 incircumscriptum
1251 2509 1369 2541 exsistit,
1385 2509 1417 2535 ad
1445 2514 1587 2536 contactus
1608 2516 1746 2545 aspectus~

965 2563 1017 2590 que
1031 2563 1062 2582 ac
1074 2555 1335 2590 circumscriptionis
1362 2555 1480 2583 rationes
1498 2556 1690 2590 depritnentes,
1705 2557 1748 2584 i'u-

966 2601 1084 2628 rentium
1107 2608 1182 2628 more
1205 2601 1341 2628 coloribus
1361 2606 1442 2636 atque
1459 2601 1602 2636 pigmentis
1623 2601 1748 2637 efﬁngere

967 2647 1089 2674 nitimur.
1097 2647 1166 2680 Quin
1176 2648 1265 2682 potius
1278 2647 1389 2674 minime
1398 2649 1553 2682 ignorantes
1563 2650 1641 2676 unius
1648 2648 1748 2676 Christi

959 2699 1036 2723 esse,
1052 2692 1123 2726 quod
1138 2692 1312 2726 aspectabilis
1327 2692 1361 2719 sit
1371 2697 1398 2719 et
1414 2700 1465 2720 non
1477 2693 1659 2727 aspectabilis,
1676 2696 1747 2728 quod

965 2735 1187 2770 circumscriptus
1213 2741 1241 2763 et
1263 2736 1533 2771 incircumscriptus,
1568 2737 1649 2772 idque
1675 2743 1745 2766 οιιη

965 2781 1164 2815 confusionem,
1186 2782 1261 2816 juxta
1287 2787 1456 2811 naturarum.
1472 2789 1532 2816 qum
1555 2781 1581 2809 in
1601 2782 1659 2817 ipso
1674 2789 1746 2815 sunt,

958 2827 1160 2862 proprietates;
1171 2832 1249 2862 prout
1262 2829 1317 2863 jam
1331 2828 1495 2862 explicatum
1508 2832 1560 2860 est,
1571 2827 1654 2863 (quod
1669 2837 1746 2856 suum

965 2871 1024 2908 est)
1037 2874 1133 2909 cuique
1149 2873 1269 2902 tribuere
1285 2874 1418 2902 novimus.
1436 2873 1464 2902 Id
1478 2873 1548 2909 quod
1566 2882 1659 2905 earum
1673 2875 1744 2911 ipsa-

1549 2922 1567 2952 ι
