1931 3076
178 147 228 180 1οἸ

682 146 712 175 S.
735 145 946 175 NICEPIIURI
966 142 1220 173 PATRIARCILE
1239 143 1293 172 (ΣΡ.

1774 141 1824 176 Ῐΐιθ

177 211 247 234 rum,
261 209 321 236 quae
339 201 487 236 pinguntur
501 205 583 234 atque
597 204 734 234 ponuntur
753 200 900 234 imaginum
914 206 971 225 mo—

1032 198 1100 225 ›ὺδὲν
1116 195 1162 234 ἦν,
1176 197 1245 224 καθὸ
1263 196 1330 228 Θεὸς
1348 194 1394 232 ἦν,
1414 195 1480 224 καθὸ
1496 196 1523 225 δὲ
1540 195 1564 224 ’ὁ
1581 197 1662 230 αὐτὸς
1679 198 1823 234 ἅνθρωπος

178 250 228 275 dus
245 248 374 275 ostendet
388 256 394 273 :
408 251 454 273 aut
463 247 535 274 enim
546 246 599 273 illae
612 246 638 272 in
652 245 910 280 prmst-pijacentcin
927 253 970 271 re-

176 298 356 331 praesentant,
373 298 418 320 aut
436 293 557 326 Deiparte
577 292 699 327 parentis
717 296 860 326 augentem
876 291 970 326 ubera,

178 343 226 366 aut
243 338 392 372 discipulos
424 337 620 372 alloquentem,
655 336 697 363 vel
720 341 855 363 astantem
872 335 971 370 Pilato,

177 389 225 410 aut
241 383 267 410 iu
290 383 363 415 ligno
388 383 564 416 pendentem,
580 385 626 408 aut
643 381 665 407 si
690 389 744 416 qua
767 381 899 415 ejusmodi
919 381 973 407 alia

177 429 236 462 ejtts
265 430 290 455 in
307 433 394 455 terras
415 428 562 454 adventum
582 427 722 454 declarant
739 435 745 454 :
772 435 887 462 quorum
901 426 971 454 nihil

179 480 265 506 estea
283 476 389 502 ratione
405 482 458 510 qua
478 475 549 501 Deus
565 478 616 506 est,
633 474 680 501 sed
694 481 746 508 qua
762 473 834 501 idem
851 481 975 509 unusque

181 523 240 557 ipse
257 522 341 550 homo
357 521 517 548 exsistebat.
534 520 591 548 Nisi
610 521 684 548 enim
700 521 862 555 quandoque
891 521 973 548 homo

177 568 269 596 factus
294 572 380 600 esset,
406 567 582 600 hominisque
608 566 721 602 figuram
743 574 774 593 ac
804 565 919 594 formam
946 566 972 594 in

1024 242 1070 280 ἦν.
1087 244 1118 270 Et
1142 244 1191 279 μὲν
1208 243 1262 279 γὰρ
1283 242 1426 280 ἄνθρωπος
1447 244 1497 270 οὐκ
1513 245 1636 279 ἐγεγόνει
1654 245 1737 276 ποτὲ,
1764 245 1825 271 οὐδὲ

1025 289 1173 325 ἀνθρώπου
1197 290 1306 325 μορφὴν
1324 289 1340 326 ἢ
1358 287 1428 322 εἶδος
1443 290 1491 316 ἐπὶ
1506 291 1559 325 γῆς
1575 291 1709 327 ἑκουσίως
1725 291 1824 319 ἀγέλας

1026 336 1083 369 ὗεν,
1098 337 1149 363 οὐκ
1170 336 1203 363 ἂν
1224 336 1311 363 ταῦτα
1326 336 1474 371 ἐγράφετο,
1491 337 1552 363 οὐδὲ
1573 338 1617 363 ἐπ·
1629 336 1712 364 αὑτοῦ
1730 337 1825 373 χώραν

1026 382 1155 416 γενέσθαι
1177 383 1302 418 ἑδέχετο”
1326 383 1350 409 εί
1373 382 1402 409 δὲ
1416 382 1486 418 σὰρξ
1498 383 1512 409 ὁ
1526 383 1614 417 Λόγος
1631 375 1758 418 ὲγένετοξ
1776 385 1825 410 καὶ

1026 429 1074 455 ἐπὶ
1089 429 1141 463 γῆς
1153 429 1252 463 ἐφάνη,
1265 428 1314 455 καὶ
1329 427 1406 463 ὤφθη
1423 427 1580 461 ἀνθρώποις
1593 429 1631 460 ὡς
1646 428 1801 464 ἄνθρωπος,
1810 430 1824 455 ό

1025 474 1124 510 πρώην
1139 475 1261 510 ἄσαρκος
1274 474 1341 506 Θεδις
1358 474 1406 500 καὶ
1422 474 1586 510 ἀσώματος·
1603 475 1653 502 οὐκ
1671 474 1704 501 ἂν
1721 475 1824 501 ἀδικοῖ-

1027 530 1089 557 μεν,
1105 521 1143 553 ὡς
1161 518 1256 556 οἶμαι,
1279 519 1297 547 ἃ
1322 521 1488 556 ἑωράκαμεν
1507 521 1540 556 τῇ
1564 521 1659 556 γραφῇ
1679 521 1825 557 σημαίνειν

1026 567 1176 599 ἐθέλοντες.

178 621 250 643 terra
265 615 476 650 assumpsissct,
494 623 633 650 nunquam
652 615 710 643 haec
725 615 838 650 picturae
854 620 914 643 arte
930 615 1019 644 eiﬁcta
1035 621 1141 650 essent,
1160 623 1209 644 nec
1233 615 1308 644 locus
1325 616 1421 643 fuisset
1451 619 1483 643 ut
1508 615 1536 643 iu
1561 622 1594 643 eo
1626 615 1688 643 talia
1717 616 1824 644 ﬁerent.

177 661 245 690 Cum
277 667 366 688 autem
382 660 500 688 Verbum
515 668 579 688 caro
608 660 708 688 factum
727 661 773 693 sil,
789 661 858 688 aein
877 667 948 688 terra
961 662 1126 697 apparuerit,
1145 662 1319 696 humanaque
1334 660 1430 693 forma,
1447 660 1493 695 qui
1512 660 1576 688 olim
1599 661 1668 688 Deus
1700 660 1826 695 incorpo-

179 717 243 736 reus
257 713 284 735 et
315 708 405 735 carnis
422 715 521 742 expers
550 712 619 741 erat,
634 708 709 735 visus
741 707 787 740 sit,
813 707 881 735 nihil
911 709 946 735 ad
972 708 1098 741 iniuriam
1128 707 1226 736 fecisse
1255 707 1340 735 videri
1366 714 1519 742 possumus,
1542 705 1564 734 si
1591 713 1622 734 ea
1650 713 1711 741 qua:
1740 706 1826 734 oculis

178 755 308 788 vidimus,
337 754 476 782 coloribus
504 761 613 789 quoque
626 762 657 782 ac
671 754 799 789 penicillo
824 755 938 782 reddere
952 759 1118 783 statuamus.

215 801 260 829 55.
284 801 400 828 lMl’ER.
416 801 451 828 At
468 801 532 836 quid
549 802 582 829 de
598 801 755 836 angelorum
773 801 853 835 pictis
879 801 977 836 imagi-

1065 804 1116 835 νγ¹.
1138 801 1166 828 Ο⁹
1183 801 1259 828 ΒΑΣ.
1286 800 1319 827 Τί
1346 799 1375 827 δὲ
1401 799 1491 835 βούλει
1514 798 1580 834 περὶ
1599 799 1651 834 τῆς
1667 797 1722 825 τῶν
1741 797 1825 832 ἀγγέ-

179 849 268 880 nibus.
287 855 436 883 eorumque
452 848 526 875 dices
545 847 720 876 simulacris?
735 847 790 875 Nec
806 848 975 882 enim,puto,

182 894 308 924 dicturus
323 900 364 926 es,
378 893 460 920 etiam
478 892 637 927 angelorum
653 894 755 928 ﬁguras
766 892 917 927 pictoribus
928 901 977 920 ex-

180 940 301 975 ploratas
318 947 391 972 esse,
408 939 502 974 sicque
519 939 580 966 illos
595 940 720 974 pingere,
736 939 811 967 velut
826 939 852 967 in
868 939 977 974 propria

181 988 272 1014 forma
286 986 505 1020 coaspiciuntur.
525 985 631 1013 PATR.
648 986 705 1020 Ego
724 993 791 1013 sane
807 985 867 1013 illos
893 993 977 1021 ange-

180 1034 269 1061 lorum
284 1040 335 1060 nec
351 1033 466 1060 formam
481 1040 571 1062 nosse.
585 1040 633 1060 nec
647 1032 773 1067 ﬁguram,
784 1031 869 1060 libens
883 1032 980 1059 admit-

181 1084 235 1106 tam
255 1087 262 1106 :
281 1081 364 1113 atque
382 1078 451 1105 adeo
471 1084 521 1104 nec
537 1077 577 1104 sic
596 1077 710 1111 pingere
733 1081 861 1111 tanquam
877 1076 977 1107 sciant,

180 1125 294 1159 pingere
308 1128 407 1155 tamen,
423 1127 498 1156 puto,
517 1122 633 1148 humana
662 1121 760 1154 forma,
788 1126 816 1147 ut
830 1121 978 1156 Scriptura:

182 1178 267 1197 sacrae
278 1176 380 1196 morem
390 1174 495 1204 gerant.
508 1167 625 1194 lMPER.
640 1166 717 1195 Unde
731 1168 789 1194 haec
798 1167 859 1195 ais?
870 1166 974 1194 PATR.

181 1215 278 1243 Nescis
294 1215 431 1250 quomodo
448 1215 482 1248 de
511 1215 629 1249 angelis,
646 1214 693 1249 qui
714 1214 830 1242 Abrahae
846 1215 878 1242 ad
895 1221 978 1249 quer-

182 1270 244 1289 cum
264 1265 468 1297 apparuerunt,
501 1261 620 1295 quodam
644 1260 705 1288 loco
732 1261 806 1288 dicat
824 1259 978 1295 Scriptura,

182 1307 376 1342 respicientem
391 1311 449 1334 tres
467 1305 541 1333 viros
551 1306 653 1334 vidisse
668 1306 758 1333 oculis
771 1305 822 1334 sibi
838 1305 979 1334 astantes?

182 1354 254 1387 Quid
264 1353 348 1381 vero?
360 1352 518 1380 NouneLot
532 1352 604 1380 virili
614 1353 705 1388 specie
720 1357 882 1388 apparentes
895 1361 980 1388 auge-

183 1401 225 1428 tos
242 1400 269 1427 in
287 1399 414 1427 Sodomis
429 1398 510 1426 domo
532 1406 581 1426 sua
597 1399 726 1434 excepit?
738 1398 799 1426 Non
811 1406 876 1434 ergo
891 1399 980 1434 picto-

185 1455 230 1474 res
247 1446 376 1481 ﬁgmento
399 1445 507 1478 ludunt,
525 1452 577 1473 nec
594 1445 677 1473 alieni
692 1453 708 1473 a
730 1445 837 1473 ratione
864 1450 979 1473 conatus

184 1493 277 1529 proles
285 1496 337 1525 est,
345 1491 417 1528 quod
430 1491 468 1519 ita
483 1491 613 1526 pingunt:
625 1492 672 1520 scd
689 1491 785 1526 quales
794 1491 883 1527 angeli
898 1499 979 1527 appa-
992 1486 1016 1517 C

185 1543 311 1573 ruerunt,
331 1539 401 1567 tales
411 1537 493 1566 etiam
508 1538 588 1572 pictis
598 1538 736 1566 coloribus
746 1546 794 1566 eos
806 1538 937 1566 exhibent
948 1545 980 1564 ac

186 1588 399 1620 repraesentant.
413 1583 532 1611 IMPER.
551 1583 628 1611 Unde
636 1591 702 1611 vero
713 1583 796 1611 etiam
808 1582 913 1610 alarum
927 1581 981 1609 illis

187 1631 403 1658 additamentum
421 1629 557 1657 accessit?
572 1628 678 1656 PATR.
698 1629 817 1656 Omnino
840 1628 979 1662 existimo,

187 1677 222 1704 ad
244 1675 451 1707 discretionem,
472 1682 506 1702 ne
527 1675 634 1709 penitus
664 1675 791 1703 homines
806 1679 980 1709 putarentur,

187 1721 246 1748 alas
261 1720 410 1748 addidisse.
435 1719 505 1753 Quin
522 1726 557 1746 ne
584 1719 610 1746 id
627 1719 737 1754 quidem
755 1719 864 1754 opinor,
892 1719 981 1746 minus

188 1773 308 1802 congrue
330 1771 462 1800 extraque
487 1765 623 1792 rationem
640 1765 701 1792 illos
717 1765 874 1799 invertisse;
891 1764 939 1792 sed
953 1769 983 1792 ut.

189 1813 245 1841 vim
257 1813 341 1846 illam,
356 1820 409 1847 qua
424 1819 489 1839 aera
507 1812 662 1846 pervolant,
686 1818 838 1846 eorumque
857 1811 884 1838 in
907 1811 983 1839 caelis

191 1859 312 1886 divinum
323 1858 478 1885 convictum
488 1857 687 1884 subnotarent:
701 1861 730 1883 ut
740 1856 897 1889 innuerent,
910 1855 982 1890 quod

191 1904 254 1933 inde
269 1905 303 1930 ad
319 1910 367 1930 nos
390 1902 492 1938 iugiter
508 1902 678 1930 descendant
694 1909 858 1937 rursumque
875 1901 983 1929 veloces

190 1949 339 1978 ascendant
356 1949 383 1976 in
398 1948 509 1982 coelum,
527 1948 568 1976 sic
583 1948 731 1976 instructos
754 1948 805 1975 alis
835 1948 984 1983 pingendos

189 1995 330 2022 statuisse.
360 1993 433 2028 Quin
461 1994 544 2021 etiam
571 2000 631 2021 cum
658 1993 749 2020 Moses
776 2000 884 2027 quoque
912 1992 983 2019 alata

189 2041 337 2069 Cltcrubim
350 2040 425 2076 (qua:
438 2040 494 2074 ipsa
516 2039 607 2074 angeli
621 2044 696 2070 sunt,
713 2046 774 2066 cum
792 2039 917 2066 caelestes
931 2046 985 2065 om-

192 2094 241 2114 nes
261 2090 342 2120 atque
361 2085 542 2120 intelligentes
558 2084 690 2117 Virtutes,
708 2085 835 2119 Dionysio
856 2090 980 2116 auctore,

190 2137 324 2160 vocentur
335 2131 443 2167 angeli)
458 2138 512 2158 non
526 2131 628 2158 absone
643 2136 718 2166 puto,
734 2130 813 2158 aliine
828 2130 982 2164 exemplum

192 2186 339 2215 usurpasse
352 2179 481 2215 pictores.
501 2177 579 2205 Nunc
593 2178 696 2212 itaque,
710 2177 870 2212 iur-perator,
884 2177 981 2204 horum
999 2169 1022 2198 Ι)

193 2227 354 2255 meminisse
369 2229 488 2260 oportet,
504 2229 587 2259 atque
613 2223 706 2250 animo
718 2222 834 2250 ﬁrmiter
854 2222 983 2255 retinere,

193 2274 274 2302 nobis
289 2274 334 2308 qui
348 2272 505 2307 angelorum
519 2269 652 2304 imagines
665 2269 813 2304 pingimus,
829 2272 985 2296 creaturam

193 2327 255 2347 esse
272 2318 343 2353 quod
364 2316 502 2344 coloribus
518 2319 599 2350 atque
623 2314 749 2349 penicillo
769 2313 934 2347 eiIiugimus,
958 2317 986 2340 et

193 2367 234 2394 sic
244 2367 317 2400 ipsos
326 2364 401 2391 adire
415 2370 469 2394 me,
483 2370 535 2389 non
545 2367 674 2396 tanquam
686 2368 841 2395 supremam
855 2360 987 2395 primam-

193 2420 247 2448 que
263 2410 410 2438 essentiam
436 2416 485 2436 suo
504 2408 566 2443 jure
591 2407 734 2435 obtineant
752 2407 842 2440 (,absit
857 2406 930 2434 enim
956 2411 985 2434 ut

195 2465 228 2484 r0
242 2455 385 2484 dementiae
407 2454 492 2486 ferar.
519 2457 546 2480 et
575 2453 647 2488 quod
674 2457 799 2480 creatum
821 2457 874 2484 est,
900 2452 984 2479 Deum

196 2502 338 2537 censeam)
357 2502 405 2528 sed
421 2500 494 2528 velut
511 2499 557 2535 qui
573 2499 698 2527 conservi
710 2507 805 2534 magna
820 2498 890 2534 apud
912 2506 986 2526 com-

197 2556 306 2576 munem
330 2548 472 2575 Doruinum
490 2547 603 2575 virtutis
630 2546 796 2575 abundantia
819 2550 847 2573 et
863 2544 987 2581 suﬁ‘ragii

199 2595 316 2630 polleant
330 2598 476 2629 potestate.

250 2696 309 2731 (15)
323 2695 475 2724 Succinctae
489 2694 632 2723 brevitatis
646 2694 784 2728 eaergiam
797 2713 804 2725 ,
814 2696 851 2731 _ut
864 2696 926 2731 apte
939 2698 990 2731 ex-

199 2728 320 2769 pressam
339 2731 435 2760 Latine
451 2731 564 2765 habeas,
582 2731 621 2758 sic
633 2727 740 2765 plenius
757 2728 838 2755 redde
853 2735 859 2753 :
881 2736 889 2752 ι
905 2727 991 2754 Adeo-

996 2840 1031 2848 .-

1029 847 1084 874 λων
1098 846 1312 883 είκονογραφίας
1325 846 1436 881 λέγειν;
1452 846 1512 873 οὐδὲ
1528 846 1594 880 γὰρ,
1617 843 1713 881 οἶμαι,
1740 847 1825 880 ἐρεῖς,

1027 892 1065 924 ὡς
1103 893 1150 920 καὶ
1179 892 1228 925 τὰς
1270 892 1396 927 ἀγγέλων
1431 892 1456 919 oi
1485 892 1626 927 ζωγράφοι
1659 890 1826 925 γινώσκουσι

1030 939 1156 976 μορφὰς,
1172 939 1218 965 καὶ
1234 938 1303 974 πρὺς
1319 937 1388 970 εἶδος
1411 937 1519 969 ὲκείνας
1534 937 1736 969 ἀποόλέποντες
1755 937 1826 972 γράο

1029 994 1137 1022 φουσιν.
1164 987 1184 1012 0
1201 986 1305 1013 IIATP.
1321 983 1398 1017 Εἶδος
1417 984 1467 1020 μὲν
1486 984 1575 1018 ἔγωγε
1590 984 1607 1019 ἢ
1624 983 1731 1019 μορφὴν
1743 983 1827 1018 ἀγγέ-

1028 1032 1083 1059 λων
1114 1032 1165 1058 οὐκ
1188 1031 1221 1058 ἂν
1240 1031 1341 1058 εἰδέναι
1368 1030 1453 1065 φαίην
1485 1030 1595 1062 αὐτοὺς,
1610 1028 1672 1055 οὕτε
1690 1028 1728 1060 ὡς
1756 1029 1825 1055 εἰδό-

1028 1088 1078 1110 τας
1097 1080 1184 1105 ποιεῖν
1198 1078 1232 1104 τὰ
1252 1076 1416 1112 γραφόμενα
1436 1076 1506 1112 (15)·
1525 1075 1678 1111 ἀνθρώπων
1691 1075 1719 1102 δὲ
1734 1075 1826 1106 αὐτοῖς

1029 1124 1220 1160 περιτιθέασιν
1245 1121 1325 1155 εἶδος,
1348 1124 1382 1158 τῇ
1408 1122 1525 1158 Γραφῇ,
1551 1122 1589 1154 ὡς
1618 1120 1707 1156 οἶμαι,
1733 1120 1826 1147 πειθό-

1031 1180 1118 1207 μενοι.
1135 1172 1156 1198 Ο
1185 1170 1260 1198 ΒΑΣ.
1291 1169 1377 1196 Πόθεν
1397 1168 1476 1195 τοῦτο
1502 1168 1570 1204 φής;
1599 1168 1618 1194 0
1637 1166 1739 1194 ΠΛΤΡ.
1769 1167 1826 1194 Οὐκ

1028 1215 1119 1249 οἷο-θα,
1146 1217 1185 1248 ὡς
1215 1216 1280 1252 περὶ
1301 1215 1355 1242 τῶν
1369 1214 1408 1250 τῷ
1426 1214 1553 1249 Ἀϐραὰμ
1579 1213 1657 1249 παρὰ
1681 1214 1730 1249 τὴν
1759 1213 1827 1249 δρῦν

1029 1263 1167 1297 ὀφθέντων
1182 1261 1308 1296 ἀγγέλων
1322 1261 1417 1297 Γραφή
1434 1260 1485 1286 πού
1505 1267 1599 1295 φησιν,
1612 1259 1649 1292 ὡς
1668 1259 1828 1294 ἀναϐλέψας

1028 1309 1086 1339 τοῖς
1107 1307 1258 1343 ὀφθαλμοῖς
1279 1306 1425 1342 Ἀϐραὰμ,
1440 1307 1515 1342 τρεῖς
1533 1306 1632 1341 ἄνδρας
1651 1306 1725 1340 αὑτῷ
1753 1313 1826 1340 παρ-

1030 1353 1152 1385 εστῶτας
1171 1351 1262 1386 εἷδεν;
1281 1353 1313 1379 Τί
1324 1353 1378 1388 δή;
1401 1353 1433 1379 οὑ
1461 1352 1526 1384 τοὺς
1542 1352 1572 1378 ὲν
1587 1352 1716 1387 Σοδόμοις
1742 1352 1828 1386 ἀγγέ-

1029 1401 1110 1434 λους,
1131 1400 1169 1432 ὡς
1192 1399 1293 1436 ἄνδρας
1319 1399 1502 1434 φαινομένους
1524 1398 1696 1434 είσήγαγεν;
1722 1398 1828 1425 Οὐκοῦν

1029 1447 1080 1474 οὐκ
1095 1446 1173 1473 αὐτοὶ
1188 1445 1372 1478 πλάττονται,
1389 1445 1450 1472 οὐδὲ
1466 1444 1567 1478 ἀλόγου
1592 1444 1698 1480 τόλμης
1716 1445 1829 1480 ἔγγονον

1032 1493 1124 1524 αὐτοῖς
1143 1491 1178 1519 τὰ
1208 1491 1383 1528 γραφόμενα,
1413 1484 1537 1517 ἀλλὀίοι
1567 1489 1712 1525 ὤφθησαν,
1740 1491 1830 1518 τοιού-

1030 1547 1094 1570 τους
1114 1538 1174 1569 ταῖς
1199 1537 1304 1564 εἰκόσιν
1326 1537 1526 1572 ἐγγράφουσιν.
1545 1536 1566 1562 0
1582 1536 1659 1563 ΒΑΣ.
1674 1536 1730 1563 Καὶ
1745 1537 1829 1563 πόθεν

1031 1585 1124 1615 αὐτοῖς
1135 1584 1152 1619 ὴ
1161 1584 1215 1610 τῶν
1223 1583 1334 1619 πτερῶν
1349 1583 1497 1619 προσθήκη
1508 1582 1678 1618 ὲφεύρηται;
1692 1585 1712 1609 0
1722 1583 1828 1614 IlATP.

1032 1630 1116 1665 Οἶμαι
1145 1630 1232 1662 ὅλως,
1265 1630 1310 1660 ἵνα
1334 1629 1372 1665 μὴ
1402 1629 1543 1665 ἄνθρωποι
1569 1629 1682 1662 τελείως
1710 1631 1829 1663 νοοῖντο,

1033 1678 1067 1713 τῇ
1092 1676 1238 1712 προσθήκῃ
1262 1676 1294 1703 τδ
1324 1675 1483 1703 διαλλάττον
1514 1675 1664 1712 ἐδήλωσαν.
1685 1676 1722 1703 Οὐ
1748 1676 1776 1702 δέ
1797 1684 1830 1711 γε

1032 1724 1131 1760 αὐτὴν,
1155 1723 1194 1756 ὡς
1218 1723 1301 1756 δοκῶ,
1330 1722 1381 1759 τὴν
1409 1723 1571 1759 προσθήκην
1603 1723 1695 1759 ἀλόγῳ
1725 1723 1832 1759 θεωρη·

1033 1778 1132 1801 σαντες
1152 1769 1249 1805 γνώμῃ
1261 1789 1269 1802 ,
1291 1769 1360 1796 ἀλλὰ
1377 1769 1408 1796 τδ
1425 1769 1578 1805 ἀεροπόρον
1602 1768 1694 1796 αὐτῶν
1712 1770 1831 1796 αἰνιττό-

1035 1824 1123 1852 μενοι,
1135 1816 1183 1842 καὶ
1197 1816 1247 1851 τὴν
1262 1815 1324 1842 κατ’
1339 1815 1454 1850 οὐρανὸν
1470 1816 1498 1842 ἐν
1509 1815 1569 1850 Θεῷ
1582 1815 1698 1849 δίαιταν,
1717 1816 1766 1842 καὶ
1779 1816 1832 1848 τὰς

1033 1862 1139 1890 ἐκεῖθεν
1160 1862 1194 1889 δι’
1214 1862 1289 1897 ἡμᾶς
1313 1861 1457 1893 συντόνους
1480 1861 1626 1893 καθόδους,
1648 1861 1697 1888 καὶ
1716 1861 1766 1893 τὰς
1788 1863 1832 1894 εἰς

1034 1908 1150 1944 οὐρανὸν
1168 1907 1198 1940 te
1222 1907 1300 1943 ἡμῶν
1318 1906 1445 1942 ἑτοίμους
1463 1906 1592 1939 ἀνόδους,
1618 1907 1832 1943 ἐπτερωμένους

1034 1954 1133 1985 αὐτοὺς
1151 1953 1369 1988 ὑπογράφουσιν.
1386 1952 1457 1988 Ἤδη
1471 1952 1500 1979 δὲ
1511 1953 1558 1980 καὶ
1572 1953 1714 1985 Μωῦσέως
1729 1953 1832 1988 πτέρυ-

1034 2008 1087 2035 γας
1107 1999 1204 2034 ἔχοντα
1225 2000 1423 2035 τυπωσομένου
1455 1999 1490 2027 τὰ
1506 1999 1650 2034 Χερουϐὶμ
1667 1999 1789 2035 (ἄγγελοι
1803 1998 1834 2025 δὲ

1035 2047 1083 2073 καὶ
1104 2045 1210 2074 ταῦτα·
1231 2046 1278 2073 καὶ
1296 2045 1352 2080 γὰρ
1373 2045 1468 2077 ἁπλῶς
1491 2045 1540 2077 τὰς
1564 2045 1708 2081 οὐρανίους
1726 2054 1756 2072 τε
1783 2045 1833 2072 καὶ

1035 2092 1132 2128 νοερὰς
1156 2093 1287 2127 δυνάμεις
1309 2091 1444 2126 ἀγγέλους
1472 2090 1624 2125 καλοῦσιν,
1648 2091 1686 2122 ὡς
1700 2091 1833 2127 Διονυσίῳ

1035 2139 1110 2166 δοκεί
1122 2140 1143 2174 ),
1154 2139 1206 2166 οὐκ
1219 2139 1374 2170 ἀπεικότως
1387 2138 1508 2174 ἠγοῦμαι
1522 2137 1562 2174 τῷ
1577 2137 1762 2174 παραπλησίῳ
1776 2138 1833 2165 τῶν

1036 2185 1270 2221 παραδειγμάτων
1295 2185 1457 2220 ἐχρήσαντο.
1476 2184 1539 2211 Καὶ
1559 2185 1618 2211 νυνὶ
1637 2205 1645 2218 ,
1661 2181 1684 2211 ὦ
1708 2183 1833 2219 βασιλεῦ,

1038 2232 1242 2267 μνημονευτέον
1253 2231 1366 2259 ἐκείνων
1377 2232 1425 2258 καὶ
1436 2230 1523 2265 ἀπρὶξ
1536 2232 1569 2266 τῇ
1583 2231 1656 2266 ψυχῇ
1668 2230 1833 2264 φυλακτέον,

1037 2276 1075 2308 ὡς
1091 2277 1115 2303 ει
1129 2277 1177 2303 καὶ
1194 2276 1318 2310 ἀγγέλων
1332 2275 1441 2308 εἰκόνας
1458 2276 1614 2311 γράφομεν,
1632 2274 1736 2309 κτίσμα
1751 2274 1835 2301 πάλιν

1037 2324 1104 2358 ἡμῖν
1125 2323 1157 2349 τὸ
1177 2322 1364 2358 γραφόμενον,
1380 2322 1429 2349 καὶ
1455 2321 1586 2357 πρόσειμι
1600 2321 1709 2354 αὐτοῖς,
1725 2321 1775 2356 οὐχ
1795 2322 1836 2353 ὠς

1037 2368 1089 2404 τὴν
1114 2367 1247 2395 ἀνωτάτω
1271 2367 1319 2394 καὶ
1345 2366 1460 2403 πρώτην
1484 2366 1717 2402 κληρωσαμένους
1739 2366 1836 2393 οὐσίαν

1042 2414 1096 2450 (μὴ
1104 2413 1176 2441 οὕτω
1188 2413 1315 2449 μανείην,
1324 2414 1362 2445 ὡς
1371 2413 1439 2440 Θεὸν
1452 2414 1521 2440 νοεῖν
1535 2412 1566 2439 τὺ
1579 2412 1762 2448 κτιζόμενον),
1776 2412 1836 2439 ἀλλ’

1041 2461 1080 2492 ὼς
1105 2460 1277 2493 συνδούλοις,
1303 2459 1406 2495 πολλὴν
1431 2459 1500 2495 πρὸς
1516 2459 1563 2486 τὸν
1582 2459 1673 2486 κοινὸν
1695 2459 1837 2493 Δεσπότην

1042 2507 1201 2545 παρρησίαν
1214 2515 1300 2543 κεκτη
1306 2506 1397 2542 μένοις
1409 2506 1454 2533 διὰ
1466 2506 1497 2533 τὸ
1512 2505 1642 2533 πλούσιον
1657 2505 1707 2541 τῆς
1721 2504 1838 2541 ἀρετῆς;

1045 2697 1099 2731 que
1115 2697 1173 2731 nec_
1184 2691 1316 2725 pingere,
1333 2689 1405 2718 velut
1424 2689 1468 2725 qui
1495 2688 1575 2717 talem
1597 2687 1713 2716 formant
1738 2686 1840 2714 habere

1048 2733 1121 2760 ipsos
1135 2731 1235 2754 serant.
1256 2736 1265 2752 ι
