1931 3076
135 143 190 178 109

902 137 1006 168 ’VITA.

1732 128 1782 160 ιω

867 195 983 224 CAPUT
1003 193 1047 222 IX.

193 256 289 285 Sancti
308 255 451 290 Nicepliori
468 259 491 282 et
508 254 624 282 aliorum
640 253 824 289 episcoporum
842 258 866 290 et
882 254 1074 290 monachorum
1090 260 1150 279 cum
1170 252 1327 286 imperatore
1349 250 1380 277 de
1397 248 1557 285 imaginibus
1573 246 1745 281 colloquium.

175 348 222 375 νδ’.
242 347 300 374 Καὶ
320 346 335 373 ὀ
359 345 507 381 βασιλεὺς,
527 345 561 380 τῇ
582 344 650 380 πρὸς
664 344 812 379 ἀπόκρισιν
828 344 934 380 ἀφασίᾳ.
949 348 972 377 Α

139 392 283 424 πιεσθεὶς,
315 391 392 427 μόλις
424 390 523 426 νεκρόν
551 398 578 416 τι
617 390 665 417 καὶ
701 390 809 424 ἀπηχὲς
836 390 937 424 ἐφθέγ-

141 440 217 473 ξατο.
239 437 321 466 Ἀλλὰ
348 437 396 463 καὶ
419 435 565 472 Πατρικῶν
585 436 712 471 χρήσεων
733 435 818 470 ἐσμὸν
843 436 868 462 οἱ
891 436 939 462 τά-

140 486 236 513 ναντία
260 483 425 519 φρονοῦντες
448 483 514 521 ῂμῖν
538 482 727 517 ἐπιφέρουσιν
749 481 787 513 ὼς
811 481 848 517 μὴ
871 482 938 508 ὑπο-

142 531 286 567 στείλησθε
308 530 380 557 κατὰ
400 529 547 564 πρόσωπον
565 528 656 555 αὐτῶν
680 537 710 554 τε
731 529 780 555 καὶ
795 528 874 564 ἡμῶν
889 528 938 564 τὴν

141 577 220 604 λύσιν
237 575 417 611 ποιήσασθαι.
437 574 491 601 Καὶ
507 574 521 599 ὁ
541 573 688 605 θεσπέσιος
709 573 806 608 Πατὴρ
822 573 939 608 ἀπεκρί-

142 631 218 651 νατο·
234 622 352 657 Εἴρηται
363 621 440 656 ἡμῖν,
452 617 475 646 ὦ
489 618 613 653 βασιλεῦ,
626 619 673 645 καὶ
690 618 770 645 πάλιν
785 619 937 654 εἰρήσεται,

142 668 180 699 ὡς
200 667 247 694 τοῦ
262 667 397 701 ὑμετέρου
414 663 640 700 προμηθούμενοι
657 663 788 699 κράτους,
803 663 850 690 καὶ
866 663 939 698 Γρα-

145 713 234 748 φικῶν
259 712 306 738 καὶ
332 711 479 746 Πατρικῶν
500 711 608 746 ῥήσεων
622 710 673 741 τὰς
692 709 801 742 λύσεις,
820 708 887 736 Θεοῦ
900 708 941 736 δι-

143 759 245 791 δόντος,
265 757 432 793 παρέξομεν·
458 757 514 787 τοῖς
529 756 558 782 δὲ
575 756 626 791 τῆς
646 754 809 790 Ἐκκλησίας
827 754 943 786 ἑαυτοὺς

144 805 300 839 ἐξωθήσασι
313 823 321 835 ,
347 804 394 829 καλ
418 802 457 837 τῷ
478 801 633 836 ἀναθέματι
654 801 768 833 ἑαυτοὺς
791 800 942 835 παραπέμ-

144 851 229 886 draco;
253 851 294 881 είς
315 849 427 885 ὁμιλίαν
447 849 496 883 οὐχ
518 847 632 883 ἥξομεν·
658 847 719 873 οὐδὲ
734 847 789 882 γὰρ
808 846 942 881 ὲπισυλᾷν

145 898 161 933 ἣ
176 898 320 924 ἀποκινεῖν
333 905 359 923 τι
370 896 425 923 τῶν
438 894 584 922 συναδικῶν
593 895 664 930 ὅρων
677 895 693 929 ἢ
708 894 864 930 σφραγίδων
880 893 943 929 βου-

145 942 270 978 λοίμεθα.
282 943 313 970 Et
326 942 355 969 δέ
368 951 400 977 γε
415 941 509 976 σαφῶς
522 939 671 975 διαγνῶναι
687 940 841 976 θελήσειας,
857 939 895 971 ὡς
911 940 942 966 οὺ

145 989 289 1024 πρόπαλαι
305 989 386 1023 μόνον
403 987 488 1014 ταῦτα
500 987 728 1023 πεφρονήκαμεν,
743 988 804 1015 οὐδὲ
818 987 872 1023 μὴν
884 987 943 1014 νυνὶ

842 287 946 315 Horum
959 288 1093 316 exsilium.

1023 344 1066 372 54.
1082 343 1150 371 Tum
1165 344 1321 378 imperator,
1337 341 1517 376 respondendi
1532 341 1621 375 inopia
1635 347 1703 374 pene
1716 339 1785 367 elin-

989 391 1060 426 guis,
1076 390 1121 417 vix
1135 389 1292 424 languidum
1310 388 1374 422 quid
1389 395 1422 414 ac
1441 386 1585 414 stridulutn
1603 385 1701 413 effatus
1719 395 1726 413 :
1740 387 1786 414 At-

989 437 1048 472 qui,
1075 436 1173 471 inquit,
1198 435 1332 470 plurimas
1361 434 1474 461 Patrum
1501 434 1680 461 auctoritates
1709 432 1787 460 nobis

989 483 1118 515 offerunt,
1143 482 1189 516 qui
1213 482 1337 509 adversa:
1359 481 1502 508 sententiae
1518 486 1583 508 sunt
1605 489 1612 507 :
1642 480 1787 515 placetque

990 533 1111 556 actutum
1133 535 1165 556 ac
1179 528 1240 556 sine
1257 535 1343 559 tuora,
1360 532 1448 554 uteas
1471 534 1562 553 coram
1577 526 1631 554 illis
1651 526 1785 560 uobisque

991 574 1205 601 dissolt'atis.Ad
1216 574 1389 601 haecdivinus
1406 572 1488 600 Pater
1501 583 1507 599 :
1522 572 1644 599 Diximus
1656 572 1724 607 jam,
1737 580 1783 600 sa-

992 621 1146 649 cratissima
1157 620 1296 655 majestas.
1307 620 1461 654 iterumque
1472 618 1598 650 dicimus,
1613 625 1672 650 nos.
1683 619 1783 653 quibus

991 674 1064 695 cura:
1080 667 1117 694 sit
1135 671 1225 693 vestra
1245 665 1328 698 salus,
1350 670 1404 692 tum
1422 664 1580 699 Scriptum,
1600 669 1655 691 ltllll
1668 663 1782 691 Patrum

991 712 1062 745 loca,
1074 712 1127 740 Deo
1140 712 1250 746 auspice
1265 716 1346 746 atque
1356 711 1479 746 adiutore
1493 711 1648 743 soluturos;
1659 710 1731 738 haud
1744 716 1784 737 ta-

993 765 1054 786 men
1062 758 1267 790 commissuros,
1276 762 1303 784 ut
1315 765 1376 784 eum
1385 757 1418 784 iis
1427 756 1601 785 conferamus
1616 763 1784 790 scrtnouem,

994 804 1042 838 qui
1054 804 1087 831 ab
1098 803 1222 831 Ecclesia
1231 811 1292 831 sese
1299 803 1451 838 ejicieutes,
1463 805 1522 832 diro
1529 804 1695 832 anathemati
1712 803 1785 832 iece—

994 854 1058 877 runt
1071 850 1215 877 obnoxios.
1234 849 1290 877 Nec
1317 851 1389 877 enittt
1409 851 1445 877 ita
1461 851 1612 885 comparati
1629 858 1736 883 sumus,
1755 855 1786 878 ut

994 894 1067 921 demi
1081 894 1184 929 aliquid
1205 899 1253 922 aut
1267 895 1371 922 moveri
1387 902 1421 922 ex
1449 895 1493 928 iis,
1517 903 1577 930 qua
1589 894 1722 923 canonice
1737 895 1786 923 de-

995 945 1069 968 creta
1087 945 1168 975 atque
1188 941 1293 968 sancita
1309 945 1382 973 sunt,
1399 941 1603 976 permittamus.
1621 941 1671 969 Sin
1693 945 1784 969 autent

996 986 1140 1021 perspicue
1153 986 1219 1014 libet
1235 993 1409 1021 cognoscere,
1430 995 1482 1014 tton
1508 987 1574 1015 olim
1602 993 1708 1016 tantum
1738 996 1789 1016 nos

147 1035 225 1070 μόνοι
239 1035 331 1062 λαλεῖν
346 1033 515 1070 ἐπειγόμεθα
526 1054 533 1066 ,
550 1034 618 1060 πολὺ
634 1033 663 1060 δὲ
678 1034 728 1060 σὺν
744 1034 811 1069 ἡμῖν
827 1033 941 1061 ἐπισκό-

1002 1039 1056 1059 ξυηι
1072 1032 1099 1059 in
1115 1033 1224 1060 modum
1238 1033 1369 1067 sensisse,
1386 1041 1437 1061 uec
1451 1034 1523 1062 solos
1535 1037 1591 1068 jam
1611 1035 1638 1062 iit
1653 1038 1789 1064 sermonis

147 1091 208 1108 πων
222 1090 253 1108 τε
274 1081 324 1108 καὶ
349 1080 521 1116 μοναζόντων
539 1079 641 1115 πλῆθος
657 1080 707 1106 οὐκ
725 1080 832 1115 ἄσημον
848 1079 897 1106 ἐπὶ
910 1080 944 1115 τῇ

147 1127 215 1163 ὀρθῇ
230 1127 334 1163 ταύτης
347 1126 495 1162 ὁμολογίας
508 1126 560 1161 6δῴ
572 1125 618 1152 τὸν
633 1126 700 1153 πόδα
713 1126 874 1162 ἐρείδουσιν,
890 1126 944 1153 ἰδοὺ

147 1170 224 1200 οὗτοι
242 1173 290 1200 ἐπὶ
311 1173 366 1199 τῶν
381 1172 474 1199 πυλῶν
493 1172 542 1207 τῆς
569 1172 705 1208 ὑμετέρας
720 1171 807 1207 αὐλῆς
822 1172 943 1204 ἑστᾶσιν,

148 1218 196 1251 οὓς
211 1220 238 1245 εἰ
255 1217 424 1254 παρέσεσθαι
443 1217 650 1250 κατανεύσοιτε,
666 1216 773 1244 εἴσεσθε
785 1216 832 1244 καὶ
847 1217 881 1243 δι’
894 1217 946 1243 αύ-

148 1265 215 1298 τῶν,
241 1265 378 1300 μηδεμίαν
401 1264 470 1299 πρὸς
494 1264 525 1290 τὸ
550 1263 629 1299 ἡμῶν
663 1262 805 1290 διάστασιν
832 1262 946 1298 ἔχοντας

150 1312 293 1346 φρόνημα-

185 1361 233 1384 νε’.
255 1356 410 1384 Κατανεύει
426 1355 473 1383 οὖν
488 1355 594 1388 τούτοις
616 1355 666 1392 τὴν
681 1355 794 1383 εἴσοδον·
813 1355 947 1383 συνεισιέ-

149 1413 194 1430 ναι
207 1404 236 1430 δὲ
250 1404 345 1436 αὐτοῖς
359 1403 414 1430 τῶν
432 1404 460 1430 ὲν
475 1402 547 1429 τέλει
565 1402 671 1430 κελεύει
690 1402 755 1435 τοὺς
775 1401 947 1437 προῦχοντας

150 1449 344 1486 ἀπῃωρημένσ.
356 1450 414 1482 τοῖς
433 1449 543 1485 μηροῖς,
559 1448 598 1480 ὡς
612 1448 729 1480 ἕκαστος
746 1445 804 1484 εἶχε
822 1448 927 1481 τάξεως
937 1468 945 1481 ,

150 1497 185 1522 τὰ
203 1496 266 1531 ξίφη
282 1495 466 1528 καθελόντας,
480 1494 605 1530 οἰόμενος
617 1494 746 1529 ἑκφοὸεῖν
761 1495 794 1530 τῇ
809 1501 947 1528 στρατιω-

149 1543 213 1576 τικῇ
228 1541 303 1576 χειρὶ
320 1541 383 1572 τοὺς
396 1540 549 1575 ἀπτοήτους
560 1541 574 1566 ὀ
585 1538 714 1571 δείλαιος.
728 1539 887 1566 Εἰσελαύνει
900 1536 947 1566 οὗν

151 1588 165 1613 ὁ
180 1587 254 1622 ἱερὸς
269 1587 375 1617 ἐκεῖνος
388 1586 480 1621 ὅμιλος
494 1586 543 1621 τῆς
566 1586 733 1620 Ἐκκλησίας
748 1585 819 1620 πρὸς
834 1585 868 1612 τὰ
883 1594 947 1622 χρυ-

152 1633 258 1668 σοφὸρα
273 1632 430 1667 ἀνάκτορα,
448 1631 534 1668 πολλῇ
554 1632 601 1659 καὶ
620 1632 733 1667 ἀρρήτῳ
750 1632 783 1667 τῇ
806 1631 947 1668 προθυμίᾳ

151 1678 360 1714 γαυρούμενος,
377 1678 425 1705 καὶ
437 1678 520 1704 οἱονεὶ
543 1677 609 1713 θείῳ
625 1678 730 1713 κέντρῳ
751 1679 784 1713 τῇ
803 1678 947 1714 παρρησίᾳ.

148 1725 330 1758 νυσσόμενος·
339 1725 386 1752 καὶ
399 1725 470 1757 ἐπεὶ,
479 1723 543 1751 ἔνθα
553 1724 680 1752 θαάσσων
690 1724 763 1760 (15“;
775 1724 815 1751 ἔτι
824 1725 838 1750 ὸ
850 1724 947 1759 τύραν-

151 1780 208 1805 νος,
230 1771 359 1805 ἧγγιζον,
387 1770 471 1805 ὁρῶσι
485 1769 736 1805 ττδνὰρχιποίμενα
758 1769 946 1805 γεγωνότερόν

151 1826 211 1849 πως
227 1816 494 1852 ἁντιφθεγγόμενον,
512 1815 562 1842 καὶ
577 1815 752 1851 συλλογισμῷ
769 1808 814 1843 cev
832 1816 947 1852 βασιλέα

189 1907 262 1942 (15")
284 1906 334 1933 Ms.
362 1906 545 1939 θαάσσοντες,
572 1906 616 1934 cui
642 1906 800 1940 marginalis
826 1907 949 1942 quadam

152 1941 217 1970 nota
227 1943 354 1976 adjuncta
367 1941 503 1976 signiﬁcat
514 1943 583 1969 ideut
594 1942 683 1970 valere
695 1943 765 1976 quod
775 1943 947 1973 σπεύδοντες·

155 1977 226 2012 quod
250 1978 314 2004 licet
334 1984 387 2012 non
405 1982 477 2004 esset
495 1977 569 2004 omni
589 1978 753 2004 auctoritate
770 1978 947 2011 destitutum,

154 2011 209 2040 non
231 2017 324 2039 tamen
341 2011 375 2038 ad
390 2013 563 2039 commodum
586 2020 696 2040 sensum
714 2013 865 2040 habendum
886 2021 950 2048 pro-

155 2049 250 2075 liceret
263 2057 270 2074 :
284 2048 377 2081 Itaque
391 2048 459 2075 duas
474 2055 554 2076 voces
566 2047 592 2074 in
609 2055 690 2074 unant
709 2056 760 2074 non
777 2048 836 2075 sine
852 2047 950 2075 mendo

155 2083 294 2111 coaluisse
312 2082 480 2115 suspicatus,
496 2083 612 2110 distraxi
628 2083 755 2110 Θαάσσων
767 2082 819 2115 ἔτι,
838 2088 864 2111 et
885 2091 949 2110 seu-

155 2126 217 2145 suin
230 2137 238 2150 ,
255 2118 339 2145 etiam
358 2117 388 2153 iu
405 2117 501 2144 Latina
517 2118 640 2145 versione
658 2119 794 2145 turbatttm
806 2139 812 2151 ,
832 2123 896 2153 puto
911 2119 951 2145 sic

155 2154 263 2188 integre
287 2152 363 2179 reddi
382 2159 481 2186 posse:
501 2161 509 2177 ι
531 2153 562 2180 ΕΙ
579 2161 640 2179 cum
665 2153 729 2180 illuc
745 2152 949 2188 appropinqua-

157 2187 281 2214 rent’ubi
304 2187 394 2214 adltuc
409 2192 541 2223 tyrattuus
557 2189 717 2215 cousidebat
728 2209 736 2222 ,
752 2187 845 2216 Vident
859 2189 949 2216 archi-

156 2222 426 2259 przesuletnelatiori
438 2230 504 2250 voce
515 2223 759 2259 contradicentem,
772 2224 883 2258 jamque
897 2224 951 2259 syl-

157 2259 276 2292 logismo
304 2257 446 2284 ferientem
470 2258 555 2292 ipsius
573 2258 748 2292 imperatoris
765 2257 951 2286 \l'elttt’receus

156 2295 214 2321 uati
228 2293 335 2329 pueruli
354 2292 496 2329 infantiam
514 2302 520 2319 :
537 2294 607 2320 unde
624 2294 705 2320 etiam
722 2294 771 2327 ipsi
788 2295 820 2321 ad
836 2294 950 2329 loquen-

157 2330 221 2356 dum
233 2328 385 2355 conlirmati
401 2333 473 2358 sunt,
484 2335 658 2362 omnemque,
676 2337 684 2352 ι
700 2335 753 2356 etc.

194 2352 385 2398 (arctat-ia;
397 2352 692 2398 ite’iiiii‘siii's'iia—riii.
702 2352 793 2390 iiii'ad
805 2372 865 2391 eum
878 2364 949 2391 diem
966 2352 989 2380 υ

160 2399 289 2430 diximus,
302 2397 439 2434 coluutS.
455 2397 686 2434 Tlmophylactum
698 2400 852 2434 episcopum
870 2399 951 2426 Nico-

160 2433 340 2464 mediensem,
357 2437 385 2459 et
398 2433 449 2460 ista
465 2433 497 2460 de
509 2433 558 2460 hoc
570 2439 641 2460 cmtu
660 2434 780 2461 habent:
798 2443 808 2458 ι
824 2434 854 2461 S.
872 2434 951 2461 Nice-

159 2468 264 2503 phorus
278 2467 433 2501 patriarcha
444 2468 762 2502 Constantinopclitattus
773 2469 950 2496 lectissimum

161 2510 300 2545 quemque
320 2503 534 2545 episcopunrad
555 2511 589 2545 se
611 2504 746 2545 evocavit,
772 2504 950 2545 [Emiiiiltltm

161 2537 348 2573 Cyzicensem,
365 2538 540 2573 Eutuymiunt
554 2538 692 2570 Sardium,
703 2537 852 2573 Josepltuut
868 2539 951 2566 Thes-

162 2572 378 2606 salonicensem,
397 2572 558 2609 Michaelem
579 2573 778 2609 Syuadcusem,
797 2574 948 2602 Endoxium

163 2610 348 2636 Amorieuseiu
359 2628 367 2640 ,
386 2613 414 2635 et
429 2608 661 2644 Theopltylac’tuin
691 2609 925 2637 Nicomedieusem
940 2630 947 2642 ,

163 2644 283 2678 aliosque
302 2644 413 2676 inultos,
433 2644 478 2678 qui
492 2652 587 2671 omnes
602 2644 794 2678 imperatorem
812 2653 948 2672 convene-

164 2684 234 2710 runt,
252 2684 279 2705 et
292 2679 377 2706 multa
391 2680 427 2706 illi
445 2687 477 2706 ex
490 2679 608 2706 oraculis
623 2686 764 2706 sacrarunt
783 2679 948 2707 Litterarum

165 2714 502 2750 salutariapropinaruut.
521 2724 529 2740 ι
550 2715 586 2741 De
604 2720 698 2742 sancto
724 2715 869 2750 Euthymio
892 2716 950 2750 egi-

166 2757 222 2776 mus
237 2757 263 2776 xi
279 2749 382 2781 Martii,
399 2757 432 2776 ac
445 2755 500 2776 tum
528 2757 588 2784 quae
605 2750 661 2783 ille,
676 2751 713 2777 uti
730 2751 774 2777 die
787 2751 804 2777 8
817 2759 877 2784 qua:
892 2749 952 2778 sau-

166 2789 222 2811 ctus
231 2784 455 2820 Theopliylactus
469 2787 599 2818 prietzlare
611 2791 783 2819 perorarunt,
795 2787 949 2813 retulimus.

166 2819 294 2856 gelantur
315 2827 356 2856 es
370 2820 431 2846 aliis
450 2820 611 2856 A‘Jutilianus
629 2821 773 2856 87Angusti
786 2841 793 2853 ,
816 2820 950 2856 Josephus

167 2854 198 2882 15
218 2855 300 2888 Julii,
324 2855 439 2884 Michael
454 2856 489 2883 Ξῖ)
507 2855 578 2883 Maii.
603 2855 629 2882 ln
655 2854 715 2883 Vita
738 2857 826 2884 sancti
849 2854 950 2884 Nicelaa

997 1085 1109 1105 arenam
1128 1085 1301 1112 procurrere,
1310 1079 1358 1106 sed
1368 1079 1503 1113 copiosam
1516 1084 1598 1114 atque
1614 1082 1788 1114 praistantei‘n

995 1124 1187 1159 episcoporum
1219 1124 1255 1161 (ᾳ)
1272 1133 1303 1153 ac
1325 1125 1519 1153 monachorum
1541 1131 1678 1153 catervam
1696 1127 1789 1155 nobis-

997 1178 1059 1197 cunt
1079 1172 1106 1197 in
1123 1175 1204 1198 recta
1216 1170 1396 1199 confessionis
1415 1171 1459 1198 via
1474 1171 1554 1199 ﬁrmo
1571 1173 1655 1207 gradu
1680 1174 1789 1202 consis-

999 1220 1071 1249 tere;
1088 1223 1121 1243 en
1147 1222 1240 1244 astant
1256 1217 1283 1245 hi
1310 1219 1343 1245 ad
1370 1218 1438 1246 aulte
1454 1218 1528 1246 fores
1545 1228 1552 1246 :
1569 1227 1638 1254 quos
1652 1219 1674 1248 si
1692 1221 1789 1247 adesse

995 1263 1158 1295 annueritis,
1175 1271 1208 1290 ex
1224 1263 1344 1298 ipsorum
1356 1272 1463 1300 quoque
1476 1273 1525 1293 ore
1550 1265 1706 1299 intelliget-is
1722 1267 1790 1294 nihil

995 1316 1044 1337 eos
1063 1313 1156 1336 nostro
1173 1309 1274 1337 distare
1289 1317 1382 1338 sensu.

1033 1354 1078 1382 55.
1100 1354 1202 1382 Annuit
1218 1355 1311 1390 itaque
1331 1360 1360 1383 ut
1378 1356 1597 1391 ingrederentur,
1615 1366 1724 1394 unaqtte
1739 1367 1789 1386 no-

998 1400 1093 1428 biliunt
1115 1407 1147 1428 ac
1174 1408 1320 1435 procerum
1349 1402 1457 1430 turbam
1489 1404 1537 1438 (r),
1562 1405 1664 1432 strictis
1692 1406 1789 1439 quibus

998 1446 1115 1474 accincti
1129 1451 1208 1474 erant
1223 1447 1330 1481 gladiis,
1341 1452 1370 1474 ut
1385 1448 1517 1483 cujusque
1531 1449 1635 1477 ferebat
1646 1450 1724 1483 ordo,
1740 1451 1790 1477 ad-

998 1499 1060 1520 esse
1078 1492 1176 1528 jubet:
1194 1497 1269 1520 ratus
1286 1493 1390 1521 scilicet
1403 1496 1486 1522 miser
1504 1495 1635 1530 futurum,
1652 1496 1790 1532 utimper-

1001 1538 1129 1566 territum
1141 1546 1258 1566 cuneum
1271 1547 1353 1568 manu
1365 1540 1627 1570 niilitarieverteret.
1639 1543 1718 1571 Subit
1727 1551 1791 1578 ergo

1001 1591 1079 1612 sacer
1096 1584 1224 1612 Ecclesia:
1239 1589 1326 1613 cintus
1341 1585 1375 1621 (δ)
1405 1587 1496 1615 aureis
1522 1588 1696 1623 laquearibus
1724 1590 1791 1618 fulta

1003 1630 1114 1665 palatia,
1142 1635 1217 1658 tanta
1235 1633 1354 1666 gestiens
1376 1632 1529 1667 alacritate,
1560 1639 1691 1670 quantum
1713 1645 1792 1664 nemo

1002 1677 1094 1705 verbis
1109 1678 1248 1712 explicare
1259 1684 1302 1707 sat
1329 1681 1415 1715 possit
1431 1690 1437 1708 :
1462 1682 1607 1718 oblataque
1620 1683 1694 1711 fandi
1710 1684 1792 1712 liltcr-

1004 1728 1069 1756 tate,
1087 1729 1216 1760 tanquam
1232 1726 1323 1754 divino
1338 1727 1434 1755 aculeo
1444 1728 1574 1757 incitatus
1589 1729 1687 1759 festiue
1703 1731 1792 1759 locum

1003 1770 1102 1804 tenuit,
1118 1778 1171 1806 quo
1202 1776 1334 1807 tyrannus
1351 1774 1511 1802 consederat
1527 1784 1534 1802 :
1550 1780 1632 1810 utque
1655 1776 1793 1811 pastorum

1002 1817 1152 1852 principem
1181 1817 1213 1852 (ι)
1239 1818 1339 1848 clarius
1365 1821 1564 1861 quodammodo
1584 1824 1793 1858 respondenti-nt

1000 1907 1111 1944 omissis
1139 1908 1258 1944 Josopho
1282 1915 1309 1937 et
1330 1910 1473 1943 Eudoxio,
1509 1913 1666 1939 referuntur
1698 1913 1794 1940 Petrus

1000 1943 1143 1983 episcopus
1164 1943 1342 1983 Nicmiiu§,_et
1356 1951 1470 1983 sanctus
1486 1947 1648 1983 Theodorus
1663 1950 1794 1983 prmposi-

1000 1982 1044 2005 tus
1060 1978 1244 2008 Studitarttm.
1265 1980 1370 2008 Colitur
1386 1981 1431 2008 hic
1446 1982 1479 2008 1'2
1499 1978 1673 2010 Novembris:

1036 2014 1070 2053 (τ)
1081 2014 1108 2041 In
1119 2014 1178 2041 Vita
1190 2016 1276 2042 sancti
1289 2015 1407 2043 Nicetat:
1422 2017 1555 2053 tAderaint
1566 2022 1593 2044 et
1604 2017 1792 2053 imperatores,

1000 2050 1146 2082 optimates
1158 2056 1186 2077 et
1200 2055 1276 2078 totus
1296 2056 1419 2078 senatus.
1433 2061 1442 2078 ι
1461 2051 1489 2078 lit
1511 2052 1569 2079 Vita
1586 2050 1671 2080 sancti
1691 2054 1794 2082 Nicolai

1005 2084 1132 2118 Studitie,
1153 2085 1253 2112 dicitur
1270 2087 1483 2121 circumquaque
1507 2088 1625 2122 stipante
1643 2089 1729 2116 utilite
1745 2092 1795 2116 iiu-

1005 2125 1157 2154 peratorein
1178 2128 1362 2155 congregasse
1377 2123 1484 2149 turbam
1501 2124 1673 2151 sacerdotum
1694 2131 1719 2152 et
1740 2134 1796 2152 mo-

1005 2156 1166 2182 naeltorum.

1041 2190 1075 2223 (δ)
1094 2190 1120 2229 In
1138 2191 1231 2218 eadem
1255 2191 1317 2218 Vita
1337 2192 1424 2229 sancti
1446 2192 1568 2220 Nicetac:
1589 2203 1598 2218 ι
1618 2193 1711 2229 Itaque
1732 2201 1796 2222 ante

1005 2224 1080 2252 illum
1104 2227 1294 2260 imperatorem
1312 2228 1387 2254 stetit
1403 2227 1515 2255 Patrum
1535 2234 1655 2260 caterva.
1669 2224 1794 2257 lectissi-

1006 2269 1110 2286 morum
1130 2262 1268 2299 hominum
1283 2270 1314 2289 ac
1330 2265 1497 2296 sanctorum,
1512 2264 1557 2298 qui
1573 2264 1677 2299 angelis
1690 2266 1795 2292 similes

1005 2301 1083 2322 Grant
1098 2304 1128 2323 ac
1143 2297 1237 2324 divini.
1256 2306 1264 2321 ι

1041 2330 1073 2364 (ι)
1098 2331 1125 2369 lit
1147 2331 1330 2369 eademﬂVita
1349 2342 1355 2359 :
1375 2342 1384 2358 (
1402 2333 1599 2361 Sanctissimus
1622 2334 1793 2369 Nieephorus

1003 2373 1060 2396 eos,
1073 2367 1118 2400 qui
1130 2367 1231 2400 gradus
1244 2368 1374 2401 dignitate
1390 2373 1550 2402 praestantes
1568 2375 1655 2402 erant,
1670 2367 1788 2398 aifatus:

1001 2401 1089 2435 Agite,
1107 2402 1306 2440 itiqtttt,__tliCtte
1319 2401 1395 2435 mihi,
1417 2408 1540 2438 potestne
1553 2405 1579 2431 id
1594 2407 1702 2438 cadere,
1717 2408 1788 2440 quod

1002 2443 1053 2474 non
1074 2436 1135 2462 est?
1151 2436 1185 2474 At
1197 2437 1315 2474 _illi_cnm
1332 2439 1364 2464 ad
1377 2436 1434 2471 ejus
1453 2439 1675 2474 interrogationis
1694 2436 1789 2468 tib-scu-

1001 2472 1109 2510 ritatcin
1131 2472 1311 2510 ambigerem,
1328 2481 1359 2500 ac
1378 2474 1447 2500 nihil
1471 2472 1678 2510 responderent,
1698 2478 1744 2504 sed
1760 2484 1789 2504 se

1001 2506 1121 2546 vicissim
1136 2507 1316 2546 intuerentur,
1340 2517 1434 2546 ritrsus
1451 2506 1605 2546 patriarcha
1618 2511 1652 2538 al)
1667 2506 1706 2539 eis
1716 2520 1789 2546 quic-

1001 2541 1075 2573 sivit,
1097 2549 1158 2567 tmttt
1176 2542 1276 2570 Leutiis
1290 2547 1318 2570 et
1346 2541 1519 2571 Constantini
1545 2545 1698 2574 lSattrurum
1718 2541 1785 2574 t'em-

1000 2583 1066 2613 pore
1093 2582 1194 2613 sancta:
1216 2578 1348 2613 imagines
1375 2580 1551 2608 cecidissent.
1578 2581 1617 2608 llli
1641 2590 1704 2609 vero
1726 2589 1786 2610 cum

1003 2611 1091 2645 capita
1112 2612 1238 2638 deorsum
1266 2611 1452 2647 inclinassent,
1476 2621 1502 2642 et
1523 2622 1588 2643 utttu
1612 2625 1704 2644 verum
1728 2624 1787 2645 esse

1003 2647 1074 2687 quod
1103 2648 1258 2687 patriarcha
1295 2651 1459 2683 quaesierat,
1485 2652 1698 2685 signiﬁcassent,
1715 2653 1786 2687 qttod

1003 2684 1070 2708 satis
1082 2684 1190 2722 erathatl
1203 2691 1308 2722 eorum,
1325 2692 1384 2719 quae
1397 2686 1500 2719 private
1511 2688 1645 2719 dixerant,
1662 2684 1790 2722 proposi-

1003 2723 1059 2756 tum
1073 2717 1309 2756 ‘couﬁrmandum,
1334 2717 1403 2747 tunc
1437 2723 1591 2756 patriarcha
1610 2731 1616 2748 :
1636 2717 1787 2755 Qiiuttiodo,

1004 2751 1102 2787 inquit,
1115 2754 1192 2790 quod
1208 2762 1260 2780 non
1277 2759 1339 2788 stat,
1356 2751 1445 2790 νοιεεί
1466 2757 1583 2784 cadere?
1595 2758 1634 2784 Ad
1646 2751 1706 2784 ilice
1723 2751 1791 2784 nihil

1004 2788 1145 2821 respondit
1169 2788 1328 2823 imperator,
1345 2788 1391 2818 sed
1407 2792 1441 2818 ad
1456 2792 1551 2819 Patres
1566 2800 1715 2820 conversus
1729 2794 1766 2819 ait
1783 2801 1790 2819 :

1005 2822 1121 2867 Scitote;
1137 2822 1241 2864 i’atres,
1258 2833 1300 2852 me
1313 2827 1387 2867 idem
1402 2828 1597 2867 sentire,quod
1613 2835 1660 2855 vos
1676 2837 1682 2855 :
1700 2828 1794 2867 simul-

1005 2866 1056 2892 que
1081 2858 1194 2894 elligieut
1220 2862 1384 2895 quamdam,
1412 2870 1492 2897 quant
1513 2858 1541 2890 iii
1567 2865 1628 2891 sinu
1653 2865 1795 2900 gestabat,
