1931 3076
171 135 221 168 115
253 172 262 175 ,

668 137 699 167 S.
720 137 931 168 NICEPHORI
949 138 1204 169 PATRIARCHAE
1222 140 1278 170 ΟΡ.

1749 142 1799 173 116

144 205 152 213 ν
169 193 217 225 rit,
233 191 366 220 furiosum
382 191 492 219 omnino
513 198 544 219 ac
559 191 714 219 dementem
728 191 828 219 reddit.
844 191 886 219 Ad
901 191 957 220 haec

1015 192 1055 218 ιαὶ
1070 192 1206 227 ἠπίστατο
1220 191 1318 220 ἑαυτὸν
1331 193 1470 228 ἁλώσιμον
1485 196 1519 230 τῇ
1533 195 1581 221 τοῦ
1595 195 1675 230 λόγου
1707 198 1800 229 συνεξ-

169 244 251 264 causa
273 237 298 264 in
316 245 430 264 examen
455 242 559 270 vocata,
582 236 626 263 illa
649 244 679 264 se
702 238 810 272 penitus
831 245 959 266 casurum

169 288 284 310 noverat
297 283 369 318 :jam
382 283 453 310 enim
471 283 528 317 ipse
542 290 649 319 quoque
663 283 791 310 invictam
804 283 957 317 veritatem,

169 336 202 356 ac
219 329 299 364 plane
322 329 534 364 iusuperahilem
559 336 621 357 esse
635 329 678 357 vel
693 329 796 357 invitus
808 334 960 364 'compere-

170 379 222 401 rat.
251 374 432 408 Quamobrem
457 382 543 410 nugas
565 375 710 409 quasdam,
734 382 794 409 quae
817 374 913 402 nihile
929 381 959 402 re

169 424 273 452 essent,
290 420 429 453 pra‘elaris
451 419 504 447 illis
523 419 728 447 armulatoribus
744 420 770 447 in
786 419 892 446 ruinam
907 420 958 446 im-

168 464 304 498 pellendis
321 472 484 498 eongerens,
509 465 555 491 ubi
574 471 650 492 suam
667 464 724 499 ipse
741 463 844 491 cladem
867 471 958 491 resar-

168 510 226 536 cire
242 509 372 544 nequivit,
382 510 462 537 minis
477 510 602 543 incussis,
616 518 662 538 eos
676 517 729 537 una
741 517 802 538 cum
817 517 957 537 sacrorum

169 555 305 588 antistite,
326 556 415 590 palam
435 557 468 582 ab
481 556 543 583 aula
563 555 677 591 expulit.
694 555 715 583 Ο
729 555 780 582 viri
795 556 821 582 in
836 555 958 583 deterius

168 608 334 635 propensum
369 602 510 628 auimmnl
528 609 544 628 ο
565 609 657 629 casum
684 601 843 628 horribilem
868 601 902 628 ab
926 608 958 628 eo

169 647 240 681 quod
259 647 434 681 praestantius
457 652 517 675 erat
533 647 585 682 (y)l
603 647 687 674 Ex‘eo
712 654 827 681 namque
848 647 958 682 vnlpina

169 693 268 725 posita,
293 691 442 725 leoninam,
461 697 488 719 ut
518 697 560 720 est
576 692 602 719 in
623 692 777 726 proverbio,
801 692 888 719 induit
908 691 958 719 ad-

168 744 266 764 versus
286 737 453 771 Ecclesium,
476 738 621 773 palamque
648 738 781 765 instructa
806 738 865 765 acie
886 737 958 765 illius

165 782 412 815 impugnatoribus
438 785 528 811 socius
544 784 660 811 aecessit
680 792 687 810 :
706 783 732 810 in
748 784 844 819 primis
867 788 958 811 autem

170 827 334 855 fortissimos
359 829 464 865 pugiles
483 830 580 858 exsilio
605 837 658 857 non
687 830 788 857 invitos
813 830 958 865 relegans,

170 873 237 900 alios
255 874 315 902 aliis
329 875 395 903 locis
406 876 509 903 addixit
523 876 616 911 procul
626 877 660 904 ab
677 876 806 904 Ecclesim
816 876 895 903 atriis
911 884 959 903 se--

164 923 260 947 'motos
277 927 285 946 :
301 920 358 948 fore
374 921 447 948 enim
471 922 666 954 arbitrabatur,
685 926 714 948 ut
728 925 788 956 pest
803 922 860 949 haec
878 921 960 949 verbo

171 971 225 992 uno
247 965 382 1001 dejectum
417 967 616 1002 patriareham,
652 967 788 995 haeretica:
818 967 961 1002 pravitatis

163 1010 295 1038 "cassibus
305 1018 432 1047 caperet;
447 1013 489 1040 sin
501 1018 604 1046 autem,
618 1016 647 1039 ut
657 1019 687 1040 se
701 1012 746 1040 ille
756 1018 854 1047 sponte
867 1020 960 1040 sacer-

171 1055 237 1083 dotii
256 1058 419 1091 praefectura
439 1059 593 1092 abdicaret,
615 1059 659 1086 cui
675 1065 691 1087 e
712 1066 791 1086 sacro
807 1059 854 1086 illo
877 1059 961 1087 clioro

171 1109 252 1129 nemo
274 1103 383 1137 adjutor
411 1108 578 1139 suppeteret.
606 1104 686 1132 Solus
713 1105 805 1139 itaque
829 1104 962 1140 temporis

170 1146 280 1175 labores
305 1148 406 1181 terens,
423 1149 450 1176 in
464 1156 611 1184 supernum
639 1149 770 1176 auxilium
788 1149 880 1176 animo
901 1154 960 1176 erat

170 1193 303 1226 intentus.
319 1195 471 1230 orabatque
484 1199 513 1222 ut
530 1195 652 1222 desolato
664 1195 715 1222 sibi
727 1199 755 1222 et
767 1195 873 1223 consilii
886 1195 959 1230 inopi

169 1239 214 1272 pia
231 1239 400 1275 benignitate
418 1241 603 1276 opitularetur
619 1242 701 1268 Deus.

1010 238 1116 272 ετάσειξ·
1124 238 1245 273 ἄληπτον
1254 238 1308 274 γὰρ
1326 239 1385 274 ᾔδει
1400 239 1525 272 κάκεῖνος
1535 239 1617 267 οὖσαν
1637 241 1684 268 καὶ
1697 243 1800 279 ἀήττη-

1009 293 1055 312 τον
1075 285 1125 320 τὴν
1142 285 1280 320 ἀλήθειαν.
1303 285 1385 312 Ὅθεν
1404 286 1538 322 φλυαρίας
1558 287 1607 321 μὲν
1634 288 1800 323 ὲξαγωνίονς

1010 331 1078 366 πρὸς
1098 331 1256 358 ὑπόπτωσιν
1268 331 1323 358 τῶν
1335 330 1464 366 ζηλωτῶν
1481 333 1592 360 ἐκείνων
1607 335 1800 370 συμφορήσας,

1009 377 1040 404 οὐ
1059 377 1187 412 ¹δυνηθεὶς
1211 377 1239 403 δὲ
1255 377 1305 413 τὴν
1326 378 1425 404 ἑαυτοῦ
1445 375 1531 413 ἧτταν
1558 380 1800 412 ἀνακαλέσασθαι.

1009 423 1162 458 τηνικαῦτα
1190 423 1302 455 τούτους
1330 424 1458 456 ἀπειλαῖς
1486 425 1535 452 σὺν
1560 425 1600 460 τῷ
1626 427 1801 462 μυσταγωγῷ

1009 468 1064 495 τῶν
1077 468 1222 504 βασιλείων
1239 469 1388 504 ἔξώθησεν.
1407 471 1439 497 Ὠ
1457 470 1508 505 τῆς
1523 471 1592 506 πρὸς
1605 471 1635 498 τὸ
1650 472 1741 506 χεῖρον
1752 473 1800 500 τοῦ

1010 515 1106 550 ἀνδρὸς
1125 515 1314 547 ἀπονεύσεωςῐ
1335 515 1357 542 ὢ
1374 517 1424 552 τῆς
1444 516 1492 543 τοῦ
1514 516 1649 552 βελτίονος
1669 510 1800 544 ἀποπτῶ-

1011 561 1097 593 σεωςι
1128 561 1172 594 Ἐξ
1193 562 1298 588 ἐκείνου
1324 562 1393 597 γὰρ,
1414 562 1478 593 ὦςί
1500 570 1582 597 φησιν
1603 564 1619 597 ἡ
1645 563 1800 598 Παροιμίαι,

1009 606 1058 642 σὴν
1081 607 1152 634 κατὰ
1176 607 1225 641 τῆς
1257 607 1424 642 Ἐκκλησίας
1449 608 1573 635 ἐνδύεται
1601 609 1731 643 λεοντῆν,
1755 609 1802 636 καὶ

1009 652 1136 687 φανερῶς
1166 653 1223 684 τοῖς
1247 653 1309 680 κατ’
1336 654 1422 688 αὐτῆς
1447 653 1636 688 όπλιζομένοις
1659 655 1802 690 συμφράτο

1009 707 1103 725 τεται·
1131 699 1231 726 αὐτίκα
1258 699 1311 735 γὰρ
1336 699 1413 732 τοὺς,
1439 700 1503 726 ὅσον
1520 700 1564 726 ἐπ’
1581 700 1692 732 αὐτοῖς,
1718 700 1802 735 ἀθλη-

1009 744 1058 776 τὰς
1081 745 1225 777 ἐθελοντὰς
1244 745 1378 781 ὑπερορίᾳ
1393 746 1588 782 παρέπεμπεν,
1610 746 1690 773 ἄλλον
1706 747 1801 773 ἄλλοσε

1011 791 1216 827 καταμερίσας,
1235 793 1282 819 καὶ
1303 792 1398 828 πόῤῥω
1417 801 1469 819 που
1487 791 1543 819 τῶν
1561 792 1611 828 τῆς
1636 791 1802 827 Ἐκκλησίας

1011 837 1188 870 ἀποξενώσας
1213 837 1370 865 ἐπαύλεων·
1387 838 1480 865 ἔπειθε
1504 838 1559 873 γὰρ
1576 838 1656 865 αὑτὸν
1679 837 1802 864 αὐτοϐοεὶ

1013 884 1060 922 τὸν
1073 883 1205 919 ἀρχιερέα
1217 884 1274 915 τοῖς
1287 884 1338 919 τῆς
1354 884 1487 919 αἱρέσεως
1503 884 1611 920 βρόχοις
1625 885 1705 916 ἑλεῖν,
1721 885 1767 910 καὶ
1778 883 1802 910 εἰ

1016 929 1053 965 μὴ
1064 928 1143 955 τοῦτό
1156 937 1187 964 γε
1205 928 1332 964 γνώμης,
1351 929 1520 965 ἐκουσιότητι
1537 930 1587 964 τὴν
1602 929 1651 964 τῆς
1669 929 1804 964 ίερατείας

1015 975 1177 1002 καταλιπεῖν
1200 976 1380 1011 προστασίαν,
1402 976 1499 1011 ἔχοντα
1528 976 1631 1011 μηδένα
1655 975 1702 1002 τοῦ
1730 975 1803 1010 ἱεροῦ

1015 1022 1166 1056 καταλόγου
1184 1022 1336 1057 συνέριθον.
1354 1022 1443 1053 Μόνος
1457 1021 1504 1049 οὖν
1524 1022 1618 1048 λοιπὸν
1632 1022 1663 1048 τὸ
1677 1021 1724 1048 τοῦ
1741 1029 1804 1048 και-

1015 1067 1064 1103 ροῦ
1084 1068 1221 1105 διαφέρων
1246 1068 1385 1101 ἐπίπονον,
1413 1068 1482 1104 πρὸς
1505 1069 1554 1103 τὴν
1572 1068 1629 1095 ἄνω
1644 1068 1806 1103 συμμαχίαν

1014 1113 1179 1147 ἀπέϐλεπεν,
1196 1113 1298 1149 ταύτην
1315 1114 1390 1149 αὑτῴ
1405 1113 1555 1148 μονωθέντι
1570 1113 1741 1149 συνάρασθαι
1756 1111 1806 1139 καὶ

1014 1160 1182 1197 ἠπορημένῳ
1200 1160 1381 1188 συλλαϐέσθαι
1396 1160 1434 1192 ὼς
1450 1160 1578 1196 μάλιστα.

905 1310 1020 1340 CAPUT
1041 1312 1074 1340 X.

173 1363 267 1390 Sancti
285 1362 430 1399 Nicephori
443 1364 470 1391 in
489 1364 644 1399 captivitate
668 1369 692 1392 et
707 1364 998 1405 .morboucortstantia:
1021 1368 1146 1403 Epistolte
1168 1370 1274 1405 scriptae
1286 1378 1296 1397 :
1310 1369 1412 1405 rejectte
1429 1369 1600 1398 conciliabuli
1624 1369 1704 1397 atina:
1717 1377 1726 1397 :
1740 1377 1808 1396 aua-

692 1399 780 1427 thema
792 1399 846 1427 illis
860 1401 977 1436 illatum,
996 1409 1020 1431 et
1038 1399 1065 1431 in
1076 1413 1136 1432 eum
1152 1399 1288 1439 rejectum.

207 1469 252 1498 59.
266 1468 369 1497 Videns
381 1473 471 1497 autem
483 1469 687 1497 sacratissimus
700 1469 825 1504 antistes,
841 1470 959 1498 Leonem

173 1525 238 1545 vere
250 1517 302 1544 tide
315 1516 436 1551 eiurata,
447 1517 474 1544 in
484 1517 631 1552 Deumjam
642 1518 777 1552 pervicaci
789 1525 850 1546 esse
861 1518 962 1552 animo,
978 1511 999 1540 (ἶ

175 1564 251 1592 illius
265 1563 343 1591 uxori
362 1563 470 1596 scribit,
489 1563 577 1599 deque
593 1568 668 1591 recta
683 1563 903 1592 Christianorum
919 1571 963 1592 re-

175 1611 275 1646 ligione
298 1618 329 1638 ac
351 1610 403 1637 tide
428 1610 578 1638 admonens
603 1610 730 1638 hortatur
754 1615 784 1637 ut
804 1610 963 1645 imperatori

173 1658 290 1691 viroque
313 1656 438 1687 suadeat.
463 1660 493 1682 ut
517 1660 547 1684 se
562 1662 576 1682 a
592 1656 760 1691 nequissima
787 1656 831 1683 illa
852 1664 964 1691 aggres-

174 1704 251 1731 sione
265 1702 412 1730 abstineat.
440 1701 542 1733 Scribit
561 1706 589 1729 et
603 1702 693 1729 :erarii
711 1702 810 1736 publici
825 1706 880 1729 tum
896 1707 965 1729 tem-

175 1748 249 1783 poris
266 1747 406 1783 przefecto,
421 1754 475 1782 quo
491 1747 662 1774 familiariter
675 1748 805 1775 utebatur
817 1748 966 1783 imperator

169 1793 288 1830 ‘prnpter
305 1794 413 1821 dicendi
434 1793 601 1826 libertatem,
618 1797 645 1821 et
657 1794 728 1828 quod
746 1794 773 1821 in
788 1793 882 1821 eadem
902 1801 966 1821 seu-

176 1841 259 1868 tcntia
278 1846 368 1872 esset;
383 1847 418 1868 ne
433 1840 497 1874 quid
517 1841 648 1868 adversus
664 1839 812 1868 Ecclesiam
827 1840 966 1874 moliatur,

175 1894 244 1914 neve
262 1887 335 1914 illam
348 1886 417 1921 jam,
440 1887 466 1914 in
482 1892 548 1921 pace
568 1893 599 1913 ac
618 1894 708 1914 rerum
732 1886 879 1921 tranquillo
896 1891 967 1914 statu

176 1939 312 1969 agentem,
330 1941 400 1961 nova
424 1933 580 1961 turbatione
601 1937 772 1961 commoveat
789 1943 796 1961 :
814 1934 861 1961 sed
879 1933 968 1968 potius

175 1981 312 2007 ﬂammant
334 1980 433 2014 sopiat,
456 1987 536 2014 quam
553 1980 755 2007 succenderunt
771 1984 874 2006 aeterno
895 1980 968 2014 digni

177 2026 309 2061 mpplieio
325 2025 461 2058 homines,
476 2030 501 2053 et
515 2025 587 2053 feros
610 2024 786 2060 imperatoris
800 2032 890 2052 mores
903 2024 970 2052 deli-

176 2073 244 2100 niat.
262 2072 301 2099 Illi
318 2073 434 2107 denique
455 2072 499 2106 qui
519 2071 597 2106 primi
617 2078 631 2097 a
655 2070 770 2098 secretis
793 2071 968 2106 imperatoris

176 2126 291 2146 munere
316 2119 451 2154 “ingens,
477 2117 664 2152 Eutychianus
688 2116 808 2150 nomine,
827 2116 969 2144 haeretico-

176 2173 238 2192 rum
254 2165 361 2192 fovebat
379 2169 479 2200 partes,
493 2168 520 2191 et
537 2167 617 2191 recta:
636 2163 696 2190 ﬁdei
712 2162 818 2197 eloquia
837 2162 969 2197 deprava-

1049 1472 1098 1500 νϐ’.
1125 1473 1212 1509 Ὁρῶν
1224 1473 1253 1500 δὲ
1266 1473 1310 1500 τὴν
1322 1473 1407 1510 ἄνδρα
1421 1474 1455 1501 τὰ
1469 1473 1537 1509 πρὸς
1549 1473 1598 1509 τὴν
1612 1473 1698 1510 ἀληθῆ
1715 1474 1808 1501 πίστιν

1016 1518 1209 1554 ὲξομνύμενον,
1225 1519 1273 1546 καὶ
1290 1519 1391 1555 ἀπειθῆ
1409 1520 1442 1547 τὰ
1462 1520 1530 1555 πρὸς
1547 1519 1615 1546 Θεὸν
1629 1520 1679 1555 ἤδη
1698 1520 1807 1547 δεικνύ-

1015 1573 1107 1600 μενον,
1119 1565 1220 1601 γρὰφει
1233 1567 1267 1601 τῇ
1279 1566 1385 1593 ἐκείνου
1400 1566 1530 1601 συνεύνῳ,
1542 1566 1590 1593 ἅτε
1607 1566 1728 1600 γυναικὶ,
1742 1567 1808 1602 περὶ

1014 1611 1066 1646 τῆς
1091 1611 1176 1647 ὀρθῆς
1203 1612 1423 1647 ὑπομιμνήσκων
1449 1612 1534 1647 αὐτὴν
1557 1613 1611 1638 τῶν
1636 1612 1808 1647 Χριστιανῶν

1015 1655 1166 1691 θρησκείας
1182 1657 1229 1684 καὶ
1248 1657 1377 1689 πίστεως,
1390 1658 1437 1685 καὶ
1449 1657 1487 1690 ὡς
1502 1657 1535 1684 ἂν
1558 1657 1649 1684 πείσοι
1669 1658 1714 1684 τὸν
1730 1657 1808 1692 βασι-

1015 1702 1065 1730 λέα
1081 1704 1129 1730 καὶ
1146 1703 1274 1730 σύνευνον
1297 1703 1469 1738 ἀποσχέσθαι
1492 1703 1542 1739 τῆς
1567 1704 1695 1739 τοιαύτης
1718 1703 1808 1737 δεινῆς

1016 1748 1211 1785 ὲγχειρήσεως.
1230 1749 1333 1785 Γράφει
1347 1749 1375 1776 δὲ
1386 1749 1433 1776 καὶ
1447 1749 1515 1785 πρὸς
1527 1749 1573 1776 τὸν
1586 1749 1738 1784 τηνικαῦτα
1753 1749 1809 1776 τῶν

1016 1794 1155 1830 δημοσίων
1168 1796 1318 1831 χρημάτων
1343 1795 1457 1831 ταμίαν,
1468 1795 1645 1830 οἱκειωμένον
1656 1795 1720 1831 παρ’
1733 1794 1809 1830 αὐτῷ

1017 1842 1051 1876 τῇ
1070 1849 1100 1867 τε
1118 1841 1260 1877 παρρησίᾳ
1279 1842 1326 1868 καὶ
1351 1841 1391 1877 τῷ
1414 1841 1586 1877 φρονήματι,
1609 1842 1647 1877 μὴ
1666 1841 1737 1868 κατὰ
1759 1842 1810 1876 τῆς

1025 1887 1200 1922 Ἐκκλησίας,
1215 1887 1264 1923 ἥδη
1281 1887 1313 1914 τὸ
1329 1888 1469 1923 είρηναῖον
1485 1887 1601 1924 ἐχούσης
1616 1888 1662 1914 καὶ
1677 1887 1809 1914 ἀστασία-

1020 1942 1092 1967 στον,
1108 1934 1226 1960 ἐπινοεῖν
1242 1933 1258 1969 ἢ
1274 1935 1358 1960 κινεῖν
1373 1943 1434 1961 τινα
1458 1934 1550 1964 σάλον,
1572 1933 1672 1968 μᾶλλον
1697 1933 1747 1968 μὲν
1761 1932 1809 1960 οὖν

1019 1978 1067 2006 καὶ
1079 1978 1127 2014 τὴν
1139 1978 1300 2013 ἐξαφοείσαν
1315 1979 1384 2014 αὐτῇ
1404 1978 1479 2014 παρὰ
1495 1979 1550 2005 τῶν
1565 1978 1612 2005 τοῦ
1626 1978 1737 2005 αἰωνίου
1757 1987 1810 2004 πυ-

1021 2023 1066 2059 ρδς
1087 2022 1171 2055 ἀξίων
1194 2022 1281 2057 φλόγα
1315 2022 1497 2055 καταπαύειν,
1524 2023 1571 2049 καὶ
1600 2023 1648 2058 τὴν
1675 2022 1810 2057 βασιλέως

1021 2069 1197 2104 καθημεροῦν
1218 2068 1380 2103 ἀγριότητα.
1409 2068 1512 2104 Γράφει
1526 2068 1555 2095 δὲ
1580 2068 1629 2095 καὶ
1644 2068 1683 2104 τῷ
1707 2067 1810 2102 πρώτῳ

1021 2114 1075 2142 τῶν
1092 2114 1240 2150 βασιλικῶν
1260 2114 1443 2149 ὑπογραφέων
1459 2114 1521 2141 τότε
1536 2115 1697 2149 τυγχάνοντι
1712 2113 1811 2147 (Εὐτυ-

1021 2162 1112 2197 χιανδς
1123 2159 1202 2192 οὗτος
1216 2159 1249 2195 ἦν
1260 2160 1280 2195 ),
1296 2160 1485 2196 συναιρομένῳ
1498 2162 1554 2192 τοῖς
1566 2160 1746 2196 αἱρετίζουσι,
1761 2160 1812 2186 καὶ

176 2212 236 2243 bat,
260 2211 362 2238 diserte
387 2211 496 2245 scripsit
513 2209 584 2243 quod
601 2209 653 2236 nisi
671 2209 730 2236 vias
751 2208 859 2235 Domini
879 2213 962 2236 rectas

1020 2208 1055 2235 τὰ
1071 2208 1121 2243 τῆς
1133 2207 1281 2243 ὀρθοτόμου
1298 2206 1417 2238 πίστεως
1431 2206 1704 2242 παραναγινώσκοντι
1721 2205 1810 2239 λόγια,

178 2262 301 2285 cessaret
314 2261 485 2292 pervertere,
511 2255 613 2291 Etyma:
623 2254 692 2290 magi
701 2254 721 2270 "
730 2254 843 2290 vestigia
865 2258 962 2286 terens,

1019 2253 1057 2285 ὡς
1072 2254 1096 2280 εί
1114 2253 1164 2288 μὲν
1177 2254 1208 2280 οὐ
1223 2253 1363 2287 παύσηται
1376 2252 1547 2287 διαστρέφων
1558 2253 1606 2283 τὰς
1619 2252 1695 2282 ὀδοὺς
1707 2251 1811 2286 Κυρίου

177 2304 335 2338 inspectore
344 2303 398 2329 Deo
408 2307 490 2336 atque
497 2301 586 2331 ultore
595 2303 707 2329 daturus
715 2306 786 2329 esset
795 2307 901 2335 pinnas,
909 2300 962 2334 qui-

1019 2299 1069 2331 τὰς
1087 2299 1194 2331 εὐθείας
1207 2317 1214 2330 ,
1233 2298 1291 2325 ἀλλ’
1312 2297 1415 2333 Ἐλύμᾳ
1441 2297 1481 2333 τῷ
1503 2298 1582 2333 μάγῳ
1613 2298 1812 2332 συμπροαιρεῖ-

177 2347 229 2375 lius
243 2355 304 2374 eum
319 2354 412 2373 amara
432 2346 496 2372 vita:
511 2345 663 2373 necessitas
680 2345 737 2372 dire
754 2344 902 2372 cruciaret.
920 2343 962 2371 Hit

1020 2353 1066 2371 ται
1088 2344 1271 2380 πορεύεσθαι,
1289 2344 1365 2379 παρὰ
1377 2344 1427 2378 τῆς
1449 2343 1547 2378 ἐφόρου
1565 2343 1645 2377 δίκης
1669 2341 1812 2369 πείσεσθαι

177 2401 244 2421 vero
271 2396 426 2420 monentem
448 2392 522 2420 visus
540 2398 687 2426 spernere,
708 2390 843 2418 minarum
863 2390 962 2425 recepit

1020 2390 1124 2425 λώϐην,
1143 2390 1192 2422 τὰς
1213 2389 1283 2426 πρὸς
1299 2390 1329 2417 τὸ
1353 2389 1403 2425 ζῇν
1422 2389 1551 2424 ἀφορμὰς
1570 2387 1664 2420 δεινῶς
1690 2386 1814 2422 ἐπαλγύ-

216 2471 238 2487 Il
256 2471 299 2488 Anl
329 2478 376 2488 vn-
403 2471 429 2488 Ω.

251 2471 312 2498 Act.
329 2478 388 2504 xm,
402 2469 480 2497 8-11.

811 2512 928 2541 νΑῐὶΙιΕ
944 2513 1146 2542 LECTIONES.

217 2575 227 2596 ι
244 2574 295 2623 ns.
314 2571 344 2611 ᾗ.

933 2632 1049 2661 NOTAE.

218 2704 257 2739 (ῃ)
274 2704 302 2731 1η
319 2703 379 2730 Vita
397 2704 483 2731 sancti
500 2703 599 2730 Nieelre
615 2712 621 2730 :
642 2711 651 2728 ‹
670 2702 746 2739 Tune
767 2702 915 2739 imperator
928 2700 969 2727 l’u-

181 2736 407 2766 roré'admodum
425 2739 615 2768 exardescens.
634 2743 660 2765 et
674 2738 747 2772 quod
770 2741 844 2772 recte
867 2736 967 2763 dictum

182 2774 283 2805 fuerat,
301 2774 374 2800 velut
389 2774 550 2807 iujuriosum
564 2771 692 2807 quiddam
707 2771 855 2805 accipiens,
871 2778 968 2807 omnes

181 2809 272 2843 ejecit.
293 2808 346 2835 ι1ιι
376 2805 435 2835 Vita
463 2808 550 2835 sauui
570 2805 671 2834 Nicolai
695 2807 810 2843 Studita:
831 2814 837 2832 :
861 2814 870 2830 ι
890 2805 966 2843 Tunc

182 2841 287 2873 videns.
305 2849 330 2871 ut
349 2843 364 2870 ii
382 2844 499 2876 Spiritus
523 2843 612 2877 gladio
631 2849 761 2877 nugarum
777 2841 835 2875 ejus
852 2841 969 2875 garruli-

1023 2707 1106 2730 tatem
1122 2702 1196 2729 varie
1211 2702 1326 2729 mediam
1350 2706 1487 2733 secarent,
1503 2708 1534 2728 ea
1550 2707 1579 2728 re
1594 2699 1679 2728 miser
1695 2697 1723 2726 in
1738 2697 1814 2726 furo-

1022 2745 1079 2764 rem
1097 2742 1184 2769 aclus,
1201 2745 1296 2764 oumes
1313 2737 1345 2764 ad
1363 2745 1458 2767 unum,
1485 2736 1569 2763 multa
1589 2736 1628 2762 ira
1646 2738 1813 2766 exaestuans,

1022 2772 1094 2834 [regis
1108 2773 1230 2813 expellit,
1247 2780 1278 2800 ac
1295 2772 1495 2807 quamprimum
1509 2770 1627 2807 singulis
1638 2769 1728 2798 locum
1742 2769 1815 2796 exsi-

1033 2816 1049 2834 H
1062 2813 1164 2834 sant-Il.
1184 2817 1192 2834 Ι

1033 2816 1049 2835 ll
1062 2815 1164 2835 830C”.
1184 2817 1192 2834 Ι
