1931 3076
177 123 227 156 119

668 126 699 157 S.
718 126 931 158 NICEPHORI
949 129 1203 160 PATRIARCH/E
1222 130 1275 160 CP.

1754 135 1807 166 120

173 181 247 209 nulla
270 182 384 210 veritate
411 182 541 219 nitantur)
555 182 705 218 permittite
735 188 764 212 ut
786 184 902 219 quisque
923 193 956 212 ex

1010 186 1184 219 ζευξάτωσαν
1198 188 1228 213 οἱ«
1239 188 1268 213 ὲν
1284 187 1377 223 ἐξορίᾳ
1391 188 1479 224 mqu
1503 187 1662 222 πιεζόμενοι
1673 209 1680 219 ,
1699 188 1804 215 ἀνακα-

174 229 258 256 animi
285 229 325 256 sui
340 229 474 257 sententia
487 229 599 263 feratur,
616 237 726 265 suaeque
753 231 789 258 sit
815 230 962 259 voluntatis

174 274 290 302 arbiter.
318 275 431 302 Pateant
453 282 597 308 carceres;
625 275 795 310 postliminio
837 276 960 310 redeam,

131 322 135 335 ‘-
174 321 221 354 qui
235 320 310 354 gravi
331 325 506 348 macerantur
521 321 806 356 exsilio-,aperiantur
831 322 885 349 alta
914 323 961 349 de-

174 366 247 394 fossa
262 367 344 395 humo
354 371 444 395 vestro
460 367 505 394 illa
520 367 660 400 barathro,
673 375 705 395 ac
715 368 902 402 producantur
910 368 960 396 viri

174 414 247 441 fame
261 414 390 445 confecti,
408 413 529 449 tactique
554 414 616 441 sitis
641 413 770 445 ludibria,
788 414 837 441 viri
855 414 960 442 scilicet

174 467 289 494 quorum
303 467 354 486 nox
371 459 494 494 quotidie
512 459 677 487 illuminatio
693 459 718 486 in
735 459 841 487 deliciis
854 468 958 494 eorum,

172 510 201 532 ut
218 505 318 532 cecinit
343 506 438 532 beatus
452 504 558 532 Psaltes
583 504 624 532 “:
646 509 754 533 cessent
769 504 807 540 (α)
835 507 958 538 verbera,

134 577 139 582 ,
172 553 270 586 quibus
288 553 340 579 Deo
353 552 504 579 amatorum
519 552 659 580 hominum
694 559 807 587 corpora
819 552 957 587 vapulant.

170 599 261 633 Atque
289 598 358 625 adeo
380 598 443 625 dum
471 598 528 625 haec
553 598 631 630 ﬁant,
657 599 815 633 cunctisque
844 598 958 626 liberum

172 644 339 678 permittatis
352 642 523 678 suﬂragium,
540 651 626 678 neque
641 644 777 671 violenti:e
787 643 957 675 concedatis.

172 695 202 717 ut
214 698 276 717 snas
291 695 383 726 partes
405 695 479 725 agat,
494 696 558 717 tunc
584 690 672 725 palam
698 690 813 726 proditis
830 689 958 718 Ecclesia:

171 737 297 764 hostibus
317 736 468 771 ejectisque
483 757 490 768 ,
510 736 556 771 qui
570 736 672 764 nullum
697 736 739 763 vel
767 736 838 764 exile
868 743 958 763 sacer-

171 783 239 810 dotii
265 783 410 818 vestigium
426 783 555 815 atterunt,
573 791 605 810 ac
628 783 742 817 proinde
759 782 958 810 ecclesiasticis

171 829 402 864 disputationibus
420 829 553 857 interesse
564 837 618 857 non
635 835 761 864 possunt,
774 836 836 857 cum
850 829 957 856 caeteris

1012 231 1140 268 λυφθήτω
1158 234 1238 268 ὑμῶν
1253 234 1288 261 τὰ
1305 234 1420 268 ὑπόγεια
1444 234 1570 270 βάραθρα
1582 255 1588 267 ,
1605 236 1652 262 καὶ
1668 235 1804 270 ἀναδοθή-

1013 287 1102 306 τωσαν
1126 280 1149 306 ol
1175 279 1258 313 λιμοῦ
1285 281 1454 316 τραυματίαι
1478 281 1526 308 καὶ
1552 280 1634 316 δίψης
1660 282 1804 316 γενόμενοι

1012 325 1137 359 παίγνια,
1156 327 1204 353 καὶ
1217 327 1305 355 νύκτα
1322 327 1474 362 φωτισμὸν,
1487 327 1560 355 κατὰ
1574 327 1604 354 τὸ
1619 327 1761 363 ᾀδόμενον,
1774 328 1803 354 έν

1011 374 1044 408 τῇ
1067 375 1155 409 τρυφῇ
1179 374 1283 400 ἑαυτῶν
1306 373 1495 409 ἐντρυφῶντες
1515 374 1673 409 ὁσημέραι·
1697 374 1804 402 λαϐέτω

1011 418 1117 444 παῦλαν
1137 420 1153 454 ἡ
1183 415 1303 453 μάστιξ,
1321 419 1355 446 τὰ
1372 419 1428 457 τῷν
1455 419 1609 455 θεοφρόνων
1625 419 1804 451 ὲπιξαίνουσα

1012 462 1138 497 σώματα.
1163 463 1207 495 Ὠς
1228 465 1252 490 εί
1275 463 1363 491 ταῦτα
1377 465 1486 499 γένοιτο
1499 484 1506 495 .
1530 465 1578 491 καὶ
1599 464 1637 499 τῷ
1654 465 1736 492 παντὶ
1752 465 1804 501 τὴν

1010 508 1165 545 ἐλευθερίαν
1180 509 1355 545 έγγράψοιτε,
1373 511 1420 537 καὶ
1433 511 1466 546 τῇ
1485 510 1531 545 βία
1553 510 1591 545 μὴ
1605 510 1673 536 δῶτε
1688 510 1722 537 τὰ
1736 511 1802 537 έαυυ-

1009 556 1058 590 τῆς
1074 555 1308 591 διαπράττεσθαι,
1325 556 1386 583 τότε
1407 556 1463 583 τῶν
1479 557 1528 591 τῆς
1554 555 1721 590 Ἐκκλησίας
1735 564 1803 591 προ-

1008 602 1096 638 δήλων
1108 602 1224 638 ἐχθρῶν,
1247 603 1295 629 καὶ
1317 603 1371 629 τῶν
1389 602 1473 638 μηδὲν
1501 601 1654 637 ίερωσύνης
1671 602 1802 637 ἐπιφερο-

1009 649 1099 684 μένων
1110 649 1248 683 λείψανον,
1264 649 1310 676 uel.
1323 648 1368 675 διὰ
1379 649 1459 675 τοῦτο
1471 649 1516 675 ἐπὶ
1531 648 1688 683 ζητήμασιν
1701 647 1803 683 ἐκκλη-

1009 695 1158 726 σιαστικοῖς
1176 694 1354 730 ἐγκρίνεσθαι
1377 694 1414 730 μὴ
1437 694 1608 728 δυναμένων.
1626 694 1803 728 ἀπεληλαμέ-

1008 749 1071 772 νων,
1086 741 1142 772 τοῖς
1158 741 1263 773 λοιποῖς
1283 741 1326 776 (εί
1346 740 1393 767 καί
1406 749 1448 772 τις
1458 760 1465 771 ,
1482 741 1550 775 ὅπερ
1566 740 1679 767 ἀπέστω
1692 760 1699 770 .
1715 740 1804 766 λελεί-

1007 786 1106 820 ψεται)
1128 787 1170 818 εἰς
1196 786 1293 819 λόγους
1319 785 1408 812 ἐλθεῖν
1423 786 1499 820 ἡμᾶς
1524 786 1639 817 ἑαυτοὺς
1660 785 1801 820 πείσομεν.

1008 833 1045 859 οὺ
1061 832 1117 867 γὰρ
1134 832 1255 867 ἀνιέροις
1276 831 1357 866 θέμις
1383 831 1452 866 πρὸς
1474 831 1589 867 ἔρευναν
1615 830 1696 866 ἱερῶν
1719 839 1803 858 κατα-
1856 842 1865 847 -

171 877 214 911 (si
231 877 303 910 quis,
319 876 391 911 quod
406 876 491 909 absit,
503 876 624 911 reliquus
639 876 702 910 erit)
726 875 883 903 conferendi
899 882 956 902 ser-

1009 876 1145 911 λέγεσθαι.
1164 877 1326 904 Είπάτωσαν
1341 878 1394 912 γὰρ
1405 878 1430 904 οἱ
1445 877 1479 904 τὰ
1496 877 1702 904 Κωνσταντίνου
1718 877 1804 904 πάλαι

172 921 261 948 monis
276 928 359 948 causa
377 921 525 948 convenire
543 928 595 948 non
621 920 846 948 detrectabimus,
866 918 960 954 Neque

171 967 243 994 enim
257 967 297 994 ras
307 972 361 999 est,
374 972 403 993 ut
418 974 479 994 cum
490 967 611 1002 profanis
627 973 800 994 communem
820 966 852 992 ad
880 973 958 993 sacra

171 1013 346 1047 disquirenda
360 1018 522 1040 conventum
546 1013 682 1040 ineamus.
695 1012 793 1040 Dicant
811 1012 895 1045 enim,
912 1011 958 1046 qui

169 1059 234 1086 olim
248 1059 357 1087 silentio
371 1060 499 1086 damnata
515 1064 598 1093 atque
611 1066 756 1093 suppressa
782 1057 957 1085 Constantini

169 1106 277 1134 decreta
290 1109 443 1136 sectantur,
461 1105 522 1140 quis
533 1112 640 1133 sacram
659 1105 712 1131 illis
728 1104 886 1138 dignitatem
902 1103 956 1130 im-

169 1152 311 1186 posuerit?
333 1151 477 1179 ostendant
501 1150 578 1185 cnjus
605 1149 788 1177 ordinationis
812 1150 848 1181 vi,
873 1157 954 1184 quam

169 1200 278 1234 quidem
297 1203 446 1232 agnoscant
464 1198 537 1232 leges
557 1196 762 1227 ecclesiasticas,
777 1195 803 1222 in
830 1195 956 1222 sacerdo-

169 1250 225 1272 tum
238 1244 351 1280 gradum
365 1242 549 1270 ascenderint.
565 1241 631 1269 Cum
645 1242 737 1275 itaque
750 1239 956 1268 ecclesiasticus

168 1290 237 1317 ordo
254 1290 380 1324 indignos
391 1296 440 1316 eos
454 1295 515 1315 esse
535 1285 722 1322 testetur,quis
734 1293 781 1313 eos
795 1285 822 1312 in
841 1285 956 1312 ecclesia

168 1336 242 1370 loqui
258 1334 412 1362 sustineat?
426 1333 488 1360 llaec
504 1334 549 1365 iis,
566 1332 612 1367 qui
637 1332 781 1364 miserunt,
805 1331 930 1359 renuntia
948 1341 954 1359 :

169 1382 215 1417 qui
245 1382 267 1409 si
293 1381 395 1408 nostris
411 1380 584 1407 sermonibus
599 1378 712 1412 obsequi
743 1378 895 1410 videantur,
921 1385 955 1406 en

167 1434 276 1463 tempus
296 1435 327 1462 ac
345 1427 434 1454 locum
460 1425 638 1461 disputationi
662 1422 781 1459 congrua
808 1425 956 1459 pratstitui-

168 1482 229 1502 unus
245 1483 252 1502 :
266 1478 293 1501 et
310 1473 418 1508 quidem
434 1479 484 1507 par
500 1471 610 1499 edenda:
624 1470 805 1498 confessionis
824 1471 955 1498 habendi-

168 1529 222 1557 que
236 1520 361 1555 colloquii
388 1524 493 1554 tempus
517 1518 637 1549 erit,ubi
668 1517 722 1544 Deo
742 1517 810 1544 bene
838 1516 955 1552 propitio

1011 921 1178 956 σεσιγηκότα
1192 922 1240 948 καὶ
1251 921 1402 956 κατᾴδοντα
1415 921 1595 956 περιέποντες
1608 921 1744 955 δόγματα,
1759 921 1803 954 τίς

1008 967 1100 998 αὐτοῖς
1115 966 1195 1000 ἀξίαν
1216 966 1388 993 ἐπιτέθεικεν
1407 965 1503 1001 ίεράνς
1525 966 1558 992 ὲκ
1581 965 1655 997 τίνος
1674 967 1801 1001 ἱεροφαν-

1007 1013 1086 1047 τικῆς
1108 1011 1277 1048 χειροτονίας
1296 1008 1507 1047 γνωριζομένης
1531 1012 1588 1042 τοῖς
1604 1011 1802 1046 ἐκκλησιαστι-

1008 1060 1065 1091 κοῖς
1087 1059 1182 1094 νόμοις
1206 1058 1411 1093 κατατετάχθαι
1439 1058 1523 1093 φασὶν
1549 1059 1590 1090 εἰς
1616 1058 1722 1093 βαθμὸν
1746 1058 1802 1085 τῶν

1007 1106 1240 1141 ίερουργούντων;
1262 1105 1294 1131 Et
1310 1103 1356 1131 οὖν
1371 1105 1452 1138 τάξις
1470 1105 1562 1136 αὐτοῖς
1584 1105 1801 1141 ὲκκλησιαστικὴ

1006 1151 1036 1178 τὸ
1052 1150 1174 1183 ἀναξίοις
1190 1150 1261 1178 εἶναι
1280 1150 1468 1186 μαρτύρεται,
1492 1150 1536 1182 τίς
1563 1150 1666 1182 αὐτοὺς
1689 1151 1733 1177 ἐπ’
1755 1151 1806 1177 ἒκο

1007 1196 1122 1232 κλησίας
1151 1196 1242 1231 λέγειν
1271 1196 1419 1229 ἀνέξεται;
1450 1196 1543 1223 Ταῦτα
1577 1198 1633 1227 τοῖς
1665 1196 1801 1224 στείλασιν

1007 1242 1080 1277 ὑμᾶς
1097 1242 1295 1278 γνωρισθήτω,
1317 1243 1364 1269 καὶ
1384 1243 1408 1269 si
1428 1243 1485 1274 τοῖς
1506 1243 1652 1278 ἡμετέροις
1667 1251 1802 1270 καταπει-

1007 1288 1117 1319 σθέντες
1129 1288 1240 1322 ὀφθεῖεν
1257 1288 1359 1322 λόγοις.
1378 1288 1433 1314 ἰδοὺ
1450 1288 1548 1324 καιρὸν
1563 1289 1610 1315 καὶ
1631 1288 1715 1315 τόπον
1731 1289 1800 1320 τοῖς,

1007 1334 1076 1369 πρὸς
1092 1331 1132 1365 οἷς
1147 1333 1276 1369 εΰκαιρόν
1305 1335 1378 1365 ἐστι,
1404 1334 1580 1369 διαλεχθῆναι
1595 1334 1735 1369 ὁρίζομεν·
1753 1335 1801 1361 καὶ

1007 1378 1112 1413 καιρὸς,
1129 1378 1212 1414 ἡνίκα
1226 1378 1258 1405 ἂν
1269 1378 1328 1414 Θεῷ
1344 1379 1432 1412 φίλον,
1444 1379 1479 1405 τὰ
1494 1379 1545 1413 τῆς
1560 1379 1639 1406 νόσου
1657 1381 1722 1414 ἡμῖν
1738 1380 1802 1406 ἐπι-

1006 1423 1142 1459 λωφῆσαι,
1160 1425 1208 1451 καὶ
1220 1425 1419 1459 ὑπολειφθῆναι
1434 1427 1490 1457 τοῖς
1505 1425 1573 1458 ζῶσι
1589 1425 1626 1460 δῷ
1641 1425 1718 1459 Θεὸς,
1737 1435 1802 1454 συν-

1005 1470 1147 1504 ομολογεῖν
1174 1470 1222 1496 καὶ
1251 1469 1481 1504 συμφθέγγεσθαι
1498 1479 1504 1485 ·
1535 1469 1618 1501 τόπος
1643 1470 1671 1496 δὲ
1696 1470 1728 1496 τὸ
1754 1470 1802 1498 τοῦ

1007 1516 1078 1542 θείου
1090 1515 1170 1550 λόγου
1184 1515 1320 1550 διώνυμον
1332 1516 1457 1550 τέμενος,
1475 1516 1505 1542 ὲν
1521 1512 1543 1549 ᾧ
1559 1515 1626 1547 Θεὸς
1642 1516 1762 1551 κάθηται
1777 1517 1800 1549 δ,

168 1550 303 1601 tantisper
315 1550 431 1592 inorbus
444 1550 669 1598 'interquicverit.
682 1562 792 1596 vitaque
808 1550 881 1588 illius
890 1550 953 1588 tnu-

1009 1561 1042 1588 τὰ
1067 1562 1100 1596 τῇ
1127 1562 1260 1596 καθολικῇ
1289 1561 1379 1588 πίστει
1406 1561 1546 1596 ἀνήκοντα
1569 1550 1803 1597 διεσμιλευνμένως

168 1620 235 1641 nere
244 1616 383 1646 superstes
390 1610 471 1637 fuerit
482 1618 488 1636 :
501 1609 576 1636 locus
585 1615 650 1635 vero
661 1607 735 1634 verbi
748 1607 843 1639 divini,
852 1605 955 1634 famosa

1009 1607 1119 1633 διαιτῶν
1134 1608 1180 1634 καὶ
1194 1606 1303 1643 τρανῶν
1317 1607 1489 1634 δικαιότατα.

168 1669 201 1688 ac
220 1659 396 1688 celeberrima
417 1655 584 1689 basilica;in
608 1654 814 1690 quaprtesidens
836 1652 915 1688 Deus,
932 1661 992 1689 quas
1017 1660 1142 1689 spectant
1162 1655 1194 1682 ad
1216 1655 1294 1682 ﬁdem
1311 1655 1472 1683 catholicam
1502 1654 1630 1684 distincte
1647 1655 1804 1685 subtiliter-

168 1714 221 1743 que
235 1707 371 1737 decernet,
388 1709 414 1730 et
425 1711 504 1737 quam
518 1702 669 1737 jnslissime
689 1701 853 1736 explanabit.

204 1752 249 1779 (32.
280 1750 364 1778 Porro
392 1749 435 1776 ubi
455 1748 564 1775 nuntius
576 1747 657 1774 verba
673 1747 741 1779 hazc,
756 1747 825 1782 ejus,
844 1746 889 1780 qui
914 1747 955 1782 ip-

168 1805 229 1824 sum
247 1796 373 1828 miserat,
387 1795 499 1822 auribus
516 1793 648 1824 insonuit,
666 1797 693 1819 et
708 1793 731 1820 is
742 1797 838 1820 cuncta
850 1792 883 1820 ad
897 1792 956 1820 illos

169 1842 263 1870 retulit
278 1842 323 1876 qui
346 1840 493 1868 contrariae
516 1844 593 1866 erant
609 1837 754 1872 opinionis,
776 1842 866 1865 mulos
895 1844 956 1864 om-

168 1889 235 1915 nino
257 1891 284 1914 ct
303 1893 368 1914 voce
383 1886 528 1913 destitutos
552 1883 686 1915 reddidit;
705 1883 836 1917 gravique
866 1882 956 1910 cordis

169 1934 262 1961 dolore
273 1932 374 1964 aﬂccit,
392 1936 421 1959 ut
437 1931 481 1966 qui
500 1937 611 1964 prorsus
622 1929 797 1964 impossibilia
810 1928 875 1962 ipsis
890 1935 955 1964 pro-

167 1984 281 2016 poneret
302 1984 329 2006 et
348 1986 408 2013 quae
422 1981 553 2012 prmstarc
567 1976 685 2003 nullatus
700 1975 834 2003 valerent.
854 1974 955 2007 Quant-

167 2027 261 2054 obrem
288 2025 340 2060 ipsi
367 2029 461 2052 coacto
496 2023 569 2050 inter
594 2029 624 2048 se
653 2020 792 2052 concilio,
823 2020 954 2046 adversus

168 2072 297 2100 Ecclesiae
322 2070 507 2097 ﬁrmissimum
533 2075 639 2095 murum
670 2074 761 2094 coram
792 2066 956 2100 imperatore

167 2118 226 2145 haec
243 2117 325 2144 verba
355 2115 500 2150 despuunt.
518 2113 732 2147 Haudquaquam
768 2111 826 2138 ﬁeri
857 2114 956 2145 potest,

169 2164 233 2190 dum
246 2169 290 2190 res
307 2162 343 2189 ita
371 2161 549 2196 transigatur,
563 2163 592 2185 nt
608 2165 668 2193 qua:
682 2157 817 2192 maiestati
831 2161 883 2184 tum
898 2157 956 2184 visa

169 2213 246 2241 sunt,
262 2216 294 2243 ac
311 2207 438 2242 prasenli
456 2207 564 2233 decreta
582 2204 698 2240 synodo,
716 2210 877 2238 prosperum
896 2202 957 2230 exi-

169 2260 226 2281 tum
247 2253 396 2281 obtineant.
414 2250 443 2278 Si
473 2251 545 2278 enim
573 2250 720 2284 unicuique
749 2254 856 2283 tempus
879 2248 958 2275 detur

167 2306 218 2334 pro
231 2299 312 2326 animi
329 2297 462 2326 sententia
479 2304 508 2324 se
517 2296 636 2324 vertendi
653 2303 708 2330 quo
721 2295 795 2328 velit,
808 2300 835 2322 et
850 2295 894 2327 iis,
912 2295 958 2330 qui

169 2346 268 2373 exsilio
281 2344 401 2372 damnati
416 2348 491 2376 sunt,
505 2343 626 2377 obtingat
654 2343 808 2370 revertendi
832 2342 957 2373 facultas.

171 2397 200 2420 et
227 2391 345 2426 propria!
361 2390 522 2421 voluntatis,
538 2388 609 2416 nulla
630 2388 654 2414 vi
687 2389 832 2420 subeunte,
855 2389 959 2415 arbiter

168 2437 259 2470 quivis
271 2436 328 2467 liat,
342 2435 406 2462 nudi
424 2433 514 2462 forsan
531 2441 562 2461 ac
579 2433 627 2460 soli
655 2432 840 2467 relinquemur
858 2441 865 2460 :
882 2432 956 2459 futu-

168 2491 230 2511 rum
246 2486 289 2510 est
302 2482 374 2509 enim
391 2486 420 2508 ut
446 2487 542 2508 omnes
555 2479 629 2506 illum
649 2483 745 2513 sponte
758 2486 805 2506 sua
823 2485 957 2514 propenso

169 2533 329 2562 sequantur,
337 2532 365 2553 et
374 2533 418 2554 res
427 2529 526 2553 nostra:
537 2525 609 2552 omni
620 2524 755 2552 destituta:
768 2531 818 2559 ope
830 2523 955 2556 iaceant;

168 2573 231 2602 ideo
247 2573 317 2611 quod
336 2579 396 2599 cum
414 2571 573 2607 proceribus
599 2570 700 2598 nostris
724 2570 750 2597 in
765 2569 958 2605 disputationis

193 2649 215 2664 ¹¹
240 2650 310 2678 Psal.
326 2657 455 2682 cxxxvut,
477 2649 519 2675 ll.

215 2735 227 2753 κ
246 2733 294 2760 Ms.
311 2733 456 2760 καθιεῖται,

1047 1747 1095 1782 ξβ’.
1112 1746 1206 1774 Ταῦτα
1229 1748 1276 1775 τοῦ
1299 1747 1504 1783 ἁγγελιαφόρου
1521 1748 1578 1780 τοῖς
1593 1748 1645 1776 ὠσὶ
1669 1748 1717 1776 τοῦ
1733 1749 1803 1785 πέμ-

1009 1793 1111 1828 ψαντος
1136 1794 1343 1829 ἑνηχήσαντος,
1366 1794 1415 1821 καὶ
1437 1794 1521 1821 αὑτοῦ
1544 1795 1572 1821 δὲ
1595 1796 1652 1826 τοῖς
1672 1796 1806 1823 τάναντία

1009 1840 1197 1875 συμφρονοῦσι
1209 1839 1281 1866 κατὰ
1293 1839 1377 1875 μηδὲν
1391 1840 1611 1876 ἀποκρύψαντος,
1627 1841 1806 1876 πρὺςιπᾶσαν

1009 1886 1098 1914 αὐτῶν
1113 1886 1232 1921 ἀφασίαν
1244 1886 1293 1922 τὴν
1308 1886 1433 1921 γλῶτταν
1447 1887 1597 1922 διήγειρεν,
1611 1888 1659 1914 καὶ
1671 1888 1722 1923 τὴν
1735 1897 1806 1924 καρ·

1008 1933 1068 1960 δίαν
1082 1932 1253 1967 ἐπάλγωσεν,
1269 1932 1307 1964 ὡς
1325 1933 1390 1968 περὶ
1405 1933 1546 1960 ἀδυνάτων
1558 1933 1605 1960 καὶ
1619 1934 1657 1968 μὴ
1673 1933 1805 1970 τελεσθῆ-

1008 1986 1052 2004 ναι
1074 1978 1174 2005 ίκανῶς
1197 1978 1314 2013 ἐχόντων
1336 1978 1502 2014 ὑπάρχοντα.
1520 1979 1602 2006 Ὅθεν
1624 1979 1693 2014 πρὸς
1708 1979 1807 2015 βουλὴν

1009 2023 1124 2055 ἑαυτοὺς
1142 2023 1379 2059 συναθροίσαντες,
1395 2024 1510 2051 τοιαῦτα
1536 2024 1574 2060 τῷ
1601 2024 1716 2060 βασιλεῖ,
1736 2025 1808 2053 κατὰ

1009 2066 1056 2093 τοῦ
1078 2067 1127 2102 τῆς
1153 2067 1317 2103 Ἐκκλησίας
1340 2068 1473 2103 προδόλου
1497 2069 1633 2103 λέγοντες,
1664 2068 1806 2097 ἁπέπτυον

1011 2111 1134 2147 ῥήματα.
1160 2112 1216 2139 Οὐκ
1243 2113 1302 2140 ἐστι
1326 2114 1398 2141 κατὰ
1417 2113 1514 2141 τοῦτον
1533 2114 1580 2141 τὸν
1604 2114 1684 2149 λόγον
1707 2115 1741 2142 τὰ
1766 2115 1806 2151 τῷ

1011 2157 1108 2193 κράτει
1134 2167 1180 2185 σου
1205 2159 1358 2195 δεδογμένα
1383 2160 1431 2187 καλ⁸
1456 2162 1490 2196 τῇ
1519 2161 1676 2197 ὲνδημούσῃ
1703 2162 1806 2197 συνόδῳ

1011 2204 1161 2239 κεκριμένα
1188 2204 1276 2240 πέρας
1298 2205 1391 2232 λαϐεῖν
1413 2205 1584 2240 ἀμφιδέξιον·
1607 2208 1632 2234 εί
1652 2207 1708 2243 γὰρ
1727 2207 1806 2243 εὖροι

1011 2249 1108 2283 καιρὸν
1119 2250 1135 2284 ἡ
1148 2249 1265 2277 ἑκάστου
1279 2251 1362 2286 ῥοπὴ,
1376 2251 1437 2278 ὅποι
1450 2251 1602 2286 τρέπεσθαι
1617 2252 1748 2288 βούλοιτο,
1759 2253 1806 2280 καὶ

1008 2295 1033 2320 οἱ
1043 2296 1077 2330 τῇ
1090 2295 1184 2330 έξορίᾳ
1195 2296 1411 2332 κατακριθέντες
1424 2297 1593 2333 ἀνακομιδῆς
1601 2298 1804 2334 ἐπιτεύεαιντο,

1011 2340 1058 2366 καὶ
1075 2341 1129 2371 πᾶς
1143 2349 1186 2372 τις
1209 2342 1258 2377 τῆς
1272 2342 1377 2374 οἰκείας
1393 2342 1545 2378 αίρέσεως,
1564 2345 1805 2380 μηδεμιᾶς”ὑπού-

1010 2394 1060 2420 σης
1080 2386 1159 2421 βίας,
1180 2388 1286 2421 γένοιτο
1310 2389 1413 2424 κύριος·
1441 2389 1512 2424 τάχα
1533 2390 1633 2425 γυμνοὶ
1655 2391 1702 2417 καὶ
1726 2391 1804 2426 μόνοι

1010 2432 1264 2468 περιλειφθείημεν.
1291 2434 1407 2470 Ἐκείνῳ
1429 2435 1483 2470 γὰρ
1499 2436 1574 2462 πᾶσα
1601 2436 1804 2471 γνώμηπνέκου-

1012 2477 1160 2513 σιαζομένη
1176 2478 1213 2510 ὡς
1228 2479 1310 2514 τάχος
1335 2480 1480 2514 συνέψεται
1493 2499 1500 2511 ,
1527 2481 1573 2507 καὶ
1596 2481 1631 2508 τὰ
1645 2482 1706 2508 καθ’
1727 2482 1804 2517 ἡμᾶς

1011 2524 1103 2559 πάσης
1125 2524 1253 2562 βοηθείας
1277 2526 1356 2559 ἐκτὸς
1379 2528 1588 2563 περιστήσεται,
1611 2528 1659 2554 καὶ
1685 2528 1803 2563 μάλιστα

1010 2570 1060 2605 τὴν
1088 2571 1156 2606 πρὸς
1187 2573 1250 2605 τοὺς
1275 2574 1441 2609 προκρίτους
1469 2574 1640 2610 ἁναινομένῳ
1670 2572 1800 2607 διάλεξιν,

801 2691 916 2720 VARI/E
943 2692 1143 2722 LECTIONES.

927 2762 1042 2791 NOTAE.

211 2814 249 2849 (ιι)
266 2809 742 2852 li_t_‘_cruciari)“_ct.\'erbe‘ribttslin
758 2816 869 2852 carl-ore
887 2808 994 2837 inﬂictis
1008 2812 1097 2845 agitur
1114 2812 1140 2840 in
1159 2811 1217 2840 Vita
1235 2813 1264 2841 S.
1288 2813 1392 2843 Nicolai
1410 2813 1535 2849 Studitaa,
1564 2823 1625 2852 cap.
1645 2816 1672 2851 ι,
1689 2817 1733 2845 ubi
1752 2825 1800 2847 va-

167 2843 260 2878 ria'c'x
280 2848 339 2876 Vita
354 2848 383 2875 S.
404 2845 539 2874 Theodori
557 2843 672 2872 Studitm
685 2843 884 2872 adnotavimus.
