1931 3076
97 127 148 161 ιει

858 132 946 162 VITA

1677 136 1726 168 122

93 186 171 212 τοῦτο
189 185 244 221 γὰρ
266 185 297 212 οὐ
312 184 362 220 τὴν
383 184 520 220 τυχοῦσαν
535 185 693 221 ἀνατροπὴν
707 187 773 222 ἡμῖν
787 188 885 222 προξε-

944 194 1053 215 arenam
1063 188 1230 216 descendere
1245 193 1354 223 renuat,
1366 190 1438 224 quod
1452 197 1505 224 quo
1521 190 1625 218 facilius
1651 195 1725 226 gravi

92 235 210 269 vfjcetsv.
232 232 312 265 ’Δλις
326 229 374 259 οὖν
386 233 436 267 τῆς
453 231 642 268 προκλήσεως·
657 232 707 268 ἤδη
720 231 774 267 γὰρ
790 232 886 268 τρίτην

93 278 209 313 ταυτηνὶ
240 278 402 314 προτροπὴν
426 277 603 313 πεποιήμεθα
627 278 696 313 πρὸς
720 277 812 309 αὐτὴν.
839 278 887 304 καὶ

94 324 224 360 αὐθαδείᾳ
238 324 400 357 πειθόμενος
411 324 462 350 οὐκ
473 324 644 359 ἀπήντηκεν.
663 323 745 356 Ἀλλ’,
763 325 787 350 εί
802 323 886 356 δοκεῖ,

95 371 219 406 συνοδικῇ
242 370 375 405 αὐθεντίᾳ
393 369 580 405 χρησάμενοι.
603 369 636 396 τὰ
660 370 723 401 τοῖς
743 369 888 396 ἀπειθοῦσι

95 415 162 450 δῆλα
175 415 219 441 διὰ
235 415 402 449 γράμματος
419 414 494 448 αὐτῷ
507 415 743 448 καταστήσαιμεν,
764 414 888 448 ἀπαντῆ-

97 469 143 487 σαι
169 461 217 487 καὶ.
242 459 477 494 ἀπολελογῆσθαι,
495 459 567 494 ὑπὲρ
591 456 662 494 ὧνὴ
689 458 799 491 σύνοδος
826 459 887 486 κατ’

97 505 177 532 αὑτοῦ
194 506 370 540 ὲγκέκληται.
387 506 544 541 Γράφουσιν
557 505 604 532 οὖν
620 514 681 532 τινα
696 506 823 532 ταπεινὸν
842 506 890 532 καὶ

97 552 252 588 χωλεύοντα
266 553 350 587 τόμον
365 552 434 586 πρὸς
446 552 493 578 τὸν
510 552 560 586 τῆς
579 551 742 586 Ἑκκλησίας
756 552 889 587 ἀρχηγὸν,

97 598 153 628 τοίς
165 597 386 632 ἁχειροτονήτοις
402 597 573 632 παρεστάναι
587 596 746 629 κελεύοντα,
761 597 809 622 καὶ
825 597 891 631 περὶ

98 641 153 668 τῶν
168 641 376 676 βεΰουλημένων
391 641 483 672 αὐτοῖς
498 641 697 668 διευθύνεσθαι.
715 642 762 668 Ὃν
780 642 893 676 ἐπιφορ-

98 687 221 717 τίταντες
235 686 398 717 ἐπισκόποις
414 686 469 712 τισὶ
483 686 529 712 καὶ
547 685 691 721 κληρικοῖς
701 705 708 716 ,
724 686 891 720 χειροτονίας

98 733 164 766 ἄτερ
183 732 361 766 τυγχάνουσι,
375 731 444 766 πρὸς
457 731 502 757 τὸν
517 732 666 766 λαμπτῆρα
674 731 724 766 τῆς
735 731 892 767 όρθοδοξίας

99 777 290 811 ἐκπέμπουσι,
314 777 496 810 συξεύξαντες
528 777 622 808 αὐτοῖς
643 776 721 812 ὖχλον
745 776 891 812 ἀγυρτὼδη

99 824 146 849 καὶ
159 824 290 858 ἀγοραῖον
303 823 409 858 καὶτῆς
426 822 517 849 αὐτῶν
535 822 677 858 βδελυρίας
701 822 823 854 ἐπάξιον.
846 822 891 854 Ὠς

99 868 128 894 δὲ
149 869 202 902 πρὸ
217 869 312 894 πυλῶν
330 868 377 895 τοῦ
406 869 456 903 τῆς
476 868 685 908 ἀρχιερωσύνης
710 868 890 903 σκηνώματος

100 915 228 948 ἔστησαν,
238 914 375 949 ἀνηνέχθη
390 914 429 948 τῷ
445 915 557 950 μεγάλῳ
570 915 695 950 ἀρχιερεῖ
709 914 740 941 τὸ
753 915 804 950 τῆς
819 923 890 950 παρ-

99 959 192 991 ουσίας
220 959 312 986 αὐτῶν
336 960 543 995 φορτικώτατον
576 961 701 995 μήνυμα.
730 960 760 986 ’0
787 960 817 987 δὲ
843 961 891 987 καὶ

99 1005 167 1039 πρὸς
188 1005 274 1040 αὐτὴν
298 1005 348 1040 τὴν
372 1005 427 1032 τῶν
452 1005 632 1040 κακοφρόνων
657 1006 723 1033 θέαν
739 1006 892 1042 ἀχθόμενος

100 1050 221 1084 (τοιοῦτο
237 1051 293 1086 γὰρ
311 1050 340 1078 αἱ
363 1051 483 1087 καθαραὶ
510 1052 617 1086 φύσεις.
630 1053 699 1087 πρὸς
723 1053 779 1080 πᾶν
800 1053 891 1080 ὁτιοῦν

99 1095 247 1132 ἀλλοτρίως
263 1097 312 1131 τῆς
328 1096 457 1132 ἀληθείας
474 1097 535 1132 ἔχον
551 1097 753 1134 ἀηδιζόμεναι),
768 1099 819 1125 οὐκ
834 1096 891 1134 εἶχε

100 1141 213 1177 γνώμης
226 1142 319 1174 αὐτοῖς
336 1143 376 1174 είς
398 1143 508 1178 ὁμιλίαν
524 1143 622 1171 ὲλθετν,
644 1143 778 1180 Ἀκουσίῳ
792 1145 821 1172 δὲ
846 1145 892 1180 βίᾳ

100 1189 264 1222 νυσσόμενος
281 1188 334 1214 ὺπὺ
347 1188 393 1215 τοῦ
410 1189 630 1224 πεπιστευμένου
644 1189 694 1224 τὴν
710 1190 792 1217 αὐτοῦ
808 1199 892 1225 φρου-

103 1232 150 1266 ρὰν
168 1232 329 1268 πατρικίου,
339 1233 385 1269 ’μὴ
401 1233 576 1268 ἀποπέμπειν
594 1233 705 1265 τούτους
717 1235 757 1266 εἰς
771 1234 892 1261 τούπίσω

101 1278 261 1312 ἀπράκτους
274 1278 481 1312 καταινοῦντος,
496 1278 545 1314 ὀψὲ
563 1280 610 1306 καὶ
629 1279 709 1313 μόλις
733 1279 827 1311 αὐτοῖς
841 1280 892 1306 sat:-

101 1323 190 1359 αφῆκε
206 1323 256 1358 τὴν
272 1324 392 1351 εἴσοδον..

135 1457 186 1492 εγ.
205 1458 278 1485 Εῐσω
293 1457 321 1483 δὲ
336 1457 511 1491 γενομένους,
528 1457 590 1483 οὐδὲ
606 1457 637 1484 τδ
653 1457 703 1491 τῆς
729 1456 808 1484 νόσου
828 1456 892 1488 τοὺς

939 241 988 261 nos
1001 233 1100 261 damno
1114 234 1220 262 alliciat.
1231 233 1303 262 Satis
1325 242 1389 270 ergo
1401 236 1470 271 quod
1484 235 1624 269 hucusque
1646 238 1726 264 obse«

939 281 1078 308 oravimus
1101 281 1175 314 :jam
1197 281 1267 307 enim
1289 281 1369 308 tertio
1381 289 1441 308 eum
1453 281 1551 308 hortati
1561 290 1665 315 sumus,
1677 290 1727 310 nec

939 325 984 354 ille
997 326 1151 352 temeritati
1163 334 1218 352 sua:
1232 325 1388 358 obsecutus,
1403 331 1428 352 ut
1447 326 1500 352 sibi
1525 326 1636 353 suaderi
1653 329 1728 354 sinc-

940 375 991 403 ret,
1006 370 1148 397 induxitin
1177 370 1310 397 animum.
1329 369 1418 402 Quare
1434 369 1567 404 synodali,
1581 371 1602 396 si
1628 370 1727 403 placet,

940 416 1104 443 auctoritate
1120 416 1172 448 nsi,
1186 423 1246 449 quzc
1263 415 1449 449 pervicacibus
1461 415 1614 442 denuntiari
1628 414 1726 446 solent,

941 462 997 488 haec
1008 462 1032 489 ei
1045 462 1146 496 scripto
1160 467 1222 488 nota
1239 461 1371 488 faciamus
1382 469 1389 493 ;
1402 466 1431 487 ut
1444 466 1603 494 compareat
1618 468 1725 495 nempe.

941 511 968 534 et
983 508 1015 534 de
1030 508 1127 542 quibus
1142 507 1272 534 adversus
1288 514 1349 533 eum
1374 507 1493 540 synodus
1511 505 1647 539 querelam
1669 513 1727 532 um-

942 557 995 584 vet,
1012 551 1173 578 satisfaciat.
1185 551 1316 578 Scribunt
1335 558 1386 586 ego
1406 550 1485 577 vilem
1513 558 1544 577 ac
1567 550 1726 576 claudican-

943 602 995 625 tem
1015 602 1116 624 tomum
1142 597 1175 624 ad
1201 596 1330 623 Ecclesia:
1353 596 1606 630 prresulem.eoqne
1631 595 1730 629 jnbent

942 643 1037 670 ut~illis
1061 650 1091 670 se
1110 643 1202 676 sistat,
1215 643 1261 677 qui
1281 642 1424 670 Ordinibus
1439 641 1537 668 initiati
1562 648 1616 668 non
1634 646 1722 672 erant,

942 693 969 714 et
983 695 1089 720 eorum,
1117 695 1177 722 qua:
1205 688 1256 722 ipsi
1286 687 1441 718 voluerunt,
1455 686 1550 712 reddat
1580 685 1726 711 rationem.

943 733 1020 761 Hune
1049 733 1168 760 libellum
1193 733 1355 767 quibusdam
1377 731 1523 766 episcopis,
1555 730 1726 764 clericisquc.

942 780 988 814 qni
1005 787 1068 806 vere
1098 779 1171 806 nullo
1192 777 1310 805 clericali
1340 777 1508 809 charactere,
1524 781 1569 802 aut
1584 775 1730 810 episcopali

943 824 1026 852 infula
1057 824 1148 851 donati
1176 829 1279 856 essent,
1295 822 1508 854 committentes,
1533 820 1672 847 destinant
1695 820 1730 846 ad

942 876 1023 898 rectas
1039 870 1098 898 fidei
1125 870 1321 897 lucidissimam
1345 868 1518 899 l'acem,cnm
1546 865 1730 893 tumultuaria:

940 924 972 944 ac
989 914 1213 943 circumforaneae
1240 914 1427 941 multitudinis
1439 913 1530 944 turba,
1543 912 1730 946 quaeipsorum

941 962 1083 989 dementia:
1100 961 1235 995 particeps
1250 967 1280 987 se
1296 960 1335 987 eis
1361 959 1533 992 adiunxerat.
1562 957 1613 985 Ubi
1639 963 1729 984 autem

942 1015 990 1042 pro
1005 1006 1166 1042 episcopalis
1191 1005 1359 1033 tabernaculi
1390 1004 1495 1031 foribus
1527 1004 1683 1035 astiterunt,
1704 1005 1732 1028 et

942 1053 1076 1080 adventus
1103 1052 1217 1079 illorum.
1234 1050 1398 1078 durissimus
1416 1049 1527 1076 nuntius
1552 1047 1641 1083 magni
1658 1054 1728 1081 pon-

943 1097 1025 1124 tilicis
1035 1104 1116 1124 aures
1127 1096 1255 1131 pulsavit,
1278 1102 1339 1122 cum
1364 1094 1447 1121 etiam
1473 1094 1560 1128 ipsum
1586 1091 1654 1118 male
1667 1099 1732 1117 sen-

943 1143 1066 1170 tientium
1096 1146 1236 1176 aspectum
1271 1147 1343 1175 εει-ε
1373 1139 1460 1166 lerret
1488 1136 1632 1172 (ejusmodi
1657 1135 1728 1163 enim

943 1193 1005 1217 sunt
1017 1195 1092 1223 pura:
1110 1192 1228 1218 mentes.
1242 1191 1272 1213 ut
1289 1185 1419 1221 quidquid
1442 1184 1560 1211 alienum
1582 1190 1597 1209 a
1615 1181 1732 1209 veritate

942 1240 995 1267 est,
1011 1234 1037 1262 id
1062 1234 1140 1269 plane
1161 1233 1303 1260 molestum
1319 1232 1354 1259 sit
1372 1238 1404 1258 ac
1422 1229 1559 1263 insuave),
1575 1229 1732 1256 decreverat

943 1282 1034 1308 animo
1046 1287 1159 1316 prorsus
1177 1287 1223 1307 eos
1239 1287 1292 1306 non
1317 1277 1429 1311 alloqui.
1440 1276 1561 1311 Cogente
1572 1279 1661 1302 tamen
1681 1280 1732 1308 pa-

944 1326 1032 1358 tricio,
1050 1324 1223 1353 cuicustodia
1237 1321 1448 1361 eiusconunissa
1461 1325 1532 1352 erat,
1546 1327 1578 1346 ne
1591 1319 1631 1345 sic
1647 1317 1725 1344 missi

944 1379 972 1398 re
985 1371 1083 1398 infecta
1102 1374 1315 1400 reverterentur,
1331 1375 1394 1395 sero
1402 1371 1429 1394 et
1444 1366 1488 1393 vix
1502 1364 1610 1392 tandem
1624 1362 1732 1397 ingredi

943 1417 1003 1444 illos
1019 1416 1153 1452 permisit.

979 1463 1023 1490 63.
1040 1461 1175 1497 ingressis
1203 1465 1307 1491 autem,
1324 1466 1359 1486 ne
1378 1457 1465 1485 morbi
1482 1456 1592 1491 quidem
1605 1453 1732 1482 molestia

102 1504 235 1535 δειλαίους
250 1503 361 1538 mssa
372 1503 513 1536 δυσαλθὲς,
529 1503 596 1530 ἀλλά
608 1504 642 1539 τῇ
657 1502 799 1538 συντρόφῳ
814 1502 892 1530 ἀναι-

946 1508 1054 1536 miseris
1069 1506 1243 1536 liomuncnlis
1256 1505 1386 1541 pudorem
1416 1503 1524 1538 injecit;
1543 1502 1607 1536 qttin
1637 1500 1733 1528 inolita

101 1550 160 1584 δείᾳ
175 1550 357 1585 χρησάμενοι,
373 1549 406 1575 τὰ
421 1549 460 1584 τῷ
472 1549 567 1584 ἀτόμῳ
577 1548 675 1584 ἐκείνῳ
687 1548 764 1584 τόμῳ
777 1556 895 1583 κεχαρα-

104 1596 190 1632 γμένα
201 1596 343 1631 τραγικῶς
357 1596 445 1622 εἰπεῖν
459 1595 653 1630 ὑπεκρίναντο.
674 1595 753 1621 Κατὰ
768 1595 827 1626 σοῦ,
843 1603 896 1629 φη-

104 1644 154 1675 σὶν,
170 1642 311 1673 λιϐέλλους
327 1642 343 1676 ἡ
360 1641 469 1673 σύνοδος
487 1641 634 1676 δεξαμένη,
654 1640 723 1676 πρὸς
738 1640 818 1667 λύσιν
832 1640 895 1667 τούι

103 1695 172 1719 των,
201 1688 294 1721 πάσης
320 1687 399 1718 ἐκτὸς
431 1686 615 1721 ἀμφιλογίας,
645 1686 817 1721 παρέσεσθαι
847 1686 896 1713 καὶ

105 1733 296 1767 ἀπολογεῖσθαι
314 1732 420 1767 τρανῶς
437 1732 608 1761 ἐδικαίωσεν.
631 1731 718 1767 Πρινὴ
739 1731 786 1758 οὖν
807 1732 823 1766 ἡ
845 1731 896 1766 τῆς

105 1779 269 1813 ἀποφάσεως
294 1779 430 1814 αὑστηρία
450 1778 568 1805 διαϐᾶσα
587 1778 774 1813 καθαιρέσεως
799 1777 896 1812 ὲγκλήσ

106 1833 188 1860 μασιν
203 1825 380 1857 ὑποσάλοιτε,
402 1825 471 1860 πρὸς
487 1826 518 1852 τὸ
532 1826 566 1860 τῇ
584 1825 686 1860 συνόδῳ
701 1824 802 1859 καὶτῷ
816 1824 895 1859 βασι-

105 1869 144 1897 λεῖ
168 1871 265 1898 δοκοῦν
294 1870 455 1905 μετατίθεσο
477 1871 623 1906 φρόνημα,
650 1870 896 1906 συμφθεγξάμενος

104 1916 170 1950 ἡμῖν
179 1916 228 1943 καὶ
242 1916 478 1951 ὸμογνωμονήσας
493 1916 558 1952 περὶ
570 1917 620 1952 τῆς
631 1915 686 1942 τῶν
701 1916 815 1943 εἰκόνων
826 1916 895 1943 ἀπο-

104 1962 209 1997 τροπῆς
220 1971 251 1989 τε
263 1962 312 1988 καὶ
327 1963 521 1998 ἁπαρνήσεως·
534 1962 606 1989 οὕτω
624 1962 678 1997 γὰρ
693 1962 770 1989 ἔσται
781 1962 827 1989 τὸν
840 1962 895 1990 τῶν

105 2006 233 2034 meum
252 2007 523 2041 ἀποδιαπομπεῖσθαι
543 2006 656 2042 μῶμον·
677 2007 694 2042 ἢ
717 2008 747 2039 ἐς
768 2008 895 2034 πλεῖστον

104 2052 321 2087 ἀπαναινόμενον
338 2054 386 2079 καὶ
405 2053 651 2088 έτεροφρονοῦντα,
673 2053 723 2089 τῆς
742 2053 797 2080 τῶν
810 2054 894 2088 ἐγκα-

104 2099 222 2126 λούντων
237 2099 332 2135 ἔνοχον
345 2098 414 2127 εἶναι
429 2100 524 2135 σαφῶς
539 2100 722 2136 ἐπικλήσεως,
737 2101 772 2136 ἢν
785 2101 835 2128 οὐκ
849 2101 896 2128 ἀλ-

103 2143 154 2177 λως
169 2145 376 2181 ἀποτρίψασθαι
391 2145 514 2178 δυνατὸν,
530 2147 567 2181 μὴ
583 2146 645 2182 οὐχὶ
659 2146 731 2174 κατά
746 2147 895 2182 πρόσωπον

945 1553 1119 1588 improbitate
1150 1551 1203 1584 usi,
1237 1557 1297 1585 quae
1334 1548 1428 1576 infami
1445 1547 1490 1574 illo
1520 1551 1592 1574 tomo
1621 1549 1733 1572 exarata

945 1605 1034 1631 erant,
1050 1606 1112 1626 cum
1139 1597 1255 1632 quadam
1278 1593 1525 1623 commiscrationis
1539 1591 1631 1627 specie
1652 1589 1729 1623 loqui

945 1653 975 1673 se
995 1645 1140 1680 ﬁngerent.
1156 1641 1293 1676 Acceptis,
1308 1640 1393 1671 aiunt,
1410 1640 1540 1666 adversus
1565 1641 1591 1663 te
1619 1634 1731 1666 libellis,

945 1691 1077 1726 synodus,
1095 1694 1125 1717 ut
1137 1688 1242 1722 objecta
1255 1686 1400 1716 dissolvas.
1417 1684 1490 1711 omni
1506 1681 1733 1717 tergiversatione

945 1742 1048 1764 semota
1066 1736 1162 1763 adesse
1175 1739 1202 1760 te
1213 1738 1240 1761 et
1260 1733 1334 1760 clare
1357 1730 1522 1766 respondere
1541 1728 1629 1762 jubet.
1657 1726 1732 1760 Qua-

945 1787 1056 1818 propter
1070 1782 1229 1815 priusquam
1244 1775 1479 1806 condcmnationis
1496 1773 1629 1801 districtio
1649 1772 1733 1805 depo-

945 1817 1052 1857 sitionis
1063 1833 1089 1854 te
1103 1833 1190 1862 paena:
1200 1824 1338 1859 subjiciat,
1349 1827 1422 1850 tuam
1436 1829 1450 1849 e
1467 1819 1573 1856 synodi,
1584 1823 1666 1853 atque
1681 1817 1733 1844 im-

945 1873 1081 1908 peratoris
1098 1871 1233 1899 sententia
1259 1868 1424 1896 sententiam
1443 1871 1528 1898 muta,
1545 1867 1575 1891 ut
1593 1863 1662 1890 idem
1684 1868 1733 1889 no-

946 1920 1048 1947 biscum
1065 1917 1165 1945 sentias
1189 1920 1270 1950 atque
1282 1915 1399 1945 doceas;
1414 1911 1576 1940 evertendas
1604 1908 1731 1936 nimirum

946 1973 1007 1994 esse
1022 1964 1153 1999 imagines
1169 1967 1196 1990 et
1213 1961 1369 1993 simulacra,
1389 1964 1539 1992 earumque
1564 1962 1643 1982 usum
1666 1953 1734 1980 abo-

947 2011 1054 2039 lettdum
1072 2018 1079 2036 :
1094 2009 1134 2036 sic
1147 2014 1263 2042 namque
1276 2005 1428 2040 impositum
1440 2011 1488 2038 per
1507 2001 1611 2029 libellos
1629 2001 1733 2027 crimen

945 2057 1038 2086 licebit
1056 2055 1201 2090 depellere.
1231 2052 1279 2079 Sin
1308 2057 1396 2079 autem
1423 2048 1621 2077 contentiosius
1640 2045 1734 2073 renuis

946 2101 1081 2131 contraria
1094 2100 1216 2128 sentiens
1226 2120 1233 2131 ,
1252 2096 1438 2125 accusantium
1449 2092 1624 2129 appellationi
1641 2091 1731 2126 palam

946 2149 1002 2176 eris
1013 2146 1156 2178 obnoxius,
1171 2152 1252 2180 quam
1262 2143 1319 2170 lieri
1352 2141 1446 2176 nequit
1460 2144 1491 2167 ut
1505 2138 1654 2168 amoliaris,
1676 2135 1730 2163 nisi

105 2191 211 2228 στῆναι,
231 2192 278 2219 καὶ
294 2193 358 2228 περὶ
375 2188 397 2225 ᾧ
411 2194 436 2219 οἱ
454 2192 562 2228 ἔλεγχοι
582 2192 780 2220 διευθύνεσθαι.
802 2193 892 2220 Ταῦτα

947 2200 974 2223 te
987 2201 1079 2222 coram
1090 2193 1183 2224 sistas,
1200 2197 1233 2217 ac
1254 2190 1288 2217 de
1300 2187 1412 2222 objectis
1424 2184 1565 2220 iudiceris.
1587 2182 1650 2210 llree
1676 2181 1733 2216 lupi

104 2239 125 2264 οἱ
140 2239 202 2264 ἀντὶ
227 2238 367 2273 ποιμένων
388 2238 466 2265 λύκοι
481 2239 522 2273 τῷ
537 2238 713 2274 ἀρχιποίμενι
737 2239 771 2265 τὰ
793 2238 895 2273 παλίμ-

104 2291 180 2318 φημα
201 2283 476 2319 παραφθεγξάμενοι,
494 2284 542 2310 καὶ
561 2284 606 2310 ὑπ’
619 2284 714 2311 ὀδόντα
730 2292 788 2315 πως
805 2284 894 2319 διαψι-

104 2328 266 2370 θυρίσανιξες
291 2330 406 2363 παίγνια
434 2330 489 2366 (οὗ
516 2330 572 2365 γὰρ
600 2329 710 2357 ἔσθενον
735 2329 833 2364 ὲκείνῳ
856 2328 895 2364 τῷ

103 2373 291 2410 καθαρωτάτῳ
311 2374 352 2400 νοῒ
367 2375 436 2409 μετὰ
451 2374 609 2410 παρρησίας
623 2374 760 2401 ἀντωπεῖν
777 2373 793 2408 ἢ
808 2381 893 2408 προσ-

103 2418 305 2473 φθέγγεσραιὶ,
320 2421 383 2455 σιγῇ
408 2420 438 2447 τδ
459 2420 509 2454 τῆς
532 2419 669 2455 ἐντροπῆς
690 2419 894 2454 ὲγκαλύψαντες

101 2463 205 2502 αἶσχος,
225 2463 275 2504 τὴν
285 2465 457 2502 βεϐυσμένην
467 2466 586 2502 ἔστησαν
600 2466 690 2493 αὐτῶν
703 2466 800 2500 ἀκοὴν.
821 2466 893 2501 ῑμει-

104 2513 224 2547 ρόμενοι,
247 2507 296 2539 καὶ
319 2513 343 2539 εἰ
359 2512 502 2547 δυσμενεῖς
524 2513 696 2548 τυγχάνοιεν,
717 2511 893 2544 εἰσδέξασθαι

101 2557 130 2584 τὸ
142 2559 223 2595 παρὰ
235 2558 286 2593 τῆς
305 2558 412 2585 ἐκείνου
436 2558 560 2593 γλώττης
579 2557 695 2594 ήδυεπὲς
715 2558 892 2593 ἐπιφώνημα.

135 2606 181 2640 ξδ’.
205 2605 238 2632 '0
255 2605 300 2638 δὲ,
318 2605 408 2631 καίτοι
424 2606 457 2640 τῇ
472 2604 542 2640 νόσῳ
558 2605 736 2640 τρυχόμενος,
753 2604 822 2640 πρὸς
842 2605 893 2631 αὐ-
934 2633 943 2639 _

102 2653 161 2682 τοὺς
178 2650 359 2684 ὑποφθάσας,
375 2649 465 2682 ἔλεξεν
479 2646 540 2676 ὦδε·
557 2649 605 2681 Τίς
623 2646 699 2682 οὖτος
719 2650 733 2676 ό
753 2649 892 2680 λιόέλλους

104 2697 165 2731 ἡμῖν
184 2696 316 2724 ἐπισείων
333 2696 381 2723 καὶ
402 2695 452 2727 τὰς
466 2695 529 2722 καθ’
545 2695 625 2730 ήμῶν
641 2695 794 2729 ἐναγωγάς,
807 2695 893 2722 εἰσδε-

104 2744 236 2777 χόμενος
271 2742 357 2775 Ποίας
386 2742 589 2778 πατριαρχικῆς
617 2741 749 2777 καθέδρας
781 2740 891 2776 εὔχεται

105 2784 173 2815 εἶναι
194 2788 343 2824 πρόεδροςς
361 2787 444 2819 Ποίας
461 2787 644 2823 ποιμαντικῆς
661 2786 800 2822 φροντίδος
818 2778 892 2813 Erret.—

104 2831 241 2868 λημμένης
264 2835 421 2865 καιιονικαῖς
435 2834 540 2869 ὲνοχαῖς
556 2833 629 2869 ἡμᾶς
642 2833 827 2868 ὑποϐέϐληκεν
839 2841 845 2865 ;
857 2833 890 2860 ΕΙ

945 2245 1084 2277 pastorum
1099 2238 1203 2270 habitu,
1218 2241 1358 2271 pastorum
1377 2232 1491 2268 principi
1508 2229 1668 2258 inconcinne
1690 2227 1734 2254 lo-

945 2273 1013 2318 cuti,
1029 2289 1056 2313 et
1069 2285 1171 2312 ludicra
1184 2282 1310 2317 quaedam
1335 2279 1462 2307 dentibus
1477 2279 1651 2304 susurrantes
1667 2273 1733 2309 (non

945 2332 1017 2360 enim
1034 2333 1158 2366 poterant
1182 2328 1333 2364 purissima:
1357 2325 1394 2353 illi
1408 2324 1492 2352 menti
1511 2331 1543 2350 ex
1573 2322 1686 2348 adverso
1699 2319 1734 2346 li-

944 2376 1018 2404 beris
1035 2365 1130 2402 oculis
1157 2373 1253 2405 obniti,
1281 2375 1327 2399 aut
1342 2370 1367 2398 ei
1392 2369 1481 2405 palam
1514 2366 1598 2401 loqui)
1623 2365 1732 2392 silentio

945 2421 1108 2456 obtegebant
1121 2427 1177 2447 sua:
1199 2417 1368 2446 confusionis
1382 2415 1523 2449 probrum,
1539 2417 1566 2440 et
1592 2412 1733 2439 obturatas

944 2466 1120 2495 continebant
1148 2472 1228 2492 aures
1242 2472 1250 2496 ;
1265 2463 1318 2491 etsi
1342 2460 1443 2496 alioqui
1456 2458 1655 2500 infensissimos
1673 2456 1734 2483 illos

944 2512 1077 2540 mellilluat
1098 2511 1195 2545 lingua:
1223 2510 1293 2537 illius
1325 2514 1455 2543 responsa
1481 2503 1608 2532 audiendi
1634 2502 1732 2537 cupido

944 2558 1113 2586 incessisset.

979 2603 1023 2631 64.
1040 2603 1073 2629 At
1094 2605 1223 2632 sanctus,
1242 2605 1397 2634 quanquam
1425 2594 1594 2632 aegritudinis
1615 2594 1640 2621 vi
1653 2598 1732 2621 attri-

944 2654 997 2679 tus.
1016 2649 1122 2683 objecta
1147 2645 1290 2680 occupavit
1305 2649 1333 2672 et
1348 2644 1373 2672 in
1395 2644 1466 2671 hunc
1490 2642 1548 2670 fere
1562 2641 1671 2668 modum
1687 2646 1731 2666 ar-

943 2697 1000 2732 guit
1020 2704 1026 2722 :
1048 2694 1178 2727 Quisnam
1202 2699 1267 2719 vero
1283 2695 1324 2719 est
1340 2691 1385 2725 qni
1411 2689 1490 2717 nobis
1506 2687 1623 2715 libellos‘
1642 2686 1733 2712 inten-

943 2742 1010 2769 dens
1039 2740 1140 2768 actoris
1167 2738 1193 2765 in
1225 2746 1275 2765 nos
1306 2741 1398 2772 partes
1427 2733 1561 2768 suscipit?
1583 2731 1730 2765 Cujusnam

943 2784 1081 2816 Ecclesiae,
1094 2791 1154 2818 qua:
1168 2781 1341 2818 patriarcbali
1358 2779 1487 2815 dignitate
1500 2777 1610 2811 fulgeat,
1625 2782 1730 2810 pracsu-

943 2831 995 2859 lem
1025 2839 1055 2858 se
1092 2838 1152 2858 esse
1180 2828 1331 2865 gloriatur?
1359 2827 1416 2859 Qua
1447 2828 1571 2858 suscepta
1601 2820 1734 2858 Pastorali
