1931 3076
213 124 263 155 123

710 123 741 154 S.
761 120 972 151 NICEPIIORI
991 116 1247 148 PATRlAllCII/E
1267 116 1323 147 CP.

1801 113 1853 144 124

210 186 288 210 cura,
307 176 445 205 canonicis
459 183 510 203 nos
529 176 617 211 plenis
637 175 804 209 subjicit‘iSi
829 175 852 203 is
871 174 1000 209 appellet,

1061 172 1128 206 51:7];
1141 171 1330 207 πρεσϐυτέρας
1352 170 1461 205 Ῥώμης
1480 169 1671 204 πηδαλιουχῶν
1687 169 1769 201 ὁσίως
1787 170 1851 201 τοὺς

210 224 256 259 qui
271 223 388 250 senioris
405 223 498 249 Romae
511 221 695 258 gubernacula
720 226 816 249 sancte
835 220 1003 252 moderatur,

211 275 309 305 praesto
322 269 430 302 sum;si
453 269 654 296 Alexandrinus
671 269 787 296 antistes
811 268 893 294 Marci
920 274 1004 293 evan-

211 316 316 350 gelistae
337 322 477 342 successor
499 320 622 346 accuset,
656 315 720 349 quin
744 319 869 349 prompte
892 321 1002 348 sequar,

211 362 278 390 nihil
307 361 451 395 detrecto;
476 361 497 388 si
531 361 715 388 Antioclteuus
744 367 821 387 sacer
851 365 945 394 pastor
976 359 1003 385 iu

209 407 341 442 judicium
366 406 658 439 lrahit,vadimoniurn
679 414 731 432 non
752 405 899 437 desero;si
930 404 1006 431 deni-

211 461 274 486 qtte,
300 452 344 487 qui
367 451 618 486 Hierosolymorum
638 451 730 478 sedem
753 451 947 482 administrat,
971 451 1005 477 ad

207 497 253 530 jus
276 498 419 524 dicendum
441 497 538 524 adesse
562 498 694 532 praecipit,
712 505 802 524 cattszc
821 505 887 524 meae
911 497 1006 524 deesse

211 550 265 570 non
280 542 403 568 videbor.
419 541 466 569 Sin
475 547 566 569 autem
582 541 636 576 lupi
652 542 795 574 immanes,
814 550 930 577 quorum
944 543 1004 568 ani-

210 588 263 614 mis
290 588 466 615 conslitutum
497 588 534 614 sit
566 587 675 616 turbare
700 596 810 623 gregem
849 588 899 615 sub
925 588 1006 615 ovina

210 633 280 668 pelle
296 638 323 658 et
338 640 387 660 suo
411 633 542 660 insultare
563 634 678 667 pastori,
691 634 752 667 quis
770 634 797 660 in
827 637 1001 667 conspectum

210 678 291 704 etiam
306 678 411 705 illorum
424 678 516 705 venire
528 679 785 714 sustineat?quibus
802 679 882 706 etiam
898 679 1005 705 divinus

209 724 355 756 Apostolus
369 731 450 758 grave
470 724 561 758 judicii
583 725 688 759 pondus
710 725 871 760 portandum
896 724 1006 751 indixit.

210 767 342 794 Caeterum
355 768 447 802 ﬁngite
461 767 599 801 me,juxta
613 775 644 795 ea
658 776 717 801 quae
729 767 867 802 nugamini
882 767 1009 800 nulloque

210 820 290 839 sensu
300 813 479 845 deblateratis
490 814 515 841 in
529 814 699 848 imperatoris
718 819 888 848 vestramque
902 818 1010 840 senten-

212 858 276 885 tiam
296 859 418 886 manibus
433 859 597 894 pedibusque
613 859 759 886 concedere
772 866 846 893 :quaa
861 859 928 884 ratio
949 862 1008 890 est,

211 912 264 939 qua
283 904 448 939 obiectorum
477 905 553 932 nobis
571 904 720 932 libellorum
746 905 848 932 crimen
867 903 1006 937 depulsuri

211 951 401 985 sutnus?qttis
426 951 504 978 nobis
529 951 629 985 gradus
656 951 826 982 decernetur,
853 950 898 983 qui
914 953 1004 976 vestra

211 997 346 1023 sententia
372 996 410 1023 rei
428 1000 508 1030 atque
530 996 638 1023 obnoxii
656 996 831 1024 exsistitnus?
846 995 912 1028 Quis
922 994 1005 1027 enim,

213 1042 276 1075 quis
297 1041 341 1068 ille
367 1047 407 1068 est
427 1043 569 1077 potestatis
592 1048 682 1074 tantae,
706 1047 736 1069 ut
759 1042 829 1070 intra
845 1041 898 1070 diei
923 1041 1002 1069 unius

213 1087 356 1121 angustias
372 1087 525 1122 depositum
544 1096 575 1114 ac
600 1097 633 1115 ne
646 1088 672 1115 iu
687 1088 780 1115 inﬁmo
792 1088 902 1123 quidem
919 1088 1005 1122 gradu

211 1132 347 1160 valentetn
372 1133 534 1166 consistere,
556 1134 668 1161 extollat
691 1135 717 1162 in
736 1134 916 1168 supremum?
937 1133 1005 1161 Num

212 1179 294 1205 rudes
317 1179 386 1206 adeo
414 1187 463 1206 nos
487 1184 568 1214 atque
592 1180 736 1215 ltnperitos
762 1179 925 1207 existimatis
940 1199 948 1212 ,
977 1184 1008 1206 ut

211 1223 304 1251 dit-ina
321 1224 382 1258 jura
402 1233 454 1252 nou
466 1225 550 1252 simtts
565 1226 772 1253 scrutati?Eam
782 1233 848 1253 sane
860 1231 951 1252 «totam
961 1232 1008 1252 ne-

213 1270 254 1296 fas
272 1275 314 1296 est
338 1270 370 1296 iis
386 1270 534 1301 ascribere.
547 1271 592 1305 qui
616 1271 762 1298 sacerdotii
775 1271 869 1298 infulis
893 1271 1005 1307 fulgent.

215 1313 319 1348 Nempe
331 1315 363 1341 ad
375 1315 527 1350 spernenda
540 1317 602 1350 jura
615 1317 742 1350 proclivis
759 1324 866 1352 semper
881 1317 1007 1352 impietas

213 1364 267 1391 est,
282 1360 364 1395 inque
391 1369 472 1387 unam
493 1367 649 1396 comparata
680 1363 939 1397 transgressionem,
954 1371 1006 1397 qua

213 1405 265 1432 sibi
281 1406 464 1440 obsequentes
484 1407 510 1434 in
525 1407 623 1434 inferni
651 1407 777 1442 laqueum
795 1412 822 1435 et
846 1408 1006 1436 barathrum

211 1451 363 1486 pertrahat.
385 1452 521 1480 Discedite
532 1459 596 1487 ergo
613 1461 626 1479 a
642 1453 730 1485 nobis,
744 1453 862 1488 operarii
876 1453 1007 1487 iniquita-

212 1496 267 1527 tis;
284 1497 316 1523 ad
338 1497 479 1532 proprium
505 1497 592 1526 redite
602 1498 747 1531 vomitum,
766 1499 902 1527 latrocinii
923 1499 1005 1527 vestri

213 1549 312 1576 specus
335 1542 477 1577 lustraque
495 1545 620 1578 repetite.
644 1544 701 1572 Nec
724 1544 798 1572 enim
815 1545 935 1572 futurum
951 1549 1004 1577 est.

1055 218 1152 249 οἴακας
1169 217 1310 249 ἐπιχαλεῖ,
1328 216 1486 251 παρέσομαι
1501 223 1507 230 ·
1527 217 1551 242 ει
1567 216 1581 241 ὁ
1599 215 1649 250 τῆς
1674 215 1852 251 Ἀλεξάνδρου

1056 263 1201 300 ίεροκήρυξ
1217 263 1373 290 ἐπαιτιᾶται
1387 282 1394 293 ,
1411 262 1461 288 οὐκ
1477 261 1633 296 ἀπειθήσας
1653 261 1808 296 ἐφέψομαι·
1826 263 1852 288 ει

1055 311 1069 337 ὁ
1085 310 1135 344 τῆς
1158 309 1294 344 Ἀντιόχου
1311 308 1471 344 ἱεροποίμην
1489 308 1563 335 ἕλκει
1585 309 1653 343 πρὸς
1672 308 1766 344 κρίσιν
1777 329 1784 341 ,
1801 308 1851 334 οὐκ

1056 355 1295 391 ἀπολειφθήσομαι
1306 363 1312 370 ·
1331 356 1355 381 εἰ
1369 356 1382 382 ὁ
1397 355 1429 381 τὰ
1442 354 1618 390 Ἰεροσόλυμα
1633 353 1734 380 διέπων
1751 354 1791 385 εἰς
1807 354 1850 379 εὑ-

1057 403 1139 438 θύπιην
1157 404 1231 438 ἡμᾶς
1251 403 1422 436 καταστῆναι
1438 401 1652 437 προσκέκληται,
1669 401 1719 427 οὐκ
1738 401 1850 428 ἀπολεί-

1057 450 1154 485 ψομαι.
1169 450 1199 475 Εἰ
1216 449 1244 475 δέ
1266 457 1298 482 γε
1322 448 1399 474 λύκοι
1424 448 1517 483 βαρεῖς
1534 448 1584 482 τὴν
1597 446 1716 481 τῖοίμνην
1733 446 1853 482 ταράξαι

1058 495 1221 530 προθέμενοι
1237 495 1382 529 προϐάτων
1394 494 1476 529 δορὰν
1491 493 1696 528 ὑποκρίνονται,
1718 493 1766 519 καὶ
1781 494 1853 519 κατα

1057 541 1103 568 τοῦ
1131 541 1262 576 Ποιμένος
1283 540 1442 576 ὑϐρίζουσι,
1458 539 1500 571 τίς
1522 539 1615 570 αὐτοῖς
1636 539 1686 565 καὶ
1711 538 1792 573 μόνον
1813 539 1852 569 εἰς

1058 588 1121 614 θέαν
1142 587 1228 614 ἐλθεῖν
1249 585 1453 617 κατανεύσειεν,
1468 584 1508 617 οἷς
1527 585 1575 611 καὶ
1601 585 1616 611 ό
1632 585 1703 616 θεῖος
1723 584 1853 610 ’Δπόστο-

1057 633 1102 665 λος
1117 633 1203 659 τὸτοῦ
1219 633 1352 668 χρίματος
1368 632 1547 666 ἐπεφόρτισεν
1562 631 1644 666 ἄχθος
1656 631 1729 665 (20);
1743 630 1813 656 Ἀλλ’
1829 632 1852 657 εξ

1061 679 1120 710 καὶ,
1141 678 1211 705 κατὰ
1230 678 1275 705 τὸν
1291 677 1424 712 ὑμέτερον
1439 677 1590 712 φλήναφον,
1606 675 1645 710 τῷ
1653 676 1708 702 τῶν
1722 675 1853 710 κρατούν-

1062 733 1117 752 των
1137 725 1182 751 καὶ
1201 724 1278 759 ὑμῶν
1292 723 1509 758 προστεθείημεν
1524 722 1650 757 δόγματι,
1664 721 1709 748 τὸν
1721 721 1777 747 τῶν
1792 721 1853 748 καθ’

1059 771 1138 807 ἡμῶν
1153 771 1283 798 λιϐέλλων
1297 770 1392 805 μῶμον
1406 768 1631 804 ἀποτριψαίμεθα
1643 776 1649 784 ·
1667 769 1713 795 καὶ
1727 768 1793 794 ποία
1807 768 1854 794 τά·

1062 816 1101 848 ξις
1115 817 1179 851 ἡμῖν
1190 815 1442 850 ἀπονεμηθήσεται,
1455 814 1618 845 ὑπευθύνοις
1626 813 1713 845 οὖσιν,
1722 813 1760 844 ὣς
1772 822 1851 847 φατε,

1070 859 1117 886 καὶ
1147 860 1298 889 κανονιχοῖς
1320 859 1469 885 ἑαλωκόσιν
1495 858 1666 893 ἐγκλήμασι;
1694 857 1742 887 Τίς
1769 855 1817 884 οὖν
1840 859 1854 884 ὀ

1060 905 1215 941 αὐθημερὸν
1231 904 1372 940 καθαιρῶν
1389 904 1438 931 καὶ
1459 903 1568 937 ἀνάγων
1587 904 1629 935 εἰς
1647 903 1714 938 ὕψος
1729 903 1776 930 τὸν
1793 903 1854 930 οὐδὲ

1058 951 1133 978 κάτω
1147 951 1245 985 στῆναι
1256 950 1424 984 δυνάμενον;
1440 950 1476 976 Ἣ
1490 950 1632 985 ἀμυήτους
1646 950 1693 976 καὶ
1705 949 1855 984 ἀνεπιστή-

1060 1005 1144 1031 μονας
1156 996 1221 1031 περὶ
1234 997 1283 1031 τὴν
1295 995 1350 1022 τῶν
1362 996 1442 1023 θείων
1451 995 1566 1031 ἔρευναν
1580 995 1655 1030 ἡμᾶς
1668 995 1854 1030 Gratillae-rs;

1059 1042 1193 1078 Τόλμημα
1204 1041 1260 1077 (Si)
1269 1043 1297 1068 ἐν
1305 1043 1361 1073 τοῖς
1370 1042 1528 1078 ἱερωμένοις
1544 1039 1598 1068 οἷόν
1615 1041 1673 1068 ἐστι
1685 1042 1770 1076 κρῖμα
1782 1039 1857 1075 λογί-

1059 1088 1171 1121 ζεσθαι·
1217 1087 1286 1114 Ἀλλ’
1306 1088 1390 1119 ὅντως
1405 1087 1472 1120 πρὸς
1494 1087 1544 1123 τὴν
1562 1087 1664 1114 τούτων
1682 1086 1853 1122 παρόρασιν,

1058 1134 1105 1161 καὶ
1130 1133 1200 1170 πρὸς
1218 1133 1303 1168 μόνην
1320 1132 1477 1168 παράϐασιν
1491 1133 1602 1167 ἐτοιμον
1618 1133 1634 1167 ή
1655 1132 1778 1164 ἀσέϐεια,
1791 1132 1856 1164 τοὺς

1057 1179 1126 1214 αὐτῇ
1153 1178 1331 1213 πειθομένους
1355 1179 1394 1210 είς
1420 1178 1484 1214 ᾅδου
1508 1177 1683 1205 καθέλκουσα
1705 1177 1854 1212 πέταυρον.

1064 1225 1249 1260 Ἀποχωρεῖτε
1263 1222 1310 1251 οὖν
1327 1224 1375 1258 ἀφ’
1395 1224 1476 1260 ἡμῶν
1486 1244 1493 1256 ,
1517 1225 1632 1260 ἐργάται
1647 1224 1697 1259 τῆς
1717 1223 1833 1259 ἀνομίας
1846 1232 1854 1239 ·

1057 1271 1126 1307 πρὸς
1145 1271 1191 1298 τὸν
1216 1271 1282 1297 ῐδιον
1297 1270 1311 1296 ὑ
1316 1270 1375 1305 μῶν
1391 1269 1490 1304 ἐμετον
1505 1269 1715 1305 άποστράφητε,
1738 1269 1807 1304 πρὸς
1821 1269 1856 1296 τὰ

1057 1318 1108 1352 τῆς
1129 1316 1258 1352 λῃστείας
1273 1316 1349 1350 ὑμῶν
1363 1315 1556 1351 ἀναστράφητε
1585 1315 1717 1350 σπήλαια.
1739 1315 1776 1341 οὺ
1799 1315 1857 1350 γὰρ

1058 1362 1188 1398 αἱρήσετε
1209 1362 1274 1394 τοὺς
1294 1361 1342 1387 ἐπὶ
1362 1362 1395 1396 τῇ
1416 1360 1505 1397 πέτρᾳ
1521 1361 1573 1395 τῆς
1600 1360 1684 1396 ὀρθῆς
1706 1359 1858 1394 ὁμολογίας

1058 1407 1104 1434 τὸν
1122 1407 1184 1434 νοῦν
1208 1407 1421 1442 ἀπερείσαντας.
1435 1406 1466 1432 οὺ
1485 1406 1669 1433 καταϐαλεῖτε
1686 1406 1751 1438 τοὺς
1766 1407 1796 1432 ἐν
1815 1407 1858 1441 τῷ

1059 1452 1122 1488 ὕψει
1147 1452 1202 1479 τῶν
1226 1451 1376 1479 συναδικῶν
1399 1452 1470 1487 ὅρων
1494 1452 1608 1484 ἑαυτοὺς
1630 1452 1856 1488 ἐπιστήσαντας·

1060 1498 1117 1526 ἀλλ’
1137 1500 1166 1525 ἐν
1185 1499 1249 1534 ὑμῖν
1265 1498 1357 1529 αὐτοῖς
1375 1497 1587 1533 συντριϐήσεται
1602 1498 1638 1524 τὰ
1650 1498 1700 1533 τῆς
1721 1498 1859 1534 αἱρέσεως

1060 1544 1188 1579 κύματα,
1215 1543 1352 1579 μηδεμίαν
1379 1544 1413 1579 τῇ
1435 1543 1573 1579 καθολικῇ
1599 1543 1749 1580 Ἐκκλησία
1771 1543 1860 1571 κατά-

214 1593 244 1616 ιιι
253 1596 301 1616 eos
313 1589 485 1624 cxpngnetis,
501 1590 546 1624 qui
559 1590 585 1617 in
610 1595 691 1618 rectae
711 1589 890 1617 confessionis
921 1594 998 1624 petra

1068 1589 1163 1617 κλυσιν
1177 1588 1417 1624 προσπελάσαντα.

215 1633 333 1660 animum
350 1634 534 1667 firmaverunt,
563 1639 608 1661 aut
633 1639 663 1662 ut
683 1642 730 1662 eos
753 1636 941 1670 prosternatis,
966 1635 1012 1670 qui
1029 1636 1057 1663 in
1077 1635 1148 1663 celsa
1174 1635 1343 1671 synodalium
1357 1635 1542 1663 deﬁnitionum
1563 1634 1670 1670 specula
1685 1640 1740 1663 tuto
1755 1635 1860 1663 consti-

216 1683 324 1711 ternnt;
344 1680 389 1707 sed
407 1680 433 1707 in
459 1680 536 1708 vobis
554 1681 620 1716 ipsis
637 1685 772 1708 tumentes
786 1681 897 1709 hmresis
914 1681 1011 1709 ﬂuctus
1025 1680 1230 1716 confringentur
1246 1702 1254 1715 ,
1275 1681 1432 1717 nullumque
1463 1690 1495 1710 ex
1521 1687 1589 1709 tetra
1613 1681 1741 1709 illuvione
1763 1681 1861 1710 Eccle-

215 1727 263 1754 sia.-
273 1727 413 1755 catholicae
432 1727 578 1756 discrimen
597 1728 727 1756 inferent.

251 1772 296 1800 65.
311 1771 373 1799 Haec
387 1772 428 1799 vir
440 1773 535 1800 beatus
558 1773 591 1800 ad
614 1774 739 1802 homines
753 1775 825 1802 omni
845 1782 911 1803 sano
926 1773 1009 1802 desti-

217 1823 291 1846 tutos
303 1825 383 1845 sensu
403 1823 430 1845 et
441 1826 568 1853 proceres
580 1819 714 1846 dementia
729 1820 824 1855 plenos
836 1821 1006 1854 prolocutus,

218 1864 364 1898 sequentia
376 1871 484 1899 quoque
502 1864 626 1900 adjungit
650 1866 788 1899 prioribus
802 1875 809 1893 :
822 1866 954 1897 Tametsi,
968 1865 1010 1892 in-

217 1909 287 1944 quit,
301 1915 394 1937 nostra
417 1909 474 1937 hate
490 1911 571 1938 sedes
591 1916 700 1946 pastore
723 1912 830 1940 viduata
856 1912 897 1940 sic
925 1915 1009 1944 esset.

217 1959 248 1982 ut
280 1955 369 1983 nullus
391 1956 416 1983 ei
438 1963 532 1984 curam
563 1957 757 1992 impenderet,
791 1963 884 1985 tamen
910 1965 944 1985 ne
969 1958 1009 1985 sic

218 2000 327 2035 quidem
346 2001 393 2028 ulli
412 2001 508 2029 liceret
523 2001 622 2030 docere
638 2002 773 2030 fallaciam
788 2003 879 2037 specie
893 2003 1009 2038 quadam

217 2053 288 2073 vana
312 2047 474 2082 placentem,
495 2048 553 2076 sive
571 2054 734 2076 conventum
751 2054 846 2077 contra
867 2056 1005 2077 canonum

218 2093 377 2127 praescripta
394 2100 499 2131 cogere
526 2099 608 2128 atque
629 2101 663 2121 ex
681 2094 770 2122 aliena
801 2095 941 2129 provincia
957 2102 1013 2122 ve-

219 2137 341 2165 nientem
358 2139 425 2166 nihil
442 2140 474 2167 ad
497 2147 527 2166 se
548 2145 704 2173 spectantes
725 2141 856 2169 terminos
875 2141 945 2177 juris
971 2141 1013 2168 di-

219 2183 298 2210 cendi
314 2191 396 2210 causa
409 2185 548 2212 invadere.
559 2184 626 2212 Cum
650 2192 716 2213 vero
733 2187 852 2221 pastoris
865 2187 907 2214 sui
923 2186 1011 2215 adhuc

218 2230 365 2263 prmsentia
393 2229 542 2264 glorietur,
571 2238 621 2258 nec
651 2217 742 2264 desit,-
765 2232 812 2267 qui
842 2232 947 2260 utiliter
971 2217 1050 2259 illiD

218 2275 394 2309 legitimeque
417 2276 577 2310 praesideat;
594 2284 654 2311 qua:
674 2284 724 2305 vos
743 2278 813 2306 ratio
834 2285 849 2305 a
874 2279 1013 2306 canonica

219 2320 402 2348 districtionis
424 2322 572 2350 severitate
586 2323 700 2356 eximat,
714 2324 760 2359 qui
772 2331 856 2360 super
868 2333 965 2353 aurum
983 2329 1012 2353 et

220 2371 375 2401 argentum,
389 2374 524 2402 superque
547 2368 653 2403 lapides
671 2370 806 2404 pretiosos
819 2391 827 2403 ,
851 2378 935 2405 super
947 2371 1010 2398 futt-

221 2411 391 2443 damentum,
411 2411 534 2445 inquam,
555 2413 741 2448 apostolorum
762 2415 928 2451 Patrumque
954 2417 1010 2444 elo-

225 2456 297 2490 quiis
328 2457 403 2485 varie
419 2463 593 2490 exornatum,
618 2459 731 2494 lignum,
755 2459 857 2494 fenum,
884 2462 1011 2497 stipulam

222 2509 357 2536 perversae
375 2502 437 2531 ﬁdei
452 2510 676 2538 superexstruere
691 2507 802 2535 tentatis
823 2516 830 2535 :
846 2512 876 2536 tit
895 2508 937 2536 vel
952 2509 1012 2536 ideo

222 2547 309 2574 solum
327 2556 375 2582 par
385 2549 507 2577 videatur
515 2549 591 2584 juxta
601 2559 694 2579 sacros
703 2559 823 2581 canones
832 2554 924 2581 violati
938 2555 1011 2588 ipso-

224 2599 282 2618 rum
297 2592 366 2626 juris
392 2601 453 2621 reos
472 2602 519 2622 vos
541 2596 633 2630 peragi
659 2597 705 2632 qui
720 2602 814 2625 contra
835 2599 903 2626 adeo
924 2599 1012 2627 claras

224 2645 256 2665 ac
275 2637 433 2666 manifestas
450 2640 576 2674 pugnatis
597 2645 625 2668 et
648 2641 775 2668 insanitis
799 2641 880 2676 leges,
893 2649 1013 2678 congrua

247 2705 318 2747 .(30)
336 2707 490 2748 ﬁespicitur
510 2708 542 2735 ad
568 2709 631 2737 illud
647 2709 670 2737 ll
685 2709 759 2738 Petr.
774 2715 804 2744 tt,
817 2710 852 2738 ὃς
868 2711 960 2745 quibus
975 2720 1020 2743 ιιι-

225 2741 323 2769 ditium
342 2741 398 2771 iani
410 2742 472 2769 olim
489 2751 539 2770 non
554 2750 647 2771 cessat.

263 2750 323 2768 :tum
353 2751 395 2769 am
410 2750 472 2769 cum
489 2751 539 2770 non
554 2750 647 2771 cessat.

263 2776 319 2818 (2.17)
336 2750 384 2804 gis.
400 2777 431 2818 τί)
447 2777 508 2818 μήθ.
519 2779 589 2812 quod
602 2779 693 2818 nescio
706 2786 785 2818 quem
798 2787 907 2818 sensum
923 2781 1013 2818 facere

229 2813 314 2847 possit
327 2821 333 2840 :
347 2813 459 2847 supplco
476 2813 556 2848 igitur
572 2815 644 2848 quod
659 2815 796 2842 excidisse
810 2815 919 2843 librario
935 2817 1009 2844 vide-

1097 1773 1143 1807 Es’.
1160 1773 1252 1800 Ταῦτα
1267 1773 1336 1809 πρὸς
1346 1774 1409 1805 τοὺς
1425 1774 1521 1805 κενοὺς
1536 1774 1585 1809 μὲν
1599 1774 1706 1810 φρενῶν
1718 1795 1725 1808 ,
1741 1774 1861 1810 πλήρεις

1061 1820 1090 1846 δὲ
1109 1819 1268 1856 ἀφροσύνης
1294 1819 1463 1855 δυναμένους
1477 1840 1484 1852 ,
1501 1819 1646 1852 διεξελθὼν
1666 1820 1680 1846 ὁ
1706 1821 1859 1855 μακάριος,

1062 1867 1218 1903 προσετίθει
1234 1867 1282 1893 καὶ
1296 1866 1378 1894 αὐτά·
1392 1867 1423 1893 El
1437 1867 1487 1901 μὲν
1502 1867 1607 1902 ἐρημίᾳ
1625 1866 1756 1902 ποιμένος
1771 1867 1861 1901 ἀπρο-

1063 1913 1234 1948 μνήστευτος
1248 1913 1262 1938 ό
1286 1911 1380 1948 θρόνος
1401 1911 1501 1938 οὑτωσὶ
1524 1911 1741 1943 καταλέλειπτο,
1769 1912 1863 1939 οὐδενὶ

1062 1958 1117 1985 τῶν
1138 1958 1248 1986 πάντων
1266 1958 1330 1993 ἐξῆν
1355 1958 1536 1993 εὐπρόσωπον
1555 1958 1678 1993 σόφισμα
1705 1959 1862 1992 παραδιδά-

1065 2012 1159 2037 σκειν,
1179 2004 1196 2039 ἢ
1215 2004 1435 2039 παρασυνάγειν,
1459 2005 1507 2030 καὶ
1527 2005 1558 2036 ἐξ
1583 2004 1734 2040 ἀλλοδαπῆς
1757 2006 1805 2032 ἐπὶ
1827 2006 1864 2033 τὰ

1064 2043 1108 2084 μὴ’
1122 2049 1298 2084 προσήκοντα
1320 2048 1395 2084 αὐτῷ
1419 2048 1602 2084 μετέρχεσθαι
1621 2050 1684 2085 ὅρια
1697 2059 1704 2065 ·
1721 2050 1815 2085 ἐπειδὴ
1833 2051 1864 2078 δὲ

1062 2096 1111 2123 καὶ
1124 2095 1265 2132 παρουσίᾳ
1274 2095 1405 2131 ποιμένος
1419 2095 1600 2131 μεγαλαυχεῖ,
1613 2097 1660 2123 καὶ
1676 2096 1724 2123 τοῦ
1738 2105 1864 2132 προστα-

1062 2142 1174 2174 τοῦντος
1184 2142 1281 2173 αἰσίως
1293 2142 1323 2168 οὺ
1337 2141 1530 2178 διαμαρτάνει,
1547 2142 1591 2174 τίς
1606 2142 1678 2177 ὑμᾶς
1693 2142 1743 2177 τῆς
1758 2144 1790 2170 ἐκ
1806 2143 1865 2170 τῶν

1063 2188 1186 2216 κανόνων
1200 2187 1342 2223 ἐπιτιμίας
1356 2187 1533 2223 ἐξαιρήσεται
1546 2187 1626 2222 λόγος
1636 2208 1644 2220 ,
1656 2188 1702 2215 ἐπὶ
1718 2197 1864 2224 κεχρυσω-

1064 2233 1138 2270 μένῳ
1151 2234 1200 2260 xui.
1224 2233 1417 2268 ὴργυρωμένῳ
1431 2233 1478 2260 καὶ
1506 2233 1609 2267 τιμίοις
1624 2232 1724 2265 λίθοις,
1742 2234 1864 2260 ἀποστο-

1061 2280 1148 2312 λικοῖς
1164 2280 1213 2307 καὶ
1229 2279 1388 2315 Πατρικοϊς,
1405 2279 1488 2313 φημὶ,
1501 2278 1614 2312 λογίοις,
1635 2279 1753 2314 θεμελίῳ
1762 2288 1865 2306 πεποι-

1061 2325 1320 2362 κιλμένῳιξυλώδη
1343 2326 1390 2352 καὶ
1407 2324 1533 2360 χορτώδη
1549 2326 1595 2352 καὶ
1610 2326 1767 2361 καλαμίνην
1784 2326 1877 2353 ἐπα-⁷

1060 2373 1186 2408 κοδομεῖν
1213 2363 1396 2400 καδὶοπιστίαν
1418 2371 1573 2404 ἐθέλονταςς
1589 2371 1671 2398 Ὥστε
1691 2372 1797 2398 δίκαιον
1828 2373 1865 2400 ἂν

1059 2419 1102 2454 εῐη
1115 2419 1161 2445 καί
1176 2418 1261 2453 αὐτῆς
1273 2418 1328 2453 τῆς·
1335 2417 1390 2444 τῶν
1406 2418 1487 2453 ἱερῶν
1501 2418 1623 2444 κανόνων
1634 2417 1780 2453 ἀκριϐείας
1795 2419 1868 2445 ὑπο-

1065 2463 1158 2495 δίκους
1175 2463 1247 2499 ὑμᾶς
1268 2463 1427 2497 ἀποφῆναι,
1446 2462 1518 2489 οὕτω
1538 2463 1607 2497 πρὸς
1625 2463 1659 2489 τὰ
1682 2463 1788 2498 ἐναργῆ
1816 2465 1869 2491 καὶ

1064 2507 1134 2541 δῆλα
1160 2508 1327 2543 μαχομένοις
1353 2508 1403 2534 καὶ
1434 2508 1644 2543 ἀνοηταίνουσι,
1676 2508 1724 2535 καὶ
1749 2507 1869 2544 δεσμοῖς

1065 2554 1159 2585 ἀϊδίοις
1170 2553 1318 2580 ὑποϐαλεῖν
1330 2552 1526 2588 εὐκαιρότατα.
1550 2553 1603 2579 Τὸν
1620 2551 1667 2580 οὖν
1681 2553 1784 2581 κανόνα
1798 2555 1869 2581 τοὺ-

1065 2607 1122 2632 τοις
1134 2599 1318 2634 ὑπαναγνοὺς,
1331 2599 1379 2626 καὶ
1394 2599 1584 2634 καθαιρέσεως
1603 2600 1767 2636 κατακρίσει
1783 2609 1870 2637 περι-

1063 2645 1220 2681 δεσμήσας,
1238 2644 1290 2678 ἔξω
1306 2645 1353 2672 τοῦ
1370 2645 1444 2672 θείου
1466 2646 1611 2682 περιϐόλου
1629 2646 1759 2681 γενέσθαι
1771 2655 1866 2682 προσ-

1070 2718 1125 2747 tur.
1147 2720 1175 2742 et
1198 2715 1325 2750 τόλμημα
1350 2714 1386 2750 ὲν
1407 2714 1499 2749 legens
1525 2716 1597 2743 hunc
1618 2723 1728 2743 sensum
1756 2716 1869 2746 reddo:

1073 2760 1081 2774 ι
1104 2751 1196 2785 Audax
1223 2749 1354 2778 adversus
1380 2749 1433 2778 Deo
1455 2756 1577 2779 sacratos
1599 2749 1722 2783 facinus,
1744 2751 1871 2785 qualiter

1070 2789 1156 2820 potest
1170 2784 1301 2820 judicium
1316 2785 1386 2813 dici?
1401 2795 1410 2811 ›
