1931 3076
89 125 100 138 θ

88 143 100 158 ι

105 127 139 158 35
851 130 950 160 VITA.

1670 125 1721 158 126

85 185 208 210 ἔταττεν.
233 184 266 210 Οί
278 183 306 210 δὲ
321 183 359 215 ὡς
377 183 430 210 ὑπὸ
447 184 578 219 μάστιγος
592 185 768 220 ἐλαυνόμενοι
779 207 786 219 ,
802 186 877 222 λύπῃ

932 186 1040 214 omnino
1059 185 1170 213 aeternis
1191 183 1308 212 vinculis
1328 182 1499 219 subiiciendi.
1513 181 1644 209 Prazlecto
1668 183 1717 215 igi-

85 229 131 255 καὶ
151 229 236 264 μανία
257 229 399 265 γενόμενοι
425 230 550 265 κάτοχοι,
582 231 631 257 σὺν
655 231 712 263 τοῖς
732 231 876 267 ἑπομένοις

85 275 178 304 αὐτοῖς
195 275 367 310 κωμολόγοις
384 275 431 302 καὶ
448 276 592 311 ἁγύρταις,
612 277 692 304 αὐτόν
708 286 737 303 τε
753 277 799 304 καὶ
822 277 877 303 Τοι-

86 319 191 354 ράσιον,
206 321 271 352 τοὺς
287 321 336 355 τῆς
359 321 523 356 Ἐκκλησία(
542 322 733 355 ἑδραιοτάτους
750 323 875 356 στύλους,

84 365 139 396 τοῖς
148 365 320 400 ἀναθέμαςιν
329 365 443 392 ἔϐαλλον
456 374 463 381 ’
473 367 544 393 οὕτω
554 376 584 393 τε
595 368 688 394 λοιπὸν
695 368 738 394 διὰ
749 368 798 402 τῆς
811 368 877 394 λεω-

85 411 169 446 ςόρου
187 412 442 446 ἑνασχημονοῦντες
455 413 479 439 οἱ
498 413 682 448 μιαρώτατοι,
699 415 745 440 καὶ
762 414 830 449 πρὸς
842 415 877 441 τὰ

86 455 210 490 βασίλεια
227 456 277 482 σὺν
295 458 353 488 τοῖς
373 457 444 484 κατὰ
462 457 518 484 τῶν
543 459 628 492 ἁγίων
645 459 810 494 σκώμμασιν
826 459 876 494 ἤδη

86 501 247 535 φερόμενοι,
266 502 396 536 ἠπείλουν
412 502 527 530 ἐνώπιον
544 497 591 530 τάς
616 512 646 530 τε
672 503 806 539 βασιλέως
829 503 877 530 καὶ

85 547 130 573 τοῦ
153 549 203 582 τῆς
228 548 364 583 αἱρέσεως
381 549 519 584 φορυτοῦ,
540 550 592 576 ὅσα
617 550 738 585 ηκουσαν
755 550 803 576 καὶ
826 550 877 576 ὅσα

85 593 225 627 ἐποίησαν.

931 238 974 260 tur
988 233 1022 260 iis
1037 239 1152 264 canone,
1162 238 1194 258 ac
1208 230 1384 265 depositionis
1395 229 1564 264 promulgata
1573 229 1719 260 sententia,

927 276 1005 311 jubet
1032 283 1079 303 eos
1105 280 1183 310 septo
1205 274 1299 302 divino
1324 275 1468 301 excedere.
1484 273 1525 300 Illi
1551 280 1633 308 porro
1660 278 1721 299 tan-

930 330 1011 357 qttam
1042 322 1126 357 ﬂagro
1157 321 1257 352 abacti,
1289 325 1404 355 atroque
1426 327 1543 347 mmrore
1571 327 1602 345 ac
1630 318 1722 345 furore

930 367 1049 402 perciti,
1079 366 1206 400 adjuncta
1241 366 1293 393 sibi
1321 366 1499 401 petulantium
1522 365 1661 391 hominum
1695 367 1724 390 ct

930 412 1209 440 circumforaneorum
1236 416 1359 442 caterva,
1381 411 1468 444 ipsum
1493 410 1597 444 pariter
1626 417 1658 435 ac
1672 407 1723 434 Ta-

931 458 1034 486 rasium
1063 458 1112 492 (b),
1145 457 1314 484 ﬁrmissimas
1341 455 1468 483 Ecclesiae
1489 455 1639 485 columnas,
1654 460 1720 479 ana-

932 504 1052 531 themate
1072 502 1173 529 feriunt
1191 512 1197 529 :
1223 507 1306 536 atque
1329 502 1366 529 ita
1389 500 1566 536 impurissimi
1585 499 1720 529 homines,

931 549 1038 584 publice
1061 549 1256 583 turpitudinem
1277 547 1412 582 jactantes
1424 554 1513 578 suam,
1530 545 1619 572 redire
1643 543 1721 570 festi-

931 600 998 621 ttant
1012 595 1245 628 adimperatorem
1258 602 1318 621 cum
1334 593 1367 620 iis
1378 593 1521 624 conviciis,
1540 591 1637 626 quibus
1657 597 1721 616 san-

85 643 144 664 ctos
171 638 383 672 compleverant,
399 643 426 665 et
453 647 544 667 coram
566 640 624 675 ipso
643 640 768 676 vulgique
793 639 915 668 haretici
934 639 1039 674 impura
1068 639 1145 666 turba
1167 640 1256 666 mittas
1286 639 1422 673 crepando
1437 657 1444 670 ,
1477 638 1598 665 referunt
1631 636 1722 662 omnia

85 692 144 720 quae
160 685 320 713 audiverant
344 686 530 721 fecerantque.

811 764 926 793 CAPUT
947 763 993 791 XI.

252 820 407 849 Periculum
423 825 492 851 necis
507 829 599 852 sancto
616 825 766 861 Nic-ephoro
784 823 940 860 inferendae.
960 820 1063 848 Ultima
1077 821 1104 847 in
1126 820 1221 855 templo
1235 819 1384 848 valedictio.
1402 820 1541 849 Exsilium.

118 888 173 922 ξς¹.
195 889 239 922 Ὧς
249 889 296 918 οὗν
312 893 362 927 τῆς
378 894 483 921 ἑαυτῶν
503 895 654 930 καταδίκης
667 896 700 922 ὲκ
723 896 774 931 τῆς
819 904 872 924 κα-

963 891 1008 919 66.
1032 891 1070 918 Ex
1087 891 1219 918 canonica
1242 891 1322 926 igitur
1344 890 1515 918 districtione
1528 898 1588 918 sese
1607 890 1721 917 damna-

85 936 192 969 νσνικῆς
217 937 362 972 ἀκριϐείας
383 939 545 975 ἐπῄσθοντο,
562 941 610 967 καὶ
627 941 658 967 τὸ
673 941 813 976 ἀπότομον
827 942 876 977 τῆς

87 981 161 1016 ἱερεῖς
180 982 291 1017 ἐκείνης
307 983 397 1019 ψυχῆς
412 986 466 1011 ἀπὸ
481 986 537 1013 τῶν
556 987 665 1014 οἰκείων
682 986 877 1022 ψευδαγγέλων

87 1026 252 1060 ἀνέγνωσαν,
273 1028 384 1063 ὑφῆχαν
398 1030 446 1057 τοῦ
468 1030 599 1066 θράσους,
613 1032 661 1058 καὶ
678 1032 727 1066 τῆς
743 1031 813 1066 πρὸς
828 1031 877 1058 αὖ·

86 1072 130 1098 τὸν
151 1073 261 1108 ὁμιλίας
289 1075 452 1108 ἐθελουσίως
470 1078 645 1105 ἀπείπαντοσ
669 1079 711 1113 ἐφ’
733 1078 830 1114 ἑτέραν
848 1077 877 1104 δὲ

85 1117 191 1143 ἀνοδίαν
217 1119 404 1154 τραπόμενοι,
434 1121 479 1157 βίᾳ
508 1122 635 1149 καθελεῖν
658 1121 806 1156 ὲθρὺλλουν
830 1121 876 1148 τὸν

88 1160 176 1194 ἆγιον,
187 1161 203 1196 ἢ
218 1161 343 1199 λαθραίῳ
372 1163 559 1200 ὑπεξαγαγεῖν
571 1166 679 1202 θανάτῳ
692 1166 809 1202 μελέτην
820 1166 876 1192 ἐτί-

87 1206 170 1233 θεντο.
188 1208 245 1234 Καὶ
265 1209 290 1234 εί
314 1210 351 1245 μή
373 1219 415 1242 τις
428 1212 483 1239 τῶν
496 1214 528 1248 τῇ
543 1213 610 1248 ὀρθῇ
625 1213 689 1248 δόξῃ
709 1212 877 1248 προσκειμέ-

87 1261 146 1285 νων,
161 1254 208 1280 καὶ
218 1254 258 1289 τῷ
271 1255 321 1291 κλή
327 1264 366 1291 ρῳ
376 1257 608 1292 κατειλεγμένων,
623 1258 658 1285 τὰ
669 1259 718 1293 τῆς
729 1257 875 1294 ἐπιϐουλῆς

88 1298 184 1325 ἐκτῶν
200 1300 252 1333 τῆς
271 1301 401 1336 ἀληθείας
428 1304 601 1338 πεπυσμένος
631 1304 741 1339 σαφῶς,
771 1303 876 1338 ἀπεγύ-

86 1352 210 1378 μνωσεν,
235 1346 283 1372 καὶ
297 1347 332 1374 τὰ
357 1348 407 1383 τῆς
429 1349 579 1384 ἀσφαλείας
607 1350 779 1385 προειδέσθαι
807 1359 876 1378 κατ-

86 1389 233 1423 ἔσπευσεν,
254 1392 326 1428 τάχα
347 1393 416 1428 μετὰ
443 1395 598 1430 τραγῳδίας
621 1396 802 1432 ἐχαρτυπήθη
828 1397 876 1424 καὶ

85 1434 129 1461 νῦν
139 1435 328 1472 ὸλοφύρματα.
350 1437 395 1471 Ὠς
406 1439 435 1466 δὲ
451 1440 498 1466 καὶ
514 1440 579 1476 περ).
588 1441 692 1476 ταύτην
703 1442 727 1468 οί
740 1441 876 1476 φονῶντες

85 1480 132 1516 τὴν
155 1481 379 1518 δραματουργίαν
402 1485 560 1521 ὲσςςάλησαν
590 1487 624 1523 (ἡ
651 1486 707 1523 γὰρ
734 1487 791 1515 ἄνω
816 1487 876 1515 θεία

87 1527 153 1563 ῥοπὴ
172 1527 221 1554 τὸν
245 1529 345 1565 ἑαυτῆς
366 1530 496 1567 ἐφρούρει
516 1532 754 1569 θεράποντα),τὴν
766 1533 830 1569 περί
843 1542 875 1568 γε

85 1570 129 1597 τοῦ
157 1571 255 1607 θρόνου
285 1572 332 1609 βία
365 1575 490 1602 καθελεῖν
513 1576 632 1612 σπουδὴν
659 1578 779 1612 ὑφίεντο,
795 1577 877 1606 θάνα-

86 1623 128 1642 τον
151 1617 331 1650 ἀπειλοῦντες
349 1620 436 1646 κακὸν
450 1622 484 1656 τῇ
502 1621 558 1648 τῶν
574 1621 644 1656 πρὸς
660 1622 711 1658 τὴν
733 1622 876 1650 ἀσθένειαν

88 1662 260 1689 αδνοισόντων
270 1664 412 1699 ἀναιρέσει
422 1674 429 1680 ·
445 1666 496 1693 κᾶν
509 1666 533 1693 τ’
543 1667 595 1694 οὐκ
609 1667 750 1703 ἐνδόσιμον
763 1666 807 1704 ἦν,
823 1677 880 1696 στει

95 1707 232 1742 ρίσκοντες
250 1710 333 1736 αὐτὸν
347 1711 398 1745 τῆς
414 1712 447 1738 ὲκ
460 1712 514 1740 τῶν
530 1713 631 1746 ἔξωθεν
646 1714 805 1750 τημελείας,
830 1715 881 1750 τῆς

88 1760 114 1779 τε
135 1754 162 1780 ὲν
183 1755 245 1786 ταῖς
274 1756 400 1788 συνάξεσι
421 1759 617 1794 νενομισμένης
639 1759 745 1795 (ΞΞ-Ξδ)
761 1760 880 1795 μνήμης.

89 1798 161 1826 οὕτω
176 1800 232 1835 γὰρ
244 1801 276 1828 τὸ
297 1802 493 1838 μορμολυκεῖον
512 1804 600 1831 ὲκείνο
616 1805 808 1840 (ὲκκοπτέσθω
827 1806 881 1841 γᾴρ

88 1844 116 1871 τὺ
143 1845 257 1880 βασιλέα
280 1848 375 1875 καλεῖν
392 1849 491 1885 αὐτὸν)
514 1850 668 1883 Ἰουδαϊκῶς
684 1853 739 1883 τοῖς
755 1852 879 1886 ἱερᾶσθαι

88 1891 211 1927 λαχοῦσιν
224 1893 431 1930 ἐπηπείλησεν,
446 1895 484 1927 ὠς
503 1896 551 1923 ὲάν
570 1906 614 1929 τις
640 1898 722 1924 αὑτὸν
747 1898 879 1934 ἀρχιερέα

89 1938 190 1972 τρανῶς
205 1938 367 1974 ὀνομάσειεν
377 1960 385 1973 ,
402 1941 615 1977 ἀποσυνάγωγος
627 1943 751 1979 γένηται.

930 942 974 966 tos
999 937 1166 970 sentientes,
1195 942 1222 964 et
1252 937 1321 964 sacri
1354 937 1427 964 illius
1457 937 1540 964 animi
1575 936 1718 963 inﬂexibili

927 983 1080 1012 constantia
1095 990 1129 1009 ex
1144 982 1220 1009 falsis
1233 983 1334 1010 nuntiis
1347 982 1405 1009 sitis
1417 982 1520 1016 liquido
1533 984 1654 1016 cognita,
1666 977 1722 1008 'au-

927 1024 1033 1056 daciam
1051 1028 1183 1062 tantisper
1197 1028 1379 1058 remiserunt;
1399 1028 1526 1061 ultroque
1542 1035 1575 1054 ne
1587 1034 1648 1053 cum
1675 1026 1722 1053 illo

927 1075 954 1102 in
982 1074 1148 1108 colloquium
1173 1074 1298 1101 venirent
1321 1073 1556 1105 decernentes,ad
1585 1073 1656 1100 aliud
1680 1072 1723 1099 di-

931 1119 1005 1145 vium
1028 1122 1225 1145 converterunt
1243 1125 1282 1151 se,
1297 1123 1324 1145 et
1347 1122 1471 1145 sanctum
1486 1118 1510 1144 vi
1530 1118 1721 1151 deponendum

932 1163 1123 1196 susurrabant,
1144 1164 1186 1191 vel
1201 1164 1282 1190 etiam
1310 1171 1342 1190 ex
1359 1163 1468 1190 insidiis
1487 1163 1594 1190 occulte
1627 1162 1724 1190 tollen-

927 1209 1001 1236 dum.
1032 1208 1072 1236 Ac
1085 1208 1166 1242 forte,
1179 1208 1230 1235 nisi
1247 1215 1262 1235 e
1287 1207 1360 1235 clero
1380 1207 1478 1241 aliquis
1491 1211 1574 1234 rectae
1596 1206 1657 1233 ﬁdei
1675 1206 1724 1233 ad—

927 1254 1023 1282 dictior
1042 1274 1049 1287 ,
1066 1261 1135 1288 quas
1156 1261 1219 1282 vera
1248 1253 1386 1281 auditione
1411 1252 1625 1287 deprehenderat
1651 1256 1724 1278 stru-

927 1305 985 1328 ctas
1013 1300 1038 1327 ei
1065 1300 1176 1327 insidias
1216 1300 1302 1335 palam
1341 1299 1551 1331 detexisset,et
1582 1297 1722 1325 securitati

927 1347 985 1382 ejus
1021 1345 1176 1374 festinat-sset
1209 1345 1375 1381 prospicere,
1402 1344 1512 1379 tragicae
1552 1343 1725 1370 lamentatio-

926 1402 975 1422 nes
1000 1394 1033 1421 de
1056 1400 1089 1421 eo
1114 1393 1141 1420 in
1157 1393 1253 1420 charta
1282 1391 1361 1419 modo
1377 1395 1496 1418 exaratae
1507 1393 1656 1417 exstarent.
1672 1386 1725 1415 Ubi

927 1445 1018 1467 autem
1052 1447 1087 1467 ne
1113 1439 1170 1466 haec
1190 1436 1300 1472 quidem
1330 1435 1444 1470 stropha
1465 1441 1497 1462 ex
1515 1438 1578 1461 voto
1601 1437 1726 1460 cesserat

927 1485 1072 1513 ltomicidis
1097 1483 1201 1520 (divina
1214 1482 1287 1510 enim
1311 1481 1446 1517 protectio
1472 1487 1504 1507 ac
1524 1487 1589 1507 cura
1618 1478 1664 1506 Dei
1684 1478 1725 1506 fa-

929 1532 1001 1560 mulo
1011 1532 1140 1567 prresidio
1152 1529 1240 1564 eral),
1256 1528 1455 1556 contenderunt
1470 1526 1546 1553 illata
1559 1525 1584 1552 vi
1599 1523 1662 1552 sede
1675 1532 1725 1553 sua

930 1579 1046 1614 dejicere
1058 1584 1086 1606 et
1095 1579 1230 1612 deponere
1246 1579 1381 1607 sanctum,
1390 1573 1464 1601 omni
1477 1571 1652 1600 contentione
1663 1578 1725 1598 ροη-

932 1630 975 1653 tra
983 1632 1044 1651 eum
1055 1627 1203 1656 certantes,
1216 1620 1415 1649 comminantes
1425 1626 1517 1647 necem
1527 1623 1554 1646 et
1563 1617 1687 1650 verbera,
1697 1622 1727 1644 et

932 1671 1063 1706 quidquid
1078 1670 1167 1697 dirum
1184 1673 1236 1700 est,
1257 1667 1280 1694 si
1296 1666 1358 1701 quis
1372 1665 1593 1694 subministraret
1610 1662 1723 1698 aliquid,

932 1716 1003 1752 quod
1032 1715 1092 1750 ejus
1126 1713 1248 1741 levandas
1268 1710 1449 1739 imbecillitati
1478 1710 1633 1743 conferret;
1662 1716 1724 1736 eum

933 1762 1061 1796 denique,
1071 1760 1195 1795 quamvis
1219 1758 1320 1785 nullam
1341 1757 1408 1791 ipsis
1434 1755 1607 1784 occasionem
1635 1754 1724 1785 daret,

934 1812 1047 1834 externo
1063 1806 1138 1834 omni
1157 1805 1294 1840 privantes
1308 1806 1417 1834 ornatu,
1440 1802 1524 1830 etiam
1541 1800 1681 1828 memoria:
1695 1799 1722 1826 in

932 1852 1112 1881 conventibus
1126 1851 1212 1878 sacris
1228 1858 1275 1885 per
1295 1850 1368 1885 leges
1395 1847 1527 1875 faciendae
1547 1847 1650 1874 honore
1664 1852 1725 1880 spo-

932 1899 1043 1926 liarunt.
1058 1898 1103 1933 Sic
1119 1905 1236 1932 namque
1251 1896 1324 1922 larva
1342 1896 1384 1922 illa
1402 1895 1485 1930 (absit
1499 1896 1571 1921 enim
1590 1897 1620 1920 ut
1634 1892 1723 1926 impe-

929 1945 1028 1972 ratoris
1054 1943 1179 1978 regisque
1220 1950 1317 1969 nomen
1345 1940 1476 1973 obtineat)
1494 1940 1587 1967 furore
1610 1937 1723 1966 Judaico

89 1985 202 2017 percitus
217 2007 225 2018 ,
243 1986 286 2018 iis,
317 1986 363 2022 qui
389 1989 550 2016 sacerdotali
576 1989 706 2024 dignitate
737 1990 872 2026 fulgebant
888 2012 895 2026 ,
917 1990 1098 2019 comminatus
1129 1993 1210 2023 erat,
1234 1993 1264 2016 ut
1284 1988 1306 2016 si
1331 1987 1393 2023 quis
1415 1995 1475 2015 eum
1501 1985 1654 2022 pontificem
1677 1988 1725 2011 aut

88 2032 238 2068 episcopum
251 2033 340 2068 palam
358 2040 478 2070 vocaret,
505 2041 581 2064 extra
599 2045 763 2074 synagogam
784 2039 873 2068 ﬁeret.
923 2065 927 2069 .
1504 2042 1509 2044 ξ

120 2087 166 2121 εἶ’.
183 2089 274 2120 Μόνος
287 2087 335 2117 οὖν
351 2090 444 2118 λοιπὸν
459 2092 503 2118 ἐπ’
519 2093 606 2120 ἑλπίδι
621 2095 815 2127 κατοικισοεὶς,
831 2095 880 2123 καί⁵

88 2135 144 2165 ταῖς
170 2134 295 2169 θλίψεσιν
314 2136 367 2162 ὑπὸ
395 2136 463 2164 Θεοῦ
486 2138 666 2172 πλατυνθεὶς,
686 2140 724 2172 ὡς
753 2141 837 2168 Δαὸὶδ
863 2141 878 2168 ὁ

90 2178 224 2211 θειότατος
234 2200 241 2212 ,
258 2182 287 2207 ὲν
305 2180 394 2217 τούτῳ
410 2183 459 2209 καὶ
478 2183 553 2219 μόνῳ
567 2185 662 2220 φέρειν
681 2186 731 2212 οὐκ
746 2186 856 2214 ἔσθενεν
869 2208 876 2220 ,

90 2225 116 2250 ἐν
124 2224 160 2260 τῷ
173 2225 224 2260 τὴν
236 2225 354 2262 ποίμνην
371 2227 437 2263 ὁρᾷν
447 2227 613 2264 ὴθετηκυῖαν
623 2230 669 2257 τὸν
679 2231 876 2267 ἀρχιποίμενα,

89 2270 132 2296 καὶ
152 2272 210 2301 τοῖς
231 2271 325 2303 λύκοις
351 2274 503 2310 γενομένην
527 2275 674 2311 ὑπόφορον.
701 2277 734 2304 Τί
753 2277 801 2305 οὖν
823 2278 878 2305 ἔδει

90 2318 172 2343 ποιεῖν
187 2313 223 2353 [ὦ
233 2317 289 2353 (ει)
303 2317 364 2354 τᾶν]
380 2306 433 2354 προ
447 2306 498 2356 τῆς
519 2306 597 2357 ὑμῶν
614 2306 706 2350 αὐτῶν
721 2324 877 2359 σωτηρίας;
894 2306 916 2334 D

124 2416 145 2432 "
175 2417 248 2445 Psal.
266 2425 304 2451 tv,
328 2418 357 2450 2,

125 2484 162 2519 (ὕ)
173 2484 201 2512 lu
219 2485 380 2520 Appendice
392 2485 565 2521 Theophanis
583 2486 692 2514 additur
706 2493 714 2514 :
731 2495 742 2514 ε
769 2487 800 2515 S.
814 2487 882 2516 Ger-

91 2526 193 2581 δειρῇ
210 2521 367 2583 ρὲιὲἓὲοιη
378 2540 386 2554 ,
400 2521 444 2555 qui
460 2521 543 2550 Leoni
564 2522 684 2550 Isaurico
698 2522 846 2550 restiterat.
868 2532 879 2550 ι

126 2621 226 2662 (ἓξ-ξὸ)
241 2622 410 2651 Μδ.θάνατον
416 2624 595 2662 απειλοῦντες
608 2625 730 2653 κάκωσιν
746 2626 800 2653 τῶν
814 2627 883 2662 πρὸς

93 2656 140 2695 τῂν
155 2657 298 2695 ἀσθένειαν
317 2659 493 2695 συνοισόντων
514 2660 664 2695 ἀναίρεσιν,
679 2661 737 2688 ἀλλ’
759 2663 810 2689 οὐκ
831 2656 876 2688 ἑνέ

93 2689 199 2735 ἔξαιμος
222 2690 268 2728 ἦν,
282 2693 477 2735 ,στερίσκοντες
496 2689 586 2735 αυτὸν
594 2695 643 2730 τῆς
657 2689 689 2722 ἐκ
704 2697 759 2735 τῷν
775 2697 875 2735 ἔξωθεν

94 2729 250 2768 τημελείας,
263 2729 314 2768 τῆς
328 2729 368 2768 ἐν¹
375 2730 434 2760 ταῖς
449 2729 877 2768 συνάξεσι-νενομισμένηςμνήο

99 2747 250 2761 "Ihm"...
270 2747 288 2768 .‘-
300 2747 313 2759 ν
328 2747 357 2754 ειν
380 2747 432 2760 μιν,
449 2747 576 2763 ιιυνωηςνι.
595 2747 789 2766 νεννμιυμινιλδ
806 2747 877 2768 μνιι·

95 2768 155 2804 suis.
238 2747 349 2804 quibus
361 2763 439 2804 longe
465 2764 678 2804 intricatissimis
689 2786 697 2797 ,
712 2767 758 2793 sed
773 2768 877 2804 modica

94 2798 281 2838 emendatione
298 2799 325 2826 in
344 2803 419 2838 textu
436 2800 585 2838 correctis,
604 2801 648 2828 hic
675 2809 746 2838 nunc
769 2803 877 2829 deruunt

96 2837 184 2859 sensus
196 2831 311 2861 Latinus
322 2834 435 2862 exsistet
447 2843 453 2862 :
465 2831 583 2863 «Malam
593 2836 789 2865 comminantes
803 2844 876 2865 mor-

980 2095 1025 2123 67.
1039 2095 1068 2123 1n
1081 2094 1139 2123 sola
1155 2095 1237 2130 igitur
1254 2101 1302 2129 spe
1320 2093 1448 2127 deinceps
1463 2091 1602 2122 fundatus,
1613 2095 1640 2118 et
1654 2090 1725 2118 sicut

933 2141 1122 2170 divinissimus
1136 2140 1221 2168 David
1244 2141 1270 2167 in
1298 2137 1521 2166 tribulationibus
1538 2137 1668 2164 dilatatus
1690 2136 1723 2168 ",

933 2195 1016 2214 unum
1051 2187 1104 2215 hoc
1125 2191 1155 2214 ut
1181 2186 1266 2214 ferret
1294 2184 1390 2212 adduci
1420 2191 1473 2211 non
1495 2187 1621 2218 poterat,
1651 2183 1725 2214 quod

933 2233 1036 2261 Christi
1063 2240 1192 2268 gregem,
1227 2239 1335 2259 summo
1363 2235 1472 2266 pastore
1500 2229 1628 2264 abiecto,
1654 2228 1725 2262 lupis

931 2278 1086 2314 expositum
1111 2278 1286 2313 praedamque
1306 2276 1406 2304 factam
1427 2276 1544 2303 videret.
1570 2274 1641 2308 Quid
1658 2280 1725 2308 ergo

934 2330 983 2358 per
996 2327 1114 2351 vestram
1129 2323 1249 2357 ipsorum
1268 2323 1384 2351 salutem
1401 2321 1546 2356 agendum,
1565 2320 1632 2356 qttid
1655 2327 1725 2354 prte-

933 2491 986 2515 tem
1000 2492 1093 2514 earum
1107 2486 1243 2514 ablatione
1260 2493 1350 2514 rerum
1372 2493 1431 2515 uuae
1445 2486 1594 2514 inﬁrmitati
1605 2486 1725 2515 levandae

933 2493 986 2515 tem
1000 2493 1093 2514 earum
1107 2493 1243 2514 aotattone
1260 2493 1350 2514 rerum
1391 2494 1431 2514 uae
1445 2493 1594 2514 tnurmitan
1605 2493 1724 2515 tevanoa:

932 2522 1131 2555 conducerent;
1149 2527 1176 2549 et
1189 2521 1329 2558 (quamvis
1343 2493 1416 2549 nuila
1427 2522 1535 2549 adesset
1550 2523 1651 2558 causa)
1666 2523 1724 2556 pri-

932 2561 1028 2585 ventes
1043 2558 1130 2591 ipsum
1143 2557 1198 2584 tam
1215 2561 1328 2585 externo
1345 2562 1444 2584 ornatu
1462 2564 1545 2591 quam
1559 2557 1680 2592 legitima
1696 2558 1724 2585 in

933 2592 1022 2628 sacris
1037 2592 1309 2628 commemoratione.
1327 2601 1338 2618 ι
1357 2592 1460 2619 Deinde
1476 2592 1548 2628 istud
1568 2593 1625 2624 τοῖς
1646 2593 1725 2628 ίερᾶ-

936 2628 998 2689 σῗμι
1010 2626 1137 2688 λαξοῦσι,
1153 2627 1305 2662 simplicius
1318 2627 1425 2660 reddes,
1441 2627 1535 2662 quibus
1550 2635 1628 2654 sacra
1636 2626 1725 2662 facere

936 2671 950 2689 ο
980 2671 1058 2689 mtue
1072 2681 1081 2689 .

936 2663 1081 2690 obtiaiuet.

967 2671 1088 2733 (sirit:
1101 2693 1134 2731 ᾦ,
1148 2704 1201 2733 quo
1220 2704 1269 2732 per
1283 2696 1469 2731 conjecturam
1485 2702 1603 2729 mutato,
1618 2702 1720 2725 caetera

931 2732 972 2760 sic
988 2732 1176 2767 interpretor:
1195 2742 1204 2758 ι
1220 2732 1289 2766 Quid
1303 2732 1386 2768 igitur
1399 2733 1552 2768 faciendum
1565 2733 1601 2764 ei,
1617 2733 1723 2768 charis-
1743 2753 1746 2755 .

932 2767 1011 2803 simi,
1028 2775 1076 2802 pro
1091 2773 1181 2795 vestra
1203 2768 1300 2801 salute,
1317 2767 1385 2803 quid
1408 2767 1590 2802 praestandum
1614 2767 1691 2795 erat?
1706 2776 1719 2793 ›

932 2802 971 2829 Ac
986 2802 1082 2830 deinde
1106 2803 1132 2830 in
1148 2803 1201 2831 ﬁne
1223 2802 1348 2838 periodi:
1372 2812 1382 2829 ι
1401 2803 1436 2831 Ut
1459 2803 1638 2838 quantumrin
1663 2803 1724 2833 ipso

933 2841 992 2865 erat
1007 2838 1032 2866 in
1048 2844 1189 2873 peccatum
1205 2837 1258 2867 non
1280 2838 1456 2873 labercntur;
1470 2848 1479 2864 ι
1495 2841 1520 2866 et
1543 2837 1622 2872 paulo
1637 2841 1699 2872 post
1711 2858 1719 2870 ,
