1931 3076
214 147 262 178 127

707 147 736 178 S.
758 147 968 178 NICEPHORI
989 146 1242 177 PATRIARCHAE
1261 146 1316 176 CP.

1789 143 1843 177 123

212 201 337 228 standum
353 201 431 228 erat?
443 200 566 235 Quendlu
577 200 741 228 multitudini
754 201 940 236 periculorum
953 202 995 228 in-

1058 201 1072 226 :l
1085 201 1300 236 διαπράττεσθαι
1312 209 1319 233 ;
1335 200 1423 235 Μέχρι
1434 200 1505 232 τίνος
1519 190 1553 235 τῇ
1563 190 1760 235 tamus-16v
1777 201 1843 227 δυσ-

214 247 358 274 natandum
374 248 413 274 sic
427 252 524 274 utnon
548 253 727 282 mergeretur,
741 255 795 275 non
813 247 922 275 cederet
948 255 997 274 ne-

213 293 306 327 quitiae
332 293 469 327 temporis.
491 300 543 319 non
567 292 653 327 pejori
670 293 936 328 potestati,eamque
955 299 999 320 sc-

214 336 359 370 qnentibus
376 335 462 362 locum
489 336 582 363 daret?
599 337 739 370 Quomodo
768 345 867 365 cavere
893 341 999 372 poterat

214 384 245 406 ut
272 387 323 406 non
349 380 506 408 laberentur
539 381 565 408 in
590 386 740 416 peccatum,
766 383 837 416 quod
869 382 1000 410 adversus

215 425 302 459 ipsum
320 426 481 459 patrahant?
497 425 564 453 Nam
591 433 623 452 ne
640 433 686 453 eos
698 427 806 461 quidem
824 434 837 454 a
857 434 904 454 sua
922 427 999 454 abdi-

214 470 290 497 cabat
305 479 379 504 cura,
399 473 442 505 qui
461 471 635 498 lacessebant
653 471 760 506 injuriis
788 479 907 507 eumque
936 480 1000 508 per-

216 517 412 550 sequebantur,
442 517 544 551 pietate
571 516 672 544 Christi
696 517 856 552 discipulum
878 517 999 544 imitans.

213 561 272 588 Non
294 562 334 589 sic
352 566 441 589 autem
470 562 519 594 illi,
553 570 668 597 quorutu
698 571 781 589 ttnunt
803 563 854 590 hoc
881 563 999 590 studium

214 611 368 640 eratatque
389 614 481 642 opera,
499 613 527 635 ut
557 608 696 636 beneﬂciis
720 608 787 636 solis
811 613 918 637 certare
944 614 1001 636 stu-

215 652 323 678 dentem
347 652 452 680 insidiis
477 658 646 688 appeterent.
674 653 728 680 Nec
751 654 823 680 enim
850 654 940 680 inania
973 654 999 680 in

214 703 275 723 eum
291 696 423 730 meditari,
438 703 594 732 mortesque
619 699 752 725 intentare
769 698 909 725 desierunt
926 699 1001 733 prius

215 748 296 776 quam
318 747 395 769 extra
425 748 531 777 portam
552 743 711 778 (Ecclesiam
744 744 857 777 scilicet)
886 743 999 777 ejectum

215 787 468 823 orcitlereut.juxta
498 789 603 817 Domini
627 789 782 823 parabolam
805 789 876 816 illam
902 791 1000 817 unani-

215 833 296 861 miter
327 834 469 862 dicentes:
491 834 580 863 Venile
604 835 754 862 occidamus
772 843 843 868 eum,
867 840 890 862 et
916 836 1001 870 poni-

214 878 324 906 deamu:
347 880 524 907 hereditatem
544 881 601 915 ejus
616 881 647 908 ¹⁶.
659 882 725 908 Cum
745 881 837 916 itaque
863 881 1000 908 illumina-
1014 872 1036 899 Β

216 923 328 951 tissimas
343 925 440 952 mentis
459 925 545 958 radio,
562 926 604 952 cui
618 926 767 960 prophetici
786 926 887 961 aliquid
901 925 1004 953 adlatus

216 968 317 996 inesset
342 969 375 996 ad
400 971 536 997 anteriora
549 971 748 1005 prospicienda,
773 971 879 998 illorum
901 972 933 998 ad
947 978 1005 999 sce-

215 1012 259 1040 lus
281 1020 447 1042 exrtecatum
473 1021 555 1051 atque
581 1017 607 1043 in
632 1017 733 1044 caedem
752 1017 893 1045 iucitatmn
910 1018 1004 1051 depre-

217 1058 349 1085 henderet
364 1060 496 1093 animum,
514 1061 539 1088 in
555 1061 612 1088 haec
628 1061 708 1088 verba
723 1062 878 1096 imperatori
893 1062 1002 1089 scribit:

251 1102 296 1130 68.
311 1104 441 1138 Exposcit
469 1111 586 1141 tempus,
601 1112 630 1134 ut
656 1107 795 1135 ltumilitas
826 1112 930 1140 nostra,
945 1115 1005 1142 qua:

217 1149 244 1175 in
266 1150 334 1176 hanc
351 1152 540 1180 necessitatem
556 1157 637 1187 atque
657 1153 868 1182 invaletudiuem
884 1154 1004 1186 devenit,

216 1195 250 1222 ad
266 1195 330 1228 justi
357 1202 479 1225 tenacem
498 1199 664 1232 majestatem
678 1205 794 1228 vestram
820 1201 876 1228 haec
896 1201 1004 1228 referat.

216 1238 353 1268 llacteuus
365 1250 413 1276 pro
425 1243 496 1270 virili
510 1248 603 1271 nastra
617 1244 744 1272 facultate
762 1245 867 1272 tuendas
883 1245 1006 1272 veritatis

217 1292 249 1312 ac
265 1286 373 1319 pietatis
393 1294 473 1314 causa
500 1287 711 1321 decertavimus,
723 1296 810 1323 neque
833 1297 928 1316 eorum
947 1298 1006 1325 qua:

218 1331 304 1358 nostri
335 1333 454 1371 muneris
480 1338 559 1361 erant
584 1334 731 1369 quidquam
751 1335 873 1363 videmur
899 1335 1006 1363 subtra-

218 1377 302 1408 xisse,
319 1382 497 1411 procurantes
512 1383 541 1406 ut
556 1386 643 1413 neque
653 1380 806 1414 petentibus
825 1381 941 1408 defuerit
950 1388 1007 1408 ser-

221 1420 308 1447 monis
321 1422 477 1450 coufercndi
494 1423 621 1456 facultas,
637 1431 725 1458 neque
737 1425 860 1451 doetrina
875 1425 1007 1459 recipien-

221 1466 303 1494 tibus.
329 1466 474 1502 Postquam
504 1476 567 1497 vero
597 1477 629 1497 eo
659 1470 769 1498 nomine
804 1471 1006 1499 tribulationem

219 1520 327 1540 onmem
337 1518 364 1540 et
378 1514 530 1549 angustiam
540 1514 778 1550 afﬂictiouemque,
790 1516 939 1550 infamiam,
948 1524 1008 1544 car-

187 1562 193 1566 ”
220 1567 307 1591 ceres,
323 1560 545 1595 proscriptiones,
560 1561 748 1588 famulantium
763 1563 845 1590 etiam
870 1562 1006 1597 jactur-am

220 1606 392 1640 pertulimus,
409 1613 441 1632 eo
457 1606 563 1633 tandem
580 1612 763 1641 proruperunt
776 1608 898 1642 quidam,
917 1609 962 1643 qui
979 1615 1008 1635 se

220 1657 362 1684 episcopos
379 1649 484 1684 dicunt,
501 1655 529 1678 ut
557 1650 685 1684 majorem
707 1652 846 1686 prioribus
869 1658 1009 1680 contume-

219 1693 283 1719 liatn
296 1694 373 1721 nobis
389 1695 540 1729 probruque
556 1696 720 1730 irrogarent,
733 1703 793 1723 cum
809 1697 880 1731 vulgi
893 1698 1009 1724 circum-

223 1737 327 1766 foranei
356 1739 431 1766 turba
450 1740 602 1774 gladiisque
628 1748 659 1768 ac
681 1741 762 1776 lignis
785 1742 917 1769 instructa
940 1743 1007 1770 οπο-

222 1789 313 1812 rentes
327 1792 355 1811 se
370 1785 456 1813 nobis.
472 1786 561 1820 Atque
575 1786 611 1813 illi
629 1787 749 1821 quidem,
765 1787 885 1822 cujusvis
900 1789 1009 1823 generis

222 1830 344 1857 convicia
358 1830 526 1865 injuriasque
539 1831 709 1865 impudenter
723 1831 958 1868 inverecundeque
983 1833 1010 1861 in

221 1881 271 1901 nos
291 1874 481 1909 iactaverunt;
502 1883 590 1911 neque
606 1875 654 1904 Dei
679 1877 804 1905 timorem
825 1878 1011 1913 concipientes

221 1921 322 1952 animo.
340 1928 391 1948 nec
412 1921 466 1948 ulla
484 1921 557 1949 ducti
574 1923 724 1950 reverentia
741 1931 804 1959 erga
825 1931 902 1951 suum
925 1931 1010 1959 quon-

221 1967 283 1993 dam
300 1966 455 2001 prmsulem,
478 1975 594 2003 euntque
605 1973 724 1996 extrema
750 1970 954 1997 deeumbentem
965 1977 1011 1997 va-

223 2011 361 2044 letudine,
390 2019 422 2040 ac
446 2013 504 2040 solo
529 2014 675 2048 languente
694 2014 792 2049 spiritu
818 2015 1009 2049 superstitem;

223 2057 299 2084 turba
327 2065 400 2091 vero,
416 2066 474 2093 quae
502 2060 563 2087 illos
591 2060 789 2093 comitabatur,
806 2065 863 2087 tum
888 2068 931 2088 me
955 2065 1011 2088 tum

222 2104 391 2131 decessorem
403 2105 551 2132 antistitem
579 2105 646 2132 diris
658 2105 767 2134 devovit
782 2116 788 2133 :
799 2107 869 2140 quod
881 2106 1012 2134 ambobus

223 2149 368 2182 gloriosum
384 2155 426 2177 est
439 2154 466 2177 et
483 2151 566 2178 decus
580 2151 736 2179 maximum.
751 2151 839 2186 Super
851 2152 909 2179 hmo
923 2156 1012 2179 autem

1048 247 1136 283 χερῶν
1159 246 1348 282 ὲπινήχεσθαι,
1377 246 1425 273 καὶ
1447 246 1498 273 οὐκ
1512 246 1661 280 ὲνδιδόναι,
1681 245 1713 273 οὐ
1733 246 1773 282 τῷ
1792 255 1842 274 πο-

1047 292 1123 329 νηρῷ
1139 292 1228 328 καιρῷ
1245 291 1464 327 παραχωρῆσαι,
1477 291 1507 317 οὺ
1523 292 1556 326 τῇ
1573 292 1746 328 πονηροτέρᾳ
1762 291 1842 325 ἐξου-

1049 339 1095 374 σία
1106 359 1112 370 ,
1131 339 1178 365 καί
1196 339 1252 370 τοῖς
1271 338 1372 374 ταύτην
1389 339 1487 372 ἄγουσι
1504 337 1597 364 δοῦναι
1611 337 1709 370 τόπον,
1724 338 1764 370 ὡς
1780 337 1820 374 μὴ
1831 357 1841 372 ,

1047 385 1110 418 τόγε
1125 385 1164 416 είς
1182 384 1262 412 αὐτὸν
1275 382 1359 420 ἦχον,
1375 383 1497 419 ἁμαρτίᾳ
1515 384 1696 418 nepti-tecm;
1714 384 1770 410 Kal.
1787 384 1844 418 γὰρ

1049 429 1119 465 ὑπὲρ
1135 429 1189 456 τῶν
1210 429 1416 464 ἐπηρεαζόντων
1440 428 1488 454 καὶ
1508 427 1660 454 διωκόντων
1679 427 1839 463 ἐφρόντιζε,

1049 475 1094 502 τὴν
1110 475 1271 502 διδάσκαλον
1287 474 1405 509 Χριστὸν
1420 474 1449 500 ὲν
1462 473 1550 508 τούτῳ
1565 473 1747 508 μιμούμενος.
1769 474 1841 500 Ἀλλ’

1049 521 1098 547 οὐκ
1114 522 1212 547 ἐκεῖνοι
1222 519 1338 547 τοιοῦτοί
1355 519 1450 549 ποθεν,
1462 519 1521 552 οἵγε
1534 519 1605 545 κατὰ
1620 519 1668 546 τοῦ
1685 519 1842 554 εὐεργετεῖν

1050 565 1220 601 πειρωμένου
1238 565 1424 600 ἐπιτιθέμενοι
1441 565 1561 601 σπουδὴν
1577 565 1783 594 ἀπεδείκνυντο.
1803 568 1841 594 οὐ

1049 611 1104 647 γὰρ
1121 611 1284 646 καθυφῆκαν
1301 611 1361 638 κατ’
1378 610 1461 637 αὑτοῦ
1482 611 1548 638 κενὰ
1570 610 1688 646 μελετᾷν
1699 631 1706 642 ,
1727 612 1775 638 καὶ
1794 611 1842 639 θα-

1049 658 1146 689 νάτους
1169 657 1340 688 ἐπαπειλεῖν,
1361 655 1417 682 ἔσθ’
1436 656 1481 683 ὅτε
1513 656 1563 690 τῆς
1590 656 1680 691 πύλης
1701 656 1754 690 ἔξω
1773 657 1842 692 (τῆς

1056 702 1220 736 Ἐκκλησίας
1233 701 1325 737 φημὶ)
1343 700 1446 734 ἐξῶσαι
1461 700 1507 726 καὶ
1526 701 1722 727 ἀποκτιννύναι
1737 701 1842 736 ὁμοθυ-

1052 747 1135 782 μαδὸν
1146 767 1153 779 ,
1175 748 1235 774 κατ’
1251 747 1358 781 εκείνην
1371 746 1417 772 καὶ
1436 746 1514 772 αὐτοὶ
1528 746 1578 780 τὴν
1594 746 1738 781 Κυριακὴν
1752 754 1843 781 παρας

1051 793 1133 828 ϐολὴν
1148 792 1291 826 λέγοντες,
1307 791 1404 824 Δεῦτε,
1422 792 1646 824 ἀποκτείνωμεν
1672 791 1776 823 αὐτὸν,
1792 791 1842 818 καὶ

1051 838 1248 872 κατάσχωμεν
1256 838 1313 872 τὴν
1321 837 1526 872 κληρονομίαν
1535 836 1724 863 αὐτοῦ.”Οθεν
1732 836 1770 871 τῷ
1778 836 1843 864 ἀθο-

1054 882 1131 918 λώτῳ
1143 882 1183 909 νοῒ
1196 882 1364 918 προφητικός
1378 890 1419 914 τις
1434 882 1473 909 ὢν
1491 882 1537 909 καὶ
1553 881 1660 916 βλέπων
1673 881 1708 908 τὰ
1719 882 1844 917 ἐμπροσ-

1055 927 1115 960 θεν,
1133 927 1181 963 τὴν
1201 927 1413 963 πεπωρωμένην
1441 927 1533 954 αὐτῶν
1551 926 1666 961 καρδίαν
1688 925 1759 962 όρῶν
1774 926 1844 962 πρὸς

1055 973 1160 1007 αἵματα
1179 972 1272 999 λοιπὸν
1299 972 1508 999 ἀποϐλέπουσαν
1520 991 1527 1004 ,
1543 971 1696 998 ἐπιστέλλει
1717 970 1755 1006 τῷ
1774 979 1845 1006 κρα-

1055 1018 1145 1045 τοῦντι
1157 1018 1201 1046 διὰ
1214 1018 1315 1051 λέξεως
1330 1014 1381 1044 ὧδε
1393 1025 1401 1033 ⁰

1091 1105 1142 1141 ξη’.
1168 1106 1273 1142 Καιρδς
1297 1106 1407 1133 ἀπαιτεῖ
1431 1106 1481 1142 τὴν
1503 1106 1642 1142 ἡμετέραν
1661 1106 1846 1140 ταπείνωσιν,

1055 1152 1096 1183 είς
1110 1152 1159 1188 τὴν
1175 1151 1336 1187 περίστασιν
1347 1152 1450 1188 ταύτην
1461 1153 1508 1180 καὶ
1520 1152 1569 1188 τὴν
1588 1152 1749 1188 σωματικὴν
1763 1153 1848 1180 ἀσθέ-

1055 1206 1131 1225 νειαν
1156 1198 1304 1231 ἐλθόντας,
1319 1197 1405 1224 ταῦτα
1432 1199 1500 1233 πρὸς
1521 1198 1552 1225 τὸ
1574 1199 1742 1232 φιλοδίκαιον
1766 1198 1847 1233 ὑμῶν

1056 1243 1156 1278 κράτος
1176 1243 1334 1278 ἀναγαγεῖν.
1354 1244 1426 1276 Ἕως
1441 1243 1488 1270 τοῦ
1501 1243 1548 1270 νῦν
1561 1244 1758 1279 ἠγωνισάμεθα
1773 1244 1847 1271 κατὰ

1056 1288 1105 1324 τὴν
1121 1288 1236 1322 δύναμιν
1250 1288 1329 1324 ὴμῶν
1346 1288 1417 1323 ὑπὲρ
1429 1288 1479 1321 τῆς
1491 1287 1621 1323 ἀληθείας
1637 1288 1684 1314 καὶ
1697 1287 1749 1322 τῆς
1766 1288 1847 1314 εὗσε-

1057 1333 1133 1366 ϐείας
1146 1342 1152 1348 -
1171 1335 1227 1367 καὶ,
1248 1334 1286 1365 ὡς
1310 1334 1460 1368 δοκοῦμεν,
1483 1334 1559 1360 οὐδὲν
1579 1333 1770 1367 παρελίπομεν
1792 1332 1849 1359 τῶν

1057 1379 1308 1415 κεχρεωστημένων
1325 1380 1392 1414 ἡμῖν
1403 1400 1410 1412 ,
1432 1379 1500 1414 μήτε
1517 1379 1584 1414 πρὸς
1597 1378 1714 1411 διάλεξιν
1734 1378 1789 1405 τῶν
1805 1379 1851 1405 ai-

1057 1424 1186 1458 τούντων,
1194 1426 1262 1460 μήτε
1277 1425 1344 1460 πρὸς
1357 1424 1532 1451 διδασκαλίαν
1543 1424 1597 1450 τῶν
1612 1423 1765 1459 δεχομένων
1780 1424 1850 1450 uae-

1058 1470 1266 1506 υστερήσαντες.
1292 1469 1402 1505 Ἐπειδὴ
1431 1469 1462 1498 δὲ
1480 1468 1523 1496 διὰ
1552 1467 1631 1495 τοῦτο
1650 1469 1741 1496 πᾶσαν
1758 1468 1850 1503 θλίψιν

1058 1515 1106 1542 καὶ
1122 1515 1304 1550 στενοχωρίαν
1314 1515 1361 1541 καὶ
1375 1515 1497 1541 κάκωσιν
1511 1513 1710 1548 ὑπεμείναμεν,
1721 1512 1849 1548 ἀτιμίας,

1059 1560 1197 1594 φυλακὰς,
1218 1559 1375 1595 δημεύσεις,
1397 1560 1451 1586 τῶν
1474 1559 1684 1594 ὑπηρετούντων
1710 1559 1777 1593 ἡμῖν
1797 1558 1850 1592 τὴν

1060 1605 1178 1641 βλάϐην·
1196 1606 1226 1633 τὸ
1247 1606 1402 1633 τελευταῖον
1417 1604 1494 1642 ἦλον,
1515 1606 1587 1637 τινὲς
1618 1605 1760 1636 δοκοῦντες
1779 1601 1851 1630 εἶναι

1058 1652 1205 1678 ἐπίσκοποι
1220 1672 1227 1684 ,
1245 1652 1290 1678 καὶ
1308 1652 1418 1678 πλείονα
1442 1651 1497 1678 τῶν
1514 1650 1706 1686 προλαϐόντων
1723 1649 1772 1685 τὴν
1790 1651 1852 1676 ἀτι-

1062 1697 1126 1732 μίαν
1151 1698 1218 1732 ἡμῖν
1239 1698 1434 1732 προσήγαγον,
1457 1697 1654 1732 ἐπιφερόμενοι
1670 1695 1748 1730 δχλον
1765 1696 1852 1730 ἀγυρ-

1059 1743 1132 1777 τώδη
1145 1744 1191 1769 καὶ
1208 1743 1354 1778 δημοτικὸν
1370 1743 1439 1778 μετὰ
1454 1743 1597 1778 μαχαιρῶν
1610 1742 1658 1769 καὶ
1673 1741 1771 1774 ξύλων,
1787 1742 1850 1768 επι-

1061 1790 1209 1826 στήσαντες
1225 1790 1291 1824 ἡμῖν
1306 1788 1414 1820 αὐτούς.
1433 1789 1488 1816 Καὶ
1502 1789 1580 1815 αὐτοὶ
1598 1788 1646 1822 μὲν
1664 1787 1754 1814 πᾶσαν
1770 1786 1851 1822 ὕϐριν

1061 1835 1248 1871 ἀναισχύντως
1276 1835 1323 1862 καὶ
1341 1835 1459 1865 ἀναιδῶς
1477 1834 1688 1870 προσήνεγκαν,
1717 1833 1785 1868 μήτε
1805 1833 1852 1860 τδν

1062 1881 1144 1915 φόϐον
1160 1881 1207 1908 τοῦ
1224 1880 1292 1907 Θεοῦ
1312 1881 1341 1906 ὲν
1372 1879 1410 1915 νῷ
1423 1879 1564 1911 λαϐόντες,
1583 1880 1651 1914 μήτε
1667 1878 1704 1910 ὡς
1719 1878 1853 1914 ἀρχιερέα

1062 1927 1151 1954 αὐτῶν
1166 1935 1232 1953 ποτε
1255 1926 1385 1960 γεγονότα
1411 1925 1623 1960 εὐλαϐηθέντες,
1647 1924 1694 1951 καὶ
1717 1924 1808 1950 ταῦτα
1823 1925 1852 1950 ἐν

1062 1973 1165 2008 ἐσχάτῃ
1187 1972 1313 2007 ἀσθενείᾳ
1341 1971 1477 2006 κείμενον,
1505 1971 1552 1997 καὶ
1576 1970 1626 2005 τὴν
1653 1969 1738 2004 πνοὴν
1771 1969 1853 2004 μόνον

1062 2017 1173 2053 ἔχοντα·
1195 2018 1219 2044 οί
1233 2017 1262 2044 δὲ
1280 2017 1352 2052 ὖχλοι
1376 2016 1426 2051 ὲμέ
1439 2025 1468 2043 τε
1484 2015 1589 2042 καὶτὸν
1610 2015 1783 2051 προλαϐόντα
1801 2015 1854 2051 ἁρ-

1063 2062 1158 2098 χιερέα
1184 2063 1240 2093 τοῖς
1259 2061 1427 2096 ἀναθέμασιν
1443 2061 1563 2094 ἔϐαλλον,
1577 2061 1646 2096 ὅπερ
1659 2061 1726 2095 ἡμῖν
1738 2060 1854 2093 γέγονεν

1064 2109 1187 2144 εὐφημία
1202 2108 1249 2134 καὶ
1265 2107 1403 2142 ἐγκώμιον
1421 2107 1560 2142 μέγιστον.
1575 2105 1654 2133 Μετὰ
1666 2105 1751 2131 ταῦτα
1763 2106 1855 2133 πάντα

1065 2154 1099 2181 τὰ
1124 2154 1198 2181 κακά
1224 2153 1394 2188 ἠκούσαμεν,
1423 2153 1464 2179 ὅτι
1492 2154 1515 2179 οἱ
1544 2151 1737 2187 τῆςαληθείας
1759 2151 1855 2186 ἐχθροὶ

223 2195 313 2221 omnia
334 2195 403 2222 mala
421 2199 494 2222 certa
510 2197 624 2231 cognovi
637 2198 771 2225 relatione
783 2198 906 2225 veritatis
921 2198 1006 2225 hostes

1065 2200 1160 2234 ἐνεδρα
1181 2199 1241 2226 καθ’
1261 2199 1339 2234 ἡμῶν
1353 2198 1559 2230 συσκευάζουσι,
1583 2197 1739 2232 βουλόμενοι
1761 2196 1856 2224 ἐπιθέ-

224 2239 354 2266 adversus
373 2247 422 2266 nos
436 2239 549 2268 insidias
572 2245 679 2269 struere
693 2250 700 2269 :
721 2242 802 2277 idque
815 2241 869 2270 illis
883 2242 1014 2269 constitu-

225 2288 282 2310 tum
299 2290 368 2315 esse,
383 2288 413 2310 ut
424 2284 466 2310 vel
479 2284 614 2320 deponant
632 2286 673 2313 vel
686 2286 743 2313 neci
760 2287 866 2314 tradant
877 2287 1012 2314 violenue.

226 2327 264 2355 Ne
279 2335 343 2363 ergo
364 2328 454 2355 scelus
471 2334 574 2356 tantum
595 2330 653 2363 flat,
666 2330 747 2364 inque
762 2332 932 2365 majestatcm
954 2339 1014 2359 ves-

227 2378 296 2400 tram
311 2373 414 2400 crimen
430 2374 542 2407 recidat,
553 2382 615 2402 cum
633 2375 718 2409 major
736 2376 808 2403 nulla
828 2377 855 2404 in
875 2384 924 2404 nos
951 2384 1013 2411 per-

226 2419 329 2446 secutio
353 2419 502 2453 excogitari
528 2421 625 2454 possit,
640 2428 752 2448 necesse
781 2422 891 2449 omnino
915 2427 957 2450 est
984 2428 1013 2451 ut

227 2463 304 2490 inviti
315 2469 395 2498 atque
411 2464 544 2499 nolentes,
559 2465 631 2493 velut
643 2466 677 2493 ab
697 2465 810 2494 infensis
832 2467 908 2495 nobis
932 2468 1014 2496 hosti-

227 2510 279 2538 bus
306 2511 523 2545 persecutionem
549 2513 634 2547 passi,
653 2518 745 2541 nostra
769 2513 915 2549 migremus
939 2515 1013 2548 sede,

228 2555 327 2582 divinis
347 2557 418 2584 circa
434 2564 484 2585 nos
499 2565 597 2593 resque
622 2559 849 2593 nostrasjudiciis
875 2565 903 2588 et
921 2561 1012 2595 dispo-

229 2601 322 2628 sitioni
343 2602 558 2637 acquieseentes,
580 2605 694 2640 ejusque
717 2605 877 2641 benignitati
905 2611 1015 2641 agentes

230 2652 339 2679 gratias.

267 2724 288 2739 "
317 2723 410 2752 Matth.
425 2733 481 2759 xxi,
494 2726 537 2754 l8.

236 2799 247 2815 ο
266 2791 404 2820 Christum
420 2793 577 2827 magistrum
594 2793 620 2820 in
643 2793 693 2820 ltoc
706 2792 828 2819 imitatus
842 2801 848 2819 :
870 2801 878 2817 ι
898 2791 948 2819 Pro
962 2800 1017 2827 quo

235 2829 324 2854 nescio
338 2827 614 2863 quotnodo‘cxciderit
627 2847 634 2861 ,
653 2837 661 2854 ι
680 2827 778 2862 pietate
791 2827 890 2856 Christi
905 2828 1021 2862 discipu-

1066 2245 1128 2272 σθαι
1152 2246 1228 2280 ἡμῖν,
1254 2244 1300 2270 καὶ
1322 2244 1338 2279 ἢ
1357 2243 1527 2279 ἀναίρεσινῆ
1543 2242 1681 2274 κατένεξιν
1700 2241 1791 2277 βιαίαν
1807 2243 1856 2269 καὶ

1065 2291 1212 2326 θανατικὴν
1230 2289 1394 2324 ποιήσασθαι
1409 2290 1450 2320 είς
1468 2289 1552 2324 ἡμᾶς.
1569 2288 1617 2315 ”Ιν“
1633 2286 1680 2315 οὖν
1697 2288 1797 2315 ἄτοπον
1817 2288 1854 2324 μὴ

1064 2337 1187 2372 γένηται,
1201 2335 1400 2371 μηδὲάμαρτια
1412 2334 1557 2370 ἀναδράμῃ
1567 2334 1607 2365 είς
1621 2334 1650 2360 τὸ
1661 2334 1762 2369 κράτος
1776 2333 1855 2368 ὑμῶν

1064 2383 1177 2418 (ἐπειδὴ
1191 2381 1302 2408 πλείονα
1313 2380 1433 2416 διωγμὸν
1445 2379 1621 2415 ἐπινοηθῆναι
1635 2380 1697 2406 καθ’
1713 2379 1792 2414 ἡμῶν
1803 2380 1855 2406 οὐκ

1067 2429 1168 2463 ἐστιν),
1181 2428 1293 2459 ἄκοντες
1317 2427 1364 2453 καὶ
1385 2426 1422 2462 μὴ
1446 2426 1614 2462 βουλόμενοι,
1627 2425 1673 2452 καὶ
1691 2425 1855 2459 διωκόμενοι

1066 2474 1119 2500 ὑπὸ
1142 2472 1196 2499 τῶν
1223 2472 1441 2507 ἐπηρεαζόντων,
1458 2470 1564 2506 ἀνάγκη
1594 2471 1669 2497 πᾶσα
1686 2470 1854 2505 μεταστῆναι

1066 2519 1141 2554 ἡμᾶς
1160 2516 1208 2544 τοῦ
1225 2516 1320 2553 θρόνου
1340 2516 1432 2551 ήμῶψ
1447 2516 1495 2542 καὶ
1509 2515 1545 2548 ὡς
1570 2516 1584 2542 ό
1601 2515 1667 2548 Θεὸς
1694 2516 1782 2550 κρινεῖ
1808 2515 1855 2541 καὶ

1067 2563 1241 2598 οἰκονομήσει
1266 2562 1300 2588 τὰ
1315 2561 1377 2588 καθ’
1399 2561 1482 2596 ἡμᾶς,
1507 2560 1658 2595 στέργομεν
1675 2560 1722 2586 καὶ
1738 2559 1854 2594 εὐχαρι-

1069 2610 1184 2645 στοῦμεν
1196 2609 1229 2644 τῇ
1244 2607 1394 2642 ἀγαθότητι
1407 2606 1501 2633 αὑτοῦ.
1520 2607 1523 2611 ’

1071 2792 1125 2818 lum
1143 2791 1255 2818 imitari.
1276 2800 1284 2815 ι
1307 2790 1382 2824 Quod
1399 2794 1473 2818 esset
1486 2789 1518 2816 ad
1535 2793 1657 2816 sanctum
1673 2787 1854 2820 Stephanum,

1075 2827 1107 2854 (ie
1126 2835 1177 2861 quo
1197 2826 1282 2854 nullus
1297 2826 1338 2853 hic
1353 2833 1459 2858 sermo,
1477 2824 1657 2852 referendum.
