1931 3076
232 219 304 244 tura,
322 211 347 238 in
366 217 420 246 quo
435 211 661 237 intcmcratorum
679 216 712 236 ac
735 208 930 236 immortalium
950 215 1022 242 mys-
1037 216 1058 240 Α

232 259 363 286 lt‘l'lol‘llln
393 257 549 284 holocausta
589 254 754 289 suscipiens,
787 259 958 288 peccatorum
982 261 1024 279 re-

233 305 388 332 missionem
403 303 457 335 his,
473 303 518 337 qui
532 302 611 337 digne
622 301 676 328 illis
686 300 860 335 impartiendi
875 299 1022 330 astiterint,

232 349 359 376 conferre
374 348 506 375 statuisti.
520 347 576 374 Hoc
591 353 710 381 namque
723 346 796 372 omni
813 345 894 371 sorde
909 340 1024 378 tabeque

234 395 413 429 purissimum
431 397 475 420 tua
492 391 682 428 potentissima
700 391 811 418 dextera
829 397 899 416 nunc
915 397 1024 424 quoque

232 439 429 475 protegendum
459 438 636 470 commendo;
662 437 735 472 quod
761 444 810 471 ego
839 443 952 464 munere
978 441 1024 462 tuo

231 487 299 513 mihi
322 485 524 516 concreditum,
540 492 588 519 pro
605 483 676 511 virili
701 490 759 510 utea
787 487 880 509 sancte
911 489 1023 508 conser-

231 539 308 564 vans,
326 532 352 558 iu
369 539 440 558 vera:
457 530 634 564 philosophia:
663 533 740 564 petra
757 528 862 555 [irinum
873 527 1022 561 custodivi;

232 578 362 612 templum
386 576 500 608 scilicet,
516 577 587 610 quod
604 583 654 602 ceu
680 574 755 601 locus
770 582 801 612 ac
817 573 1022 601 tabernaculum

230 624 323 659 gloria:
341 629 402 655 tuae,
421 622 634 657 pulcherrimum
651 620 776 648 decorem
792 627 869 647 suum
884 619 1021 652 servavit;

231 670 302 696 Illios
321 669 367 696 tibi
380 673 461 702 atque
477 668 597 695 heredes
613 667 778 694 venerabilis
788 665 888 693 lavacri
906 664 1023 692 fecttnda

230 714 304 748 prole
334 713 464 747 plurimos
488 712 582 745 edidit,
616 712 828 746 innumerosque
851 711 911 746 jugi
936 710 1023 745 paeni-

231 759 313 784 tentia
335 757 602 789 ,miserit-ordissima:
643 760 695 783 tua:
723 756 874 783 clementia:
899 755 1023 782 reconci-

229 804 317 830 liavit.
347 803 420 835 Tibi,
440 803 578 835 Salvator,
604 810 759 837 quanquam
792 801 909 836 indignis
934 802 1022 828 mani-

229 850 292 882 bus,
305 849 456 884 depositum
477 849 554 875 trado
572 857 579 875 :
598 847 765 882 iudiciorum
788 851 897 874 tuorum
911 847 1020 881 abysso,

230 903 284 929 quo
312 883 439 921 malueris
464 895 542 921 modo
573 894 744 928 disponenda
774 893 905 920 concedo.
939 892 1021 927 lingit
1038 883 1059 910 Β

230 940 286 968 Leo
307 941 438 968 adversus
458 940 543 967 aedem
566 944 701 972 sanctam,
717 946 844 974 quaarens
866 943 895 965 ut
919 939 1017 972 rapiat,

231 987 343 1021 suisque
370 985 470 1013 catulis
487 986 691 1013 accommodam
712 985 795 1012 faciat
812 983 1021 1011 habitationem.

230 1030 288 1058 Non
301 1031 428 1058 dormitet
441 1032 573 1058 adversus
582 1030 710 1058 eﬂ‘renem
720 1030 790 1058 illius
800 1030 940 1057 audaciam
954 1030 1022 1057 luci-

231 1078 360 1105 dissimus
376 1085 407 1105 ac
423 1078 615 1113 insoporabilis
628 1078 724 1105 oculus
740 1083 812 1105 tuus.
828 1076 928 1105 Noscat
942 1083 1022 1111 quem

231 1125 387 1157 orn-aderit,
411 1128 439 1152 ct
465 1125 490 1151 in
506 1131 590 1159 quem
610 1129 694 1151 oestro
712 1123 855 1158 impotenti
877 1123 1024 1150 bacchatus

231 1171 278 1200 sit.
289 1170 418 1198 Pastores
429 1170 553 1205 luporqu
564 1169 763 1197 humanitatem
775 1168 919 1197 convertit.
927 1167 1023 1196 Ovium

231 1217 327 1244 faciles
350 1217 467 1248 animos,
485 1221 515 1242 ut
540 1216 573 1243 iis
597 1215 787 1250 obsequantur
816 1215 861 1250 qui
886 1215 955 1242 bene
980 1221 1024 1241 re-

231 1254 298 1298 gunt
317 1271 348 1289 ac
380 1268 526 1297 praasunt,
557 1269 590 1288 ac
617 1261 644 1288 in
673 1261 864 1289 inobedieutiae
889 1260 1023 1288 feritatem

230 1309 373 1342 compulit.
387 1308 428 1335 Ab
440 1308 499 1342 ejus
512 1314 606 1335 errore
617 1303 726 1342 gregem
751 1306 850 1339 libera,
869 1306 914 1341 qui
929 1313 959 1333 se
986 1305 1024 1332 illi

231 1354 348 1381 necdum
373 1353 510 1388 adjunxit,
526 1353 718 1380 remissionent
750 1360 764 1378 a
786 1352 867 1379 malis
889 1351 1022 1383 obtineat,

232 1404 345 1426 eruatur
382 1405 397 1424 a
421 1397 559 1432 periculis.
581 1397 705 1424 Dextera:
732 1402 783 1423 tua:
809 1395 945 1431 possessio
963 1400 1022 1428 est;

232 1452 268 1473 ne
279 1445 323 1477 iis,
335 1451 437 1479 quaeso,
454 1444 531 1471 cedat
550 1443 576 1470 in
591 1443 708 1478 praedam
722 1443 767 1477 qui
793 1442 878 1477 ipsam
900 1445 1024 1476 qua-runt

233 1492 379 1519 demi-are.
396 1489 451 1517 Nus
463 1495 553 1516 autem
570 1489 617 1523 qui
639 1489 664 1515 in
684 1492 729 1514 tua
750 1495 799 1514 nos
818 1487 919 1522 judicia
933 1486 1023 1521 proje-

226 1537 330 1568 -cimns,
348 1544 428 1563 manu
444 1536 527 1562 ducas
539 1543 571 1561 ac
585 1535 687 1570 dirigas
705 1542 760 1569 quo
772 1533 955 1568 gubernatrici
972 1538 1024 1560 tua:

235 1582 411 1618 providentia:
429 1582 515 1608 visunt
534 1580 636 1608 .I'uerit.
666 1580 755 1612 Vides,
781 1579 908 1612 Domine,
923 1583 1023 1613 quanta

234 1627 314 1654 nobis
329 1627 458 1653 violentia
478 1626 637 1652 incumbat:
655 1633 698 1656 ne,
715 1625 839 1656 obsecro,
862 1632 876 1650 a
904 1624 1023 1651 retribu-

239 1674 323 1704 tione,
335 1680 395 1707 quat
411 1679 444 1699 ex
458 1671 502 1698 illa
515 1676 568 1704 est,
584 1678 633 1698 nos
648 1671 789 1698 excludas.
805 1669 844 1697 Ne
859 1670 932 1697 velut
945 1670 1024 1704 impe-

238 1719 305 1745 ritos
317 1718 458 1752 minusque
469 1717 583 1744 solet-tes
599 1722 723 1751 pastores
736 1723 835 1751 arguas
850 1724 856 1742 :
873 1722 942 1741 unus
952 1716 1024 1741 enim

236 1764 363 1798 solusque
388 1770 429 1796 cs,
444 1763 488 1792 cui
512 1768 541 1790 ut
559 1764 697 1798 sapienter
718 1763 847 1797 onmique
873 1763 1025 1797 prudentia:

236 1812 316 1838 laude
333 1816 408 1844 regat
425 1817 457 1837 ac
479 1814 585 1843 pascat,
603 1816 762 1836 concessum
781 1813 831 1836 est.
850 1808 889 1836 Ne
910 1808 1025 1843 pigriti:e

233 1857 407 1889 damnentur,
418 1861 548 1890 tanquam
564 1855 603 1882 illi
615 1855 698 1882 dediti
724 1855 800 1882 utilia
821 1855 953 1882 doctrina:
967 1854 1024 1888 pri.

232 1903 333 1930 mitiva:
344 1902 545 1937 prodideritnus
556 1908 564 1933 ;
576 1905 707 1935 quantum
722 1900 794 1927 enim
808 1908 855 1936 per
866 1900 1025 1928 lacullatem

222 1950 308 1978 .licuit
322 1949 420 1976 collata
436 1955 530 1983 opera,
547 1948 606 1974 hinc
632 1954 742 1982 quoque
762 1947 822 1980 tibi,
841 1946 1024 1982 primogenito

228 1996 321 2024 munis
335 1999 478 2027 creatura,
497 1994 667 2021 servavimus
691 1993 785 2020 illaesa.

267 2051 312 2078 Ἠ.
328 2050 393 2078 Vale
419 2050 495 2081 mihi,
512 2049 624 2084 Sophia,
640 2048 718 2076 Verbi
743 2049 827 2076 divini
852 2048 949 2076 dttrum
979 2048 1026 2075 lir-

230 2104 361 2130 tnumque
397 2097 540 2131 perspicue
576 2095 740 2128 delubrum;
767 2101 849 2122 rectae
884 2095 945 2122 fidei
975 2096 1024 2123 tibi

222 2143 351 2172 «claustra
368 2143 488 2176 impono,
505 2150 565 2176 qua:
589 2141 671 2169 nullis
694 2149 814 2176 unquam
836 2142 1024 2168 hmreticorum

231 2190 356 2217 vectibus
382 2189 582 2222 inl'rangautur.
610 2187 670 2215 Tibi
694 2187 810 2215 sincerae
843 2187 1024 2215 confessionis

732 155 763 185 S.
782 153 994 185 NICEPHORI
1014 152 1267 183 PATRIARCIHE
1287 152 1342 182 CP.

1076 207 1235 242 μυστηρίων
1256 207 1305 238 τὰς
1328 205 1534 241 ὀλοκαρπώσεις
1551 205 1696 242 δεχόμενος
1710 227 1716 238 .
1737 207 1868 244 ἁμαρτη-

1077 253 1169 289 μάτων
1183 253 1344 289 ἁτταλλαγὴν
1355 254 1410 285 τοῖς
1423 252 1506 285 ἀξίως
1523 253 1714 289 μετειληχέναι
1727 256 1870 290 παραστή-

1076 309 1153 327 σασιν
1176 301 1283 332 ἑαυτοῖς
1313 301 1441 336 χορηγεῖν
1467 300 1640 332 ἑδικαίωσας,
1671 300 1772 328 Τοῦτον
1801 301 1868 336 γὰρ,

1075 346 1177 377 παντὸς
1203 346 1299 372 σπίλον
1323 347 1369 372 καὶ
1392 345 1491 381 μώμου
1515 346 1610 382 πόῤῥω
1634 346 1814 382 τυγχάνοντα,
1834 348 1868 382 τῇ

1075 393 1231 427 παγκρατεῖ
1253 392 1301 418 καὶ
1316 392 1364 418 νῦν
1383 393 1455 428 χειρί
1473 401 1521 418 σου
1541 392 1732 428 παρατίθημι,
1746 392 1783 424 ὡς
1802 393 1869 428 παρ’

1074 438 1159 473 αὐτῆς
1184 438 1231 465 καὶ
1251 438 1408 470 πιστευθεὶς
1420 437 1515 465 τοῦτον
1531 439 1578 466 καὶ
1598 438 1770 474 διατηρήσας
1787 439 1870 470 όσίως

1075 485 1114 515 είς
1127 485 1258 520 δύναμιν,
1278 483 1325 511 ἐπὶ
1347 485 1380 520 τῇ
1404 484 1493 520 πέτρᾳ
1509 485 1558 520 τῆς
1569 484 1686 520 ἀληθοῦς
1709 484 1869 518 φιλοσοφίας

1074 530 1270 566 ὲρηρεισμένον
1285 529 1406 564 ἐφύλαξα
1419 537 1425 544 ·
1443 529 1480 561 ὡς
1496 530 1578 561 τόπος
1597 529 1644 555 καὶ
1670 529 1807 565 σκήνωμα
1820 529 1870 565 τῆς

1075 576 1125 611 σῆς
1137 575 1217 611 δόξης
1240 575 1290 611 τὴν
1304 575 1402 602 ἑαυτοῦ
1425 575 1571 610 παγκάλην
1588 575 1755 610 εὐπρέπειαν
1771 574 1869 601 διεσώ-

1075 631 1150 652 σατο,
1170 622 1246 654 υἱούς
1268 630 1309 648 σοι
1332 622 1379 648 καὶ
1405 621 1591 657 κληρονόμους
1620 621 1664 648 διὰ
1693 620 1743 655 τῆς
1766 621 1869 656 σεπτῆς

1074 667 1268 703 κολυμϐήθρας
1293 667 1408 698 πολλοὺς
1436 667 1612 701 ὑπηγάγετο,
1645 667 1689 694 διὰ
1719 667 1869 702 μετανοίας

1073 713 1219 740 ἀνενδότου
1244 714 1277 748 τῇ
1297 712 1479 747 εὐσπλὰγχνῳ
1496 711 1626 747 εὐμενείᾳ
1651 720 1699 738 σου
1727 711 1870 746 κρείττους

1074 758 1193 794 ἀριθμοῦ
1225 758 1446 794 προσῳκείωσεν.
1469 758 1525 791 Σοὶ,
1547 758 1656 793 Σῶτερ,
1675 757 1724 793 τὴν
1739 766 1870 793 παρακα-

1073 804 1207 840 ταθήκην,
1232 804 1257 830 εἰ
1277 803 1325 831 καὶ
1337 803 1462 838 ἀναξίαις
1475 803 1581 839 χερσὶν,
1602 803 1760 838 ἐπιδίδωμι,
1777 811 1870 838 παρα-

1074 850 1156 886 χωρῶ
1177 852 1210 885 τῇ
1229 851 1262 886 σῇ
1285 849 1340 876 τῶν
1361 849 1506 884 χριμάτων
1522 849 1633 884 ἀΰύσσῳ
1648 849 1681 876 τὰ
1699 849 1760 876 κατ’
1774 849 1870 880 αὑτὸν,

1073 896 1110 928 ὠς
1120 895 1242 927 εὐδοκεῖς
1249 895 1431 922 διατίθεσθαι.
1440 894 1516 931 Λέων
1524 894 1584 921 κατ’
1595 894 1682 929 αὐτῆς
1693 887 1850 929 ἐπωρύεται
1861 915 1869 928 ,

1075 935 1165 976 ζητῶ
1178 940 1313 976 ἁρπάσαι,
1329 940 1444 971 καὶτοῖς
1460 939 1557 967 ἑαυτοῦ
1579 940 1709 976 σκύμνοις
1725 941 1871 976 ἑτοιμάσαι

1073 985 1185 1020 δαψιλὲς
1199 986 1358 1021 οἰκητήριον
1368 993 1374 999 ·
1393 985 1431 1020 μὴ
1442 985 1650 1017 ἐπινυσταξάτω
1667 985 1737 1012 κατὰ
1754 985 1805 1021 τῆς
1818 985 1871 1012 αὑ-

1074 1033 1120 1060 τοῦ
1134 1032 1286 1068 τολμηρίας
1298 1033 1313 1059 ὁ
1328 1032 1462 1068 παμφαής
1477 1040 1524 1058 σου
1540 1032 1588 1059 καὶ
1601 1031 1752 1067 ἀκοίμητος
1767 1031 1872 1066 ὀφθαλ-

1075 1079 1125 1115 μός
1135 1087 1142 1094 ·
1155 1078 1263 1113 γνώτω,
1279 1078 1332 1104 τίνι
1347 1078 1582 1113 προσκέκρουκεν,
1598 1078 1644 1105 καὶ
1660 1078 1728 1114 πρὸς
1740 1077 1770 1105 δν
1782 1079 1872 1112 ἀκρα-

1074 1123 1128 1156 τῶς
1149 1123 1363 1160 πεπαρῴνηκεν.
1384 1124 1431 1155 El;
1450 1123 1542 1150 λύκων
1559 1123 1706 1160 θηριωδίαν
1724 1123 1789 1155 τοὺς
1806 1132 1872 1150 ποι-

1075 1170 1160 1206 μένας
1185 1169 1366 1205 μετήμειψεν,
1390 1169 1440 1204 τὴν
1465 1169 1534 1205 πρὸς
1557 1169 1621 1201 τοὺς
1635 1169 1728 1201 καλῶς
1752 1169 1873 1204 ἄγοντας

1073 1215 1128 1242 τῶν
1152 1215 1298 1251 προϐάτων
1322 1215 1479 1242 εὐπείθειαν
1505 1215 1574 1251 πρὸς
1598 1215 1741 1248 ἀπειθείας
1767 1215 1873 1251 ἦλασεν

1074 1261 1240 1296 ἁχρειότητα
1249 1269 1256 1276 ·
1270 1260 1395 1296 ἅρπασον
1406 1260 1457 1296 τῆς
1472 1260 1555 1288 αὐτοῦ
1564 1261 1679 1297 πλάνης,
1688 1261 1719 1287 τὸ
1733 1260 1771 1297 μὴ
1784 1269 1874 1298 προσ-

1074 1306 1151 1332 τεθὲν
1168 1305 1242 1342 αὑτῷ
1257 1307 1399 1342 ποίμνιον
1424 1306 1547 1342 ὰνεθήτω
1575 1306 1630 1333 τῶν
1660 1306 1766 1340 δεινῶν,
1779 1306 1873 1334 ἁπαλ-

1073 1350 1185 1386 λαγήτω
1196 1350 1249 1378 τῶν
1265 1351 1415 1388 δυσχερῶν.
1431 1351 1487 1387 τῆς
1503 1351 1553 1388 σῆς
1573 1351 1665 1388 χειρός
1681 1352 1740 1378 ὲστι
1755 1351 1871 1387 κτῆμα·

1077 1396 1114 1432 μὴ
1129 1397 1186 1428 τοῖς
1203 1397 1350 1424 καταπιεῖν
1366 1396 1477 1432 ζητοῖσι
1498 1397 1606 1431 γένοιτο
1633 1397 1755 1434 θήραμα.
1780 1398 1875 1434 Ἦμᾶς

1075 1441 1102 1468 δὲ
1121 1442 1178 1474 τοῖς
1199 1442 1256 1474 σοῖς
1274 1442 1387 1474 ἑαυτοὺς
1409 1442 1609 1478 ὲπιῤῥίψαντας
1633 1443 1762 1479 κρίμασι,
1793 1452 1875 1479 χειρ-

1076 1487 1217 1523 αγωγοίης
1232 1488 1281 1515 καὶ
1298 1487 1426 1523 όδηγοῖης
1441 1488 1503 1515 ὅποι
1511 1488 1588 1522 φίλον
1604 1490 1637 1525 τῇ
1654 1490 1686 1524 σῇ
1703 1489 1876 1524 κυῦερνήσει

1077 1534 1254 1569 παρίσταται.
1271 1533 1328 1569 Τὴν
1345 1533 1404 1569 βίαν
1419 1535 1496 1570 ὁρᾷς,
1512 1535 1588 1570 ὅσην,
1604 1535 1708 1570 Κῦριε·
1726 1534 1764 1570 μὴ
1777 1536 1828 1570 τῆς
1843 1535 1876 1568 ἐξ

1077 1580 1162 1616 αὐτῆς
1185 1580 1367 1615 ἐγγινομένης
1387 1580 1549 1613 ἀντιδόσεως
1565 1581 1638 1616 ἡμᾶς
1655 1581 1873 1614 ἀποκλείσειας,

1077 1626 1115 1662 μὴ
1130 1626 1168 1658 ὡς
1181 1626 1314 1662 ἀπείρους
1336 1626 1384 1654 καὶ
1407 1626 1542 1658 ἀσκεύους
1561 1627 1694 1662 ποιμένας
1710 1627 1854 1661 ἔλέγξειας
1866 1637 1873 1644 ·

1077 1671 1118 1697 σοὶ
1128 1671 1182 1706 γὰρ
1198 1671 1271 1706 μόνῳ
1281 1671 1311 1697 τὺ
1326 1671 1547 1707 ὲπιστημονικῶς
1561 1672 1638 1706 ἄγειν
1652 1672 1700 1698 καὶ
1711 1672 1874 1706 ποιμαίνειν

1076 1716 1261 1752 κεκλήρωται.
1272 1717 1318 1752 Μὴ
1328 1717 1465 1752 ρᾳθυμίαν
1476 1717 1721 1753 κατακριθείημεν,
1733 1717 1771 1748 ὡς
1782 1717 1874 1754 ταύτῃ

1076 1763 1221 1799 προδόντες
1243 1763 1277 1790 τα
1299 1763 1349 1799 τῆς
1374 1763 1550 1796 διδασκαλίας
1584 1763 1703 1799 βιωφελῆ
1728 1772 1874 1799 πρωτότο-

1076 1811 1138 1836 κεῖα
1149 1817 1156 1824 ·
1180 1811 1212 1845 τῇ
1233 1810 1289 1845 γὰρ
1307 1809 1380 1837 κατὰ
1402 1809 1518 1846 δύναμιν
1532 1811 1705 1846 ,συνεισφορᾷ
1721 1811 1875 1838 καὶταῦτα

1077 1864 1135 1889 σοι,
1150 1855 1190 1892 τῷ
1216 1856 1384 1892 πρωτοτόκῳ
1403 1857 1495 1892 πάσης
1513 1857 1564 1893 τῆς
1585 1857 1714 1890 κτίσεως,
1741 1857 1876 1894 ἀλώὸητα

1076 1901 1281 1937 τετηρήκαμεν.

1111 2051 1160 2075 οα’.
1182 2048 1268 2083 Χαῖρέ
1292 2056 1348 2082 μοι,
1367 2048 1461 2083 Σοφία,
1477 2048 1507 2075 τὺ
1519 2048 1567 2075 τοῦ
1589 2048 1663 2075 θείου
1677 2048 1759 2083 λόγου
1775 2050 1877 2085 σαφῶς

1075 2094 1237 2129 ἀμείλικτον
1252 2094 1375 2129 τέμενος,
1391 2095 1433 2121 σοὶ
1447 2094 1481 2121 τὰ
1494 2094 1544 2130 τῆς
1557 2094 1712 2130 όρθοδοξίας
1727 2095 1877 2131 ἐπιτίθημι

1076 2140 1207 2177 κλεῖθρα,
1233 2141 1342 2176 μοχλοῖς
1366 2141 1560 2177 αίρετιζόντων
1576 2141 1704 2177 οὐδαμῶς
1726 2143 1877 2177 συντριϐό-

1078 2195 1157 2221 μενα.
1175 2187 1231 2220 Σοὶ,
1251 2189 1285 2223 τῇ
1305 2187 1434 2223 σφραγῖδι
1452 2188 1502 2222 τῆς
1517 2187 1682 2223 εἰλικρινοῦς
1704 2188 1876 2224 ὁμολογίας,

224 2234 322 2269 τεὶςίΙΙο
351 2234 480 2265 munitae,
502 2232 613 2260 Patrum
639 2233 749 2260 decreta
770 2238 800 2260 ut
819 2234 1022 2267 coact-ederem,

1076 2233 1110 2259 τὰ
1124 2233 1179 2259 τῶν
1195 2234 1325 2269 Πατέρων
1342 2234 1562 2268 ἀσφαλισάμενος
1578 2234 1703 2269 δόγματα
1714 2256 1722 2268 ,
1749 2243 1876 2262 καταπι-

225 2288 322 2314 ιορυτιιε
342 2280 458 2313 pretium
485 2279 561 2309 duxi,
575 2287 636 2313 qua:
655 2279 735 2307 nulla:
762 2287 881 2315 unquam
909 2279 1026 2308 violave-

228 2325 288 2350 ,rint
300 2324 488 2350 haereticorum
507 2323 620 2350 lechnan
639 2322 718 2356 Vale,
732 2324 799 2351 mihi
814 2325 912 2352 dilecta
929 2326 1023 2353 cathe-

224 2370 293 2402 dra,
308 2377 389 2404 quam
419 2369 470 2396 nisi
496 2369 522 2396 vi
538 2370 654 2397 adactus
747 2371 907 2404 conscendi,
926 2379 941 2399 ιι
970 2380 1023 2408 qua

233 2424 305 2443 nunc
330 2416 396 2443 cedo
419 2416 443 2442 vi
471 2416 564 2448 majori
580 2416 718 2451 depulsus.
737 2416 844 2451 Valete,
871 2423 1021 2454 martyrqu

223 2461 352 2488 divinam
374 2461 501 2488 virtutem
518 2461 654 2495 spirantes
673 2461 780 2496 tumuli,
791 2463 916 2497 mdesque
926 2471 1022 2496 ειη-νει),

223 2506 396 2540 .cvaugelicis
431 2506 525 2540 ﬁguris
551 2512 578 2534 et
605 2508 803 2541 certaminum,
832 2508 930 2543 quibus
959 2513 1023 2536 sunt

230 2551 379 2585 defunctis,
405 2553 528 2580 historiis
553 2559 704 2586 exornatae,
718 2554 744 2580 in
769 2561 838 2589 quas
864 2555 953 2582 insani
971 2556 1022 2582 ho-

230 2598 320 2625 mines
350 2598 479 2632 profanas
505 2598 614 2633 quidem
639 2606 737 2626 manus
776 2600 914 2635 injicicut;
949 2601 1022 2628 haud

226 2649 323 2670 tamen
339 2645 538 2679 impendentem
555 2645 606 2673 sibi
625 2647 659 2674 ab
677 2647 775 2674 invicta
792 2647 837 2674 Dei
859 2655 940 2674 manu
957 2647 1021 2675 sub—

232 2690 378 2725 terfugieut
397 2691 537 2718 ultionem.
557 2692 620 2719 Vale
635 2698 661 2719 et
682 2699 721 2725 tu,
738 2693 783 2720 Dei
803 2701 897 2729 magna
913 2694 1020 2726 civitas,

224 2741 262 2762 .ac
289 2741 422 2771 quotquot
448 2738 473 2764 iu
505 2742 530 2765 te
560 2746 633 2766 sana:
662 2738 879 2766 orlhodoxorum
908 2737 1020 2766 Patrum

965 2808 970 2821 ἱ

265 2860 281 2882 δ
295 2861 336 2888 An
355 2861 600 2897 ἐγκαὶυνδούμενοι
616 2863 657 2889 vel
674 2861 925 2899 ὲγκαλυπτόμενοι.

1076 2280 1190 2307 στεῦσαι
1207 2280 1297 2312 καλῶς
1318 2280 1544 2316 προτεούμημαι,
1569 2280 1703 2316 μηδαμῶς
1718 2283 1778 2313 ταῖς
1794 2283 1877 2317 αἰρε-

1073 2328 1163 2358 τικαῖς
1177 2326 1369 2361 ἀντιστροιραῖς
1388 2326 1538 2362 συληθῆναι
1550 2327 1793 2363 δυνάμενα.Χαῖρέ
1813 2337 1876 2363 μοι,

1074 2372 1194 2407 καθέδρα
1204 2393 1211 2404 ,
1227 2372 1269 2407 ἐφ’
1283 2371 1317 2407 ἢν
1343 2372 1393 2399 οὐκ
1407 2372 1547 2404 ἁδιάστως
1572 2372 1686 2408 ἐπέϐην,
1712 2374 1759 2400 καὶ
1774 2371 1809 2410 ἦς
1824 2374 1879 2400 νῦν

1073 2418 1209 2454 ὑποχωρῶ
1227 2418 1392 2454 βιαιότερον.
1408 2418 1539 2454 Χαίρετε,
1551 2420 1632 2454 σηκοὶ
1647 2419 1797 2456 μαρτύρων
1814 2421 1879 2447 θεό-

1076 2464 1187 2500 ληπτοι,
1202 2466 1260 2496 τοῖς
1279 2464 1470 2499 εὐαγγελικοῖς
1485 2465 1531 2492 καὶ
1540 2465 1696 2500 ἀθλητικοῖς
1711 2469 1879 2503 χαρακτῆρ-

1074 2519 1116 2537 σιν
1127 2510 1338 2546 ὲγκαλυνόμενοι
1346 2512 1371 2544 ιι,
1380 2509 1470 2546 ἐφόἷς
1481 2513 1505 2539 οι
1518 2513 1699 2548 ἀφραίνοντες
1711 2513 1878 2542 ὲπιὸαλοῦσι

1076 2558 1126 2593 μὲν
1142 2558 1273 2594 βεὸήλους
1298 2560 1410 2595 χεῖρας,
1438 2560 1488 2595 οὺχ
1512 2560 1643 2595 ὑφελοῦσι
1667 2561 1758 2596 δὲτὴν
1774 2562 1807 2588 ὲκ
1824 2563 1878 2597 τῆς

1077 2604 1212 2639 ἀηττήτου
1248 2605 1338 2640 χειρὲς
1372 2606 1464 2638 αὐτοῖς
1491 2607 1689 2642 ἐπηρτημένην
1720 2607 1876 2636 ἀντίδοσιν.

1076 2650 1162 2685 Χαῖρε
1194 2652 1240 2677 καὶ
1268 2652 1310 2682 σὺ,
1332 2651 1400 2678 Θεοῦ
1430 2653 1596 2687 μεγαλόπολι
1613 2674 1621 2686 ,
1652 2654 1700 2681 καὶ
1732 2654 1791 2681 ὅσοι
1817 2658 1880 2689 τοῖς

1076 2695 1181 2729 ὑγιέσιν
1208 2697 1302 2723 ἐν·σοὶ
1324 2697 1371 2724 καὶ
1395 2698 1541 2734 Πατρικοίς
1565 2699 1877 2736 ὲπερείδονταιδόγμα-

1077 2748 1128 2773 σιν,
1146 2741 1192 2773 οὓς
1207 2744 1262 2774 τοῖς
1294 2742 1362 2769 Θεοῦ
1387 2745 1434 2770 καὶ
1456 2746 1511 2777 cci;
1534 2745 1711 2781 ὑποϐέϐληκα
1727 2747 1877 2783 πτέρυξιν,
