1931 3076
96 141 138 173 133

847 135 935 164 νΙΤΑ
942 158 947 164 .

1670 133 1720 166 134.

95 198 165 233 μήτι
187 195 288 227 κακίας
319 194 417 230 πτερὸν
446 194 586 228 ἀπαγάγοι
613 193 661 229 τῆς
685 193 732 228 σῆς
751 192 879 228 περιθῶ.-

944 200 1061 228 lottrina:
1080 199 1224 232 inhaerent,
1240 197 1287 225 Dei
1315 197 1425 232 tuisque
1455 198 1552 232 pennis
1572 198 1721 234 subjectos,

93 244 164 278 ψεως.

121 330 165 365 οβ’.
183 329 262 356 Οὕτω
278 328 313 355 τὰ
335 328 387 364 τῆς
410 327 540 363 εὐχτικῆς
558 327 712 363 ἱερολογίας
728 327 876 361 ἀνενέγκας

92 375 268 412 καρπώματα,
281 374 321 408 τῷ
337 375 441 410 φορείῳ
462 374 559 400 ἑαυτὸν
574 373 749 406 ἀποδίδωσιν,
766 373 813 399 καὶ
826 373 876 408 τὴν

91 423 127 456 ἐφ’
138 419 174 453 οἷς
188 421 265 454 ἄγειν
278 419 421 446 ἐϐούλοντο
434 419 549 454 πορείαν
562 419 586 445 οἱ
597 418 717 454 βιασταὶ,
732 417 781 445 καὶ
790 417 876 451 ἄκων,

91 466 366 494 ὲστέλλετο.Θάλασσα
380 466 408 492 δὲ
424 466 458 493 τὰ
471 466 544 493 νῶτα
555 466 657 501 ἑαυτῆς
675 464 875 499 ὑφαπλώσασα,

92 514 187 549 ἀκατίῳ
211 513 258 540 τὸν
281 513 384 539 δίκαιον
407 512 573 548 ὑπεδέχετο,
595 512 726 547 καὶπρὸς
751 511 800 547 τὴν
828 511 874 537 ὑπ’

92 560 165 587 αὐτοῦ
191 560 358 596 δομηθεῖσαν
391 559 476 595 μονὴν
505 559 553 585 τοῦ
587 557 703 593 Ἀγαθοῦ
734 558 879 593 παρεπέμ-

92 616 159 634 mro.
181 608 225 634 Ἐν
274 607 374 643 μικρόν
388 615 448 633 τινα
469 605 682 641 προπδιατρίψαι
697 605 794 641 χρόνον
810 613 878 640 συγ-

91 654 229 688 χωρηοεὶς.
255 653 334 684 αὖθις
351 652 404 679 ὑπὸ
430 651 485 678 τῶν
506 653 556 686 τῆς
587 651 649 686 βίας
679 650 799 685 εὑρετῶν
828 651 878 677 ἐπὶ

92 700 135 735 τὴν
156 699 326 734 πορρωτέρω
345 697 475 733 κειμένην
488 697 537 724 καὶ
557 697 603 724 ὑπ’
626 696 709 723 αὑτοῦ
725 695 880 732 ἱδρυθεῖσαν

94 745 163 780 ἱερὰν
182 745 267 780 μονὴν
281 743 329 771 τοῦ
343 743 470 778 ,μεγάλου
487 743 627 779 μάρτυρος
652 741 792 778 Θεοδώρου
811 741 875 777 μεθ-

94 791 206 818 ίσταται·
218 791 250 817 οὐ
266 790 320 825 γὰρ
336 790 433 825 ἔφερον
445 789 509 825 ἄγχι
525 798 563 824 πη
578 789 699 825 καθορᾷν
714 789 762 824 τῆς
775 789 880 816 ἑαυτῶν

94 837 228 872 βδελυρίας
246 836 446 871 κατῳκημένον
468 836 515 862 τὸν
527 835 643 862 δίκαιον.
658 834 801 862 Στέλλεται
815 833 881 869 γοῦν

93 884 133 910 ἐπὶ
145 882 232 918 τούτῳ
248 882 367 918 Βάρδας,
388 883 402 908 ὁ
418 881 465 908 τοῦ
483 880 599 913 Λέοντος
622 880 732 916 ἀνεψιὸς
747 881 882 907 οἰκειότα-

94 937 148 963 τος·
160 930 189 961 ὃς
203 929 252 956 ἐπὶ
265 928 313 956 τοῦ
327 928 411 954 τόπου
432 927 592 962 γενόμενος,
613 927 662 954 καὶ
679 927 729 962 τῆς
746 927 810 961 νηὸς
822 927 885 952 tim.

94 977 148 1009 ϐὰς,
166 976 215 1003 καὶ
238 975 364 1010 καθέδρᾳ
383 973 549 1010 έφιδρυοεῖς,
562 973 609 1000 τὸν
633 973 720 1008 μέγαν
749 971 882 1008 ἱεράρχην

933 244 1043 273 custodi
1065 252 1100 272 ne
1125 251 1179 279 qua
1201 243 1322 278 nequitia
1341 243 1454 276 involet,
1472 247 1575 279 eosque
1588 251 1604 272 a
1621 249 1667 272 tua
1683 246 1724 274 lo-

931 290 1019 318 ventis
1034 297 1100 317 cura
1115 290 1241 317 abducat.

967 335 1011 362 72.
1028 334 1105 362 llunc
1124 335 1151 361 in
1170 329 1279 362 modum
1293 341 1379 361 sacrae
1396 334 1561 369 precationis
1576 335 1722 363 holocaus-

930 386 1035 409 tomate
1059 381 1162 413 oblato,
1180 387 1241 408 sese
1258 380 1363 408 lectica
1381 380 1549 408 eﬂ‘erendum
1571 382 1654 409 traJit
1667 382 1720 418 (c);

928 435 982 462 qtto
1009 426 1119 454 violenti
1149 426 1269 460 saevique
1296 427 1424 453 ductores
1438 427 1574 454 voluerint
1600 428 1721 459 trahere,

928 479 971 505 eo,
981 472 1083 499 invitus
1101 472 1239 506 quamvis,
1256 471 1442 505 profecturus.
1454 471 1532 498 Mare
1551 479 1616 499 vero
1640 472 1722 500 dorsa

928 518 1065 553 explicans
1078 518 1104 544 in
1121 517 1203 544 lintre
1219 516 1326 551 excepit
1339 516 1453 550 justum,
1465 518 1498 543 ad
1514 518 1721 549 monasterium,

928 564 999 598 quod
1032 564 1268 598 ipseevstruxerat
1308 561 1375 589 Boni
1405 562 1536 594 nomine,
1557 562 1720 597 ablegatum.

929 609 986 637 lllic
1003 610 1099 637 breves
1117 616 1210 636 tnoras
1237 607 1387 643 permissus
1411 615 1503 643 agere,
1519 607 1552 634 ab
1578 607 1649 634 illius
1663 607 1721 634 vio-

930 655 1020 683 lentiae
1036 655 1204 687 auctoribus,
1219 655 1246 682 in
1260 653 1454 681 mOnasterium
1473 653 1579 687 longius
1595 653 1721 681 dissitum

930 706 957 728 et
981 701 1066 736 ipsius
1090 708 1199 736 quoque
1220 704 1393 728 exstructum
1419 707 1514 733 opera,
1531 699 1622 734 magni
1649 706 1724 725 mar-

929 747 998 783 tyris
1025 746 1173 779 Theodori,
1195 745 1379 780 transportari
1404 745 1527 780 iubetur.
1551 744 1628 772 llaud
1651 745 1723 772 enim

931 792 1073 820 ferendum
1105 793 1238 828 putabant
1266 796 1295 819 ut
1316 792 1406 819 vicina
1431 792 1552 826 ipsorum
1577 791 1724 818 dementiae

930 839 990 867 loca
1007 839 1098 874 justus
1118 838 1243 866 habitare
1265 838 1483 872 conspiceretur.
1500 837 1605 864 thrdan
1629 838 1721 871 itaque

931 885 1031 913 Leonis
1053 884 1249 912 consobrinum
1273 887 1301 910 et
1324 883 1569 910 familiarissimum
1595 881 1727 909 adNice-

932 931 1049 966 phorum
1069 930 1220 962 destinant,
1236 929 1281 963 qui
1308 935 1458 956 conscensa
1483 936 1551 955 nave
1575 927 1609 966 ad
1638 927 1727 954 lui-unt

932 976 1075 1009 deductus,
1101 983 1164 1003 cum
1189 975 1306 1003 sedisset
1332 974 1359 1002 in
1390 974 1531 1004 cathedra.
1547 979 1574 1000 et
1599 980 1728 1007 magnum

95 1020 155 1054 πρὸς
174 1019 272 1045 ἑαυτὸν
297 1018 474 1051 ἐξεκαλεῖτο,
505 1017 553 1044 καὶ
568 1015 629 1045 εἶτα
646 1018 701 1044 τῶν
725 1017 883 1052 δορυφόρων

944 1021 1081 1048 intistitem
1094 1027 1186 1048 coram
1209 1027 1240 1047 eo
1252 1020 1294 1047 sui
1310 1019 1451 1046 stetissent
1469 1018 1614 1050 satellites,
1630 1025 1663 1045 ne
1676 1018 1729 1045 nti-

96 1067 132 1092 ln‘
142 1066 234 1100 δψεσιν
247 1064 334 1091 αὐτοῦ
349 1064 460 1091 ἑστάναι
473 1063 570 1090 τοῦτον
585 1062 792 1098 ἁμιλλωμένων,
805 1062 881 1089 οὐδὲν

95 1111 166 1142 αὐτὸς
178 1111 247 1146 πρὸς
262 1111 293 1137 τὸ
307 1110 440 1146 ἐράσμιον
453 1107 503 1145 τῆς
516 1110 593 1145 ἱερᾶς
607 1109 758 1144 παρουσίας
773 1108 882 1143 ἐκείνης

95 1155 230 1187 εὐλαόείας
251 1154 364 1187 διέδειξε
386 1155 551 1190 πρόσχημα,
569 1155 640 1187 οὐδὲ,
655 1155 680 1180 εί
701 1155 739 1190 μή
760 1163 786 1181 τι
801 1154 881 1187 ἄλλο,

94 1202 138 1236 τὴν
156 1201 348 1236 παροιμιακὴν
364 1200 529 1236 ὲδυσωπήθη
544 1201 720 1236 παραίνεσιν,
734 1201 794 1237 τὴν,
814 1210 824 1226 ι
835 1200 884 1228 Ἐκ

96 1246 236 1283 προσώπου
244 1246 339 1273 πολιοῦ
347 1246 532 1284 ἐξαναστήσῃ,
540 1257 550 1272 ι
560 1247 650 1281 σοφῶς
658 1247 819 1281 διαγγέλλου
824 1255 882 1274 σαν·

96 1293 173 1329 ἀπρὶξ
184 1293 215 1320 δὲ
228 1293 320 1328 εἴχετο
334 1294 384 1328 τῆς
398 1292 546 1328 καθέδρας.
566 1293 597 1320 '0
607 1293 637 1319 δὲ
651 1293 701 1324 τὰς
716 1293 764 1320 τοῦ
776 1293 883 1320 νεανίου

95 1338 190 1374 φρένας
210 1337 375 1373 έωρημένας
396 1337 469 1364 κατὰ
494 1337 544 1373 τὴν
562 1336 674 1373 ποίησιν
693 1337 807 1369 ὑπιδὼν,
821 1337 886 1365 ἄλλο

97 1384 141 1418 μὲν
161 1383 251 1415 οἰδὲν,
274 1382 355 1409 τοῦτο
377 1382 406 1409 δὲ
425 1382 494 1417 πρὸς
523 1382 605 1409 αὑτὸν
632 1381 826 1417 ἐπεφώνησεν·
850 1380 886 1408 Ὦ

95 1428 158 1455 καλὲ
179 1428 285 1463 Βάρδα,
303 1427 389 1462 γνῶθι
405 1428 466 1459 ταῖς
491 1427 648 1463 ἀλλοτρίαις
664 1428 820 1462 συμφοραῖς
837 1427 887 1459 τὰς

97 1474 189 1501 ἑαυτοῦ
215 1473 308 1504 καλῶς
333 1473 518 1500 διατίθεσθαι·
547 1474 596 1500 καὶ
624 1473 710 1500 ταῦτα
736 1473 821 1500 εἰπὼν
852 1474 886 1509 τῇ

97 1518 174 1555 βουλῇ
189 1518 244 1544 τῶν
260 1517 383 1552 ἀγόντων
398 1517 495 1544 ἑαυτὸν
507 1517 673 1545 ἐπιδίδωσιν.
691 1518 724 1544 Ὢ
738 1518 787 1553 τῆς
797 1517 889 1554 διορα-

96 1566 171 1600 τικῆς
192 1563 241 1590 τοῦ
257 1563 394 1597 παναγίου
410 1562 507 1599 ἀνδρὸς
523 1562 722 1599 καθαρότητος,
741 1563 774 1590 τὰ
792 1564 889 1600 πόρρω

98 1609 247 1646 βλεπούσης
264 1609 421 1643 ἐγγίζοντα,
434 1609 482 1636 καὶ
495 1608 667 1644 συναγούσης
682 1610 741 1641 τοῖς
758 1609 889 1637 ὲνεστῶσι

97 1657 128 1682 τὰ
140 1655 291 1692 μέλλονταί
308 1654 346 1680 Οὐ
361 1654 417 1689 γὰρ
430 1653 566 1689 ἁγχίτιους
581 1654 598 1689 ὴ
620 1654 684 1690 δίκη
700 1654 740 1690 τῷ
757 1656 810 1689 νέῳ
826 1663 889 1681 συνα

99 1701 196 1732 sinam,
209 1700 316 1735 χρόνων
327 1699 357 1726 δὲ
371 1700 524 1734 τετρακτὺς
541 1698 641 1734 μικροῦ
669 1699 888 1736 παριππεύσασα

99 1746 169 1781 αὐτῷ
188 1746 240 1780 τὴν
259 1744 405 1780 συμφορὰν
422 1744 626 1781 ἀπεγέννησεν·
642 1745 689 1772 καὶ
711 1745 738 1772 εί
751 1754 789 1781 τῳ
811 1745 888 1780 φίλον

98 1794 130 1820 τὰ
150 1792 215 1828 περὶ
237 1791 337 1818 τούτου
357 1790 458 1822 τελέως
478 1790 689 1824 πιστώσασθαι,
717 1791 892 1824 ὲντευξάσθω

934 1067 1007 1094 nitna
1031 1066 1140 1100 quidem
1165 1065 1328 1093 reverentia:
1354 1065 1432 1098 signa
1455 1065 1488 1091 ad
1511 1064 1655 1091 amabilem
1676 1062 1729 1090 viri

934 1111 1005 1138 sacri
1017 1111 1138 1138 ostendit
1149 1111 1313 1144 adventum;
1330 1112 1377 1138 sed
1392 1110 1573 1145 proverbialis
1592 1110 1663 1136 illius
1678 1109 1728 1136 ad-

935 1155 1095 1183 monitionis
1122 1155 1222 1182 oblitus
1251 1155 1395 1186 rationein,
1412 1161 1465 1188 qua
1491 1154 1629 1187 sapienter
1652 1153 1731 1187 jube-

935 1210 997 1229 inur
1013 1202 1047 1229 ad
1068 1200 1130 1229 cani
1162 1201 1260 1236 capitis
1286 1204 1463 1235 conspeclum
1481 1206 1639 1234 assurgere,
1656 1198 1731 1226 velut

907 1275 910 1279 ,
936 1246 996 1274 sedi
1015 1253 1070 1273 suae
1083 1245 1153 1273 ﬁxus
1165 1245 1297 1273 haerebat.
1308 1244 1332 1272 Is
1348 1252 1430 1280 porro
1447 1243 1652 1278 elatasjuvenis
1668 1243 1731 1270 aui-

937 1299 997 1319 tnos
1012 1292 1133 1325 intuens,
1144 1291 1211 1318 nihil
1229 1291 1301 1318 aliud
1314 1291 1365 1318 nisi
1380 1298 1464 1317 unum
1482 1290 1532 1317 hoc
1548 1289 1584 1316 illi
1599 1289 1732 1316 acclama-

937 1337 977 1364 vit
994 1345 1001 1364 :
1019 1337 1042 1364 0
1060 1336 1254 1364 bone‘Bardal
1267 1344 1300 1364 ex
1311 1336 1408 1363 alienis
1431 1336 1647 1367 calamitatibus,
1671 1340 1732 1362 tuas

937 1382 997 1418 ipse
1010 1389 1060 1416 pro
1077 1389 1111 1409 eo
1124 1389 1156 1409 ac
1171 1383 1260 1414 decet,
1275 1381 1347 1409 lerre
1362 1382 1490 1413 noveris;
1507 1388 1595 1415 eoque
1609 1380 1683 1407 dicto
1699 1387 1730 1406 se

938 1428 1122 1461 trahentibus,
1136 1435 1191 1462 quo
1206 1427 1316 1460 vellent,
1333 1427 1433 1454 ducere
1464 1428 1601 1462 permisit.
1626 1425 1648 1453 Ο
1670 1433 1732 1460 pcr-

937 1466 1150 1510 spicacissimam
1157 1473 1340 1501 sanctissima:
1365 1473 1466 1500 mentis
1477 1472 1657 1499 munditiem?
1672 1479 1733 1506 quae

940 1518 1021 1553 longo
1033 1524 1125 1546 essent
1135 1526 1221 1553 prope
1232 1519 1434 1551 admoventem,
1452 1526 1485 1546 ac
1501 1518 1591 1545 futura
1613 1525 1732 1552 praesen—

940 1565 1013 1592 tibus
1036 1569 1256 1592 connectentem.
1274 1563 1351 1592 llaud
1370 1566 1442 1592 enim
1471 1569 1593 1592 actutum
1606 1565 1733 1599 juvenem

941 1610 1008 1638 ultio
1023 1610 1126 1646 attigit,
1142 1611 1190 1638 sed
1201 1610 1374 1645 quadriennii
1389 1609 1452 1646 (f—g)
1468 1610 1524 1639 lere
1540 1611 1628 1644 spatio
1636 1610 1732 1636 subse-

942 1661 1005 1683 cuta
1022 1656 1206 1684 calamitatem
1231 1657 1349 1690 invexit;
1363 1664 1444 1691 quam
1461 1658 1483 1684 si
1508 1657 1570 1691 quis
1593 1656 1735 1690 explorate

941 1709 1024 1730 nosse
1042 1704 1144 1738 cupiat,
1172 1704 1260 1730 virum
1282 1705 1379 1735 adeat;
1404 1703 1555 1737 vidensque
1579 1702 1736 1730 laborantes

943 1749 1050 1781 oculos,
1065 1750 1183 1782 tristem,
1197 1757 1252 1785 quo
1263 1754 1395 1784 exceptus
1413 1753 1467 1781 est,
1483 1757 1577 1776 casum
1591 1749 1736 1784 palanttu

945 1795 1142 1830 deplorandum
1157 1796 1313 1830 perspiciet.
1326 1794 1426 1823 Verum
1451 1795 1508 1823 hanc
1524 1796 1601 1822 satis.

98 1839 143 1865 τοῦ
158 1839 266 1874 ἀνδρδςι
285 1837 335 1864 καὶ
352 1836 383 1863 τδ
397 1837 514 1873 πονηρὸν
529 1838 584 1865 τῶν
603 1838 693 1873 θείιεων
727 1839 908 1875 ἐποψόμενος,
927 1842 979 1878 τὴν
992 1843 1037 1869 ἐπ’
1051 1842 1127 1879 αὐτῷ
1156 1843 1300 1879 συμὸἄσαν
1316 1843 1471 1879 τραγῳδίαν
1486 1842 1535 1878 οὐχ
1552 1842 1653 1878 ἥκιστα
1670 1848 1738 1876 τρα-

100 1886 264 1921 νωϐήσεται.
276 1884 333 1911 Καὶ
347 1884 412 1919 περὶ
428 1884 478 1920 μὲν
492 1886 596 1912 τούτων
611 1885 680 1918 ἃλις.

817 1993 935 2023 CAPUT
955 1994 1012 2023 XII.

307 2086 364 2116 Sub
376 2086 628 2122 pundopatn‘arcba
654 2085 861 2113 conciliabulum
875 2085 996 2120 impium.
1014 2084 1168 2112 Perseculio
1184 2085 1282 2120 gravis.
1299 2084 1432 2121 Imagines
1444 2095 1538 2115 cram.

136 2180 188 2212 στ’.
207 2177 287 2204 Λέων
308 2175 336 2202 δὲ
356 2175 423 2210 πρὸς
438 2174 550 2210 ἔρευναν
572 2173 657 2200 λύκου
674 2172 776 2208 μᾶλλον
797 2173 814 2208 ἢ
836 2180 898 2199 ποι-

106 2224 185 2263 μένος
197 2222 298 2248 ἑαυτὸν
308 2220 472 2256 διανίστησι,
488 2220 536 2246 καὶ
550 2218 644 2246 τοῦτον
657 2219 688 2245 οὐ
705 2217 789 2245 πολλὰ
803 2217 900 2253 καμὼν

103 2269 298 2300 εἰσοικίζεται,
317 2266 404 2301 ἄνδρα
420 2266 552 2300 βιωτικῆς
585 2265 724 2300 μερίμνης
744 2264 901 2297 ἀπόζοντα,

138 2381 176 2416 (ε)
191 2377 546 2416 Appendixfl'heophanis:
569 2386 579 2403 ι
602 2376 652 2410 Qui
676 2376 898 2416 missihftterant,

105 2411 196 2442 lec‘ti'ia
214 2411 401 2449 piitriarcbam
425 2411 600 2449 abducentes,
625 2412 727 2449 medio‘
747 2411 813 2438 Milii
834 2411 897 2449 [pro

107 2446 254 2481 steterunt,
269 2453 300 2475 ut
314 2456 376 2475 eam
389 2448 503 2474 militum
521 2448 630 2481 quidam
650 2446 818 2473 occiderent.
833 2446 899 2472 Erat

987 2172 1033 2199 75.
1048 2171 1103 2200 Leo
1118 2179 1200 2207 porro
1208 2171 1296 2207 potius
1307 2172 1340 2199 ad
1354 2173 1529 2207 quaerendum
1546 2173 1637 2208 lupum
1661 2181 1743 2209 quam

955 2222 1092 2253 pastorem
1105 2218 1297 2246 inveniendum
1319 2219 1454 2247 adhibens
1468 2219 1588 2247 animum
1603 2220 1640 2255 (Ii)
1670 2220 1746 2251 rat-ili

956 2271 1019 2290 eum
1035 2264 1143 2299 negotio
1159 2265 1261 2298 reperit
1278 2264 1383 2292 :virum
1399 2265 1504 2292 scilicet
1518 2265 1582 2292 vita:
1603 2265 1747 2293 saicularis

991 2377 1029 2411 (h)
1049 2375 1079 2403 ln
1107 2376 1254 2411 appendice
1272 2376 1446 2412 Theophanis
1464 2377 1519 2404 hinc
1534 2377 1594 2404 dein
1614 2378 1647 2405 ab
1662 2379 1749 2412 impe-

954 2416 1046 2447 ratore
1063 2417 1138 2445 gesta
1156 2412 1311 2439 referuntur
1328 2421 1334 2438 :
1357 2422 1367 2438 ι
1388 2413 1466 2440 Mane
1482 2413 1600 2439 comitiis
1629 2414 1726 2440 habitis
1738 2434 1747 2447 ,

964 2446 1036 2481 lilius
1064 2446 1224 2481 perditionis
1242 2448 1274 2473 ad
1296 2448 1423 2481 populum
1449 2455 1603 2474 sermonem
1626 2449 1721 2475 habuit
1737 2456 1749 2476 :

106 2493 188 2519 porro
216 2479 350 2519 profunda
373 2490 443 2519 nox,
455 2479 606 2519 somnoque
625 2481 898 2519 etinctis.dcpressis
922 2482 944 2510 D
961 2479 1083 2519 Yidetis',
1097 2481 1222 2519 fratres,
1248 2487 1275 2508 ut
1296 2479 1461 2519 patriarcha
1488 2483 1601 2519 ecclesia
1619 2484 1750 2511 derelicta

108 2516 197 2547 inultus
217 2516 347 2552 'seipsum
374 2518 469 2544 movit.
502 2517 568 2543 Post
598 2517 715 2544 mediam
740 2516 838 2552 horam
871 2517 898 2542 in

109 2555 193 2586 nullo,
205 2551 325 2588 quorum
342 2557 400 2579 erat
424 2552 565 2588 molimen.
579 2552 761 2585 proﬁcientes,
781 2551 903 2588 tulerunt

108 2596 169 2615 eam
186 2586 250 2616 inde
264 2593 292 2615 et
306 2588 334 2614 in
351 2595 441 2614 arcent
457 2587 632 2613 abduxerunt
654 2587 790 2619 lintreque
814 2586 904 2620 impo-

110 2624 190 2650 situm
209 2630 285 2650 trans
301 2624 399 2650 fretum
414 2623 446 2649 ad
459 2621 649 2656 Chrysopolim
667 2621 814 2656 proiecere.
834 2630 843 2646 ›
873 2620 904 2647 In

111 2658 171 2685 Vita
187 2659 215 2686 S.
228 2658 332 2685 Nicone
353 2666 361 2684 :
379 2666 388 2682 ι
407 2655 529 2690 Cumque
553 2655 587 2683 ad
612 2655 768 2689 Acropolitn
791 2656 906 2682 descen-

111 2694 203 2725 disset,
219 2693 358 2728 navigium
371 2692 539 2724 censcendit,
551 2696 578 2718 et
594 2692 668 2719 venit
686 2692 712 2718 in
724 2699 785 2718 eum
803 2690 904 2725 locum,

111 2728 136 2754 ia
151 2736 230 2762 quem
242 2728 320 2755 exsul
335 2727 505 2762 ducebatur,
515 2735 523 2751 ι

146 2759 205 2797 (f—g)
229 2763 323 2790 Barda‘.
344 2762 424 2795 hujus
440 2761 611 2797 morbumet
627 2761 764 2797 interitum
778 2759 906 2797 describit

111 2795 222 2825 suam
248 2799 276 2824 in
295 2797 353 2824 Vita
370 2798 455 2823 snncti
478 2795 612 2823 Theodori
636 2796 750 2824 Studiis:
764 2797 834 2830 apud
853 2795 903 2822 llu—

112 2835 215 2860 rnnium
235 2835 267 2860 ail
280 2841 326 2859 an.
342 2832 404 2863 8:20,
422 2840 483 2858 ntnn
497 2831 513 2858 5
529 2836 554 2857 ct
568 2838 645 2865 seqq.

959 2516 1125 2552 discesserit,
1148 2517 1218 2550 quod
1243 2524 1304 2543 cum
1323 2524 1355 2544 eo
1378 2518 1410 2543 d‘c
1431 2517 1592 2552 imaginibus
1619 2518 1750 2545 fuerimus

958 2551 1095 2582 collociiti,
1117 2556 1144 2578 et
1158 2552 1365 2585 exposuerimus
1391 2551 1500 2585 propter
1527 2560 1573 2579 eas
1587 2561 1601 2579 a
1617 2553 1751 2580 Gentibus

958 2593 1008 2626 nos
1024 2586 1114 2621 alliigi.
1131 2585 1156 2612 ls
1168 2587 1369 2626 vero_resp0Iisi
1381 2587 1493 2626 congrui
1501 2589 1613 2626 penitus
1626 2589 1748 2626 ignarus.

961 2621 997 2647 ita
1015 2628 1136 2655 praeceps
1157 2622 1183 2647 et
1199 2621 1275 2648 nobis
1298 2621 1443 2656 neglectis,
1464 2623 1541 2650 abiit.
1563 2621 1650 2649 Alium
1669 2623 1752 2656 igitur

959 2656 1144 2689 patriarcham
1166 2656 1270 2683 institui
1288 2664 1399 2684 necesse
1416 2662 1468 2684 est.
1487 2657 1525 2684 Ita
1543 2658 1671 2684 mentitus
1688 2665 1750 2690 per-

960 2692 1045 2726 suasit
1059 2691 1155 2725 populo
1166 2691 1305 2718 abdicasse
1316 2699 1345 2718 se
1354 2692 1494 2725 dignitate.
1506 2691 1636 2720 Joannem
1649 2693 1751 2726 quippe

961 2725 1095 2752 Pancratii
1116 2726 1219 2758 ﬁliuni,
1243 2727 1312 2759 quod
1341 2727 1392 2753 sibi
1419 2728 1586 2759 adhaesisset,
1608 2727 1641 2753 ad
1657 2725 1755 2760 istiusﬁ

961 2761 1030 2786 modi
1047 2761 1205 2795 dignitatem
1220 2769 1380 2795 promovere
1393 2762 1530 2793 studebat,
1545 2763 1591 2788 sed
1603 2769 1616 2788 a
1631 2761 1755 2795 patriciis

960 2796 1110 2831 prohibitus
1137 2800 1199 2827 est,
1220 2805 1229 2820 ι
1247 2797 1283 2822 ιιιὶ
1312 2797 1411 2823 ibidem
1443 2797 1562 2830 pluribus
1589 2797 1689 2831 agitur.
1715 2796 1756 2822 De

958 2830 1162 2865 Junltneﬂlﬂilu
1178 2838 1224 2858 seu
1239 2831 1422 2859 Grammatice
1435 2833 1507 2859 dieto
1519 2850 1530 2864 ,
1543 2830 1626 2865 supra
1650 2837 1751 2860 aetum.
