1931 3076
205 102 257 135 15‘)

206 160 421 192 inexpectatum
450 156 530 183 habet
555 156 659 182 laudem
674 165 681 189 ;
699 158 739 183 sic
755 158 788 184 ab
811 165 844 183 eo
865 158 996 183 aberrans

208 204 312 231 veniam
329 211 376 237 pro
395 203 476 229 animi
498 203 614 228 candore
634 208 781 228 mereatur.
819 217 823 221 -

215 350 1551 363 ,______________________._______—————

699 101 728 130 S.
751 100 960 130 NlCEPllORl
982 97 1236 128 PATl’tlAitCllE
1257 97 1312 126 CP.

1011 161 1033 187 Λ
1050 156 1127 189 [metu
1141 163 1148 169 ·
1167 153 1311 186 γινώσκων
1332 153 1373 178 ὅτι
1391 151 1419 178 τὸ
1443 151 1493 185 μὲν
1510 150 1649 184 ἐπιτυχεῖν
1669 148 1846 182 ἁπρῡσὸόχη-

1049 209 1094 225 τον
1112 200 1167 234 ἔχει
1183 199 1228 224 τὸν
1243 199 1355 224 ἕπαινην
1366 217 1372 229 ,
1391 197 1421 223 τὸ
1435 197 1462 222 δὲ
1485 195 1650 230 σφάλλεαυιι
1672 193 1845 227 συγγνώμην

1049 244 1218 280 εὐγνώμονα.

912 430 1141 477 ORATIO

345 533 398 563 DE
414 532 577 563 EXSlLlO
597 531 740 562 SANCTI
764 529 994 565 NICEPHORI,

1012 529 1064 559 ΕΤ
1087 526 1400 558 TRANSLATIONE
1420 526 1581 563 RELIQUI
1590 527 1608 555 Α
1617 527 1664 555 ltU
1673 526 1714 561 bl,

674 614 792 640 Auctore
811 612 978 646 Theophane
995 611 1156 646 presbytero
1171 615 1200 637 et
1217 610 1375 644 przeposito.

523 693 636 721 CAPUT
658 692 678 719 l.

228 753 320 781 Sancti
337 751 481 790 Niceplwri
501 750 710 785 patriam/tatus,
729 749 862 780 exsilium,
881 748 978 775 obitus.

245 822 271 848 1.
288 821 406 847 Plurima
426 819 548 853 profecto
564 818 684 845 diversis
704 817 902 844 occasionibus
917 822 1000 850 atque

210 866 390 902 temporibus.
402 865 427 892 iu
442 864 569 900 gentibus
579 869 607 890 et
617 863 777 891 civitatibus
790 863 919 896 praeclara
932 863 1000 889 faci-

211 919 289 943 nora,
301 911 334 937 ad
346 910 461 937 eximias
470 909 516 935 Dei
524 909 761 942 maximarumque
774 917 865 935 rerum
875 909 1000 935 demons-

211 958 341 984 trationes
353 957 424 983 facta
441 955 621 990 sunt,quibus
635 962 697 982 vera
715 955 800 989 ipsius
815 955 933 989 cognitio
941 962 1001 987 per—

211 1005 304 1037 spicue
323 1002 546 1029 fuitcoulirmata
566 1002 817 1036 :quemadmodutn
837 1002 863 1028 in
886 1001 1001 1028 Psalmis

211 1050 319 1074 canitur
332 1058 337 1074 :
351 1048 412 1074 Dies
423 1048 476 1073 itiei
486 1051 588 1074 eructat
598 1047 711 1079 verbum,
721 1051 746 1073 ει
758 1055 808 1072 nox
821 1047 1001 1072 noctitndicut

211 1094 348 1120 mention:
364 1093 396 1119 ".
413 1093 518 1125 Quibus
532 1092 625 1118 verbis
655 1092 706 1118 etsi
732 1097 861 1125 perpetua
893 1091 937 1118 illa
954 1092 1000 1118 Dei

213 1141 309 1170 virtus,
326 1147 416 1165 rerum
434 1137 556 1165 omnium
587 1142 669 1172 atque
693 1137 816 1164 universi
841 1138 917 1164 orbis
938 1134 1004 1165 coii-

213 1185 349 1212 servatrix
366 1192 398 1211 ac
425 1184 591 1210 moderatrix
613 1183 761 1214 indicatur,
784 1191 835 1209 non
855 1184 944 1210 minus
964 1189 1004 1210 ta-

214 1239 285 1262 men,
309 1231 364 1256 imo
385 1238 450 1257 vero
469 1230 554 1263 magis
567 1230 650 1256 etiam
678 1229 868 1263 signiﬁcantur
883 1237 926 1260 ea,
944 1238 1003 1263 quze

214 1277 315 1304 nostris
335 1268 502 1310 temporibus
516 1276 543 1302 iii
568 1274 663 1309 primis
678 1275 840 1301 excellentia
858 1281 940 1309 atque
956 1276 1003 1301 ad-

215 1322 352 1349 mirabilia
367 1327 442 1355 gesta
459 1326 523 1348 sunt
536 1321 571 1347 ab
583 1321 679 1347 eadetn
708 1321 764 1355 ipsa
782 1316 874 1347 divina
891 1322 1004 1353 virtute,

214 1377 274 1402 qua:
294 1369 394 1395 eximia
409 1368 531 1403 potentia
545 1375 593 1394 sua
610 1371 708 1394 cuncta
722 1368 856 1402 gubernat
871 1376 903 1394 ac
925 1369 1004 1402 regit.

215 1415 357 1449 Siquidem
373 1422 425 1440 non
443 1414 471 1440 iu‘
482 1422 534 1440 una
547 1418 636 1448 parte,
657 1420 744 1447 neque
758 1413 783 1440 in
798 1419 877 1448 gente.
895 1414 1005 1440 minima

215 1467 262 1488 aut
278 1461 479 1488 contemnenda
493 1459 625 1493 eiusmodi
655 1461 789 1486 bonorum
817 1469 930 1487 munera
964 1461 1004 1487 vi-

216 1512 333 1542 guerunt
348 1516 355 1534 :
372 1508 419 1534 sed
442 1507 548 1542 publice
563 1507 714 1540 etpassim,
733 1511 758 1533 et
779 1507 804 1533 in
825 1508 935 1541 proprio
962 1513 1004 1534 at-

217 1561 271 1588 que
285 1554 374 1581 electo
390 1553 490 1581 Christi
510 1553 596 1585 clero,
613 1553 659 1587 qui
679 1552 795 1586 apostoli
821 1553 893 1580 l’etii
916 1554 1006 1581 verbis

217 1600 315 1626 merito
341 1605 455 1626 vocatur
475 1599 566 1633 regale
589 1599 786 1630 sacerdotium,
802 1607 868 1633 gens
901 1605 1006 1631 sancta,

216 1646 333 1680 populus
364 1645 554 1680 acquisitionis
568 1646 602 1672 ‘7.
621 1644 720 1671 Verum
748 1646 878 1679 quoniam
912 1654 1003 1672 rerum

219 1691 401 1717 maximarum
418 1696 578 1725 argumenta
599 1691 843 1724 praestantissimos
867 1692 1009 1725 requirnnt

216 1741 406 1767 enarratores,
424 1736 470 1770 qui
489 1736 597 1763 dicendi
611 1737 635 1763 vi
650 1745 697 1764 eas
719 1737 826 1764 valeant
856 1739 1007 1772 explicare,

218 1789 251 1808 ne
273 1782 397 1808 inornata
417 1782 550 1809 orationis
580 1783 714 1810 tenuitate
739 1790 833 1809 earum
863 1784 1010 1818 amplitudo

218 1828 492 1862 innniuuatur;ego,
525 1829 569 1863 qui
603 1829 738 1855 orationis
766 1828 861 1856 laboro
893 1838 1010 1864 pauper-

219 1879 293 1906 tate,
323 1874 501 1900 vehententcr
528 1882 542 1900 a
572 1873 716 1901 scribendo
748 1875 907 1902 deterrebar
935 1885 941 1901 :
964 1875 1011 1901 sed

219 1926 310 1946 tamen
336 1920 453 1947 assiduis
481 1928 523 1947 nte
543 1920 576 1947 ad
611 1928 710 1948 munus
727 1921 779 1948 hoc
807 1918 1010 1955 suscipiendum

219 1965 423 1992 adhortantium
436 1967 563 2000 precibus
579 1975 631 1993 non
645 1966 719 2000 potui
736 1975 788 1993 non
810 1967 1010 2001 obtemperare.

221 2012 266 2038 Dei
297 2012 388 2046 igitur,
409 2012 453 2046 qui
471 2013 580 2039 dicendi
609 2013 767 2038 facultatem
779 2013 921 2046 clargitur,
935 2012 1012 2038 beni-

219 2058 325 2091 gnitate
345 2059 475 2089 conlisus,
497 2059 530 2084 ad
547 2057 721 2084 scribendum
738 2058 849 2089 accedo,
868 2058 1013 2091 adjuvanle

221 2110 264 2129 me
293 2103 420 2136 precibus
450 2103 508 2129 suis
524 2103 730 2137 orationemque
748 2103 903 2129 moderante
920 2103 1012 2129 divino

221 2147 301 2175 Patre
330 2147 493 2182 Nieephoro,
509 2147 553 2181 qui
570 2154 599 2174 se
617 2148 694 2175 nobis
707 2148 854 2174 niaximum
874 2148 906 2174 ad
920 2148 1012 2175 diceti-

223 2195 285 2220 dum
307 2199 494 2228 argumentum
514 2193 637 2228 prtebuit.

258 2240 286 2266 2.
297 2239 365 2266 Cum
383 2238 512 2272 praeclare
530 2247 572 2266 res
585 2243 685 2266 nostra:
696 2247 755 2266 sese
775 2240 917 2272 haberent,
934 2247 961 2267 et
980 2249 1012 2267 ex

225 2287 342 2314 utilitate
370 2294 401 2313 ac
431 2286 561 2320 dignitate
590 2291 762 2320 gererentur,
783 2292 847 2313 tunc
870 2287 1010 2317 nimirum,

224 2341 371 2360 eurnnnus
388 2332 414 2359 in
442 2331 562 2359 Ecclesia
596 2339 694 2358 sensus
726 2333 844 2366 vigebat,
871 2337 898 2358 el.
931 2333 1013 2367 impia

223 2385 320 2406 cuncta
337 2387 368 2405 ae
385 2377 528 2412 peregrina
544 2378 680 2411 dogmata,
699 2383 826 2411 tanquam
845 2378 949 2404 scelera
971 2385 1012 2405 at-

224 2433 278 2459 que
294 2425 397 2459 piacula
415 2423 573 2450 detestanda
591 2422 730 2455 ri-jiriens,
747 2431 842 2449 (mines
873 2423 1015 2450 lueretico-

226 2478 285 2497 rutn
299 2478 383 2504 nugas
402 2469 434 2494 ad
464 2468 578 2495 nihilum
602 2468 755 2502 redigebat;
770 2467 938 2502 Nicrpliorus
965 2470 1016 2495 iu.-

266 2559 289 2574 ²⁶
312 2557 383 2584 Psal.
409 2564 484 2589 xviii,
503 2556 529 2582 5.
569 2556 606 2581 "l
621 2556 691 2582 l’etr.
707 2565 736 2587 il,
751 2556 777 2582 9.

263 2629 298 2661 (υ)
315 2627 482 2660 Μυννιιυνιιδ
507 2626 593 2651 fartus
618 2629 659 2651 est
685 2625 832 2661 imperator
859 2631 929 2650 anno
949 2624 1011 2650 8H2.

264 2659 302 2697 (ιτ)
322 2663 457 2688 Nemnntn
471 2670 488 2687 tt
510 2661 628 2687 habitum
656 2669 726 2686 anno
747 2659 809 2690 ῖδῖ,
826 2667 867 2685 ent
890 2663 1016 2685 interit-e-

230 2705 293 2726 lilttl'
304 2698 395 2724 l‘att‘es
411 2697 472 2723 ὖῖὲυ.

230 2735 235 2743 ‘
267 2735 304 2768 (y)
321 2735 486 2766 hii-ephorus
499 2731 606 2757 occisus
622 2731 656 2756 L’o‘
677 2729 738 2768 Julii
756 2729 817 2768 anni
845 2729 873 2753 Si
885 2730 906 2757 l,
919 2738 976 2761 stipi
990 2739 1014 2754 r—

231 2764 287 2796 fuit‘
297 2764 455 2795 Stattiarins
474 2768 544 2792 ttltus
561 2774 644 2798 usque
656 2767 688 2790 ad
707 2765 732 2789 il
753 2764 874 2789 Januarii
889 2773 1016 2796 lll'tt\lllll.

269 2806 308 2839 (ἢ)
335 2803 449 2830 Michael
473 2801 650 2835 (Ittt‘opulatcs
679 2801 842 2825 atillauiultts
870 2806 1017 2833 Imperator

1053 690 1122 725 perii
1131 694 1240 724 sceptra
1250 689 1286 724 (υ)
1301 688 1503 719 moderabatur,
1514 693 1541 714 et
1555 687 1726 721 Nicephorus
1736 694 1848 713 sacram

1053 735 1169 763 excelsae
1180 741 1262 769 atque
1277 735 1384 762 urbium
1403 734 1502 768 regina:
1519 734 1639 760 civitatis
1655 733 1747 759 sedem
1767 731 1846 758 obti—

1055 784 1146 816 nebat,
1163 783 1208 817 qui
1221 782 1332 808 luminis
1355 782 1441 808 instar
1467 786 1598 815 perpetuo
1623 779 1764 813 fulgentis,
1783 778 1848 804 tini-

1055 837 1163 858 versnm
1190 829 1284 855 orbem
1312 832 1448 853 terrarum
1475 826 1606 852 virtutum
1635 825 1720 851 radiis
1749 823 1851 850 illumi-

1054 876 1145 903 nabat.
1162 874 1222 901 Jam
1240 879 1267 900 et
1284 873 1309 900 in
1329 872 1451 906 principe
1471 879 1503 897 ac
1525 872 1602 897 beata
1630 869 1766 896 Trinitate
1791 876 1849 894 una

1055 926 1081 948 et
1093 919 1324 949 eademessentia,
1336 922 1363 944 et
1378 917 1403 943 in
1416 925 1468 943 una
1483 916 1531 942 Dei
1543 914 1622 942 Verbi
1634 922 1746 941 carnem
1759 914 1850 940 induti

1054 975 1170 1002 persona
1189 966 1248 992 dua:
1264 969 1377 996 Itttlut'm,
1391 968 1419 989 ct
1443 962 1502 989 dna:
1524 961 1678 989 voluntates
1695 960 1852 987 clarissime

1056 1014 1163 1041 fuerant
1174 1011 1335 1045 opportunis
1354 1008 1479 1035 conciliis
1489 1007 1646 1034 constitutae
1654 1010 1683 1033 et
1691 1005 1850 1035 declarata},

1054 1057 1202 1087 contrariis
1228 1055 1403 1090 opinionibus
1424 1053 1533 1087 rejectis
1559 1057 1641 1086 atque
1670 1050 1852 1085 improbatis,

1055 1111 1082 1132 et
1105 1104 1180 1131 utilis
1206 1109 1350 1129 sacrarunt
1382 1100 1530 1134 imaginum
1552 1105 1618 1125 usus
1641 1097 1697 1132 jam
1719 1096 1783 1123 inde
1816 1095 1851 1121 ab

1056 1151 1135 1178 initio
1145 1148 1287 1176 institutus
1300 1152 1327 1174 et
1339 1154 1387 1179 per
1404 1147 1501 1172 inaltus
1518 1145 1645 1176 traditos,
1660 1143 1687 1169 in
1717 1142 1846 1169 omnibus

1059 1194 1294 1223 Ecclesiisornate
1307 1192 1461 1226 decoreque
1476 1189 1714 1216 demonstrabatur
1725 1187 1733 1213 ι’
1746 1195 1847 1220 quein-

1057 1241 1202 1268 admodum
1229 1238 1362 1273 proximis
1386 1236 1572 1270 temporibus,
1601 1239 1757 1261 sanctorum
1800 1231 1853 1258 [‘a-

1058 1293 1128 1314 trum
1143 1285 1287 1313 concilium
1304 1283 1502 1310 celebrantium
1529 1280 1666 1315 sullragiis
1683 1280 1723 1314 (cc)
1746 1278 1847 1304 divini-

1058 1338 1100 1359 tus
1111 1331 1200 1358 fuerat
1215 1328 1422 1363 comprobatus.

1093 1377 1119 1404 5.
1138 1376 1238 1403 Verum
1253 1379 1432 1408 posteaquam
1458 1371 1628 1406 Nicephorus
1643 1369 1680 1404 (υ)
1703 1369 1856 1402 itltp-‘I‘alur

1060 1432 1112 1450 una
1129 1431 1192 1450 cum
1209 1422 1264 1448 [ilio
1277 1420 1356 1454 hujus
1371 1420 1435 1446 vita:
1461 1418 1542 1444 liuent
1569 1417 1683 1444 sortitus
1699 1420 1750 1447 est,
1765 1419 1791 1440 et
1821 1413 1856 1439 ad

1021 1470 1041 1496 C
1058 1468 1219 1496 Michaelem
1230 1467 1267 1501 (ς.)
1280 1466 1340 1500 ejus
1351 1472 1479 1500 generum
1496 1463 1603 1497 imperii
1619 1460 1780 1496 gubernatio
1795 1466 1859 1492 per-

1059 1514 1143 1545 venit,
1159 1514 1210 1540 sub
1223 1512 1332 1539 leonino
1352 1510 1461 1536 nomine
1483 1508 1632 1536 crudeliter
1657 1506 1797 1535 frendens,
1815 1505 1857 1530 iii-

1059 1560 1130 1586 vasit
1155 1560 1228 1586 htntc
1240 1557 1318 1584 valde
1339 1563 1428 1583 szevus
1454 1554 1640 1593 immanisque
1652 1551 1717 1584 Leo,
1737 1559 1770 1577 ex
1799 1552 1856 1576 Ar—

1061 1606 1149 1633 menia
1167 1612 1250 1639 genus
1268 1603 1370 1629 ducens
1385 1611 1391 1629 ε
1407 1601 1452 1636 qui
1469 1605 1495 1627 et
1511 1599 1692 1627 defectionem
1712 1606 1726 1623 a
1746 1596 1812 1627 Deo,
1829 1601 1855 1622 et

1059 1653 1190 1678 adversus
1210 1650 1413 1683 imperatorem,
1432 1647 1502 1680 apud
1519 1653 1598 1682 quem
1617 1644 1642 1670 in
1658 1645 1761 1670 honore
1777 1647 1852 1671 erat.

1061 1697 1172 1724 minime
1189 1696 1332 1722 obscuram
1350 1699 1397 1720 aut
1421 1698 1520 1720 tectam
1549 1690 1718 1725 tyrannidem
1746 1688 1854 1714 inachi—

1061 1743 1187 1769 nubatur.
1202 1741 1278 1774 Quod
1300 1740 1409 1774 quidem
1440 1739 1476 1765 illi
1494 1746 1509 1764 e
1541 1735 1676 1764 sententia
1691 1733 1824 1760 successit
1842 1742 1848 1759 ε

1061 1796 1122 1814 uani
1139 1796 1186 1822 per
1200 1787 1252 1812 vitii
1266 1786 1315 1812 sibi
1332 1786 1475 1819 imperium
1491 1782 1639 1810 vindicavit.
1655 1781 1703 1816 (ιι).
1718 1779 1858 1807 (Latet-uin

1062 1834 1133 1860 haud
1148 1834 1228 1859 aliter
1246 1832 1321 1859 duxit
1336 1831 1484 1866 potentiam
1509 1837 1587 1855 suam
1610 1828 1668 1854 fore
1684 1827 1859 1855 diuturnam,

1061 1880 1112 1906 nisi
1129 1883 1223 1906 contra
1242 1887 1290 1905 nos
1305 1878 1436 1904 audacter
1469 1875 1568 1907 bellum
1585 1873 1746 1907 susciperet,
1761 1875 1790 1898 et
1811 1877 1861 1897 \‘e-

1063 1924 1222 1952 ncrabilium
1242 1924 1390 1958 imaginum
1407 1921 1547 1948 interitum
1565 1920 1638 1946 omni
1660 1918 1750 1945 stttdio
1774 1922 1862 1950 atque

1062 1977 1119 1997 arte
1139 1971 1291 1997 moliretur.
1308 1970 1346 1996 Ad
1371 1969 1443 1995 hunc
1467 1967 1537 1993 enim
1557 1966 1676 1992 furorem
1693 1969 1775 1997 atque
1809 1963 1860 1988 de-

1063 2016 1191 2043 mentiam
1212 2023 1226 2041 a
1244 2015 1423 2046 dannonibus,
1437 2022 1451 2039 a
1481 2012 1581 2046 quibus
1607 2008 1809 2039 instruebatur,
1830 2012 1861 2033 et

1064 2062 1141 2088 falsis
1157 2067 1248 2088 vatum
1271 2061 1443 2087 mendacium
1470 2058 1585 2086 somniis
1599 2062 1625 2082 et
1644 2055 1754 2081 incertis
1789 2059 1863 2079 tem-

1064 2115 1159 2142 porum
1176 2106 1319 2140 promissis
1335 2105 1437 2132 miserc
1452 2103 1610 2137 compulsus
1627 2106 1696 2127 erat.

1029 2145 1053 2173 Ῑ)
1101 2153 1128 2181 fl.
1145 2152 1258 2186 lmpium
1275 2157 1364 2178 autem
1385 2155 1466 2184 atque
1477 2149 1566 2176 audax
1581 2147 1688 2173 facinus
1701 2145 1733 2171 ad
1750 2148 1863 2177 optatos

1069 2199 1157 2225 exitus
1168 2207 1197 2225 se
1212 2198 1403 2232 perducturum
1417 2203 1470 2223 non
1486 2194 1618 2228 speravit,
1628 2192 1679 2219 nisi
1695 2189 1860 2224 prmclarnm

1070 2245 1201 2271 Ecclesia:
1215 2245 1322 2274 ducent,
1341 2246 1368 2269 et
1383 2242 1416 2267 ab
1432 2241 1506 2268 omni
1538 2237 1750 2273 reprehensione
1767 2243 1862 2262 remo-

1067 2295 1134 2322 tum,
1151 2295 1231 2317 ret-tat
1243 2289 1375 2316 doctrina:
1396 2287 1528 2321 regulari),
1552 2285 1733 2319 Nicephorum
1748 2290 1763 2308 e
1777 2289 1861 2307 saera

1066 2336 1129 2363 sedc
1146 2336 1355 2368 cthrharet,ut
1387 2335 1502 2369 propria:
1526 2331 1636 2358 malitia:
1666 2336 1864 2364 prOptiguaem

1067 2381 1121 2407 limi
1142 2380 1290 2407 Ecclesiani
1310 2380 1541 2411 Cul|5|llllCl'Cl,(‘l
1571 2376 1676 2403 neruine
1712 2373 1860 2400 conatibus

1067 2427 1123 2453 suis
1141 2431 1318 2461 repugnante,
1338 2425 1430 2452 omnia
1448 2432 1481 2451 ex
1495 2422 1631 2450 sententia
1644 2429 1692 2448 sua
1708 2425 1735 2446 et
1748 2426 1862 2449 eorum,

1069 2472 1114 2506 qni
1146 2472 1196 2499 sibi
1226 2471 1375 2503 favebant,
1406 2475 1464 2497 toto
1499 2469 1698 2496 moderaretur.
1738 2464 1863 2490 Primum

1067 2626 1084 2650 Ξ
1097 2626 1187 2652 octob.
1204 2626 1265 2651 anni
1281 2625 1342 2651 8H.

1104 2662 1140 2694 (η)
1159 2662 1211 2687 Leo
1226 2666 1372 2686 coronatur
1395 2659 1421 2685 ll
1438 2659 1496 2693 julii
1515 2659 1578 2685 anni
1594 2658 1647 2684 315
1664 2667 1670 2682 :
1691 2656 1864 2694 correximus

1068 2692 1158 2722 autem
1173 2697 1243 2729 quod
1265 2696 1398 2728 interpres
1415 2695 1459 2720 hic
1480 2694 1583 2721 Leonltl
1605 2701 1702 2719 nonn-u
1727 2699 1782 2729 pio
1807 2692 1863 2716 leo-

1070 2726 1251 2756 ninonoinine
1267 2726 1412 2764 ειειιίιῂυιιίιι
1426 2730 1451 2756 in
1466 2730 1630 2763 amphibolia
1642 2737 1712 2754 \ocis
1727 2726 1864 2756 amart-no;

1071 2767 1261 2792 ltJlllit‘ltlilUlS.
