1931 3076
84 139 127 172 ιδι

846 139 944 168 ῊΤΛ.

1659 138 1710 169 162

82 199 159 230 igitur
188 200 296 229 tempus
316 194 490 224 observabat,
507 198 534 220 ut
561 201 622 220 cum
647 195 752 221 artibus
774 202 804 220 ac
823 195 871 220 do-
889 204 908 228 Α
926 204 978 229 quc
1001 196 1141 231 suppliciis
1158 196 1302 224 alliciebat.
1319 197 1370 223 Alii
1390 197 1461 223 enim
1479 197 1600 230 ipsorum
1625 197 1709 232 plagis

84 246 113 271 lis
138 244 163 269 in
180 242 345 269 sententiam
366 248 443 267 suam
460 241 616 271 adduceret,
640 241 744 276 [ingens
758 248 818 268 sese
843 241 870 268 iu

88 295 159 316 recta
190 290 348 322 dogmatum
385 287 584 314 exercitatione
619 288 734 313 versari.
765 286 867 313 Verum

82 343 139 362 cum
157 335 199 360 vir
216 334 262 360 ille
285 333 439 359 divinarum
459 339 550 358 rerum
571 332 754 366 peritissimus
769 337 796 358 et
810 339 871 367 pru-

78 379 338 410 dentissimus,tum
373 377 467 404 multis
481 377 676 408 ~serniouihus.
701 381 756 403 tum
778 377 871 410 Scrip-

81 432 205 453 turarum
221 423 398 455 testimoniis,
412 427 468 450 tum
488 422 640 457 longiSsimi
657 423 787 456 temporis
801 430 869 449 con-

82 471 223 499 suetudine
251 468 461 504 comprobatum
481 469 630 502 imaginum
659 476 736 495 usum
762 469 873 495 detnon-

82 521 179 544 straret
190 522 243 542 nec
256 519 346 542 tamen
365 514 525 540 insolentem
554 514 691 540 hominem
703 521 716 539 a
733 514 872 547 proposito

82 566 173 595 posset
197 560 350 590 dimovere,
369 564 432 585 tunc
456 559 545 590 dolus,
562 560 606 593 qui
636 564 716 586 antea
744 559 870 591 latuerat,

83 608 107 633 in
121 611 247 641 apertum
271 606 364 639 erupit
385 614 392 632 :
421 613 510 632 mores
541 605 613 631 enim
641 605 744 632 ferinos
770 605 871 632 nomini

81 657 266 686 congruentes
290 651 523 685 getehatJtaque
549 655 677 685 tanquam
703 651 873 685 perniciosus

82 699 190 732 quidam
206 702 338 732 aper,aut
351 697 524 724 saevissimus
539 697 592 727 leo,
608 697 788 731 immanisque
803 696 872 728 fera,

83 743 248 771 salutaribus
264 742 386 777 Magistri
411 742 584 769 documentis
608 743 649 769 sic
677 749 758 769 aures
782 742 872 768 occlu-

84 790 157 820 dens,
185 794 214 814 ut
242 789 315 822 aspis
338 787 580 820 incantationibus,
607 788 674 822 nihil
699 789 872 820 movebatur,

83 833 128 860 sed
142 833 310 860 obstinatius
321 832 487 859 iusaniebat.

115 888 142 913 5.
161 883 263 913 Statim
280 887 363 922 igitur
378 892 405 913 et
422 887 531 921 pietatis
549 888 607 915 zelo
627 894 654 915 et
685 890 868 923 prtestantiori
888 883 908 910 Β

85 934 182 960 auxilio
198 933 378 960 confirmatus
393 934 445 966 vir,
459 934 530 961 cuia
543 935 657 961 victoria
674 943 772 962 nomen
797 941 866 968 erat,

84 986 108 1006 et
124 986 266 1013 propterea
285 979 456 1014 Nicephorius
467 982 626 1013 vocabatur,
644 986 756 1009 strenue
771 983 869 1010 adver-

86 1034 127 1051 sus
142 1026 311 1060 impietatem
329 1031 356 1052 et
374 1031 517 1061 tyrannum
534 1027 681 1061 impietatis
695 1029 864 1055 defensorem

87 1073 234 1102 instruitur,
253 1072 412 1106 coactisque
435 1073 572 1106 primariis
588 1075 785 1106 sacerdotibus,
801 1075 866 1101 viris

88 1123 137 1143 lum
166 1118 220 1143 vita
252 1124 307 1144 tum
339 1119 462 1145 doctrina
487 1120 618 1153 probatis,
642 1121 687 1154 qui
716 1121 795 1147 simul
821 1130 868 1155 pro

86 1165 179 1196 pietate
195 1171 317 1197 piignarc
330 1164 418 1198 parati
443 1169 532 1196 erant,
547 1166 580 1191 de
593 1167 729 1192 communi
755 1172 868 1193 senten-

89 1211 119 1234 tia
133 1209 223 1243 inique
237 1217 266 1235 se
283 1215 423 1242 gerentem
441 1210 645 1243 imperatorem,
665 1212 727 1237 licet
754 1213 867 1241 frustra.

88 1261 272 1288 coarguenti”,
292 1260 320 1281 et
349 1260 478 1289 tanquam
500 1257 727 1283 contumeliosum
755 1258 800 1285 Dei
824 1267 867 1284 re-

89 1308 194 1334 rumque
208 1301 361 1327 divinarum
379 1302 483 1328 hostem
498 1302 668 1335 judicarunl.
683 1303 866 1335 Quamobrem

87 1354 210 1381 arrogans
220 1352 247 1373 et
263 1348 396 1381 superbus
410 1348 453 1374 ille
465 1349 608 1374 confestim
626 1355 652 1375 et
667 1350 867 1376 simulationem

87 1398 159 1422 quam
192 1392 357 1420 oecoltabat.
389 1393 727 1425 aperire,ctreconditam
759 1395 868 1420 malitia:

86 1435 224 1466 rationem,
251 1440 380 1468 tanquam
410 1437 606 1462 redundantem
639 1438 783 1470 quamdatit
809 1447 869 1465 cor-

87 1485 220 1513 ruptorum
239 1481 381 1507 littmorum
400 1488 433 1507 ex
444 1482 579 1508 cruditate
591 1490 708 1515 coptam,
726 1492 866 1515 evomere,

86 1529 127 1549 aut
143 1524 278 1551 deformes
305 1530 332 1551 et
356 1526 534 1559 imperfectos
557 1535 588 1552 ex
623 1527 720 1552 abortu
749 1527 819 1553 fetus
842 1529 866 1553 iu

87 1569 167 1596 lucem
184 1571 267 1596 edere
279 1576 456 1605 coactus‘cst.
474 1571 625 1606 Tyrannica
651 1573 732 1606 igitur
757 1574 867 1598 audacia
884 1565 904 1592 (ἶ

86 1614 286 1642 Celeberrimttnt
316 1617 510 1651 putriarcltaiu,
528 1625 542 1643 e
569 1618 632 1644 sede
650 1626 698 1644 sua
727 1619 868 1650 depulsum

87 1661 109 1686 in
122 1661 222 1688 exsilio
233 1662 325 1688 virere
340 1663 471 1696 compulit
486 1663 522 1697 (li)
541 1671 547 1689 :
567 1670 600 1689 ne
616 1663 679 1689 illml
694 1665 803 1697 quidem
824 1672 870 1690 Ve-

86 1705 159 1736 ritus,
178 1706 200 1731 si
219 1706 286 1732 nihil
311 1706 394 1737 aliud,
407 1707 477 1740 quod
501 1707 677 1740 impositione
692 1713 717 1733 et
744 1709 869 1743 obsigna-

88 1751 154 1777 tione
170 1759 300 1777 mauuum
313 1752 401 1786 ipsius
414 1752 496 1787 (quod
510 1753 566 1779 Iieri
577 1761 628 1779 non
644 1753 747 1788 debuit)
759 1754 866 1788 imperii

85 1804 208 1822 coronam
226 1804 381 1831 acceperat.
396 1797 538 1824 Verum'ut
552 1799 698 1825 verisimile
714 1804 765 1831 est,
779 1800 869 1825 defec-

87 1841 162 1867 tionis
188 1847 215 1867 i-t
258 1843 410 1876 tyrannidis
441 1843 545 1870 lubrico
574 1843 674 1877 lapsus,
702 1844 782 1870 simul
807 1852 866 1871 cunt

86 1884 182 1917 pietate
194 1887 366 1919 prudentiam
381 1892 407 1913 et
418 1888 550 1914 rationem
560 1895 591 1914 ac
602 1893 718 1914 ruentem
729 1889 867 1916 amiserat.

85 1927 172 1963 Itaque
197 1931 314 1957 nefanda
338 1932 486 1966 impietatis
502 1939 587 1967 atque
608 1934 727 1961 audacia:
749 1935 866 1961 facinora

83 1977 303 2010 aggrediebatur.

115 2033 141 2059 6.
159 2034 320 2060 Patriarclta
334 2042 408 2065 vero,
427 2039 454 2060 ut
473 2037 576 2069 pacitii-i
600 2036 721 2071 magistri
751 2038 868 2071 diseipu-

84 2077 132 2109 lus,
153 2079 187 2105 ab
200 2078 324 2105 Ecclesia
342 2078 470 2116 discessit
488 2081 573 2107 tristis
585 2086 612 2107 ct
630 2082 866 2116 laciyuiabundus,

83 2124 166 2156 utqui
182 2131 312 2157 sponsattt
330 2125 541 2156 immaculatum,
556 2127 606 2152 sibi
626 2134 640 2152 a
659 2128 712 2154 Deo
729 2129 866 2160 traditam,

83 2170 199 2197 discessu
215 2178 266 2197 suo
295 2176 454 2198 tuterentem
481 2172 758 2207 ingeniisccntemque
787 2174 868 2200 relin-

83 2221 184 2249 queret.
205 2216 336 2250 Populum
353 2222 442 2243 autem
459 2223 486 2244 et
499 2226 606 2252 gregem
621 2227 698 2246 suum
708 2218 866 2254 opportunis
884 2239 904 2265 ο

83 2262 252 2288 sermonibus
268 2263 420 2290 instruebat
434 2269 460 2290 et
475 2265 678 2297 cohortabatur,
693 2271 721 2292 ut
733 2267 865 2300 integram

84 2306 106 2331 in
123 2308 231 2334 vinculo
248 2308 322 2341 pacis
344 2309 422 2335 lldeut
439 2310 609 2337 observaret.
625 2305 658 2338 At
671 2312 715 2338 ille
730 2312 867 2340 insaniens

83 2357 107 2377 et
120 2352 213 2379 furore
238 2354 370 2387 percitus,
386 2355 514 2388 pietatem
544 2363 592 2389 pro
607 2357 710 2383 viribus
739 2358 866 2392 pergebat

85 2399 227 2425 lthClarl:
251 2407 301 2426 nec
328 2407 470 2427 contentus
493 2401 537 2432 iis,
551 2409 612 2435 qua:
630 2402 658 2429 in
683 2404 864 2437 patriarcham

84 2443 198 2469 divinum
224 2441 514 2478 commiseralfadhuc
545 2446 655 2474 malitiae
680 2456 734 2475 suae
756 2456 864 2483 specta-

84 2490 148 2522 cula,
165 2492 406 2519 lamentationibus
418 2497 445 2519 et
461 2494 606 2528 gentilibus
617 2495 708 2529 digna,
727 2496 752 2521 iii
775 2496 865 2529 plurcs

84 2536 183 2562 edebat.
206 2537 320 2569 Omnes,
335 2538 379 2571 qui
408 2543 481 2566 recta
505 2540 627 2567 veritatis
649 2542 771 2574 dogmata
792 2548 866 2567 com-

86 2580 147 2612 plexi
164 2590 226 2608 cum
244 2584 377 2618 magistro
397 2591 602 2619 consenserant,
619 2587 750 2621 primario
772 2594 864 2614 sacer-

84 2625 163 2658 dotes,
176 2630 380 2664 monachosque
408 2637 434 2657 et
457 2636 616 2666 praestantes
636 2633 661 2659 in
688 2634 795 2667 populo,
808 2639 864 2660 llllll

85 2673 150 2701 viros
171 2682 225 2701 tum
249 2676 332 2702 etiam
349 2677 474 2708 feminas,
492 2686 543 2704 non
567 2679 684 2706 ferendis
705 2681 791 2713 pit-uis
821 2686 862 2705 at-

111 2763 144 2794 (b)
157 2764 269 2796 Eiectos
285 2770 327 2792 est
342 2766 372 2792 M
385 2766 520 2794 Februarii
540 2767 602 2794 anni
621 2767 681 2794 313.

110 2799 140 2831 (ι’)
162 2799 325 2827 Theodotus
335 2801 494 2831 Cassiteras,
510 2803 642 2828 Antonius
655 2810 688 2829 ex
710 2802 816 2831 Sv'la-o.
828 2807 856 2829 et

78 2830 186 2862 Joannes
202 2835 262 2862 sire
277 2834 379 2862 Janncs
396 2830 538 2871 Syncellus
550 2846 621 2864 anno
641 2837 692 2865 8-12
706 2833 852 2872 depositus.

924 249 955 267 ac
972 242 1116 268 tormentis
1136 242 1293 268 crudelibus
1306 242 1533 268 excruciabantur
1549 250 1555 268 τ
1572 242 1616 268 alii
1641 243 1711 267 laute

923 289 950 312 et
977 285 1020 312 siti
1057 286 1082 312 in
1111 293 1220 312 carcere
1243 286 1288 313 ditt
1318 286 1532 320 premebantur:
1550 286 1624 313 tiiulti
1652 287 1711 314 sine

924 330 976 357 tilla
1011 331 1095 358 vertite
1116 339 1163 365 spe
1192 331 1369 357 mittebantur
1398 331 1425 358 in
1458 332 1585 358 exsiliunt
1616 341 1622 358 :
1656 340 1708 358 non

924 375 1001 410 pauci
1034 375 1222 409 spoliabantnr
1249 375 1366 402 fortunis
1395 376 1428 402 ob
1453 376 1478 401 id
1502 376 1608 407 solum,
1638 377 1709 410 quod

923 426 1002 447 erant
1016 422 1125 455 pietatis
1143 422 1278 447 studiosi:
1295 422 1404 455 quidam
1421 422 1514 452 etiam,
1529 427 1557 447 ut
1572 421 1641 447 fama
1657 427 1709 452 est,

922 467 990 495 clam
1022 468 1200 494 necabantur.
1233 466 1357 493 Nonnulli
1380 467 1460 501 igitur
1484 468 1659 501 magistratus
1681 473 1710 494 ct

923 514 949 540 in
965 514 1111 548 dignitates
1126 513 1277 544 constituti,
1294 518 1320 539 et
1337 514 1503 543 sacerdotes,
1519 518 1546 540 et
1572 514 1709 546 monachi,

923 563 949 584 et
967 565 1000 584 ex
1024 558 1126 592 reliqua
1153 558 1337 589 multitudine,
1363 559 1461 591 partim
1490 558 1658 591 impctrantis
1683 559 1708 584 vi

924 604 1062 638 pertracti,
1073 604 1110 630 illi
1121 604 1294 631 adhaerebant
1306 613 1311 635 ;
1324 604 1421 636 partim
1432 609 1514 632 metu,
1526 605 1622 637 partim
1637 605 1710 638 igna-

922 650 976 681 via,
994 649 1091 684 partini
1109 649 1200 684 gloriae
1215 649 1364 684 cupiditate
1379 650 1622 684 C(H‘l‘lllltpel):lltlttl‘
1640 658 1646 675 :
1663 649 1709 674 sed

924 697 1043 723 maxima
1060 704 1122 730 pars
1134 697 1245 723 stabiles
1268 701 1295 723 et
1314 700 1473 723 constantes
1492 697 1518 722 in
1538 697 1589 722 lide
1605 697 1710 722 animos

923 743 1113 768 conservabat.

957 799 1072 826 7.Tunc
1095 807 1172 826 sacra
1197 799 1224 825 in
1249 799 1329 833 regite
1345 799 1465 825 civitatis
1492 799 1555 825 sede
1581 804 1635 825 tres
1652 799 1709 825 veri

924 846 1040 879 pastoris
1058 845 1326 875 adversarii,m-dine
1352 852 1420 870 unus
1447 844 1608 878 postalinm,
1629 845 1710 878 impie

922 891 1113 922 consederunt,
1130 890 1285 917 Theodotus
1303 890 1349 924 (ιε),
1364 891 1506 921 Antonius,
1519 895 1545 916 et
1565 890 1683 916 Joannes
1700 898 1707 916 ε

924 937 968 970 qui
983 941 1109 970 tanquam
1124 943 1220 970 graves
1237 935 1346 970 quidam
1366 935 1432 969 lttpi,
1448 936 1545 969 passim
1562 935 1708 962 ECI'iCSiﬂlll

923 981 1111 1008 lareravcrunt
1125 988 1156 1008 ac
1169 982 1343 1008 devoraruut.
1363 980 1394 1007 Et
1412 981 1472 1006 aliis
1492 982 1518 1006 iu
1541 981 1608 1007 locis
1632 985 1659 1008 et
1675 981 1712 1007 ci-

895 1035 899 1043 ί
924 1027 1068 1059 vitalibus,
1092 1027 1211 1061 ejusdem
1227 1026 1363 1061 opinionis
1387 1028 1545 1053 sacerdotes
1574 1035 1604 1053 ac
1625 1027 1710 1054 duces

924 1073 1056 1107 imperiti,
1076 1080 1103 1099 et
1118 1073 1217 1099 nullius
1240 1073 1319 1107 pretii
1344 1073 1469 1099 homines
1484 1072 1613 1099 Ecclesiis
1643 1080 1707 1106 [tr-1'-

923 1118 985 1145 l'ei'ti
1003 1123 1066 1144 sunt
1083 1125 1090 1143 :
1110 1118 1155 1151 qui
1174 1118 1341 1144 exsecrabile
1359 1125 1390 1144 ac
1415 1117 1604 1144 detestandum
1630 1123 1711 1144 secta:

924 1170 977 1188 sua:
997 1162 1135 1188 decretum
1161 1162 1242 1195 impie
1259 1166 1286 1188 et
1308 1161 1389 1188 stulte
1405 1162 1607 1191 continuantes,
1628 1163 1710 1188 variis

925 1208 1011 1233 modis
1024 1209 1061 1233 ita
1075 1208 1164 1234 conati
1178 1213 1241 1233 sunt
1258 1208 1405 1241 imaginum
1421 1215 1498 1233 usum
1512 1209 1654 1242 abrogare,
1670 1214 1708 1240 ut,

929 1258 1059 1288 quantum
1083 1255 1109 1280 iit
1125 1254 1191 1285 ipsis
1207 1253 1268 1285 fuit,
1287 1253 1388 1279 nullutu
1407 1262 1498 1280 carum
1511 1254 1652 1288 \"t‘sligittttt
1669 1262 1710 1280 re-

926 1299 1106 1333 linqueretur,
1124 1300 1195 1333 quod
1209 1299 1250 1326 vel
1268 1300 1313 1326 Dri
1329 1299 1408 1326 Verbi
1427 1308 1536 1327 carnem
1550 1301 1649 1332 induti,
1667 1301 1709 1326 vel

923 1344 1102 1370 sanctisaimre
1122 1344 1165 1370 Dei
1186 1344 1342 1374 chill‘icis,
1365 1346 1404 1370 vel
1423 1345 1574 1371 caelestium
1593 1347 1703 1379 angelo-

925 1397 993 1421 rum,
1011 1395 1057 1419 ant
1080 1390 1160 1415 totius
1181 1390 1275 1424 reliqui
1301 1396 1455 1417 sanetormu
1474 1395 1554 1424 atqiic
1574 1391 1709 1425 jllslorlllll

923 1435 1025 1461 ordinis
1038 1436 1155 1468 speciem
1170 1443 1224 1469 pra:
1241 1443 1269 1462 sc
1279 1435 1372 1462 ferret.
1389 1436 1452 1462 lirat
1464 1443 1552 1462 autem
1566 1437 1708 1462 admodum

923 1480 1069 1506 absurdum
1096 1486 1122 1505 et
1152 1488 1253 1514 grave,
1280 1481 1372 1516 videre
1406 1481 1504 1513 possint
1534 1486 1708 1507 sacrosancta

924 1527 1020 1559 templa
1037 1526 1069 1551 ab
1087 1526 1210 1552 obscuris
1231 1530 1258 1552 ct
1278 1527 1454 1552 exsccrandis
1473 1527 1637 1557 hominibus,
1650 1534 1709 1560 ptit-

923 1572 1011 1597 cliriltt
1023 1572 1076 1597 iitte
1094 1579 1141 1597 sua
1159 1576 1186 1597 et
1204 1573 1338 1597 \‘elct'thts
1357 1578 1523 1597 ot'namenl's
1539 1571 1660 1605 spoliari.

957 1616 982 1642 8.
1000 1617 1088 1648 Atque
1103 1616 1152 1641 ista
1166 1615 1274 1649 quidem
1288 1616 1350 1641 ntali
1366 1616 1513 1642 dominatio
1534 1617 1707 1650 gravissimas

921 1661 1089 1687 calamitates
1112 1662 1222 1694 invexit,
1247 1667 1274 1688 cl.
1297 1666 1392 1688 cuncta
1421 1663 1579 1695 permiscuit
1599 1672 1630 1688 ac
1646 1671 1707 1696 pcr-

923 1707 1050 1738 tttrbavit,
1068 1715 1120 1733 non
1137 1709 1235 1740 exiguo
1261 1713 1305 1732 aut
1323 1707 1396 1733 brevi
1417 1713 1546 1741 temporis
1562 1708 1704 1734 intervallo

922 1752 1092 1789 imperatoris
1109 1755 1204 1780 robore
1226 1754 1341 1785 munita,
1354 1754 1401 1780 sed
1419 1754 1527 1786 triginta
1550 1755 1589 1787 (cl)
1622 1762 1705 1787 prope

921 1806 1052 1824 annorum
1083 1800 1181 1832 spatio.
1207 1799 1327 1831 Quorum
1342 1800 1661 1834 ctttnquatuordccim(.)
1678 1802 1703 1826 in

920 1843 1015 1870 emilio
1027 1844 1104 1870 ditus
1121 1844 1376 1878 l’aterNicephorus
1400 1850 1584 1877 tt'anscgisscl,
1597 1846 1630 1871 ab
1655 1846 1705 1871 hac

921 1890 1027 1916 mortali
1044 1890 1098 1916 vita
1112 1891 1237 1924 migravit
1252 1892 1284 1917 ad
1306 1891 1487 1917 innuort.dem
1507 1899 1514 1917 :
1535 1896 1562 1918 et
1583 1893 1705 1925 sepultus

920 1942 962 1963 est
985 1937 1061 1970 juxta
1086 1937 1213 1970 templum
1238 1937 1323 1963 sancti
1343 1939 1470 1972 martyris
1493 1937 1626 1964 Theodori
1648 1959 1654 1969 ,
1674 1938 1700 1963 in

921 1983 1086 2010 monasterio
1115 1984 1185 2016 quod
1202 1984 1258 2016 ipse
1272 1990 1286 2008 ιι
1303 1982 1484 2008 fundamentis
1502 1988 1702 2008 construxurat.

920 2027 947 2054 lit
964 2028 1014 2054 ltoc
1034 2028 1117 2058 cuitu,
1134 2035 1195 2053 cum
1217 2033 1292 2054 esset
1310 2028 1438 2054 multatus
1461 2027 1566 2058 exsilio,
1580 2028 1650 2061 piam
1676 2033 1704 2052 et

919 2079 1023 2098 sacram
1043 2073 1124 2098 vitam
1141 2073 1271 2103 traduxit,
1287 2077 1313 2098 et
1326 2072 1456 2098 virtutum
1481 2074 1571 2098 studio
1586 2077 1701 2099 mentem

919 2124 994 2142 suam
1019 2116 1163 2150 diligenter
1188 2117 1306 2142 excoluit
1327 2123 1408 2150 atque
1430 2118 1604 2151 cxpurgaril,
1622 2125 1703 2151 seque

920 2169 1014 2196 pttrum
1031 2162 1077 2188 Dei
1094 2169 1238 2196 rerumque
1250 2162 1402 2189 divinarum
1419 2163 1547 2195 templum
1568 2164 1702 2195 exhibuit,

919 2215 979 2234 cum
993 2207 1089 2234 similis
1104 2214 1176 2234 esset
1193 2210 1360 2241 angelorum,
1376 2214 1401 2235 et
1418 2209 1497 2235 simul
1527 2214 1581 2235 Ιιιιιι
1608 2217 1702 2236 mona-

918 2255 993 2281 stii-a:
1006 2259 1061 2280 tum
1078 2254 1220 2288 pontiﬁcitc
1236 2256 1464 2290 viticdiguilatent
1482 2257 1627 2283 Virtutibus
1644 2257 1701 2282 suis

917 2301 1069 2328 exornavit.

953 2356 979 2383 9.
998 2356 1133 2383 Hactenus
1162 2358 1445 2388 conuuemoratinms.
1474 2359 1700 2393 quemadmodum

918 2403 1089 2429 beatissimos
1121 2403 1299 2437 Nicephortts,
1324 2409 1353 2430 ut
1380 2404 1498 2438 (tpliintts
1525 2406 1701 2439 gubernator,

919 2455 1016 2475 munus
1033 2449 1248 2476 eclresiasticum
1279 2451 1415 2484 sapienter
1433 2451 1629 2477 administrarit
1651 2460 1657 2478 :
1675 2456 1701 2478 et

921 2500 973 2520 tam
989 2496 1049 2521 vitm
1061 2495 1202 2521 honestate
1218 2504 1298 2530 quam
1316 2497 1477 2529 cognitionis
1498 2497 1659 2525 excellentia
1674 2503 1700 2526 ct

917 2550 1014 2569 sensus
1032 2550 1126 2568 omnes
1136 2547 1163 2569 et
1180 2542 1300 2568 animum
1325 2548 1396 2570 recte
1413 2544 1445 2570 ad
1476 2544 1605 2578 pietatem
1623 2546 1700 2572 insti-

918 2589 997 2614 tncrit
1013 2597 1018 2614 :
1039 2593 1065 2614 et
1087 2588 1156 2622 qttod
1173 2589 1205 2614 ad
1221 2589 1298 2615 fidem
1326 2589 1451 2623 pertinet,
1466 2591 1609 2625 tranquille
1633 2599 1704 2617 sent-

916 2642 962 2668 γυι-
975 2642 1082 2660 rursum
1107 2636 1221 2661 tenuerit
1237 2641 1264 2661 et
1289 2635 1425 2669 legitimas
1443 2638 1503 2663 \‘itzc
1519 2638 1604 2663 ('iV.iiS
1622 2638 1698 2663 insxi-

916 2681 1032 2706 tutioncs
1044 2682 1193 2706 obsi-rVarit
1211 2689 1217 2706 :
1235 2684 1494 2715 etquemadmodum
1508 2683 1617 2713 invidia,
1640 2691 1690 2716 qua

949 2768 986 2798 (i1)
1004 2768 1042 2794 Ab
1059 2776 1130 2794 anno
1149 2769 1211 2798 815,
1231 2769 1263 2795 ad
1279 2777 1377 2795 annum
1389 2769 1449 2795 84⁷2.

947 2804 981 2830 lc)
1008 2803 1063 2829 lmo
1082 2812 1143 2830 ctuti
1162 2804 1192 2830 Μ
1219 2804 1305 2830 (‘Vsiiii
1329 2812 1429 2830 annum
1455 2807 1562 2837 ageret,
1594 2801 1695 2828 scilicet

911 2847 924 2866 a
942 2839 972 2864 l3
990 2837 1075 2866 Martii
1091 2847 1133 2865 an.
1146 2839 1196 2865 815
1208 2846 1290 2873 usque
1302 2840 1333 2866 ad
1347 2848 1390 2866 an.
1404 2839 1464 2871 823,
1479 2843 1506 2865 et
1522 2838 1593 2864 diem
1605 2839 1620 2863 2’.
1632 2837 1693 2864 Jun.
