1931 3076
231 141 282 174 103

740 143 769 172 S.
789 142 998 172 NlCE-PIIORI
1019 142 1270 172 PATRIARCHiE
1290 142 1342 172 CP.

1804 139 1854 170 164

230 205 302 227 recte
329 199 400 226 facta
429 206 542 234 carpere
566 199 702 226 ronsuevil
717 220 724 231 ,
755 200 841 226 livore
871 206 1015 231 commota,
1033 209 1054 235 Α
1069 201 1203 234 ρι-ι-ῃοιιὶι.
1218 199 1339 234 Cumque
1351 199 1421 225 idem
1435 205 1528 224 omnes
1541 197 1688 224 sentientes
1705 199 1854 231 comperis-

230 253 290 270 cum
307 244 407 271 Christi
419 251 526 279 gregem
542 245 650 278 optimis
674 245 828 279 quibusque
844 250 951 271 auctum
973 252 1015 271 at-

229 298 281 324 que
301 294 426 316 ornatum
442 290 571 316 institutis
591 290 690 316 intueri
707 298 759 316 non
787 294 886 323 posset,
899 290 1015 316 Leonem

231 336 434 367 imperatorem,
451 335 633 369 perniciosum
662 335 759 361 auimze
789 336 904 368 propria;
924 335 1016 362 inimi-

234 389 305 412 cam,
320 381 466 415 impulerit,
483 386 651 407 utnovarum
665 389 754 407 rerum
772 381 799 406 in
818 382 947 415 religione
958 387 1016 408 stu-

231 427 275 453 dio
293 427 422 454 adversus
436 427 518 453 Deum
543 427 707 460 insurgeret,
725 431 752 453 et
776 434 824 460 pro
844 427 945 453 viribus
973 435 1016 453 res

231 479 339 500 sanctas
355 478 436 507 atque
449 473 555 500 divinas
571 474 741 499 contumeliis
755 473 874 500 allici-ret
899 478 927 500 et
949 481 1015 500 con-

231 519 388 550 tamiuaret,
407 523 434 546 et
449 519 481 545 ad
497 523 649 546 extremum
675 527 689 546 e
709 527 786 546 sacra
814 521 877 546 sede
894 520 1014 545 divinum

231 566 301 592 hunc
316 566 403 591 virum
417 565 574 592 exturbaret
591 569 670 599 atque
686 565 713 592 in
739 566 863 592 exsilium
883 565 992 598 ejiceret
1007 574 1014 591 :

230 611 274 636 ubi
293 610 436 636 virtutibus
451 614 478 636 et
493 610 770 644 contemplatiouilnrs
792 611 910 636 auituum
935 617 1016 636 exco-

231 655 288 681 lens
300 659 326 680 rt
340 662 402 680 cum
416 655 469 681 Deo
483 662 606 686 versans,
623 656 692 681 bene
705 656 837 689 beateque
852 658 935 681 vitam
959 660 1013 680 tra-

230 700 317 726 duxit.
334 699 408 726 Nunc
426 704 518 726 autem
533 705 636 734 tempus
650 705 691 727 est
708 705 746 732 nt,
763 708 822 726 cum
846 700 1014 735 providentia

230 745 276 772 Dei
294 746 337 779 qui
353 746 447 772 mortis
459 745 582 771 umbram
593 746 618 772 in
632 746 795 772 matutinum
807 746 976 780 spleudomm
988 750 1016 772 et

231 789 358 816 tenebras
371 790 397 816 in
415 789 501 815 lucem
531 790 675 820 convertit.
693 797 836 816 mmrorem
863 795 943 823 atque
962 790 1014 816 tri-

230 834 332 860 stitiam
349 834 374 859 iu
388 834 514 868 gaudium
527 833 700 867 lmtitiamque
713 834 900 866 commutavit,
914 835 939 859 in
951 834 1014 861 rcli-

1067 251 1118 278 set,
1137 246 1287 280 diurnoque
1317 245 1377 280 ejus
1414 244 1451 270 rei
1485 243 1620 270 desiderio
1651 244 1749 273 teneri,
1769 249 1854 277 atque

1067 292 1156 318 animo
1168 291 1317 318 excruciari
1336 294 1445 324 propter
1460 289 1597 323 religionis
1614 289 1640 315 in
1660 296 1690 315 ea
1709 296 1737 316 re
1765 295 1854 316 muta-

1068 337 1212 368 tationem;
1230 337 1385 371 postulavit,
1402 341 1432 362 tit
1453 343 1482 362 se
1505 335 1614 361 Patrum
1632 335 1713 361 etiam
1736 335 1855 362 auctori-

1067 383 1169 410 tatibus
1190 383 1224 410 ad
1243 383 1386 409 veritatem
1411 382 1613 413 conﬁrmarent,
1629 388 1695 415 quas
1719 381 1803 407 variis
1828 382 1854 408 in

1066 429 1142 456 libris
1159 429 1325 455 invenissent
1342 437 1349 454 :
1368 427 1559 461 mandavitque
1572 434 1625 460 quo
1646 427 1671 452 iu
1687 426 1745 452 loco
1760 426 1853 460 palatii

1066 475 1215 510 prazﬁuitus
1229 479 1317 502 cintus
1330 473 1514 500 ecclesiaticns
1537 473 1679 499 universus
1699 478 1854 507 cogeretur,

1065 525 1093 546 et
1107 520 1140 546 ad
1160 520 1286 554 populum
1305 527 1335 546 ca
1364 520 1396 545 de
1425 527 1453 546 re
1477 526 1555 552 quam
1579 518 1750 552 apertissime
1771 519 1854 544 verba

1068 565 1180 592 faceret.
1211 565 1297 591 Tanta
1336 570 1426 592 autent
1472 564 1618 590 multitudo
1648 562 1796 594 conﬁnxit,
1827 567 1856 590 ut

1067 618 1180 637 numero
1188 611 1380 644 comprehendi
1395 617 1446 637 non
1458 613 1560 644 posset.
1573 609 1767 636 Convencrunt
1777 609 1851 634 enim

1067 665 1118 683 non
1132 657 1217 683 solum
1231 656 1279 688 illi,
1291 657 1336 690 qui
1353 661 1468 682 mentem
1484 664 1577 683 sanam
1591 655 1738 690 impietatis
1751 659 1855 689 tempos

1069 702 1143 728 ribus
1161 706 1366 733 conservaram,
1382 709 1474 727 verum
1495 701 1579 727 etiam
1594 700 1747 734 complures
1759 708 1792 726 ex
1810 700 1853 731 iis.

1067 746 1112 779 qni
1140 753 1201 771 cum
1223 745 1334 780 pietatis
1362 745 1486 771 hostibus
1514 749 1720 776 consenserant,
1752 744 1855 778 quique

1067 790 1264 818 Sacerdotlisot
1282 789 1410 817 Ecclesiis
1424 789 1549 824 regendis
1567 790 1600 816 al)
1615 789 1681 823 ipsis
1694 789 1774 816 electi
1795 789 1854 816 fue-

1069 842 1131 863 rant
1154 846 1159 863 :
1188 845 1202 864 e
1225 836 1391 870 vrstigioque
1417 840 1520 862 mutata
1551 835 1699 866 sententia,
1721 843 1779 867 eos,
1807 834 1853 868 qui

230 886 281 913 qua
295 878 424 905 orationis
441 884 517 912 parte
533 879 652 905 breviter
678 879 906 909 demonstremus,
923 887 1014 913 quem
1034 881 1053 908 Β
1067 887 1175 909 sanctas
1204 883 1334 916 imagines
1354 885 1552 916 oppugnarunt,
1572 880 1738 908 anathemati
1759 880 1853 914 subje-

230 924 374 949 admodmu
392 931 500 950 sat-rum
527 923 597 950 illius
627 931 724 957 corpus
750 924 774 949 in
796 924 894 958 regiam
923 925 1016 950 urbem

232 969 392 996 translatum
412 969 447 994 sit
463 978 469 995 :
485 969 534 995 hoc
550 968 622 995 enim
637 969 714 994 ttobis
730 969 901 1002 potissimum
920 977 1016 1002 propu-

232 1022 374 1041 sacramus
394 1022 401 1046 ;
418 1014 480 1040 licet
507 1015 532 1040 in
557 1014 617 1040 aliis
639 1015 719 1040 rebus
739 1015 913 1040 recensendis
931 1015 1016 1041 simus

231 1060 376 1086 innuorati.

538 1127 652 1155 CAPUT
673 1128 705 1155 ll.

228 1183 326 1219 Corpus
351 1185 433 1211 murti
468 1184 612 1218 Nilum/tori
636 1194 731 1219 magna
757 1186 922 1212 srlnnuiln/e
945 1185 1012 1212 Cou-

425 1222 620 1254 stnntiuopotim
639 1224 809 1247 tt'mtslntmn.

264 1309 307 1337 10.
324 1309 503 1343 Posteaquam
529 1310 611 1340 enim,
629 1309 758 1335 (Ιιπῐιιιιίτιο
785 1309 936 1344 Theophila
967 1312 1012 1345 (Γ),

229 1357 371 1390 imperium
387 1357 419 1381 ad
434 1356 491 1390 ejus
507 1363 617 1382 uxorem
634 1355 803 1382 Theodoram
823 1356 873 1389 (g),
889 1361 915 1382 et
930 1357 1013 1383 lilium

229 1409 323 1428 eorum
341 1401 498 1427 Mirhaelem
518 1401 661 1426 admodum
679 1401 877 1428 adolescentem
893 1403 1013 1430 delatum

228 1440 278 1476 est.
309 1447 334 1472 in
362 1446 470 1480 pietatis
495 1446 614 1472 studium
630 1454 776 1481 curamque
792 1448 908 1474 maxime
938 1449 1014 1475 irrcti-

229 1493 288 1518 buit
313 1492 430 1523 femina;
452 1499 513 1518 vero
531 1491 575 1518 Dei
590 1500 702 1518 muliere
717 1493 756 1526 (ut
773 1501 868 1520 nomen
891 1493 948 1527 ejus
971 1494 1014 1520 iu-

230 1537 312 1571 dicat)
329 1538 402 1568 data,
421 1545 452 1562 ex
471 1537 596 1563 omnibus
612 1538 749 1570 prmclaris
765 1543 792 1564 et
819 1540 926 1573 magnis
947 1539 1013 1566 laci-

231 1582 354 1612 unribus,
383 1581 481 1615 quibus
508 1581 643 1615 principes
666 1582 772 1616 probari
798 1583 897 1614 soli-nt,
913 1584 1013 1610 nulloin

230 1627 402 1661 praestantius
430 1626 599 1658 evistimans,
616 1635 669 1661 quo
686 1629 768 1654 tutius
794 1630 845 1655 sibi
872 1630 1014 1661 imperium

229 1673 410 1702 continuaret.
434 1677 480 1698 aut.
499 1673 602 1699 virilem
624 1674 648 1699 in
669 1672 784 1700 feniinca
804 1682 917 1708 persona
938 1675 1015 1702 furti-

231 1717 350 1744 tudinem
374 1721 619 1751 excrceret,quam
648 1718 671 1745 si
700 1719 808 1751 pictatis
823 1725 849 1745 et
878 1721 1016 1755 religionis

229 1761 303 1788 cultu
318 1760 400 1787 Deum
417 1761 466 1786 sibi
483 1762 629 1795 propitiutn
646 1763 782 1789 redderet.
796 1763 822 1790 ld
840 1769 929 1790 autem
943 1766 1015 1792 nullo

230 1811 308 1840 parto
335 1805 439 1831 l'acilitts
460 1810 506 1831 aut
528 1805 698 1832 commodius
727 1814 807 1839 posse
835 1809 1012 1842 contingere,

229 1858 309 1884 quam
333 1850 355 1875 si
372 1850 604 1882 perturbationem
621 1850 648 1876 in
675 1851 793 1877 Ecclesia
817 1850 919 1884 jamdiu
942 1854 1016 1878 exci-

229 1902 311 1922 rauim
321 1898 439 1927 sedaret,
457 1901 483 1922 et
496 1900 601 1929 partem
619 1897 644 1922 iu
662 1896 706 1923 illa
730 1898 826 1924 morbo
843 1898 1013 1925 laborantem

230 1944 370 1969 reduc-oret
397 1942 430 1968 ad
452 1943 594 1970 sanitatem
617 1951 623 1970 :
647 1948 687 1976 ιιι,
703 1944 748 1977 qui
772 1944 842 1970 inter
865 1951 895 1971 se
919 1945 1015 1971 animis

228 1992 318 2014 essent
333 1987 489 2018 abalienati,
500 1988 710 2014 coneiliarentur
718 1993 800 2022 atque
822 1989 891 2015 idem
905 1991 1014 2016 omnino

229 2034 364 2059 sentirent
381 2041 388 2060 :
406 2034 445 2060 sic
458 2034 530 2060 enim
544 2033 612 2065 fore,
629 2039 659 2060 ut
674 2042 735 2060 cum
749 2042 800 2061 uua
811 2040 882 2062 esset
894 2043 1013 2062 ommmu

228 2080 362 2105 sententia
372 2084 455 2113 atque
470 2080 538 2106 idem
552 2087 660 2112 sensus,
678 2087 741 2107 vera
758 2081 918 2114 sinceraque
936 2081 1012 2113 ﬁdes,

228 2125 410 2158 apostolomtu
432 2125 596 2160 Patrumque
618 2126 748 2153 institutis
769 2130 896 2160 tanquam
920 2127 1014 2154 solidis

230 2170 413 2197 l'nmlamentis
429 2171 575 2203 iuluercus,
591 2172 667 2198 ﬁrma
683 2176 765 2206 atque
789 2172 935 2198 immobilis
950 2181 1013 2198 con-

229 2222 386 2243 servaretur
400 2225 406 2242 z
422 2221 449 2243 et
463 2217 515 2244 sibi
536 2218 664 2250 deinceps
677 2218 779 2253 imperii
796 2219 956 2254 gubernatio
971 2219 1009 2245 [ςι-

230 2262 290 2290 cilis
308 2270 340 2289 ac
354 2262 504 2289 tolerabilis
525 2271 693 2296 permanere.

267 2307 310 2333 ll.
330 2306 390 2333 Ihec
405 2307 486 2340 igitur
504 2315 565 2334 cum
579 2307 623 2334 illa
637 2316 699 2334 verc
715 2309 804 2335 animo
826 2309 961 2336 ever-licus
981 2317 1012 2336 ac

229 2358 319 2380 mente
339 2353 414 2379 fortis
439 2354 538 2387 llrgiua
564 2354 671 2387 ingenio
689 2362 738 2380 suo
769 2356 963 2389 excogitasset,
986 2359 1013 2382 et

230 2399 370 2432 prudentia
393 2399 608 2432 consideraSst-t;
636 2407 664 2426 re
694 2407 754 2426 cum
787 2401 850 2431 illis,
867 2401 911 2435 qui
934 2405 1014 2428 erant

230 2445 256 2470 in
273 2444 430 2477 magistratu
449 2450 473 2470 ιιι
494 2445 624 2479 dignitate
639 2446 787 2476 constituti,
802 2448 1011 2478 communicata,

229 2491 346 2517 accersit
359 2499 418 2517 cum
440 2491 504 2525 ipsis
519 2499 564 2517 vos
582 2492 626 2526 qui
649 2491 719 2518 inter
739 2493 883 2519 niouarhos
900 2497 1012 2526 praesta-

229 2537 292 2563 bant
307 2557 314 2568 ,
348 2541 374 2563 et
403 2538 434 2563 de
454 2537 599 2572 imaginum
620 2537 812 2564 instauratione
836 2538 1012 2572 qua‘sliouein

264 2672 294 2707 (Ι)
308 2672 369 2698 l‘ost
379 2671 496 2698 Leonem
510 2673 657 2698 Armennm
671 2675 701 2707 iet
719 2669 876 2697 Michaclem
888 2669 1011 2697 Balbum.

229 2708 280 2734 sub
306 2715 360 2742 quo
382 2707 550 2741 Nvt-phariis
580 2708 634 2733 vita
667 2706 778 2742 iunctus
807 2709 859 2742 est,
889 2711 1014 2742 regnarat

228 2739 396 2778 ’l'brophilns
415 2739 487 2768 lialbi
507 2742 589 2770 ﬁlius,
605 2740 756 2767 exstinctus
781 2739 832 2765 sub
853 2740 932 2765 tinctu
950 2740 1013 2765 anni

227 2779 274 2805 8H
294 2785 339 2805 aut
356 2778 463 2804 initium
480 2778 632 2810 sequentis.

263 2816 298 2845 (ῃ)
319 2815 347 2840 S.
368 2809 715 2845 'l‘h-‘oilora-fimpcratricis
735 2810 818 2836 \‘itam
847 2809 971 2836 dedimus
989 2817 1015 2836 xt

227 2843 382 2876 Februarii:
407 2850 431 2874 in
449 2855 501 2882 qua
530 2843 670 2881 sequentia
694 2847 744 2872 late
772 2845 951 2880 explicantur,
978 2851 1014 2872 uti

1067 934 1173 956 ceruut.

1104 985 1144 1011 l2.
1161 985 1216 1017 Qua
1235 985 1341 1019 quidem
1364 984 1483 1011 celeriet
1503 983 1640 1017 insperata
1660 991 1748 1010 rerum
1771 991 1848 1010 cont-

1066 1032 1226 1062 mntatione,
1243 1030 1372 1061 Joannes,
1385 1031 1428 1063 qui
1447 1036 1510 1056 tunc
1524 1031 1605 1063 impie
1621 1038 1718 1056 ruuutrs
1742 1029 1852 1064 pontiﬁ-

1067 1078 1137 1104 cium
1148 1077 1368 1106 administrabat,
1385 1081 1495 1110 stupore
1507 1082 1533 1102 et
1548 1076 1644 1102 mentis
1659 1076 1772 1109 caligine
1786 1083 1852 1110 cap-

1067 1129 1119 1154 tus,
1132 1130 1226 1155 parum
1251 1122 1348 1152 abluit,
1367 1121 1431 1155 quin
1457 1121 1508 1148 sibi
1529 1122 1586 1155 ipse
1611 1129 1705 1147 utanus
1732 1121 1850 1151 allerri-t,

1067 1175 1234 1202 mortemque
1261 1168 1453 1194 conscisceret.
1473 1166 1520 1193 lite
1537 1167 1609 1192 cnim
1628 1167 1744 1192 [sceleris
1772 1171 1852 1200 caput

1065 1221 1091 1243 rt
1109 1224 1211 1242 summa
1232 1214 1319 1240 fuerat
1339 1221 1345 1240 :
1366 1213 1411 1248 qui
1429 1221 1490 1240 Clllll
1509 1213 1590 1247 impie
1604 1213 1726 1243 sentiret,
1739 1217 1765 1238 et
1782 1213 1851 1246 apud

1067 1264 1254 1295 imperatorem
1283 1262 1445 1287 am-toritate
1467 1263 1558 1294 posset
1583 1264 1662 1285 antea
1688 1259 1850 1293 plurimum,

1065 1314 1125 1331 cum
1148 1305 1295 1331 mendaciis
1311 1309 1339 1330 rt
1372 1304 1442 1330 dolis
1468 1303 1638 1337 impudenter
1666 1303 1852 1329 inconsider..-

1067 1355 1144 1382 thne
1156 1351 1290 1379 coulictis.
1307 1350 1332 1374 in
1351 1349 1666 1382 impietatisbarathrum
1686 1347 1850 1381 impellebat.

1066 1395 1103 1420 lio
1125 1397 1205 1426 igitur
1218 1401 1327 1428 propter
1348 1394 1458 1427 ﬂagitia,
1472 1400 1532 1427 qtue
1554 1393 1579 1419 in
1594 1393 1677 1420 Deum
1694 1394 1851 1423 admiserat,

1066 1448 1118 1467 uno
1139 1441 1259 1467 omnium
1281 1448 1414 1467 consensu
1434 1445 1460 1466 et
1486 1439 1592 1466 cunctis
1610 1444 1665 1465 tum
1689 1445 1852 1472 magnorum

1066 1487 1257 1519 inperatoriun
1276 1506 1283 1517 ,
1314 1490 1369 1512 tuin
1405 1486 1525 1511 universi
1559 1489 1646 1512 coetus
1674 1485 1852 1512 ecclesiastici

1065 1533 1212 1567 sullragiis,
1242 1541 1256 1558 a
1285 1540 1361 1558 sacra
1390 1533 1454 1558 sede
1482 1539 1543 1558 cum
1577 1531 1726 1565 ignominia
1752 1532 1851 1564 eiecto,

1067 1578 1219 1605 Methodins
1229 1579 1266 1612 (Ιι)
1283 1579 1324 1603 vir
1336 1582 1362 1603 et
1377 1578 1430 1602 vita
1448 1583 1474 1603 et
1487 1577 1609 1604 doctrina
1624 1577 1700 1603 valde
1713 1577 1852 1611 probatus.

1064 1630 1091 1650 et
1110 1625 1156 1658 qui
1185 1632 1233 1658 pro
1256 1625 1371 1650 veritate
1393 1628 1421 1650 et
1445 1623 1574 1657 rrligioue
1603 1622 1736 1657 permulta
1761 1628 1852 1650 certa-

1065 1671 1136 1696 tnina
1164 1676 1192 1696 et
1212 1669 1320 1703 longum
1345 1669 1470 1695 exsilium
1501 1668 1660 1702 pertulerat,
1684 1672 1765 1703 atque
1790 1669 1854 1696 inde

1065 1713 1150 1748 plagis
1168 1717 1196 1739 et
1220 1720 1332 1739 caret-re
1353 1714 1398 1739 diu
1419 1713 1557 1739 cruciatus
1581 1712 1710 1744 redierat,
1725 1713 1853 1740 omnibus

1065 1759 1091 1785 in
1121 1759 1251 1792 tllgttllnltl
1280 1759 1435 1785 constitutis
1473 1758 1686 1791 approbantibus
1704 1777 1712 1790 ,
1748 1759 1854 1785 electus

1065 1810 1124 1835 est.
1153 1805 1198 1839 qui
1225 1812 1329 1830 sam-am
1356 1805 1456 1837 regina:
1487 1805 1593 1830 urbium
1615 1804 1737 1831 civitatis
1760 1806 1852 1831 sedem

1064 1852 1212 1877 obtiuetet.

1102 1896 1145 1923 t3.
1157 1895 1232 1922 Tune
1245 1895 1340 1922 Nimiae
1357 1896 1504 1922 secundum
1517 1895 1648 1923 divinitus
1663 1896 1778 1923 electum
1792 1904 1854 1922 san-

1069 1948 1141 1968 ctmu
1157 1941 1353 1968 metuuenicum
1369 1941 1526 1973 concilium,
1540 1942 1611 1974 quod
1626 1941 1709 1969 lrenze
1720 1941 1750 1976 (ἰ)
1766 1942 1853 1976 impe-

1065 1987 1184 2019 ratricis,
1194 1994 1287 2013 verum
1299 1988 1331 2013 ab
1344 1988 1400 2021 ipsa
1417 1995 1483 2020 pace
1497 1995 1595 2014 nomen
1606 1989 1742 2019 habentis,
1760 1995 1787 2015 et
1799 1988 1852 2014 'l‘a-

1066 2033 1128 2059 rasii
1146 2033 1254 2059 maximi
1270 2033 1474 2066 beatissimique
1486 2033 1649 2066 patriarcha
1675 2035 1766 2060 stuilio
1775 2034 1849 2059 celo-

1065 2080 1171 2106 bratntu
1181 2083 1234 2111 est,
1249 2080 1345 2106 merito
1361 2079 1466 2105 ﬁrmam
1479 2079 1598 2105 obtinuit
1612 2081 1801 2106 auctoritatem
1819 2087 1852 2106 ac

1066 2125 1163 2157 robur;
1180 2132 1242 2152 cum
1268 2133 1374 2157 names,
1391 2132 1462 2159 quat,
1483 2125 1536 2152 Deo
1566 2124 1717 2158 aspirante,
1741 2125 1766 2151 in
1793 2126 1852 2160 ipso

1065 2171 1173 2198 dvcreta
1203 2170 1319 2202 fuerant,
1335 2171 1554 2202 comprobarent.
1578 2169 1655 2197 Tunc
1677 2177 1772 2196 omnes
1800 2171 1853 2197 Ec-

1064 2217 1153 2243 clesia:
1169 2224 1246 2242 Stttlnl
1264 2216 1363 2250 ubique
1385 2216 1466 2242 decus
1483 2221 1656 2249 receperunt,
1670 2220 1698 2242 i-t
1710 2217 1852 2243 venerabi-

1067 2262 1130 2289 liuut
1155 2262 1300 2296 imaginum
1324 2262 1466 2296 Splendore
1484 2261 1592 2288 fuerunt
1619 2261 1761 2288 illustrant:
1775 2270 1782 2288 :
1797 2262 1853 2295 eje-

1067 2309 1172 2343 ctisqne
1187 2308 1250 2339 illis,
1265 2307 1311 2342 qui
1337 2315 1384 2334 eas
1402 2306 1506 2334 nefarie
1525 2307 1738 2338 insectabantur,
1759 2315 1852 2334 sarcr-

1068 2356 1144 2382 dotes
1161 2355 1186 2381 in
1201 2355 1242 2382 cis
1258 2362 1288 2381 ac
1303 2354 1396 2386 duces,
1415 2354 1479 2380 recti
1498 2353 1632 2388 dogmatis
1645 2354 1770 2386 studiosi,
1788 2359 1852 2380 sinit

1066 2401 1216 2428 constituti.

1103 2446 1147 2473 M.
1163 2446 1347 2478 Quadriennio
1361 2446 1440 2481 igitur
1457 2450 1518 2480 post
1555 2443 1756 2471 sacratissimus
1794 2444 1852 2470 Mr-

1067 2492 1184 2522 tbodius,
1207 2492 1297 2518 divino
1323 2493 1401 2526 plane
1431 2492 1526 2526 spiritu
1549 2491 1853 2525 impulsus,opportuue

1068 2537 1262 2572 s:qiicntcrqne
1303 2538 1422 2564 divinam
1451 2537 1651 2572 imperatricem
1681 2536 1851 2563 Theodoram

1067 2674 1091 2696 rt
1109 2671 1213 2697 scelera
1232 2670 1327 2697 Jaunis
1343 2678 1390 2697 seu
1402 2670 1515 2698 Joannis
1532 2670 1705 2704 patriarchae.

1103 2706 1139 2737 (In
1174 2707 1290 2732 S-m-tns
1305 2706 1456 2732 Mothoilius
1480 2706 1578 2733 colitur
1596 2706 1626 2732 Η
1642 2705 1726 2737 Junii,
1748 2709 1858 2732 creatus

1069 2741 1222 2773 patriarcha
1236 2749 1309 2766 alitro
1323 2742 1385 2768 842.

1104 2776 1135 2806 ti)
1151 2776 1282 2801 (Lolnntur
1294 2782 1385 2802 sancta
1406 2776 1480 2803 lrcne
1502 2776 1658 2810 imperalrix
1674 2777 1706 2803 l3
1732 2775 1857 2810 Augusti,

1069 2815 1095 2836 ct
1109 2816 1219 2837 StlllCltls
1232 2811 1358 2838 Tarasius
1370 2812 1404 2838 25
1421 2811 1570 2838 Februarii.
