1931 3076
78 144 124 177 165
837 143 857 174 ι’
864 144 931 173 ΙΤΑ.

1648 143 1697 174 166

79 201 231 232 admonuit,
256 207 309 226 non
329 207 390 227 esse
412 207 445 226 ex
463 200 569 234 itnpetii
596 204 623 226 ct
645 199 758 234 rcipnbl.
783 199 867 233 digni—
884 203 904 228 Λ
921 207 980 224 cum
997 197 1133 225 cousiitu't
1156 203 1228 224 luth
1248 197 1390 224 habettetu
1407 198 1537 224 maculant
1558 207 1642 231 neque
1652 208 1698 226 ru-

81 251 140 277 late,
158 245 231 279 quod
248 244 420 272 venerandus
440 249 467 270 et
484 244 555 271 inter
570 243 737 278 patriarchas
753 243 864 270 illustris

78 293 255 326 Niceplmrus,
269 291 315 325 qtti
342 298 390 324 pro
406 290 528 325 gloriosa:
549 290 715 323 sincerzeque
735 289 795 316 fidei
817 290 863 316 de-

79 337 198 364 fensioue
227 343 241 362 a
271 343 349 362 sacra
379 336 442 362 sedc
475 335 624 369 depulsus,
654 335 680 361 in
708 334 864 368 longissimo

79 383 172 410 etsitio
197 381 344 409 defunctus
369 385 440 411 erat.
465 381 647 415 negligeretur
679 389 686 407 :
720 380 766 406 sed
790 380 862 406 Omni

80 427 165 454 studio
185 427 336 454 curamlum
355 433 425 457 esse,
445 430 474 452 ut
489 425 610 452 divinum
627 433 723 459 corpus
736 426 818 460 ipsius
838 426 863 452 in

80 474 215 499 civitatem
239 476 437 505 reportaretur.
453 471 579 506 Alioquin
605 471 701 506 ingrati
719 471 802 497 animi
823 471 865 497 vi-

78 519 151 550 tium,
165 517 266 551 inquit,
281 524 333 544 non
348 516 520 547 evitabimus,
536 516 558 542 si
580 520 641 549 post
655 521 770 542 mortem
783 516 864 541 etiam

79 566 160 600 ipsum
186 563 213 589 in
228 561 337 593 exsilio,
362 565 489 595 tanquam
517 560 579 594 jure
610 561 777 592 damnatum,
802 561 866 587 reli-

79 609 217 641 querimus
234 617 240 634 :
261 607 412 641 praesertim
427 614 487 632 cum
504 613 557 632 non
576 606 735 640 ignoremus
756 613 803 632 eos
820 606 865 640 qui

79 662 105 680 rx
135 661 238 687 genere
266 657 345 679 erant
369 651 484 686 Ioseph,
509 652 535 678 iu
567 651 761 678 benedictionis
790 655 867 685 parte

79 697 210 729 posuisse,
230 701 260 722 ut
285 695 371 729 patris
396 703 456 722 ossa
485 699 545 729 post
577 696 788 729 quadringentos
812 695 867 722 fere

40 763 43 766 .
79 750 160 768 annos
180 750 212 768 ex
243 741 362 776 Egypto
385 741 411 767 in
442 740 650 767 Chananitidem
676 745 865 775 exportarent.

44 789 51 795 ‘
76 788 148 821 Quod
173 795 236 814 eum
263 788 299 814 ita
321 787 366 818 sil,
384 787 504 821 uos,qui
538 794 632 814 sumus
666 787 776 821 pietatis
809 787 866 818 lilii,

78 834 176 860 diutius
210 833 314 867 privari
325 833 460 866 patiemur
475 833 564 859 Patris
590 833 663 860 illius
679 833 834 866 prasenlia,
851 839 865 858 a

79 888 127 914 quo
142 880 243 906 divinis
256 879 427 906 documentis
436 878 544 905 enutriti
558 878 669 905 smnus?
681 878 741 905 llam
759 879 866 912 quidem

79 925 208 956 omnium,
222 931 291 958 quas
317 924 436 950 intuetur
459 923 509 954 sol,
522 923 628 950 urbitun
643 924 868 957 praestantissima

80 977 105 998 et
130 971 205 1005 regia
235 971 344 1001 civitas,
373 970 444 996 sacri
473 970 549 997 ducis
574 975 654 1004 atque
681 971 798 1005 pastoris
827 970 868 997 sui

84 1018 210 1051 reliquias
234 1021 346 1043 sanctas
364 1017 511 1048 desiderat,
526 1023 594 1050 quas
608 1016 651 1050 pie
671 1021 817 1043 conservet
841 1020 868 1043 et

80 1063 155 1090 colat.
167 1063 266 1098 Spousi
279 1063 320 1088 sui
338 1062 480 1096 prtesentia
497 1062 603 1088 fruatttr
621 1069 728 1088 rursum
745 1061 866 1089 Ecclesia

83 1110 160 1143 ipsius
178 1108 378 1140 amantissima,
391 1111 481 1142 etquo
498 1107 745 1140 vivoinjustissima
757 1107 868 1140 impera.

83 1155 143 1181 toris
158 1162 240 1181 manu
265 1155 380 1189 spoliata
398 1153 459 1185 fuit,
479 1154 576 1180 mortui
601 1161 711 1187 corpus,
730 1157 868 1180 annuente

83 1201 195 1227 studiosa
210 1201 330 1235 pastoris
345 1200 529 1235 imperatrice,
549 1200 756 1234 complectatur.
772 1200 868 1227 Cernis

83 1246 304 1280 quemadmodum
320 1246 364 1273 hic
381 1246 506 1280 populus,
520 1246 565 1280 qui
582 1253 630 1280 per
655 1250 680 1272 te
697 1253 810 1272 securus
839 1246 866 1272 in

84 1299 139 1318 vera
156 1292 292 1326 religione
313 1292 493 1326 conquiescit,
513 1291 664 1318 incredibili
695 1291 783 1317 studio
810 1295 871 1325 post

83 1343 191 1364 mortem
210 1339 291 1364 etiam
309 1345 402 1364 vocem
419 1337 478 1371 ejus
495 1337 589 1363 audire
606 1337 632 1363 in
649 1337 745 1371 spiritu
770 1344 870 1364 cont-u-

83 1384 174 1418 piseit?
189 1383 268 1417 Quod
281 1385 303 1410 si
319 1383 523 1411 tabernaculum
538 1383 597 1417 ejus
616 1387 720 1409 tantmn
737 1382 770 1409 ad
782 1390 811 1409 se
825 1391 868 1409 re-

85 1430 160 1455 latum
188 1430 339 1464 aspexerit,
355 1437 384 1456 se
405 1430 480 1456 illum
499 1430 586 1463 ipSHm
614 1429 746 1462 recepisse
765 1429 871 1463 spiran-

85 1479 134 1501 tem
157 1475 339 1507 existimabit,
356 1480 382 1502 et
405 1481 531 1510 tanquam
562 1477 718 1502 thesaurum
749 1476 869 1510 aliquem

85 1521 307 1555 pretiosissimum
321 1521 451 1548 recondat
463 1527 489 1549 et
505 1522 670 1548 observabit.
684 1521 730 1548 llis
747 1522 870 1555 prccit-us

85 1572 109 1594 et
124 1568 356 1595 cohortationibus
367 1568 509 1595 celerrime
531 1576 561 1594 ac
574 1568 752 1594 libentissime
772 1567 870 1602 inclyta

86 1615 175 1640 annuit
198 1614 354 1648 intperatrix
378 1622 385 1640 :
404 1613 575 1647 Perspicuum
602 1618 644 1640 est
663 1614 745 1644 enim,
773 1613 870 1647 inquit,

86 1660 133 1687 lioe
148 1661 218 1694 apud
244 1667 338 1688 onmes
358 1666 483 1695 posmros
497 1666 524 1686 et.
541 1660 606 1687 milii
637 1665 663 1686 et
687 1659 779 1686 liberis
803 1659 871 1686 meis

89 1705 177 1732 ltonori
196 1706 330 1733 futurum.

122 1751 164 1779 l5.
187 1751 265 1778 Tunc
282 1759 360 1778 Sacer
377 1751 496 1778 civitatis
509 1751 633 1781 antistes,
651 1758 711 1777 eum
727 1749 873 1776 sacerdoti-

88 1799 133 1825 btts
157 1804 185 1825 et.
212 1798 354 1824 monachis
382 1798 563 1831 universaque
593 1797 704 1830 populo,
719 1797 751 1822 ad
780 1797 870 1823 Sancti

87 1844 218 1870 Theodori
245 1844 375 1877 templum
401 1844 515 1874 accedit,
539 1843 565 1868 in
590 1851 642 1876 quo
669 1842 755 1876 gratia
789 1842 872 1875 pit-nm

89 1890 206 1924 reliquim
230 1889 484 1923 jacebant,easque
509 1896 570 1915 cum
588 1887 760 1913 veneratione
785 1892 812 1913 et
836 1887 872 1913 la-

87 1937 183 1971 crymis
213 1935 407 1968 complectens,
423 1939 551 1967 tanquam
576 1938 701 1960 sanetum
723 1933 810 1968 ipsum
834 1933 874 1959 vi-

86 1985 190 2007 ventem
209 1981 249 2007 sic
261 1980 395 2006 allocutus
411 1984 452 2006 est
470 1988 476 2006 :
493 1978 514 2006 0
529 1978 747 2010 virbeatissime,
763 1980 807 2012 qui
820 1979 872 2005 eis-

87 2027 141 2053 dem
159 2025 300 2053 laboribus
316 2031 344 2052 et
360 2026 501 2057 aerumnis,
515 2025 614 2059 quibus
629 2029 739 2051 sanctus
754 2023 872 2051 Joannes

86 2072 310 2108 Chrysostomus.
330 2071 442 2098 affectus
461 2079 502 2103 es,
519 2071 590 2097 sicut
611 2070 706 2097 eodem
734 2070 873 2104 religionis

87 2118 174 2143 studio
206 2121 233 2143 et
273 2115 381 2142 dicendi
420 2114 545 2141 libertate
575 2115 736 2147 praestabas;
772 2114 873 2148 quiquo

87 2163 186 2196 pariter
195 2167 223 2188 et
237 2161 300 2188 sede
312 2161 443 2195 privatus,
457 2165 483 2187 et
497 2159 625 2186 multatus
641 2159 746 2190 exsilio,
760 2164 786 2186 et
801 2160 870 2186 idem

88 2209 193 2240 triginta
225 2207 307 2234 trinnt
338 2213 470 2233 annorum
510 2206 625 2240 spatium
656 2205 776 2232 extorris
816 2209 870 2231 tum
889 2211 909 2237 ι)

87 2253 161 2279 rhus
177 2258 234 2278 tum
263 2256 384 2277 mortuus
410 2251 562 2284 transegiin
579 2259 585 2276 :
610 2257 680 2276 nunc
699 2255 724 2276 to
742 2249 818 2276 nobis
835 2250 870 2275 tui

88 2296 281 2323 amantissimis
309 2296 439 2326 restitue,
466 2301 546 2330 atque
572 2295 635 2322 hinc
661 2295 812 2327 discedens,
838 2295 870 2320 ad

88 2343 192 2376 propria
218 2342 288 2371 redi.
310 2346 339 2367 ut
366 2347 392 2367 te
409 2349 492 2371 nune,
510 2347 539 2367 ut
557 2341 643 2378 ipsum
667 2340 742 2372 olim,
759 2340 871 2374 populus

91 2388 124 2413 tui
139 2388 359 2414 studiusissimus
377 2395 437 2413 etim
455 2386 552 2421 gaudio
580 2386 719 2420 suscipiat.
733 2385 791 2411 Tibi
807 2386 872 2412 alie-

90 2441 135 2459 nus
155 2442 169 2459 a
191 2433 246 2459 Deo
260 2433 406 2466 imperator
431 2432 529 2458 viventi
550 2431 706 2458 adversatus
731 2436 771 2458 est
791 2435 816 2457 et
846 2436 872 2458 te

91 2478 287 2505 i-eonsiderzte
309 2478 342 2504 ab
359 2477 481 2504 Ecclesia
504 2478 605 2512 depulit
623 2486 630 2504 :
649 2478 695 2503 sed
716 2477 809 2510 dignas
832 2478 872 2501 fu-

92 2531 148 2550 rore
167 2532 217 2550 suo
238 2531 336 2558 ptrnas
350 2524 431 2555 dedit,
445 2524 654 2558 miserandoque
667 2524 739 2549 exitu
759 2523 871 2556 imperio

93 2570 167 2595 simul
189 2575 216 2595 et
232 2569 285 2594 vita
303 2569 424 2602 privatus
444 2573 495 2598 est.
514 2569 686 2603 audacizrque
713 2575 768 2594 sum
783 2568 870 2594 debita

94 2615 195 2646 praemia
214 2613 285 2640 tulit.
304 2613 388 2639 Hodie
406 2614 592 2647 imperatores,
613 2613 666 2639 Deo
688 2617 796 2646 propter
813 2622 870 2640 mo~

97 2667 147 2685 rum
168 2661 297 2694 pietatem
324 2659 488 2692 ebariSsimi,
505 2652 610 2686 mortuo
634 2659 782 2686 Ecclesium
811 2661 870 2685 red-

96 2703 167 2736 dunt,
184 2713 278 2740 quam,
295 2710 324 2730 ut
348 2705 393 2731 ﬁlii
422 2712 469 2739 per
500 2705 673 2740 livangeliunt
700 2705 799 2738 etim-ti,
816 2713 871 2730 me.-

128 2794 158 2826 (ji
174 2795 202 2819 lu
218 2793 329 2819 Mena-is
347 2792 447 2819 Crat-is
459 2792 578 2824 additur,
595 2793 752 2828 S.‘Snpliim.

915 253 983 277 gain,
1003 244 1108 277 qualem
1124 244 1176 269 tuis
1194 248 1314 269 ornatam
1331 248 1353 268 et
1369 242 1552 268 confirmatam
1570 244 1700 270 institutis

917 289 1061 323 reliquisti.
1078 289 1177 323 Aspice
1201 293 1227 315 et
1243 289 1301 315 ride
1315 293 1491 323 congregatos
1510 288 1589 319 filius,
1605 289 1649 323 qui
1666 297 1699 315 ex

916 334 1066 368 pt‘npiuqno
1082 337 1224 363 venerunt,
1243 339 1303 358 cum
1318 332 1520 366 reliquiprocul
1532 337 1604 357 tuum
1621 333 1653 358 ad
1672 340 1700 357 se.

918 379 1032 405 reditum
1051 382 1207 412 exspectent
1225 385 1232 404 :
1249 385 1316 411 quos
1334 381 1372 409 tu,
1391 377 1463 403 \‘clut
1486 377 1633 411 orphanos.
1646 377 1699 402 noli

916 429 959 451 tua
987 428 1132 450 nimrentes
1155 423 1276 449 absentia
1302 422 1465 456 relinquere.
1483 421 1583 448 Habeat
1606 423 1701 448 civitas

918 475 961 495 tua
980 470 1038 496 loco
1059 469 1182 496 muneris
1203 468 1389 503 pretiosissimi
1419 473 1491 494 tuum
1516 468 1700 494 beatissimum

919 515 1131 545 tabernaculum,
1145 521 1198 548 quo
1215 513 1299 548 magis
1313 521 1393 547 quant
1407 514 1512 548 imperii
1529 513 1702 547 amplitudine

918 565 1012 587 ornata
1028 560 1161 594 glorietur
1181 564 1207 586 et
1224 560 1350 594 gaudeat.

955 627 999 654 16.
1019 628 1081 654 [hee
1096 635 1162 654 voce.
1175 627 1257 654 flebili
1278 627 1430 662 supplicans
1443 626 1639 653 sacratissima:
1655 635 1702 661 pa-

920 675 1035 701 Iriarcha
1052 674 1213 705 Methodius,
1228 678 1389 700 nocturnum
1412 673 1578 705 psalmorum
1595 678 1702 698 cantum

919 724 946 746 et
969 719 1112 754 mysticum
1139 719 1301 746 sacrilicimu
1323 726 1384 745 cuttt
1406 718 1504 753 populo
1529 718 1599 745 fideli
1620 719 1702 752 perli-

919 765 1006 796 cieus,
1031 764 1189 798 prreelarum
1215 771 1230 791 e
1251 763 1353 790 tumulo
1376 770 1473 797 corpus
1506 763 1614 793 rcltttit,
1633 763 1703 797 (ιιιοά

921 810 1087 844 undeviginti
1106 817 1238 836 annorum
1263 809 1350 843 spatio
1372 809 1506 843 integrum
1526 809 1635 835 onmiuo
1655 817 1704 843 pu—

920 863 1036 889 rumque
1051 860 1187 881 manserat
1202 863 1208 882 :
1224 855 1289 881 etin
1310 862 1371 881 arca
1389 854 1421 880 ab
1441 854 1499 888 ipso
1526 855 1703 887 eoutpositnm

919 907 946 928 et
966 901 1135 927 sacerdotum
1164 900 1287 926 manibus
1312 899 1460 929 sublatum,
1478 907 1538 925 cum
1558 899 1704 925 luminibus

919 952 946 974 et
975 947 1108 981 frequenti
1134 947 1299 980 psalmorum
1321 950 1401 972 eautu
1428 945 1454 972 in
1487 946 1574 971 navim
1600 946 1631 970 ad
1655 946 1705 972 hoc

921 998 1043 1027 paratam
1055 992 1158 1019 illatum
1171 997 1222 1019 est.
1233 991 1286 1018 Sed
1298 999 1359 1018 cum
1375 991 1472 1018 fretum
1497 990 1661 1023 trajeciscet,
1679 995 1706 1017 et

920 1040 953 1066 ad
982 1038 1058 1065 urbis
1084 1032 1159 1065 littus
1190 1038 1445 1072 appropinquasset,
1460 1035 1573 1062 Michael
1599 1036 1706 1069 juvenis

922 1083 966 1111 Dei
991 1092 1055 1110 cura
1087 1084 1245 1117 imperator.
1275 1086 1300 1108 et
1331 1081 1506 1115 amplissimis
1531 1081 1706 1114 dignitatibus

921 1134 1079 1165 praestantes
1103 1129 1163 1159 viri,
1185 1133 1213 1155 et
1245 1128 1362 1162 patricii,
1391 1132 1417 1154 et
1433 1127 1528 1160 reliqui
1544 1127 1627 1158 cives,
1652 1127 1705 1152 Ιιιιιι

922 1177 1049 1210 facesque
1078 1175 1203 1202 manibtts
1225 1179 1358 1204 tenentes,
1373 1174 1480 1201 obviam
1503 1179 1704 1207 processerunt,

921 1228 948 1249 et
969 1229 1058 1248 aream
1075 1221 1147 1247 illam
1165 1220 1310 1255 pretiosam
1327 1227 1387 1246 cum
1413 1219 1464 1246 fide
1482 1227 1513 1246 ac
1533 1219 1706 1246 veneratione

922 1267 1041 1295 humeris
1050 1267 1105 1294 suis
1121 1267 1277 1297 subeuntes,
1290 1266 1322 1292 ad
1336 1265 1456 1299 Magnam
1471 1272 1554 1298 usque.
1566 1267 1706 1298 gestarum

922 1314 1075 1343 ecclesiam,
1092 1320 1123 1340 ex
1139 1321 1190 1347 qua
1209 1312 1253 1347 (j),
1269 1312 1406 1346 potttilicia
1419 1311 1552 1346 dignitate
1564 1311 1705 1345 spoliatus,

921 1359 1025 1394 eiectus
1040 1359 1137 1386 fuerat.

959 1416 1001 1442 17.
1020 1415 1084 1442 lude
1098 1422 1216 1446 rursum,
1239 1413 1355 1440 assiduis
1386 1413 1449 1440 item
1475 1413 1579 1439 diurnis
1596 1420 1705 1440 noctur-

923 1462 1018 1497 nisque
1046 1461 1212 1496 psalmorum
1245 1459 1370 1486 cantibus
1397 1459 1514 1486 vicissim
1544 1465 1661 1488 utentes.
1681 1464 1708 1486 ct

923 1516 984 1535 cum
1015 1507 1087 1533 omni
1121 1507 1252 1533 luminum
1274 1513 1372 1540 genere
1395 1513 1442 1539 per
1476 1505 1592 1531 mediam
1614 1505 1707 1531 urbem

895 1547 904 1572 ἶ
924 1552 1010 1586 ipsum
1023 1555 1171 1585 gestantes,
1184 1550 1208 1576 in
1222 1550 1385 1576 Sanctorum
1399 1549 1590 1582 Apostolorum
1606 1551 1706 1583 templo

923 1597 1101 1624 collocarunt.
1123 1595 1210 1622 Tanta
1224 1600 1314 1621 autem
1336 1595 1591 1621 eratrtmeurrentis
1615 1595 1705 1629 populi

924 1643 1044 1669 virorum
1062 1647 1088 1668 et
1105 1641 1266 1666 feminarum
1283 1645 1364 1673 atque
1381 1644 1489 1666 (tantum
1507 1640 1627 1665 outnium
1639 1641 1708 1666 lilltl—

923 1688 1018 1719 titudo,
1036 1691 1064 1712 ut
1084 1686 1219 1712 numerari
1236 1694 1287 1711 tton
1316 1689 1417 1719 posset.
1442 1685 1470 1712 lu
1488 1685 1566 1711 biviis
1587 1686 1657 1712 enim
1682 1691 1708 1711 et

924 1733 1083 1767 portit-ubus
1112 1731 1315 1766 premebantur,
1343 1735 1370 1757 el
1391 1731 1490 1764 ubique
1508 1739 1555 1765 per
1576 1732 1628 1757 vim
1656 1730 1707 1758 sibi

924 1780 1024 1806 exitum
1056 1779 1190 1812 parabant
1210 1786 1216 1804 ε
1233 1777 1299 1804 adeo
1316 1780 1353 1809 ut,
1372 1777 1496 1810 quamvis
1510 1777 1599 1802 multa:
1623 1785 1706 1810 prop—

926 1830 965 1851 ter
987 1824 1164 1858 iJuperatores
1188 1827 1214 1849 rt
1246 1823 1401 1849 sacerdotes
1428 1822 1510 1848 variis
1540 1822 1708 1856 temporibus

924 1870 1096 1897 celebritates
1111 1868 1277 1898 exstiterint,
1291 1868 1362 1894 nulla
1384 1873 1474 1894 tamen
1493 1875 1553 1894 cum
1577 1868 1626 1894 hac
1642 1875 1708 1893 eon-

925 1916 988 1942 ferri
1029 1919 1119 1949 queat.
1156 1914 1284 1940 Nonnulli
1317 1915 1399 1941 etiam
1436 1914 1461 1940 in
1495 1914 1535 1940 via
1566 1914 1708 1948 spiritibus

925 1959 1070 1986 immundis
1092 1959 1192 1990 vexati,
1214 1959 1275 1984 dum
1307 1959 1340 1984 ab
1365 1959 1424 1985 aliis
1448 1959 1705 1992 comprimereutnr,

925 2005 1093 2032 miserandas
1119 2011 1199 2039 atque
1233 2004 1379 2032 maledicas
1403 2012 1483 2031 voces
1507 2005 1665 2031 emittebant
1699 2015 1705 2032 :

925 2059 1038 2085 quorum
1059 2059 1074 2077 ιι
1105 2058 1217 2077 numero
1236 2050 1348 2084 quidam
1380 2050 1413 2076 ab
1445 2050 1501 2084 ipso
1519 2051 1606 2076 curati
1633 2055 1706 2077 sunt.

925 2096 1016 2130 Populi
1034 2096 1116 2128 igitur
1142 2096 1243 2129 impetu
1261 2095 1303 2121 vix
1325 2094 1436 2124 evitato,
1465 2098 1586 2120 sanctum
1613 2094 1706 2121 eximii

924 2142 1086 2176 patriarcha:
1121 2149 1219 2175 corpus
1255 2141 1280 2167 in
1314 2140 1491 2168 celeberrimo
1517 2140 1708 2174 Apostolorum

927 2187 1035 2221 templo,
1049 2187 1134 2213 sacris
1154 2186 1288 2221 mysteriis
1314 2186 1368 2212 Deo
1385 2186 1513 2221 peractis,
1531 2186 1556 2212 in
1584 2187 1708 2220 sepulcro

927 2241 1022 2260 recens
1033 2237 1189 2260 constructo
1203 2233 1327 2259 maniluts
1352 2232 1438 2266 ipsius
1451 2231 1579 2259 Mclbodii
1594 2240 1706 2266 compo-

925 2279 1006 2305 situm
1020 2283 1073 2309 est,
1085 2278 1163 2305 tertio
1184 2278 1246 2304 ldus
1259 2277 1346 2304 .\lartii
1363 2276 1473 2312 (k),quo
1492 2277 1599 2311 quidem
1615 2278 1656 2303 die.
1681 2278 1706 2304 in

925 2324 1050 2350 exsilium
1067 2324 1147 2349 etiam
1164 2322 1266 2356 cjectns
1282 2323 1414 2355 fuerat,ut
1426 2327 1540 2356 utraque
1559 2331 1587 2350 rc
1601 2324 1636 2350 sit
1651 2331 1705 2349 me—

926 2369 1074 2395 morabilis.

963 2434 1005 2460 18.
1019 2433 1073 2460 Nos
1101 2437 1203 2465 autem,
1227 2441 1243 2460 ο
1270 2433 1380 2460 Patrum
1410 2433 1592 2464 sanctissime,
1622 2441 1638 2460 ο
1664 2441 1708 2458 ra-

926 2487 1032 2506 crnrum
1058 2487 1211 2513 prmeonum
1235 2480 1333 2510 decus,
1353 2479 1397 2512 qui
1414 2479 1485 2513 digni
1507 2478 1569 2506 lacti
1598 2486 1707 2510 sunuu,

927 2531 955 2550 ιιι
982 2529 1006 2551 te
1028 2529 1055 2551 et
1084 2529 1241 2552 terrestrem
1270 2525 1431 2552 haberemus
1457 2524 1543 2550 (ivem
1573 2528 1599 2551 et
1629 2525 1710 2550 ru'le-

926 2574 993 2596 stem
1024 2570 1093 2604 apud
1118 2570 1201 2597 Deum
1228 2570 1447 2600 intercessorem,
1466 2569 1498 2595 ad
1524 2577 1614 2596 aream
1636 2576 1708 2596 tuam

925 2621 984 2639 eum
1001 2614 1136 2640 desiderio
1157 2613 1320 2644 accedimus,
1341 2621 1457 2647 eamque
1477 2622 1538 2640 cum
1569 2614 1641 2640 ouiui
1666 2622 1708 2639 ve-

925 2659 1065 2685 neratione
1092 2659 1314 2693 enmplcctcntes,
1340 2660 1390 2686 bas
1414 2660 1459 2686 tibi
1487 2668 1566 2686 voces
1592 2659 1707 2686 effundi-

926 2712 985 2730 mus
1004 2713 1009 2730 :
1027 2704 1048 2731 0
1062 2705 1216 2731 sublimium
1229 2709 1256 2731 et
1273 2713 1436 2732 arcanorum
1449 2707 1637 2741 mysteriorum
1655 2705 1709 2732 ins-

125 2828 290 2863 (lt);\dditur
314 2829 340 2855 in
356 2829 456 2856 eisdem
485 2828 613 2856 .\it‘ua‘is:
640 2838 648 2855 ι
672 2830 716 2855 ubi
742 2829 924 2856 anniversaria
943 2827 1000 2862 eius
1017 2828 1147 2855 memoria
1167 2828 1316 2862 peragitur.
1336 2837 1346 2854 ι
