1931 3076
218 129 267 160 167
713 126 742 154 Ξ.
764 121 975 154 NlCEPIlOIlI
994 120 1256 153 ‘PATRIARClIE.
1277 123 1328 152 (ΣΡ.

1791 118 1843 150 158

219 189 311 218 pector
329 187 354 208 ct
384 180 598 214 contemplator;
628 187 644 205 ο
660 179 744 205 divini
768 184 898 212 aspectus
925 184 1003 212 atque
1019 181 1041 208 Α
1057 183 1110 204 tem
1127 177 1260 207 instituta,
1279 175 1489 202 variisinliliris
1514 182 1526 200 a
1552 178 1577 200 te
1608 173 1701 201 relicta
1725 174 1843 209 perlegi-

218 226 371 262 splendoris
387 225 471 259 gloria
484 225 592 251 abunde
613 229 723 258 propter
741 225 839 250 utentis
857 224 1003 257 puritatem

221 273 367 304 illustrate;
381 278 398 297 o
411 270 631 304 patriarcharum
645 275 725 304 atque
738 269 893 303 pontiﬁcum
915 269 1004 295 socie-

219 317 281 343 tatis
312 314 456 349 particeps,
471 313 516 348 qui
544 317 571 341 et
597 314 704 341 nomine
723 319 749 340 et
779 320 810 340 re
839 312 919 339 simul
941 320 1002 340 cum

219 359 272 386 illis
287 358 409 385 victoriae
424 358 561 392 prtrcouia
579 363 606 386 et
620 357 742 392 prmiuia,
758 358 886 384 aerumnis
901 361 927 383 et
954 365 1000 390 pe-

218 403 312 430 riculis
324 402 472 437 superatis,
494 402 640 436 percepisti
657 409 664 428 :
679 401 787 436 suscipe
804 402 917 436 benigne
945 402 1002 427 sin-

218 450 273 477 ceri
284 450 373 477 cordis
389 457 451 484 erga
479 454 505 476 te
536 449 613 474 [idem
628 452 655 475 et
668 447 849 479 aﬂectionem,
868 446 1002 473 vicissitu-

217 503 270 530 que
283 500 344 521 tuas
357 502 405 528 pro
421 494 500 521 nobis
514 494 547 520 ad
578 493 659 520 Deum
674 500 757 527 puras
773 497 915 526 casiasque
937 499 1001 525 pre‘

217 547 263 567 ces
275 541 374 567 exhibe
399 548 406 566 :
427 543 456 566 ut
486 538 608 565 Ecclesia
635 542 732 565 sancta
757 538 782 563 in
809 537 1002 571 tranquillitate

217 591 352 618 versetur,
367 590 395 612 et
411 585 475 612 tides
485 584 590 619 integra
606 584 786 611 custodiatur.
800 583 827 609 In
841 586 1001 617 perpetuum

218 632 296 658 nobis
319 631 404 658 Deum
422 631 570 665 propitium
593 630 687 661 redde,
703 634 730 656 et
747 636 807 659 nos.
831 629 877 663 qui
905 628 1003 663 jucun-

218 677 329 704 dissima
348 681 391 703 tua
410 679 597 710 monumenta,
613 676 659 710 qui
684 675 865 710 pulcherrirna
884 674 916 701 ad
934 673 1003 701 salu-

1057 230 1129 253 mus,
1150 221 1177 247 in
1201 225 1274 247 recta
1292 221 1448 254 dogutatum
1469 219 1590 246 doctrina
1609 220 1700 245 ﬁrmos
1718 219 1842 246 immobi-

1057 266 1150 299 lesque
1170 272 1304 292 conserva
1333 270 1359 291 et
1384 265 1409 290 in
1425 264 1497 290 omni
1529 269 1681 298 temporum
1708 265 1842 290 varietate

1056 316 1233 338 constantes:
1258 315 1287 338 ut
1308 318 1416 337 omnem
1446 309 1578 343 reliquam
1604 311 1686 335 vitam
1717 310 1844 343 exemplo

1057 362 1102 384 tuo
1115 362 1209 385 sancte
1241 357 1435 390 transigamus,
1464 360 1493 383 ut
1514 356 1569 383 Deo
1598 356 1673 382 citari
1703 356 1798 388 simus,
1816 360 1844 382 ιιι

1056 402 1203 438 qumjuslis
1218 402 1348 436 promissa
1366 407 1439 433 sunt,
1453 402 1522 428 bona
1534 409 1747 435 consequamur,
1770 401 1844 428 illius

1058 448 1245 475 misericordia
1272 455 1304 474 ac
1330 455 1453 479 munere,
1476 447 1521 481 qui
1550 452 1661 481 propter
1685 454 1733 473 nos
1759 447 1844 474 lmtuo

1058 493 1128 525 ﬁeri,
1143 497 1170 520 et
1184 501 1267 520 carne
1291 493 1402 520 indutus
1419 493 1504 520 videri
1528 501 1580 519 non
1602 497 1643 520 est
1672 493 1842 527 dedignatus,

1056 539 1179 566 Christus
1194 539 1264 565 Deus
1283 544 1374 565 uoster
1390 547 1397 565 :
1422 539 1468 573 qui
1487 539 1619 565 colendus
1639 542 1666 565 et
1687 539 1843 565 adorandus

1056 590 1098 611 est.
1112 592 1172 611 cttm
1190 584 1280 617 Patre,
1296 585 1340 619 qui
1358 589 1399 611 cst
1424 589 1486 612 ante
1509 584 1682 618 principium,
1699 588 1726 611 et
1749 584 1843 610 divino

1057 628 1173 663 Spiritu,
1187 629 1232 662 qui
1244 634 1285 656 est
1301 628 1422 663 ejusdem
1436 636 1496 655 cum
1516 629 1570 656 illis
1584 629 1720 663 essentne,
1733 633 1843 655 auctor-

1057 683 1110 711 que
1129 675 1189 702 vita:
1209 675 1234 702 in
1254 674 1349 702 smcula
1365 675 1534 702 surculorum.
1549 674 1646 702 Amen.
