1931 3076
215 140 263 174 171

213 245 423 280 dispensareque
436 241 551 273 valeam,
566 240 612 267 sed
625 239 669 273 qui
685 239 798 266 aliorum
812 238 992 265 moderamine

213 293 296 325 atque
311 287 455 315 directione
471 286 548 320 plane
564 285 714 319 indigeam;
736 291 798 311 sum
812 283 883 310 enim
899 283 992 310 admo-

213 335 277 362 dum
297 333 424 368 exiguus,
448 338 511 358 vere
530 331 648 357 omnium
672 329 797 361 inﬁmus,
819 332 846 354 et
867 328 917 355 hac
937 332 992 354 tam

213 380 340 414 prmelara
356 384 428 406 sorte
441 382 569 411 tantaque
582 376 719 403 {unctione
733 375 840 409 penitus
857 374 991 409 indignus,

212 433 239 453 et
252 426 363 460 proinde
378 423 509 455 Ecclesia,
521 430 579 456 qua:
594 421 687 448 domus
702 420 749 446 Dei
764 420 797 446 ab
808 419 934 453 Apostolo
948 419 994 446 de-

213 472 313 502 finitur,
326 470 426 497 homini
442 473 544 495 naturae
558 474 642 500 usque
658 466 723 492 adeo
737 465 850 491 inﬁrma:
864 471 896 491 ac
910 464 994 490 imbe-

212 516 290 548 cillis,
303 515 508 547 divinarumque
521 512 708 547 purgationum
722 510 853 537 beneﬁcio
866 509 992 543 majorem

211 562 240 588 in
262 549 367 594 partem
390 558 477 585 adhuc
502 557 628 584 destituto
643 555 688 591 (ne
708 555 772 589 quid
794 554 865 581 aliud
886 554 994 588 gravius

212 605 311 640 dicam)
330 604 401 631 nulla
423 603 526 630 ratione
549 601 679 629 committi
701 601 850 631 debuerat;
875 599 922 626 sed
944 606 994 626 nec

212 659 262 687 ego
276 657 392 685 quoque,
408 655 469 676 cum
484 646 669 680 memetipsum
685 652 778 680 regere
792 648 906 678 apteque
920 651 994 670 com-

210 702 311 731 ponere
331 694 444 722 necdum
464 692 529 719 satis
544 690 700 723 didicerim,
723 696 810 723 neque
825 689 885 715 vilia
906 688 951 715 illa
968 691 995 715 et

210 743 320 766 terrena
342 737 407 764 satis
427 735 515 763 adhuc
529 733 713 768 despexerim.
735 733 884 759 animarum
901 739 993 758 curam

211 783 492 820 gubernationemque‘
510 780 648 814 suscipere
673 779 808 806 ullatenus
833 779 991 809 debueram,

211 836 273 856 cum
289 828 327 855 illi
342 833 464 862 quoque,
485 825 530 860 qui
549 823 724 858 amplioribus
746 827 772 850 et
793 823 874 849 animi
891 826 918 851 et
934 829 994 848 cor-

215 874 284 907 poris
304 873 383 900 bonis
404 870 530 899 cumulati
553 873 633 901 sunt,
659 868 897 895 administrationis
913 867 991 900 hujus
1007 856 1030 885 Β

213 918 293 944 ﬁnem
308 924 378 951 aegre
392 915 534 942 admodum
555 913 682 946 consequi
696 913 812 939 valeant.
837 911 872 938 At
890 916 995 945 postea-

211 969 291 997 quam
307 961 389 988 semel
411 961 444 987 ad
465 967 563 986 munus
577 959 644 990 hoc,
669 965 721 992 quo
735 965 841 991 semper
858 957 993 991 indignum

211 1013 256 1035 me
278 1006 396 1040 iudicavi
423 1009 450 1032 et
476 1005 623 1032 etiamnum
648 1002 760 1037 judico,
785 1006 893 1028 evectus
915 1008 972 1028 sum
986 1020 993 1032 ,

212 1051 330 1084 utinam,
356 1051 378 1078 si
404 1050 468 1077 illud
482 1048 658 1076 beatitudinis
673 1047 789 1081 elogium
813 1053 864 1072 non
886 1046 994 1072 omnino

211 1103 376 1131 promerear,
401 1103 433 1122 eo
456 1095 550 1122 saltem
570 1093 751 1119 calamitatum
772 1090 994 1124 miseriarumque

211 1149 266 1169 non
279 1141 427 1173 deveniam,
439 1145 468 1167 ut
479 1146 605 1174 perverso
617 1138 805 1171 oltstinatoque
819 1135 901 1163 animi
914 1142 995 1162 sensu

212 1195 227 1214 a
248 1186 409 1214 rectitudine
429 1186 599 1216 abstractus,
626 1183 776 1218 oppositam
800 1187 899 1209 sortem
912 1201 919 1213 ,
943 1180 995 1208 hoc

210 1235 255 1260 rest
267 1231 378 1266 maligni
400 1231 471 1258 illius
495 1230 565 1256 servi
587 1229 689 1255 cladem
710 1227 899 1260 fortunataque
915 1230 1004 1259 expc-1

213 1277 269 1304 riar
289 1277 298 1312 (
313 1277 357 1303 hic
371 1276 442 1302 enim
457 1282 518 1302 cum
535 1274 647 1308 ignavia:
661 1271 927 1306 intemperantimque
937 1269 998 1302 plu-

213 1321 311 1348 rimum
333 1320 471 1354 indulgens
491 1318 592 1345 domini
615 1318 758 1344 adventum
775 1315 941 1350 neglige-ret,
967 1317 996 1339 et

212 1371 323 1399 gravem
346 1367 476 1397 praeterea
500 1360 749 1394 intolerabilemquc
771 1359 826 1386 suis
849 1365 909 1385 sese
933 1365 997 1384 con-

216 1407 303 1436 servis
325 1407 481 1439 exhiberet,
497 1410 523 1433 et
538 1413 599 1433 cum
622 1404 734 1432 ebriosis
749 1403 939 1431 commercium
953 1409 997 1428 so-

214 1456 394 1488 cietatemque
406 1453 536 1484 haberet,
555 1451 696 1486 repentino
711 1449 811 1476 domini
825 1448 866 1475 sui
881 1447 996 1475 adventu

215 1501 330 1533 divisus,
351 1500 527 1533 eamdemque
540 1505 600 1525 cum
616 1495 764 1531 hypocritis
778 1499 881 1529 partem
896 1493 924 1520 in
939 1492 994 1520 sul-

216 1547 319 1581 phureo
333 1549 428 1579 stagno
443 1543 556 1570 sortitus
571 1540 689 1576 legitur),
704 1543 751 1566 aut
762 1542 836 1566 certe
850 1537 937 1568 illius,
951 1536 996 1570 qui

215 1597 277 1617 cum
293 1589 423 1616 talentum
439 1591 576 1621 acceptum
592 1584 744 1615 defodissct,
761 1587 787 1609 et
801 1582 851 1610 sub
867 1586 939 1608 terra
953 1589 999 1608 oe-

212 1634 355 1666 culuisset,
369 1632 465 1660 acerbe
480 1631 653 1667 graviterque
668 1632 808 1656 accusatus
818 1646 825 1660 ,
843 1634 897 1653 non
912 1626 998 1653 solum

216 1683 307 1712 tenus,
319 1682 347 1706 et
359 1677 424 1705 illud
438 1676 644 1710 multiplicatum
659 1673 819 1708 postulatur,
833 1672 926 1697 verum
941 1670 999 1704 ipso

216 1731 323 1760 quoque
336 1723 444 1758 capitali
461 1721 642 1756 despoliatus,
664 1719 690 1745 in
710 1717 835 1744 tenebras
852 1715 1000 1742 exteriores

217 1769 344 1803 abjicitur
359 1766 466 1804 (Matth.
483 1765 557 1800 xxv).
584 1764 692 1791 Utinam
716 1763 743 1789 in
768 1761 865 1788 horum
887 1766 999 1787 numero

218 1821 271 1841 non
287 1812 420 1844 inveniar,
432 1816 520 1844 neque
535 1810 562 1835 in
577 1807 728 1841 exexuplum
743 1805 960 1838 derisionemque
974 1806 1001 1830 et

218 1857 316 1892 capitis
337 1856 484 1883 motionem
499 1853 624 1880 omnibus
651 1849 815 1877 intuentibus
837 1848 999 1882 propositus,

219 1902 253 1930 ab
267 1908 354 1936 eoque
372 1900 417 1934 qui
433 1898 522 1926 omnia
540 1901 631 1924 nostra
656 1895 731 1922 novit
753 1898 781 1920 et
802 1896 939 1920 scrutatur
960 1898 1002 1919 re-

219 1948 348 1982 dargutus
362 1949 390 1972 et
403 1944 607 1972 condemnatus,
622 1940 731 1967 meritas
750 1938 904 1972 iniquarum
918 1936 1002 1966 aetio-

220 1981 285 2019 num
299 1998 393 2026 pcenas
406 1989 469 2017 olim
482 1987 620 2015 exsolvere
634 1984 786 2018 compellar,
809 1983 846 2009 ita
865 1986 894 2008 ut
917 1981 935 2008 ii
956 1981 1002 2014 qui

221 2038 250 2066 in
265 2025 368 2064 similes
383 2035 452 2062 l‘ortc
471 2041 555 2061 noxas
572 2030 674 2066 lapsuri
694 2032 786 2060 erant,
806 2035 867 2054 meo
880 2025 1002 2060 exemplo

222 2082 404 2117 supplicioque
419 2078 547 2106 admoniti
569 2084 584 2104 a
606 2076 706 2103 scelere
724 2081 752 2101 se
771 2073 945 2103 contineant,
962 2070 1001 2097 vi-

224 2133 330 2161 tamque
343 2125 489 2159 corrigam.

258 2159 388 2205 Quoniam
403 2164 468 2203 ΕΓξο
482 2168 535 2194 Deo
548 2165 720 2201 permittente
738 2167 765 2190 et
784 2161 943 2189 connivente
960 2159 1003 2193 ju-

224 2224 287 2252 gum
300 2215 371 2243 istud
385 2213 469 2245 subii,
489 2217 662 2246 praesensque
685 2207 864 2236 ministerium
878 2210 906 2232 et
918 2205 1004 2231 famu-

225 2249 308 2289 latum
323 2260 405 2287 invite
418 2264 449 2285 ac
461 2261 566 2284 tantum
585 2263 637 2282 non
652 2262 700 2289 per
713 2254 767 2280 vim
783 2251 903 2284 suscepi,
919 2249 1004 2284 qualis

227 2307 293 2336 mihi
305 2305 382 2332 annis
397 2307 469 2330 retro
487 2302 554 2332 actis
567 2300 668 2327 functio
683 2299 796 2332 vitaeque
811 2296 879 2323 ratio
893 2294 1004 2322 exstite-

226 2353 277 2384 rit,
299 2347 522 2384 quemadmodum
539 2345 663 2372 omuibus
678 2341 868 2378 propemodum
886 2346 1006 2372 comper—

228 2402 285 2424 tum
303 2383 359 2426 est,
384 2392 502 2420 breviter
515 2389 663 2424 expediam.
690 2387 781 2421 Itaque
801 2385 860 2425 aliis
875 2383 947 2410 aliud
965 2386 1008 2409 est

227 2440 346 2468 studium
359 2444 478 2472 opusque
494 2434 579 2469 majus
596 2433 638 2459 vel
658 2431 746 2458 minus
757 2450 764 2462 ,
788 2433 874 2463 prout;
883 2428 1006 2464 uniuscu-

227 2487 324 2522 jusque
334 2483 385 2511 fert
397 2481 490 2514 libido,
502 2485 528 2508 et
541 2479 628 2514 quivis
639 2477 709 2511 quod
723 2474 891 2509 profuturum
906 2475 1005 2506 sperat,

231 2516 324 2565 suopte
346 2529 478 2557 arbitratu
501 2525 553 2553 sibi
575 2523 659 2558 eligit.
688 2518 915 2554 Quemadmodum
936 2516 1007 2542 enim

232 2560 313 2604 variae
327 2574 464 2603 hominum
481 2573 544 2598 sunt
563 2566 701 2596 sentcntiae
712 2585 719 2597 ,
738 2563 864 2596 variaque
879 2560 1007 2592 consilia,

233 2623 343 2650 diversa
365 2619 398 2646 ad
421 2619 479 2645 haec
496 2612 701 2644 consuetudines
722 2613 750 2637 et
762 2615 860 2639 mores,
877 2606 914 2633 ita
929 2605 1009 2643 etiam

233 2666 376 2694 electiones
390 2663 511 2696 ritusque
524 2657 630 2687 vivendi
644 2655 728 2683 variis
747 2652 832 2681 modis
846 2652 915 2678 inter
927 2657 956 2676 se
969 2650 1016 2682 se:

222 2713 391 2742 -ceruuntur,
404 2711 431 2736 et
443 2695 637 2742 quodammodo
652 2702 686 2729 ad
699 2699 856 2728 inﬁnitatem
869 2695 1010 2731 quamdam

272 2804 285 2819 ι
297 2798 335 2826 Ex
347 2796 437 2825 codice
447 2792 615 2828 διαπείρει-ἰωιο
628 2787 808 2825 supplevimus
819 2790 878 2819 qtae
890 2782 1010 2810 deerant.

721 143 752 173 S.
772 142 981 174 NICEPHORI
1002 142 1254 171 PATRIARCII.E
1273 143 1326 172 (ΞΡ.

247 200 283 227 At
295 204 360 226 vero
377 205 425 233 ego
439 200 493 224 non
512 196 534 223 is
551 203 609 223 sum
624 195 668 229 qui
684 195 776 222 isthaec
791 194 840 221 rite
855 193 986 220 moderari
1002 197 1027 224 Α

1778 138 1827 168 172

1073 194 1134 229 Ἐγώ
1156 194 1181 221 δὲ
1203 196 1230 221 ού
1245 195 1291 222 τῶν
1306 198 1443 232 οἰκονομεῖν
1457 198 1496 224 καὶ
1515 197 1602 224 ἰθύνειν
1616 201 1697 225 ταῦτα
1719 197 1824 228 δεδυνη-

1042 241 1129 274 μὲνων,
1150 244 1198 267 τῶν
1223 240 1248 267 δὲ
1269 242 1445 276 οἰκονομεῖσθαι
1468 243 1510 268 καὶ
1531 240 1638 278 ἄγεσθαι
1661 241 1824 277 δεδεημὲνων,

1041 287 1231 323 μεμοιραμὲνος·
1255 286 1340 316 ἐπειδή
1361 288 1467 324 σμικρὸς
1488 286 1568 323 ἄγαν,
1591 289 1630 314 καὶ
1649 291 1699 315 τῶν
1723 288 1824 315 πάντων

1041 331 1188 366 ὲλάχιστος,
1205 333 1245 359 καὶ
1270 332 1418 362 τηλικαύτης
1439 332 1566 368 εὐμοιρίας
1589 332 1696 366 πάμπαν
1717 333 1759 359 καὶ
1782 333 1824 358 εὑ-

1041 376 1141 414 κληρίας
1160 376 1365 411 ἀπολειπόμενος,
1386 378 1425 403 καὶ
1448 375 1489 403 διὰ
1509 380 1589 404 ταῦτα
1611 376 1665 403 οὐδέ
1681 376 1824 405 Ἐκκλησίαν

1041 422 1217 454 πιστεύεσθαι,
1239 422 1295 451 ἥτις
1317 421 1382 447 ἐστὶν
1406 421 1577 450 ἀποστολικῶς
1603 418 1668 450 οἶκος
1689 419 1762 452 Θεοῦ,
1783 421 1825 458 βε-

1044 466 1203 501 ϐουλημένος,
1225 469 1260 502 τῷ
1284 464 1420 501 ἆνισχύρῳ
1440 466 1482 492 καὶ
1504 465 1649 500 νωθεστὲρῳ
1666 464 1823 500 [νοθιστέρῳ]

1043 515 1088 542 τῆς
1109 513 1218 547 φύσεως,
1232 514 1323 548 καὶτῷ
1349 511 1454 540 ἐνδέοντι
1474 516 1521 541 τῆς
1539 516 1589 539 τῶν
1609 513 1738 550 θειοτέρων
1764 516 1825 547 μυή-

1043 568 1117 587 σεως,
1131 555 1194 593 ᾗπερ
1213 559 1293 584 εἰπεῖν
1313 557 1506 593 ἀναγκαιότερον
1522 557 1563 593 [ἧς
1584 567 1632 593 περ
1654 560 1734 584 εἰπεῖν
1751 559 1826 585 οἰκει-

1040 601 1145 638 ότερον]’
1177 602 1215 630 ὅτι
1231 605 1265 638 μή
1279 603 1312 630 τὰ
1325 603 1415 629 ἅαυτοῦ
1436 600 1462 629 εὖ
1476 603 1587 636 θέμενος,
1599 602 1661 638 μηδέ
1675 606 1723 629 τῶν
1734 613 1823 630 ταπει-

1042 651 1090 674 νῶν
1110 650 1152 674 καὶ
1166 648 1332 682 χαμαιζήλων
1346 646 1508 684 ὑπερκύψας,
1522 645 1577 674 οὐδὲ
1601 647 1694 681 ψυχῶν
1709 657 1824 683 προστα-

1044 693 1100 719 σίαν
1113 694 1156 720 καὶ
1174 693 1312 727 ἐπιμέλειαν
1337 692 1435 726 εἱλόμην
1458 689 1486 718 ἂν
1508 692 1695 728 ἐγχειρίζεσθαι
1712 693 1824 719 πώποτε·

1044 741 1057 756 ⁸
1070 736 1105 767 οἷς
1120 738 1169 774 ’γὰρ
1186 741 1231 766 τῆς
1251 740 1300 764 τῶν
1320 737 1414 764 οἰκείων
1428 735 1545 765 σπουδῆς
1562 736 1590 761 οὐ
1614 737 1750 770 μεθέστηκε
1768 736 1825 769 βελ-

1042 784 1166 813 τιώσεως,
1184 782 1268 819 σχολῇ
1282 779 1341 817 ’γ’ἄν
1355 779 1424 808 οὗτοι
1439 782 1472 808 τά
1485 784 1534 807 τῶν
1555 781 1634 809 πέλας
1648 777 1674 806 εὖ
1696 780 1826 807 διαθέσθαι

1043 827 1248 856 ἱκανωθήσονται.
1263 830 1307 854 καὶ
1321 826 1374 862 ἅμα
1387 831 1432 857 τῆς
1447 827 1542 864 δωρεᾶς
1557 827 1648 856 ἐκείνης
1663 828 1702 852 καὶ
1718 827 1826 863 χάριτος

1044 871 1141 902 ἀνάξιον
1162 871 1251 898 ἑαυτὸν
1273 873 1362 908 κρίνων
1382 873 1425 898 καὶ
1445 872 1616 907 λογιζόμενος,
1638 874 1680 898 καὶ
1700 870 1782 907 ὄφελόν
1798 882 1825 907 γε

1045 916 1078 945 ὡς
1099 917 1127 942 οὺ
1140 918 1183 942 τοῦ
1203 918 1365 952 μακαρισμοῦ
1390 916 1482 942 ἐκείνου
1504 915 1583 947 ἄξιος,
1599 915 1663 951 μηδὲ
1682 919 1728 943 τοῦ
1746 915 1827 946 ἅθλιος

1044 958 1104 988 εἶναι
1118 962 1158 988 καὶ
1174 961 1347 992 ταλανίζεσθαι
1364 959 1467 992 δίκαιος,
1484 959 1547 995 μηδὲ
1569 964 1614 990 τῆς
1630 961 1756 987 ἁντιθέτου
1770 962 1826 995 μοίο

1044 1017 1100 1044 ρας,
1115 1008 1211 1034 καὶτοῦ
1225 1007 1373 1034 ὑπεναντίον
1387 1008 1540 1042 φρονήματος
1555 1007 1646 1033 ἐκείνου
1658 1010 1701 1034 τοῦ
1715 1009 1825 1042 πονηροῦ

1044 1053 1084 1078 καὶ
1098 1053 1238 1089 κακούργου
1261 1050 1361 1084 δούλου,
1377 1050 1404 1081 ὃς
1416 1051 1458 1078 διὰ
1479 1051 1570 1080 πολλὴν
1594 1051 1714 1089 ρᾳθυμίαν
1737 1061 1763 1077 τε
1785 1053 1827 1078 καὶ

1043 1097 1168 1133 ἀκρασίαν
1200 1099 1244 1126 τήν
1268 1099 1314 1123 τοῦ
1337 1095 1462 1123 δεσπότου
1489 1097 1651 1132 ὑπερτίθεται
1674 1095 1772 1131 ἔφοδον,
1786 1096 1826 1122 καὶ

1044 1142 1126 1179 βαρὺς
1145 1146 1198 1172 τοῖς
1213 1140 1356 1171 συνδσῦλοις
1368 1143 1410 1168 καὶ
1430 1139 1585 1177 δνσφὸρητος
1605 1143 1708 1176 γίνεται,
1723 1142 1763 1168 καὶ
1776 1151 1826 1168 κοιο

1043 1191 1118 1214 νωνεῖ
1136 1188 1284 1222 μεθύουσιν·
1307 1185 1382 1223 ἔφ’ὧν
1405 1186 1511 1215 ἐπιστὰς
1533 1187 1561 1212 οὐ
1582 1185 1791 1224 προσδοκώμενος
1810 1185 1825 1213 ὃ

1045 1233 1130 1268 κύριος
1142 1234 1182 1259 καὶ
1194 1231 1256 1268 διχῇ
1278 1230 1364 1258 διελὼν
1377 1235 1430 1261 τοῖς
1454 1233 1602 1267 ὑποκριταῖς
1624 1232 1823 1267 συναριθμήσειε,

1044 1275 1107 1310 μηδέ
1120 1279 1165 1303 τοῦ
1181 1275 1356 1304 πιστευθέντος
1370 1276 1399 1302 τὸ
1414 1275 1534 1303 τάλαντον
1548 1276 1590 1302 καὶ
1604 1275 1654 1301 ὑπὸ
1666 1279 1710 1310 γῆν
1724 1275 1823 1309 θεμένου

1045 1320 1088 1347 καὶ
1099 1319 1320 1357 κατακρύψειν-τον
1332 1321 1373 1346 καὶ
1384 1318 1425 1346 διὰ
1436 1322 1511 1346 τοῦτο
1525 1322 1621 1355 πικρῶς
1634 1318 1822 1354 ἐγκαλουμενου,

1047 1366 1091 1391 καὶ
1105 1364 1133 1390 οὗ
1147 1364 1188 1391 τὸν
1207 1365 1279 1392 τόκον
1295 1364 1366 1399 μόνον
1381 1365 1422 1390 καὶ
1435 1363 1464 1391 τὸ
1478 1363 1649 1390 πολυπλάσιον
1675 1365 1826 1401 εἰσπραττο-

1046 1410 1131 1444 μένου.
1153 1410 1215 1436 ἀλλὰ
1236 1408 1401 1444 ζημιουμεῆιου
1420 1410 1462 1435 καὶ
1479 1409 1506 1436 τὸ
1525 1409 1664 1444 κεφάλαιον,
1679 1409 1721 1435 καὶ
1741 1408 1824 1443 σκότῳ

1046 1455 1275 1491 παραπεμπομὲνου
1287 1453 1322 1489 τῷ
1341 1455 1462 1491 ἐξωτέρω.
1476 1452 1530 1480 Εἴθε
1542 1456 1576 1488 μή
1591 1454 1616 1480 ἓν
1627 1454 1727 1482 τούτοις
1740 1452 1824 1484 ἁλούς,

1047 1500 1206 1538 παράδειγμα
1229 1504 1280 1530 τοῖς
1303 1500 1405 1530 πολλοῖς
1429 1500 1592 1536 προ-τιθείην,
1614 1500 1655 1525 καὶ
1677 1499 1711 1528 εἷς
1733 1499 1826 1527 κίνησιν

1047 1548 1151 1583 κεφαλῆς
1175 1550 1228 1576 τοῖς
1251 1547 1376 1581 καθορῶσι
1397 1546 1535 1581 λογισθείην
1557 1544 1683 1579 ἐλεγχθεὶς
1703 1553 1765 1570 ποτε
1784 1543 1827 1569 κειᾶ

1047 1592 1202 1629 κατακριθεὶς
1227 1590 1278 1617 ὑπὸ
1307 1593 1351 1617 τοῦ
1374 1590 1458 1616 πάντα
1483 1588 1579 1618 εἰδότος
1600 1589 1643 1614 καὶ
1669 1586 1828 1618 ἔξει-ἄξοντος

1047 1637 1080 1664 τὰ
1104 1637 1222 1672 ἡμέτερα,
1239 1637 1280 1662 καὶ
1302 1635 1392 1670 ἀχθεὶς
1414 1635 1464 1661 ὑπὸ
1492 1635 1619 1669 μάστιγας
1642 1632 1757 1669 πράξεων
1775 1631 1827 1666 οὐχ

1048 1683 1124 1712 ὁσίων
1149 1683 1218 1713 δίκας
1241 1683 1333 1711 ἱκανῶς
1352 1682 1592 1718 εἰσπραχθήσομαι,
1608 1680 1647 1706 ἵνα
1668 1679 1691 1705 οἱ
1715 1679 1757 1704 ἰπὶ
1774 1681 1829 1707 τοῖς

1049 1728 1143 1763 ὁμοίοις
1155 1727 1268 1754 ὑπόδικοι
1283 1726 1433 1765 φωραθέντες
1447 1725 1483 1760 τῷ
1496 1723 1539 1752 ἀπ’
1549 1724 1609 1758 ἐμοῦ
1619 1724 1691 1751 πάθει
1708 1721 1830 1759 σωφρονί-

1050 1775 1142 1805 ζοιντο,
1157 1771 1200 1799 καὶ
1213 1774 1257 1800 τήν
1269 1770 1401 1808 διόρθωσιν
1420 1769 1590 1805 ἔπιδέχοιντο.

1089 2157 1158 2184 Ἐπεὶ
1171 2157 1253 2183 τοίνυν
1272 2154 1439 2190 συγχωρήσει
1449 2162 1476 2179 τε
1489 2151 1530 2177 καὶ
1548 2147 1689 2186 παροράσει
1702 2148 1765 2173 Θεοῦ
1781 2143 1834 2171 ὑπὸ

1053 2203 1094 2230 τὸν
1108 2203 1188 2229 αὑτοῦ
1210 2200 1331 2233 εἰσήχθην
1351 2197 1435 2232 ζυγὸν,
1451 2197 1490 2223 καὶ
1514 2196 1606 2222 ταύτην
1629 2195 1672 2221 τήν
1693 2190 1836 2226 ὑπηρεσίαν

1054 2250 1094 2275 καὶ
1114 2247 1236 2274 διακονίαν
1258 2245 1300 2271 οὐκ
1323 2243 1448 2271 ἐθελοντής
1474 2237 1657 2273 ὰναῦἑδεγμαι.
1687 2235 1724 2262 ὅτι
1746 2233 1835 2270 τρόπου

1055 2293 1212 2328 βιαζόμενος,
1228 2289 1268 2316 οῗιί
1290 2299 1332 2324 μοι
1348 2288 1380 2315 τὰ
1394 2287 1444 2323 πρίι
1467 2284 1552 2318 τοῦδε,
1572 2284 1611 2309 καὶ
1630 2283 1665 2310 εἰς
1683 2280 1734 2307 οἷον
1749 2289 1837 2312 κεχω-

1055 2340 1144 2373 ρήκασι
1171 2335 1362 2363 καταστάσεως,
1389 2333 1421 2360 ὡς
1447 2330 1538 2358 πάντες
1568 2326 1663 2361 σχεδὸν
1685 2324 1708 2350 οἱ
1729 2323 1838 2349 ἐνταῦθα

1054 2381 1140 2408 ἴσασιν
1153 2381 1213 2416 ἐρῶν
1226 2378 1347 2415 ἤοχομαι.
1365 2375 1443 2408 Ἀλλ-ῳ
1457 2375 1501 2408 μὲν
1516 2371 1559 2399 οὖν
1574 2370 1630 2398 ῧλλο
1642 2381 1667 2397 τι
1681 2367 1839 2401 ἓπιτήδενμά

1058 2437 1084 2454 τε
1101 2427 1142 2452 καὶ
1153 2425 1281 2458 τέχνημα,
1296 2421 1310 2451 ἦ
1323 2421 1409 2456 μικρὸν
1423 2419 1436 2448 ἧ
1452 2420 1543 2453 μεῖζον,
1557 2418 1589 2445 ὡς
1602 2413 1630 2441 ἂν
1645 2414 1718 2442 αὐτὸς
1731 2413 1840 2440 ἕκαστος

1059 2475 1095 2506 τῷ
1114 2469 1264 2502 αύτεξουσίῳ
1288 2466 1441 2502 ὁρμώμενος,
1463 2463 1504 2488 καὶ
1523 2463 1566 2489 τὴν
1589 2460 1685 2495 αἵρεσιν
1702 2460 1752 2483 τῶν
1767 2466 1840 2491 πρα-

1059 2503 1134 2542 κτέων
1157 2515 1190 2549 ἔφ’
1208 2513 1290 2545 ἐαυτῷ
1311 2512 1389 2547 φέρων
1414 2507 1554 2544 προέλοιτο.
1577 2503 1676 2532 Ἐπειδή
1703 2503 1764 2538 γὰρ,
1794 2511 1843 2526 xtl-

1060 2561 1139 2596 θὰπερ
1178 2556 1314 2585 πολυειδεῖς
1340 2546 1391 2582 τῶν
1425 2553 1560 2588 ἀνθρώπων
1590 2549 1616 2576 αἲ
1649 2551 1768 2584 γνῶμαι,
1798 2546 1842 2572 καὶ

1060 2606 1092 2633 τὰ
1114 2603 1254 2633 διαϐούλια,
1271 2600 1374 2637 διάφορὰ
1397 2608 1424 2626 τε
1445 2597 1476 2625 τὰ
1497 2595 1542 2624 ἤθη
1564 2596 1607 2622 καὶ
1626 2593 1638 2620 ὁ
1655 2592 1748 2629 τρόπος
1766 2601 1843 2628 παμ-

1061 2650 1186 2680 ποίκιλος,
1215 2647 1282 2674 οὕτω
1303 2645 1334 2674 δὴ
1361 2645 1400 2671 καὶ
1431 2643 1457 2670 αἱ
1481 2643 1545 2669 κατὰ
1576 2641 1619 2667 τὸν
1649 2639 1701 2674 βίον
1729 2636 1846 2674 αἱρέσεις

1062 2678 1235 2730 διατέμνονται
1255 2689 1420 2726 πολυτρόπως
1447 2688 1489 2714 καὶ
1511 2685 1707 2719 διασχίζονται,
1734 2679 1776 2708 θαι
1805 2678 1846 2709 εἰς
