1931 3076
887 83 920 91 ο-

186 143 237 176 183

189 249 224 275 ab
237 247 361 274 omnibus
375 246 578 281 aspectabilibus
593 243 879 279 inaspectabilibusque
892 248 967 268 crea-

189 293 258 319 turis
272 292 371 319 cultam
384 295 412 317 ct
423 290 572 317 adoratam.

226 336 318 364 Trium
333 340 420 362 autem
439 336 618 369 hypostaseon
629 340 695 368 quas
711 333 738 359 in
759 330 891 358 Trinitate
907 336 971 356 con-

189 381 349 411 sideramus,
366 379 417 406 alia
430 383 472 406 est
486 379 577 410 Pater,
596 377 727 412 principio
743 382 848 406 carens,
871 374 970 401 nullam

189 434 246 454 sua:
258 424 406 452 exiswntim
420 431 529 451 causam
545 423 660 454 habens,
678 428 764 455 neque
778 420 850 448 enim
865 418 971 446 aliunde

188 474 240 502 est,
255 471 301 497 sed
315 477 329 496 a
345 469 443 503 seipso,
459 472 485 495 et
503 468 530 494 in
549 467 637 500 sripso
652 466 733 493 habet
751 472 820 492 esse.
840 464 898 491 Alia
913 471 972 490 rur-

188 514 394 545 sumestFilius,
407 513 452 548 qui
466 512 588 547 principii
604 518 700 545 expers
716 518 768 537 non
780 513 831 542 est,
846 516 877 536 ex
893 508 973 534 Patre

188 561 261 587 enim
277 564 318 586 cst
337 568 344 585 :
365 559 445 585 Pater
463 564 579 592 namque
600 556 660 583 Filii
679 555 842 591 principium
856 557 883 580 et
898 553 972 586 origo

187 605 296 636 existit;
313 604 384 638 quod
401 603 422 630 si
440 602 567 637 temporis
587 601 690 628 initium
705 604 825 635 spectes,
841 605 916 633 atque
929 597 974 623 Fi-

187 648 241 676 lius
255 649 386 683 principio
403 652 477 675 caret
495 654 526 674 ac
551 647 630 673 Pater
647 655 652 672 :
670 649 712 672 est
728 645 800 676 enim
822 648 971 677 temporum

188 693 322 724 conditor,
338 700 391 719 non
407 691 542 725 subjectus
553 690 686 725 tempori;
703 688 871 724 inseparabili
885 691 974 714 autem

188 743 343 772 aeternaque
370 737 541 772 generatione
566 743 599 762 ex
625 735 705 762 Patre
728 734 826 766 elucet,
846 737 975 767 tanquam

189 782 281 817 gloriae
300 782 371 808 illius
395 781 519 816 splendor
541 784 713 814 pateramque
731 777 888 806 substantia:
912 777 975 804 cha-

188 831 289 855 racter.
306 827 367 853 Alia
393 827 499 853 tandem
515 829 555 852 est
577 825 692 859 Spiritus
709 828 830 855 sanctus,
845 830 878 849 ex
896 821 976 848 Patre

677 135 708 166 S.
728 134 939 166 NICEPHORI
958 133 1213 163 PATRIARCH/E
1231 133 1286 163 ΟΡ.

188 204 249 240 pari
263 203 395 238 potentia,
407 202 501 237 :equali
521 201 594 237 regni
612 199 753 235 majestate
771 198 947 234 gloriﬁcatam
961 204 968 226 ;
984 197 1008 225 Λ

1746 128 1795 159 181

1053 330 1108 353 Τῶν
1127 327 1151 353 ἐν
1169 325 1258 362 Τριάδι
1275 327 1457 362 θεωρουμένων,
1477 326 1505 352 τὸ
1523 326 1566 359 μέν
1581 328 1665 362 Πατὴρ
1681 324 1798 361 ἄναρχος

1021 372 1061 397 καὶ
1082 371 1198 400 ἀναιτίως
1217 370 1353 407 ὑπάρχων
1367 371 1397 396 οὐ
1411 371 1460 406 γὰρ
1479 368 1508 396 ἔκ
1519 380 1595 401 τινος,
1610 371 1634 396 ἐν
1648 370 1731 406 ἑαυτῷ
1750 372 1800 407 γὰρ

1020 417 1050 443 τὸ
1074 415 1134 444 εἶναι
1157 416 1236 451 ἔχων.
1256 418 1289 443 Τὸ
1310 416 1336 443 δί
1361 417 1418 445 Υἱὸς
1444 418 1485 443 καὶ
1506 417 1547 442 οὐκ
1570 415 1694 454 ἄναρχος,
1710 418 1737 443 ἐκ
1756 420 1801 444 τοῦ

1021 462 1117 498 Πατρὸς
1138 462 1197 496 γὰρ,
1218 462 1289 498 ἀρχὴ
1309 462 1360 498 γὰρ
1382 461 1438 488 Υἰοῦ
1460 463 1553 497 Πατήρ,
1576 462 1609 491 ὡς
1629 459 1717 488 αἴτιον·
1733 463 1753 488 ti
1777 461 1803 488 ὃὲ

1022 509 1066 536 τὴν
1089 507 1139 534 διπό
1161 507 1257 542 χρόνον
1279 506 1412 540 λαμϐάνοις
1429 507 1523 542 ἀρχὴν,
1537 507 1578 532 καὶ
1595 505 1718 543 ἄναρχος·
1732 517 1805 536 ποιη-

1022 554 1067 581 τὴς
1088 553 1138 588 γὰρ
1164 551 1263 587 χρόνων
1294 552 1347 586 οὐχ
1372 552 1423 578 ὑπὸ
1456 551 1568 586 χρόνον·
1591 555 1714 588 γεννητῶς
1744 553 1804 586 μέν,

1023 597 1110 627 ὰϊδὶως
1140 596 1167 623 δὲ
1192 598 1233 623 καὶ
1258 596 1417 626 ὰδιαστάτωσ
1445 597 1575 631 ἄιλάμψας
1601 601 1636 631 τῷ
1663 599 1749 633 Πατρὶ,
1774 598 1807 627 ὧι

1024 643 1184 677 ἀπαύγασμα
1199 641 1379 678 [ἀπαύγασμα]
1400 647 1446 672 τῆς
1468 642 1540 674 δόξης
1561 643 1661 673 καὶτῆς
1685 648 1810 679 πατρικῆς

1026 690 1162 724 χαρακτὴρ
1184 687 1360 716 ὑποστάσεως.
1390 688 1423 714 Τὸ
1450 686 1477 714 δέ
1502 690 1599 722 Πνεῦμα
1618 687 1688 722 ἅγιον
1713 688 1739 713 ἐκ
1763 690 1809 715 τοῦ

1025 731 1121 768 uati-pia:
1134 734 1178 760 τήν
1204 731 1309 767 ὕπαρξιν
1326 729 1400 766 ἕχον,
1416 731 1446 757 οὐ
1459 735 1580 766 γεννικῶς
1594 733 1650 767 μὲν,
1670 730 1721 759 ἀλλ’
1732 732 1810 763 ἐκπο-

1026 778 1132 811 ρευτῶς,
1156 774 1241 805 ἀῖδὶως
1261 776 1340 811 Πατρὶ
1367 776 1406 802 καὶ
1429 776 1480 811 Υῖῷ
1505 777 1730 811 σννθεωρούμενον,
1765 777 1810 808 οὐκ

1027 819 1142 858 ἄναρχον
1158 822 1203 855 μὲν
1223 819 1264 848 διὰ
1286 823 1331 849 τὸν
1355 821 1381 847 ἐκ
1398 823 1443 847 τοῦ
1458 822 1553 857 [ἰατρὸς
1566 822 1723 857 ἔκπόριυσιν·
1738 823 1808 859 ἀρχή

189 873 397 904 nonnativitate,
417 871 462 899 sed
483 858 655 906 proccssione
666 869 845 901 substantiam
862 868 973 898 habens,

1033 868 1076 903 γὰρ
1099 868 1139 893 καὶ
1156 868 1232 894 αὐτοῦ
1252 866 1265 893 ὁ
1290 869 1372 903 Πατὴρ
1396 868 1463 894 κατά
1488 868 1529 894 τὸν
1553 871 1598 895 τοῦ
1618 868 1703 895 αἰτίου
1725 868 1810 903 λόγον,

190 920 366 954 eamdemque
378 927 441 946 cum
447 919 530 946 Patre
543 922 570 945 et
579 917 646 945 Filio
656 917 835 944 teternitatem
849 915 975 946 sortitus;

190 968 308 992 mternus
320 964 437 998 quidem,
447 970 500 990 non
516 966 604 989 tamen
617 962 718 996 absque
732 961 875 996 principio,
889 961 977 995 utqui

191 1015 207 1034 a
222 1007 302 1035 Patre
319 1007 446 1041 procedat
463 1014 470 1033 :
494 1010 536 1033 est
551 1007 621 1034 enim
641 1006 722 1033 Pater
743 1005 849 1032 ratione
865 1005 977 1040 originis

191 1058 220 1082 et
244 1054 315 1081 illius
338 1061 443 1088 quoque
475 1052 634 1087 principium
661 1059 669 1078 :
692 1059 785 1079 verum
814 1051 848 1078 ad
874 1054 978 1085 tempus

191 1099 264 1133 quod
283 1098 388 1129 attinet,
402 1101 428 1124 et
441 1097 499 1132 ipse
511 1103 618 1131 quoque
629 1096 755 1130 principii
769 1103 867 1130 expers
877 1098 930 1122 est.

230 1142 306 1170 Unus
319 1142 401 1176 igitur
412 1145 454 1168 est
471 1141 542 1169 Deus
555 1140 635 1167 Pater
646 1147 679 1167 ex
692 1147 745 1174 quo
756 1140 856 1172 omnia,
872 1143 899 1166 et
909 1147 978 1166 unus

190 1187 322 1214 Dominus
346 1185 425 1214 Jesus
440 1185 563 1213 Christus
579 1193 627 1219 per
648 1192 726 1219 quem
743 1185 847 1216 omnia,
869 1188 897 1211 et
909 1192 978 1211 unus

192 1230 311 1266 Spiritus
328 1234 436 1258 sanctus
452 1230 478 1257 in
493 1237 572 1264 quem
587 1230 687 1257 omnia.
703 1230 743 1256 Ex
758 1229 802 1256 his
815 1229 904 1256 tribus
917 1236 979 1263 per-

191 1276 271 1304 fectis
288 1284 341 1303 una
361 1275 571 1311 perfectissima,
592 1275 647 1302 imo
663 1274 808 1302 secundum
824 1282 854 1301 se
872 1274 980 1302 absolu-

191 1320 296 1348 tissima
304 1324 410 1348 constat
423 1319 734 1354 deitas;proprictatibus
745 1326 811 1346 sane
818 1319 979 1346 distinclivis

193 1372 226 1393 ac
248 1365 433 1400 personalibus
448 1365 606 1399 hypostases
627 1364 697 1390 inter
714 1371 743 1391 se
762 1367 824 1401 sunt
847 1363 980 1391 distinctae

194 1409 331 1444 (quislibet
345 1415 460 1443 namque
474 1415 666 1442 personarum,
681 1409 761 1435 etiam
779 1409 800 1435 si
815 1413 925 1443 propter
937 1415 979 1435 es-

193 1454 288 1482 sentiae
302 1452 517 1487 conjunctioan
540 1453 574 1479 ab
592 1452 676 1479 altera
691 1452 794 1480 secerni
814 1460 868 1480 non
886 1457 978 1487 queat,

193 1498 358 1533 proprietate
375 1500 465 1524 tamen
483 1496 616 1531 personali
633 1497 785 1531 mentisque
802 1501 931 1532 conceptu
946 1498 980 1525 ab

194 1543 282 1570 altera
295 1542 480 1577 distinguitur,
494 1541 618 1576 Deusque
637 1542 782 1577 perlectus,
797 1543 849 1570 hoc
863 1547 905 1570 est
919 1551 962 1570 om
971 1558 978 1562 -

193 1587 275 1615 uibus
289 1587 398 1614 dcitatis
411 1587 620 1622 proprietatibus
631 1591 725 1616 ornata
741 1595 800 1614 esse
815 1587 938 1614 noscitur
955 1592 981 1615 et

194 1633 338 1667 creditur),
350 1636 378 1659 at
399 1640 482 1659 unum
496 1632 603 1661 interim
628 1632 766 1659 divinitate
791 1636 853 1659 sunt
875 1639 979 1660 omnes.

194 1677 299 1706 Rursus
311 1678 374 1705 licet
385 1677 463 1704 simul
478 1677 629 1711 conjunctae
644 1681 699 1705 tres
714 1678 778 1710 sint,
799 1685 868 1704 unus
883 1678 981 1704 nihilo-

194 1722 286 1751 minus
308 1723 435 1750 adoratur
460 1722 530 1750 Deus
550 1730 557 1749 :
584 1722 687 1750 obtinet
712 1722 758 1749 hic
778 1722 849 1749 enim
875 1722 982 1749 trinitas

194 1768 343 1795 secundum
357 1767 537 1794 substantiam
549 1787 555 1798 ,
577 1767 666 1793 unitas
680 1766 761 1793 etiam
779 1767 926 1793 secundum
941 1774 983 1793 es-

195 1812 326 1845 sentiam;
348 1816 427 1846 atque
441 1812 478 1838 ita
495 1815 587 1838 contra
607 1811 729 1838 insanam
747 1811 982 1845 inordinatamque

195 1856 335 1891 paganica:
360 1856 475 1882 vesaniae
501 1855 719 1890 oonfusionisquo
744 1855 902 1882 seditionem
931 1863 983 1882 non

195 1900 353 1935 polyarchia
370 1908 385 1927 a
403 1900 480 1927 nobis
502 1900 608 1932 colitur,
627 1901 674 1927 sed
692 1901 864 1933 monarchia;
878 1908 985 1928 monar-

197 1945 260 1972 chia
284 1950 373 1972 autem
397 1953 448 1972 non
470 1945 550 1972 unius
576 1953 698 1980 persona:
725 1945 937 1980 circumscriptio
974 1966 982 1979 ,

197 1997 233 2017 ne
254 1988 372 2017 Judaicaa
399 1990 538 2017 tenuitatis
561 1990 732 2024 intautiteque
757 1989 984 2024 imperiectionem

197 2034 395 2069 ruditatemque
409 2034 580 2066 inducamus,
601 2034 649 2061 sed
668 2041 747 2068 quam
763 2039 867 2060 natum
877 2034 986 2068 aequali-

197 2072 407 2112 tas,‘sententia:
420 2080 574 2113 concordia,
599 2079 727 2106 motionis
745 2079 882 2112 identitas,
902 2080 987 2107 idem-

198 2131 252 2159 que
266 2124 430 2159 singulorum
442 2129 522 2152 nutus
535 2125 568 2152 ad
579 2133 661 2152 unum
673 2125 802 2152 declarat.
817 2125 873 2153 Hoc
885 2130 984 2158 autem,

201 2169 350 2196 secundum
371 2177 507 2196 summum
523 2169 597 2196 illum
611 2169 763 2204 theologum
776 2169 943 2204 Gregorium,
958 2171 985 2198 in

199 2215 346 2250 generabili
364 2218 460 2241 natura
483 2214 571 2242 locum
588 2215 688 2243 habere
703 2223 755 2243 non
769 2220 856 2250 potest
870 2225 877 2243 :
896 2217 985 2244 unitas

199 2260 272 2287 enim
286 2264 313 2287 et
325 2260 447 2294 cognatio
461 2260 567 2287 dcitatis
579 2260 605 2287 in
618 2261 738 2288 trinitate
749 2261 925 2289 considerata}
939 2269 986 2289 ne-

199 2313 338 2340 quaquam
353 2305 521 2338 distrahitur,
545 2309 592 2332 aut
617 2305 643 2332 in
659 2310 751 2340 partes
769 2310 888 2339 secatur,
906 2310 935 2333 ut
954 2306 987 2334 iit

199 2349 230 2377 in
241 2350 320 2376 rebus
334 2350 442 2382 creatis,
457 2350 519 2376 dum
533 2350 669 2384 supposita
685 2351 905 2385 multiplicantur.
918 2351 987 2378 Pro-

201 2394 246 2422 cul
269 2395 340 2422 enim
359 2395 452 2422 insana
467 2398 494 2421 et
515 2394 616 2422 furiosa
638 2395 695 2422 Arii
714 2396 805 2430 opinio
819 2400 847 2423 et
868 2396 958 2423 rabies
971 2404 986 2423 a

202 2438 281 2465 nobis
295 2438 408 2466 facessat
422 2449 428 2466 :
445 2443 486 2467 est
498 2440 568 2466 enim
583 2439 701 2467 Trinitas
713 2440 858 2467 secundum
874 2440 987 2475 gloriam

204 2487 232 2510 et
245 2484 421 2511 aeternitatem
437 2485 522 2512 modis
535 2485 660 2512 omnibus
675 2485 798 2517 indivisa,
814 2485 938 2519 nullaque
954 2492 987 2512 ex

202 2531 280 2562 parte
293 2528 342 2555 abs
356 2536 414 2556 sese
431 2529 561 2562 alienata;
582 2537 670 2564 neque
683 2530 717 2557 oh
741 2530 767 2558 id
787 2534 876 2557 tamen
892 2529 989 2556 divina:

203 2580 327 2608 persona:
340 2581 370 2601 se
383 2579 476 2602 mutuo
488 2580 643 2610 permeant,
658 2576 710 2602 hoc
720 2580 775 2607 est,
792 2576 818 2602 in
835 2583 864 2603 se
875 2575 990 2602 invicem

205 2622 438 2652 transmutantur,
461 2620 506 2647 sed
527 2620 624 2647 harum
649 2620 775 2655 quaelibet
791 2618 991 2647 indemutabilis

203 2668 298 2691 manet
310 2668 338 2692 et
348 2664 489 2692 inconfusa
504 2669 532 2693 et
546 2670 662 2698 aeterna;
681 2665 759 2701 longe
775 2665 845 2692 enim
866 2665 992 2692 amando;

204 2713 250 2736 tur
263 2709 431 2745 pellaturque
447 2710 534 2738 insani
554 2711 695 2746 stolidique
711 2710 820 2738 Sabellii
840 2710 990 2744 deccptoria

206 2753 338 2782 confusio.

245 2798 361 2826 Veneror
372 2808 478 2835 quoque
488 2805 514 2827 et
525 2801 607 2828 adoro
617 2801 809 2828 incarnationis
821 2801 988 2835 mystciium,

1029 911 1143 948 ἄναρχον
1155 912 1182 940 δὲ
1197 913 1239 940 καὶ
1251 912 1311 939 αὐτό
1325 913 1387 939 κατὰ
1399 912 1502 948 χρόνον.

1063 1133 1093 1162 ΕΤ
1135 1132 1147 1143 τ
1216 1135 1222 1142 ι
1255 1134 1261 1143 1
1339 1136 1344 1143 .
1382 1134 1402 1143 ιν
1435 1133 1447 1142 ιγ
1490 1134 1496 1140 ι
1542 1134 1547 1141 μ
1659 1134 1665 1144 ν
1691 1131 1714 1150 γ.
1753 1135 1758 1142 ,
1807 1143 1816 1148 _

1082 1145 1104 1164 ις
1120 1145 1166 1162 ουν
1180 1139 1240 1164 Θιος
1251 1145 1264 1161 ο
1278 1139 1361 1172 Πατηρ
1379 1144 1402 1165 ις
1418 1144 1447 1161 ου
1467 1144 1501 1161 τα
1514 1143 1609 1165 παντα,
1623 1143 1666 1161 και
1680 1144 1712 1163 ει,
1730 1142 1813 1170 κυριο-

1028 1181 1127 1210 Ἰησοῠς
1142 1182 1250 1217 Χριστὸς
1265 1178 1334 1207 ὂιόὖ
1354 1181 1386 1206 τὰ
1408 1178 1502 1213 πάντα,
1520 1181 1563 1206 καὶ
1585 1178 1610 1205 ἓν
1630 1182 1729 1213 [Iustitia
1748 1179 1816 1216 ἅγιον

1029 1226 1055 1253 ἓν
1065 1225 1084 1262 ᾧ
1103 1227 1135 1253 τὰ
1151 1227 1244 1253 πάντα.
1262 1226 1307 1252 Ἐκ
1324 1229 1374 1253 τῶν
1388 1229 1464 1261 τριῶν
1481 1225 1578 1252 τελείων
1591 1223 1615 1251 ἓν
1628 1226 1764 1262 ὑπιρτιλές
1776 1231 1815 1254 καὶ

1029 1271 1171 1308 προτέλειον
1187 1272 1201 1300 ἠ
1214 1271 1300 1300 enim:
1311 1279 1317 1285 '
1337 1274 1390 1299 τοῖς
1411 1271 1454 1305 μὲν
1466 1271 1638 1307 ὰφοριστικοίς
1656 1272 1697 1297 καὶ
1710 1281 1816 1308 προσω-

1029 1320 1114 1345 πικοῖς
1138 1314 1257 1350 ἰδιώμασι
1274 1317 1314 1342 καὶ
1329 1315 1442 1345 ὰὶλήλοις
1457 1314 1604 1351 διαφέροντα
1616 1322 1624 1330 ⁸
1641 1315 1747 1342 ἕκαστον
1768 1317 1817 1352 γὰρ

1030 1359 1192 1393 τούτων,τῶν
1205 1360 1280 1395 φύσει
1291 1360 1448 1396 ὰχωρίστων
1459 1358 1537 1386 διὰτὸ
1548 1360 1655 1395 συναφὲς
1664 1363 1708 1388 τῆς
1720 1360 1817 1392 οὐσίας,

1028 1407 1102 1435 ἡνίκα
1122 1409 1178 1436 ταῖς
1193 1408 1239 1432 τοῦ
1253 1408 1297 1432 νοῦ
1318 1405 1445 1434 ἐπιϐολαῖς
1460 1405 1602 1441 μερῖζάται,
1613 1405 1676 1434 Θεὸς
1693 1405 1818 1442 ὁμολογεῖ-

1030 1459 1079 1477 ται
1096 1451 1154 1487 παρ’
1163 1449 1241 1485 ἡμῶν,
1269 1451 1310 1477 καὶ
1333 1449 1493 1482 πιστεύεται,
1519 1451 1624 1477 πάντων·
1644 1451 1818 1486 πληρὲστατον

1031 1497 1153 1532 ὑπάρχον
1175 1500 1224 1524 τῶν
1248 1500 1294 1526 τῆς
1317 1495 1433 1525 θεότητος
1459 1495 1610 1530 ἰδιωμάτων.
1639 1497 1683 1522 Καὶ
1708 1497 1740 1523 τὰ
1762 1497 1818 1532 τρὶσ

1033 1542 1144 1572 ἀλλήλοις
1168 1542 1357 1577 συναπτόμενα,
1370 1538 1405 1570 εἷς
1427 1541 1487 1570 Θεὸς
1511 1540 1572 1576 παρ’
1592 1542 1649 1575 ἡμῖν
1664 1545 1818 1576 προσκυνεῖ-

1033 1596 1083 1619 ται,
1104 1585 1239 1622 τριαδικῶς
1256 1586 1300 1620 μὲν
1315 1583 1381 1612 κατὰ
1397 1588 1442 1614 τὴν
1461 1586 1616 1617 ὑπόστασιν,
1640 1585 1778 1620 μοναδικῶς
1792 1585 1818 1613 δέ

1032 1631 1099 1658 κατὰ
1127 1633 1173 1660 τήν
1195 1629 1294 1664 nimim,
1316 1632 1359 1657 καὶ
1383 1631 1516 1667 μοναρχία
1541 1630 1601 1667 παρ’
1616 1631 1676 1664 ἡμῖν
1694 1631 1722 1658 τὸ
1740 1632 1818 1667 τιμώ-

1032 1688 1121 1713 μενον,
1155 1677 1184 1718 ορ
1216 1678 1364 1713 πολυαρχία
1386 1675 1428 1703 διὰ
1452 1676 1480 1704 τὸ
1505 1674 1612 1703 ἄτακτον
1639 1678 1679 1702 καὶ
1710 1680 1820 1704 στασιῶ-

1033 1723 1075 1752 δες
1090 1726 1134 1753 τῆς
1150 1721 1289 1752 Ἑλληνικῆς
1315 1722 1496 1758 έμϐροντησίας
1512 1723 1553 1749 καὶ
1577 1723 1748 1758 σνγχύσεως”
1773 1733 1819 1757 μο-

1033 1771 1132 1806 ναρχία
1157 1768 1194 1802 δέ,
1213 1770 1266 1803 οὐχ
1289 1769 1304 1797 ἡ
1323 1769 1376 1798 ἑνὸς
1402 1770 1542 1805 προσώπου
1567 1771 1710 1806 περιτραφὴ
1796 1770 1820 1796 ιν

1034 1815 1179 1849 πρεσώπων
1197 1812 1359 1850 περιγραφῇ,
1377 1812 1419 1840 διὰ
1437 1813 1467 1839 τὸ
1491 1813 1576 1842 ἀτελὲς
1599 1815 1641 1839 καὶ
1656 1812 1820 1848 στοιχειῶδες

1034 1863 1078 1890 τῆς
1103 1858 1244 1888 Ἰουδαϊκῆς
1262 1860 1348 1888 πενίας
1372 1861 1412 1886 καὶ
1437 1859 1595 1890 νηπιότητος,
1616 1859 1708 1888 ἀλλ’ἢν
1723 1862 1822 1896 φύσεως

1035 1904 1164 1939 ὁμοτιμία,
1178 1905 1220 1931 καί
1236 1905 1335 1940 γνώμης
1349 1905 1487 1940 σύμπνοια.
1505 1905 1547 1931 καὶ
1565 1904 1687 1933 ταυτότης
1702 1907 1823 1934 κινήσεως

1035 1949 1169 1982 δείκνυσιν,
1182 1951 1222 1976 καὶ
1245 1950 1311 1986 πρὸς
1333 1951 1362 1976 τὸ
1385 1949 1411 1976 ἓν
1434 1950 1449 1978 ἠ
1470 1953 1519 1976 τῶν
1540 1950 1565 1981 ἔξ
1580 1951 1659 1976 αὑτοῦ
1672 1950 1820 1981 σύννιυσιῐ,

1038 1993 1101 2031 ὅπερ
1128 1996 1169 2021 ἐπὶ
1185 1999 1228 2025 τῆς
1251 1999 1369 2030 γεννητῆς
1392 1995 1491 2030 φύσεως
1506 1995 1656 2029 ἀμήχανον,
1686 1995 1702 2033 ᾖ
1722 1996 1820 2030 φησινᾶ

1037 2040 1114 2076 μέγας
1134 2040 1159 2066 εν
1184 2040 1307 2075 θεολόγοις
1325 2040 1471 2077 Γρηγόριος,
1486 2041 1527 2066 καὶ
1539 2039 1610 2067 οὐδέν
1623 2041 1652 2068 τὸ
1666 2042 1822 2075 συνημμένον

1037 2086 1078 2112 καὶ
1096 2085 1211 2121 συμφυὲς
1225 2089 1270 2114 τῆς
1294 2086 1321 2111 ἐν
1336 2084 1419 2121 τριάδι
1436 2085 1606 2123 θεωρουμένης
1629 2085 1745 2116 Θιότητος
1768 2085 1823 2113 δια--

1037 2130 1161 2165 τέμνεται.
1178 2129 1372 2166 ’Δλλοτριούσθω
1393 2131 1443 2165 γὰρ
1459 2131 1538 2164 ἡμῶν,
1553 2131 1596 2156 καὶ
1616 2131 1795 2165 ὰποτεμνέσθω
1806 2131 1820 2159 ἡ

1038 2176 1082 2202 τοῦ
1094 2173 1236 2209 μανιώδους
1248 2176 1342 2210 ’Δρείου
1357 2173 1489 2206 κακοδοξὼι
1504 2176 1548 2201 καὶ
1568 2174 1665 2201 λύσσα·
1681 2174 1822 2213 ἀδιαίρετος

1037 2220 1087 2254 ’γὰρ
1100 2219 1116 2247 ἦ
1130 2219 1194 2248 αἶ)τή
1213 2220 1300 2256 Τριάς,
1324 2218 1383 2254 δόξῃ
1408 2220 1450 2245 καὶ
1472 2218 1598 2248 ἆὶδιότητι
1619 2222 1654 2254 μὴ
1677 2221 1823 2256 μεριζομὶνη

1038 2263 1100 2300 μηδὲ
1117 2263 1358 2300 ἀπαλλοτριουμένη,
1370 2261 1430 2290 οὔτε
1441 2267 1491 2291 τῶν
1501 2265 1642 2300 θιαρχικῶν
1656 2265 1822 2291 ὖποστάσεων

1039 2313 1252 2344 μιταπιπτουσῶν
1277 2310 1319 2335 καὶ
1343 2312 1547 2345 περιχωρουσῶν
1570 2311 1607 2338 εἰς
1632 2309 1747 2340 ἀλλήλας,
1771 2310 1823 2336 ἀλλ’

1039 2355 1192 2391 ἐφ’έκάστης
1217 2356 1312 2382 τούτων
1330 2356 1515 2389 ἁμιταπτὼτου
1540 2356 1581 2382 καὶ
1602 2356 1754 2391 ἀσυγχύτου
1779 2367 1823 2391 φυ-

1039 2400 1190 2434 λαττομένης
1213 2405 1258 2429 τῆς
1275 2399 1428 2432 ὰῑδιότητος,
1453 2400 1540 2435 πόρῤω
1564 2401 1616 2436 γὰρ
1634 2399 1822 2434 ὰποπεμπέσοω

1038 2440 1080 2466 καὶ
1095 2439 1274 2467 ἀπελαυνέσθω
1286 2441 1301 2468 ἠ
1315 2443 1359 2466 τοῦ
1371 2439 1555 2475 ματαιόγρονος
1572 2440 1703 2467 Σαϐιλλὶου
1718 2441 1820 2468 ἀπατη-

1039 2487 1095 2513 τικὴ
1112 2485 1256 2520 σύγχυσις.

1069 2806 1133 2832 Σέξω
1153 2806 1178 2833 δὲ
1200 2806 1241 2832 και
1265 2810 1400 2841 προσκυνῶ
1418 2807 1447 2835 τὲ
1463 2809 1513 2844 πρό
1535 2810 1633 2836 πόντων
1652 2812 1699 2835 τῶν
1716 2807 1813 2834 αἰώνων
