1931 3076
146 152 193 184 185

637 152 821 183 EPISTOLA
842 153 892 183 AD
911 153 1063 183 LEONEM
1087 154 1131 184 ΙΙΙ
1148 154 1284 186 ΡΑΡΑΜ.

1709 154 1757 185 1υέ)

144 208 281 248 ὡρισμένον
303 211 450 247 μυστήριον,
466 209 505 236 ἐπ’
513 209 635 243 ἐσχάτων
650 209 676 236 δὲ
688 213 736 236 τῶν
751 210 849 246 χρόνων
864 211 913 238 ἀπο

978 216 1040 238 ante
1048 213 1138 239 omnia
1149 212 1245 239 saecula
1259 211 1466 246 prmdeiinitum,
1489 211 1515 238 in
1528 212 1680 240 novissimis
1693 221 1756 241 vero

142 253 257 288 ιαλυφῠέν
281 253 322 279 ἐπὶ
345 254 459 290 σωτηρίᾳ
482 254 578 283 παντὸς
600 257 645 280 τοῦ
670 255 755 289 γένους
780 255 867 288 ἡμῶν,
884 256 924 282 καί

141 298 295 324 ἔπιτελισθέν
310 296 352 324 διὰ
372 302 416 326 τῆς
430 298 538 333 μεγάλης
551 299 779 333 συγκαταίῒάσεως,
793 309 833 325 και
845 299 924 332 agia-

141 355 184 372 του
206 345 348 373 οἰκονομίας
362 347 408 370 τοῦ
429 344 483 373 ἐνὸς
496 348 541 373 τῆς
557 343 641 380 ἁγίας,
658 346 701 371 καὶ
715 346 839 375 ζωοποιοῦ
849 345 923 381 Τριά-

139 388 182 418 ὂσς
196 391 308 425 Χριστοῦ
323 391 368 416 τοῦ
388 389 504 417 ἀληθινοῦ
517 392 579 415 Θεοῦ
600 390 685 423 ἡμῶν·
698 389 739 416 ἵνα
755 388 810 416 ὅθεν
824 390 881 424 ἡμῖν
894 389 922 415 τὸ

139 433 197 461 εἶναι
212 435 308 470 ὑπῆρξε
321 433 364 461 διὰ
381 436 425 463 τήν
437 433 531 469 ὖφατον
545 435 621 461 mira-CI
642 434 795 468 ἀγαθότητα,
817 435 923 461 ἐντεῦθεν

139 480 178 506 ναὶ
191 480 220 506 τὸ
233 476 263 505 εὖ
276 477 340 505 εἶναι
354 480 414 514 ἡμῖν
436 480 584 516 χαρισθείη.
607 479 732 514 Ὁμολογῶ
753 477 796 505 οὖν
818 481 858 506 καὶ
877 490 919 506 πι-

137 526 236 557 cutio),
259 524 334 552 αὐτὸν
361 526 402 552 τὸν
426 526 470 552 ἕνα
494 529 539 554 τῆς
562 527 709 562 ζωαρχικῆς
730 526 773 551 καὶ
797 526 921 562 μακαρίας

136 569 242 606 ’τριάδος
256 569 300 596 τὸν
313 572 357 597 τοῦ
372 572 434 596 Θεοῦ
450 569 507 596 Υίόν
525 571 565 596 καὶ
582 568 660 605 Λόγον
677 570 720 596 τὸν
739 573 775 605 τῷ
789 571 866 607 Πατρὶ
880 571 921 596 καί

136 617 172 650 τῷ
203 613 268 649 ἁγίῳ
296 615 420 649 Πνξύματι
457 613 543 644 ἁῖδίως
575 616 848 652 συμπροσκυνούμινον
878 615 921 641 καὶ

135 657 355 692 σννδοξαζόμενον,
378 659 412 687 ὡς
436 657 568 692 ὁμοούσιον
596 659 638 685 καὶ
662 659 798 695 σύνθρονον
822 660 920 695 ἀπείρῳ

134 701 306 739 φιλανθρωπίᾳ
328 700 469 737 κηοῦμενον
492 703 558 738 πρὸς
573 700 654 729 οἶκτον
675 701 721 729 τοῦ
742 704 834 729 οἰκείου
858 704 920 730 πλά-

135 757 251 780 σματος,
280 746 382 783 εὺόοκίᾳ
405 751 517 784 πατρικῇ
538 748 578 774 καί
605 749 752 783 οὶκτιρμοῖς,
778 749 870 784 χάριτὶ
891 758 919 775 τε

134 793 176 818 καί
197 793 319 828 συνεργίᾳ
341 795 386 818 τοῦ
402 793 525 827 παναγίου
549 793 701 827 Πνεύματος,
722 794 871 821 κατελθόντα
892 794 920 820 εκ

137 840 182 862 τῶν
205 837 316 874 οὐρανῶν
340 840 398 866 τοῖς
428 836 565 873 ἀνθρώποις
597 841 855 875 συναναστραφῆναι,
877 839 919 866 ἶνα

975 257 1139 291 temporibus
1153 258 1186 284 ad
1202 257 1283 285 totius
1296 257 1405 283 humani
1426 257 1530 291 generis
1551 257 1665 284 salutem
1681 263 1756 293 pate-

974 299 1084 333 factum,
1095 306 1123 328 et
1135 309 1182 335 per
1192 309 1316 336 magnum
1328 301 1402 333 illum
1415 301 1652 336 admirabilemque
1665 304 1755 335 unius,

973 348 1072 372 sancta:
1085 345 1249 379 viviﬁcaeque
1263 346 1403 372 Trinitatis
1416 353 1548 380 personae,
1561 346 1662 374 Christi
1677 349 1756 375 nimi-

973 397 1032 416 rum
1060 390 1116 417 vcri
1144 391 1190 416 Dei
1211 391 1306 422 nostri,
1335 391 1512 423 descensum,
1542 391 1756 427 inell‘abilemqne

973 433 1090 466 ejusdem
1104 435 1330 469 dispensationem
1345 440 1572 468 consummatum;
1586 441 1615 463 ut
1624 438 1693 465 unde
1707 446 1755 472 per

972 479 1184 513 inexplicabilem
1200 480 1283 514 ipsius
1300 481 1446 507 bonitatem
1462 489 1520 508 esse
1536 489 1642 509 eramus
1657 484 1752 513 sortiti,

972 524 1034 551 inde
1051 525 1132 552 etiam
1147 526 1232 560 ipsum
1246 525 1316 552 bene
1329 533 1388 552 esse
1407 526 1600 560 acciperemus.
1620 527 1755 555 Conﬁteor

971 568 1061 603 itaque
1082 573 1110 596 et
1131 570 1212 596 credo
1231 570 1339 596 unicum
1355 570 1564 604 opulentissima:
1579 571 1755 599 beatissima:-

970 619 1022 646 que
1035 612 1176 640 Trinitatis
1197 613 1375 648 suppositum,
1400 614 1486 647 ipsum
1507 615 1630 642 videlicet
1649 616 1696 643 Dei
1711 617 1755 643 Fi-

969 656 1034 683 lium
1047 660 1075 684 et
1089 656 1295 691 Verbum,quod
1310 665 1370 684 cum
1383 657 1438 684 Deo
1445 657 1524 685 Patre
1539 662 1566 685 et
1581 659 1680 693 Spiritu
1693 668 1754 688 sau-

970 705 1012 728 eto
1024 701 1050 727 in
1064 709 1143 728 omne
1154 709 1240 728 aevum
1251 702 1330 729 simul
1342 701 1469 728 adoratur
1478 706 1506 728 et
1523 703 1753 737 congloriticatur,

969 750 999 773 ut
1012 750 1074 782 pote
1085 747 1181 774 iisdem
1193 746 1369 774 coessentiale
1382 751 1408 774 et
1419 747 1553 781 cotequale
1566 749 1696 781 existens,
1711 750 1753 776 in-

969 791 1043 818 ﬁnita
1075 792 1240 826 benignitate
1264 795 1292 819 et
1314 792 1498 818 misericordia
1527 799 1589 828 erga
1616 794 1754 828 proprium

968 835 1070 870 plasma
1088 839 1201 868 motum,
1216 836 1362 863 accedente
1383 836 1435 862 huc
1448 841 1560 870 paterna
1574 837 1710 864 voluntate
1728 843 1755 865 et

136 881 191 910 τοὺς
215 881 412 917 γατακριθέντας
434 882 501 916 diu“:
520 882 598 908 πάλαι
617 886 648 917 τῇ
676 882 789 919 ἁμαρτίᾳ
812 884 853 909 καὶ
873 887 917 914 τῆς

969 880 1153 912 miseratione,
1177 884 1206 907 et
1226 881 1312 907 sancti
1327 888 1432 914 quoque
1449 880 1565 915 Spiritus
1576 882 1673 916 gratia,
1685 882 1755 916 ejus-

137 930 227 963 τρυφῆς
240 927 432 957 ἐκπεπτωκότας
448 927 613 964 παραδείσου,
634 930 673 955 καί
688 933 717 965 τῇ
735 929 813 966 φθορᾷ
826 929 918 958 ὑπενη-

134 972 270 1007 δετμὲνους
295 972 389 1009 χάριτι
421 974 596 1008 ἀνασώσηται,
621 976 661 1001 καὶ
690 975 758 1005 θείας
786 977 919 1005 κοινωνοὺς

134 1016 312 1054 ὶπεργάσηται
340 1019 448 1052 φύσεως.
472 1019 617 1049 Ἐνοικήσας
641 1021 689 1056 γὰρ
713 1021 739 1047 ἐν
765 1025 796 1055 τῇ
823 1022 919 1058 γαστρί

135 1066 175 1092 τῆς
202 1063 337 1100 Παρθένου,
366 1065 408 1091 καὶ
433 1065 522 1100 κυρίως
548 1066 591 1092 καὶ
620 1064 716 1095 ἀληθῶς
730 1066 852 1093 Θεοτὸκου
877 1067 919 1093 καὶ

131 1104 220 1141 ψυχὴν
243 1108 287 1134 καί
309 1107 393 1144 σάρκα
419 1109 636 1145 προκαθαρθείσνις
658 1114 694 1146 τῷ
717 1111 851 1146 Πνεύματι,
875 1112 918 1137 καί

134 1149 190 1178 ὅλον
215 1152 251 1181 εἰς
278 1151 367 1179 ἑαυτὸν
400 1153 534 1188 ἀνειληφὼς
558 1154 584 1185 ἒξ
615 1155 692 1184 αὐτῆς
723 1155 752 1182 τὸ
781 1156 916 1192 ἡμέτερον,

132 1196 218 1232 ὥσπερ
239 1197 264 1223 ἔν
284 1197 357 1234 ἀρχῇ
376 1198 580 1229 ζωοπλαστήσας
598 1200 640 1226 τίν
661 1199 798 1236 ἄνθρωπον,
810 1201 917 1237 προῆλθε

132 1240 190 1269 Θεὸς
203 1242 497 1278 σεσαρχωμὲνο;,μείνας
512 1245 588 1269 τοῦτο
607 1242 671 1280 ὅπερ
686 1243 713 1272 ἧν
727 1244 800 1274 Θεὸς.

164 1370 283 1405 Παρθένον
299 1371 341 1397 καί
355 1372 419 1405 μετὰ
437 1372 510 1398 τόκον
527 1375 572 1402 τὴν
588 1374 719 1411 ὑπερφυῶς
735 1377 778 1402 καὶ
797 1377 916 1414 ἁρρήτως

132 1417 253 1440 τεκοῦσαν
272 1418 447 1451 συντηρήσας.
463 1417 585 1452 μηὲαμῶς
605 1423 650 1449 τῆς
674 1421 738 1447 κατὰ
758 1422 832 1455 φύσιν
846 1432 915 1458 παρ-

131 1459 208 1487 θενίας
222 1460 364 1494 τραπείσης
375 1461 410 1490 εἰς
423 1459 523 1492 ἔνδειξιν
535 1462 611 1491 ἁληθῆ
621 1467 666 1493 τῆς
678 1465 742 1490 κατὰ
752 1468 796 1494 τήν
807 1465 915 1502 πρόοδον

131 1503 208 1529 αὑτοῦ
232 1508 277 1533 τῆς
299 1508 437 1539 γεννήσεως
463 1506 585 1544 ἀτρεψίας
608 1509 649 1534 καί
670 1509 835 1536 ἁναλλοεώτου
856 1509 914 1537 δια-

969 923 1082 958 demque
1105 925 1292 959 cooperatione
1310 925 1342 952 de
1360 925 1428 952 coelo
1447 925 1629 959 descendisse,
1648 930 1675 953 et
1692 935 1754 954 cum

969 968 1121 995 hominibus
1135 973 1321 995 conversatum
1336 976 1406 1000 esse,
1422 976 1474 1003 quo
1489 977 1538 996 nos
1552 970 1652 997 dudum
1670 979 1754 1006 prop-

969 1017 1010 1041 ter
1024 1017 1163 1048 peccatum
1179 1014 1330 1047 damnatos,
1346 1018 1373 1041 et
1386 1022 1401 1041 e
1412 1014 1529 1048 paradisi
1547 1015 1649 1042 deliciis
1661 1016 1754 1050 expul-

969 1067 1020 1091 sos,
1037 1059 1255 1094 corruptionique
1275 1060 1421 1091 obnoxios,
1437 1067 1485 1094 per
1495 1060 1608 1095 gratiam
1628 1061 1757 1092 salvaret,

968 1108 995 1131 et
1010 1104 1107 1131 divina:
1129 1108 1230 1130 naturae
1242 1104 1389 1138 participes
1403 1104 1529 1131 efﬁceret.
1549 1105 1577 1131 ln
1592 1109 1670 1132 utero
1682 1106 1760 1132 enirn-

968 1150 1086 1185 Virginis
1097 1156 1160 1176 vere
1175 1150 1336 1184 proprieque
1350 1149 1472 1184 Deiparte
1487 1150 1650 1181 inhabitans,
1661 1154 1688 1177 et
1704 1157 1752 1184 per

969 1195 1097 1230 Spiritum
1112 1199 1234 1222 sanctum
1250 1195 1368 1222 animam
1380 1199 1406 1222 et
1417 1203 1527 1222 carnem
1542 1196 1593 1222 sibi
1610 1196 1752 1230 adaptans,

969 1244 1106 1275 totamque
1114 1244 1232 1267 nostram
1242 1244 1377 1271 naturam,
1385 1241 1608 1274 quemadmodum
1617 1241 1752 1268 hominem

967 1287 994 1313 in
1008 1285 1141 1320 principio
1154 1285 1278 1317 ﬁnxerat,
1293 1284 1343 1312 sibi
1356 1285 1501 1317 asciseens,
1515 1285 1614 1319 prodiit
1627 1285 1698 1313 Deus
1716 1285 1753 1312 in-

967 1334 1104 1358 carn'atus.

1001 1375 1138 1410 Virginem
1153 1382 1269 1410 quoque,
1288 1383 1347 1409 qua:
1360 1375 1602 1409 supematuraliter
1615 1380 1641 1402 et
1656 1374 1750 1403 ineﬂ'a-

966 1419 1055 1447 biliter
1068 1423 1218 1453 pepererat,
1232 1423 1293 1453 post
1309 1423 1415 1453 partum
1428 1420 1558 1454 virginem
1569 1421 1752 1454 conservavit,

966 1465 1120 1500 virginitate
1140 1465 1211 1492 illius
1225 1465 1371 1492 secundum
1385 1468 1509 1492 naturam
1529 1465 1600 1493 nulla
1623 1474 1656 1493 ex
1676 1471 1752 1501 parte

966 1509 1102 1535 demutata
1120 1513 1166 1534 aut
1187 1507 1345 1535 labefactata
1356 1528 1362 1539 ,
1380 1508 1413 1535 ad
1429 1508 1621 1542 designandum
1642 1516 1690 1543 per
1707 1517 1750 1536 se~

240 1555 268 1576 Ὀ
282 1549 318 1586 τῷ
342 1553 421 1587 Πατρί
440 1549 489 1587 γὰρ
513 1556 640 1588 συμφυὴς,
663 1554 675 1580 ὁ
697 1554 832 1588 ὁμοούσιος
857 1557 913 1590 ἡμῖν

968 1553 1060 1580 ευηάςιξ
1070 1553 1217 1580 nativitatis
1229 1560 1395 1587 processum,
1410 1553 1508 1579 nullam
1524 1561 1634 1587 prorsus
1649 1558 1752 1581 natum

130 1594 194 1620 ιατά
217 1594 313 1626 πάντα,
339 1598 422 1633 χωρὶς
446 1597 574 1633 ἁμαρτίας
599 1599 743 1634 γενόμενος,
766 1601 914 1636 σπέρματος

130 1638 244 1674 ’Δξραὰμ
266 1639 475 1674 ἰπιλαμϐἀνιται,
498 1643 686 1679 παραπλησίως
716 1645 775 1680 ἡμῖν
808 1655 915 1672 κεκοινω-

129 1684 207 1713 νηκὼς
228 1684 336 1717 αἵματος
359 1686 398 1711 καί
412 1686 516 1723 σαρκός·
537 1688 620 1724 σάρκα
658 1688 830 1723 ἔψυχωμένην
849 1689 914 1717 δινεί-

129 1727 185 1764 ληφε
209 1729 287 1764 ψυχῇ
312 1731 397 1768 λογικῇ
421 1733 463 1758 καὶ
482 1736 556 1768 νοερᾷ
577 1733 693 1768 οὐδαμῶς
713 1738 914 1771 προϋποστᾶσαν

128 1776 173 1818 τῆς
190 1773 270 1810 ἄκρας
291 1776 415 1808 ἔνὼσεως,
439 1777 500 1805 ἀλλὰ
529 1781 575 1813 μία
596 1780 660 1818 σὰρξ
686 1779 809 1815 ἔμψυχος
830 1781 914 1817 λογική

129 1816 170 1844 ἐπὶ
187 1822 235 1848 τῆς
251 1820 317 1846 κατὰ
340 1821 446 1857 Χριστὸν
467 1823 597 1858 συμφυΐας
620 1825 779 1857 πιστεύεται,
801 1826 830 1851 οὗ
855 1825 917 1852 κατὰ

130 1865 208 1899 χάριν
226 1866 360 1895 σκηνὼσας
383 1867 407 1892 ἐν
426 1867 495 1902 ἡμῖν,
521 1867 640 1898 ἀ)λίἶλος
661 1869 703 1905 ὅλῃ
724 1874 755 1907 τῇ
776 1872 918 1908 ἀνθρωπεία

129 1910 202 1944 φύσει
225 1911 400 1945 συμπλακεὶς·
427 1913 606 1948 ὰσυγχύτως,
629 1917 669 1942 καὶ
693 1915 850 1952 ἂδιαιρέτως,
874 1919 918 1943 καὶ

130 1953 265 1990 ὑπερξυῶς
284 1958 329 1984 τὴν
343 1956 432 1984 ἷνωσιν
455 1958 636 1995 ἐργασάμενος,
651 1960 691 1986 ἵνα
704 1961 730 1986 αί
749 1962 916 1989 συνελθοῦσαι

128 2000 216 2026 nae-im
243 2000 359 2030 θεότητὸς
383 2012 411 2029 τε
434 2004 477 2029 καὶ
493 2003 695 2039 ἀνθρωπότητος,
710 2006 734 2031 ὲν
756 2005 862 2034 ἰδιότητι
883 2010 915 2043 τῇ

128 2047 191 2072 κατὰ
204 2047 279 2082 φύσιν
293 2046 450 2082 διαμείνωσι,
466 2051 507 2075 καί
528 2048 642 2085 οὐδαμῶς
657 2051 692 2080 εἰς
706 2051 814 2082 ἀλλήλας
839 2062 916 2087 μετα-

129 2089 222 2118 ϐὃσιν·
241 2093 262 2118 εἰ
281 2094 323 2118 καί
345 2098 357 2111 ι
379 2094 539 2123 κατακλίσεις
563 2098 598 2130 τῷ
617 2095 683 2131 λόγῳ
709 2099 755 2125 τῆς
785 2097 915 2133 συμφυΐας

127 2140 296 2173 παραχωρεῖν
320 2137 430 2167 tiae-536.-
453 2141 557 2174 νοοῦμεν
580 2138 622 2166 διὰ
644 2142 689 2168 τὴν
714 2143 763 2166 τῶν
787 2140 915 2175 ὀνομάτων

967 1599 1038 1626 illius
1053 1599 1200 1626 accessisse
1215 1599 1405 1630 mutationem,
1428 1602 1474 1624 aut
1490 1598 1685 1625 alterationem.
1701 1599 1753 1632 Qui

967 1651 1031 1678 ergo
1057 1643 1174 1678 ejusdem
1196 1647 1237 1670 est
1265 1651 1326 1670 cum
1354 1643 1433 1669 Patre
1460 1647 1582 1675 naturae,
1605 1643 1682 1670 nobis
1705 1651 1753 1678 per

966 1689 1056 1715 omnia
1066 1709 1073 1721 ,
1090 1692 1200 1723 peccato
1216 1693 1321 1715 tantum
1337 1687 1441 1715 secluso
1451 1708 1458 1721 ,
1475 1688 1561 1716 factus
1575 1693 1616 1716 est
1627 1696 1753 1716 coessen-

968 1733 1055 1765 tialis;
1079 1733 1181 1760 etenim
1193 1733 1296 1760 semine
1311 1733 1446 1760 Abraham
1460 1727 1601 1768 suscepto,
1620 1735 1708 1762 carnis
1726 1738 1755 1761 et

966 1779 1113 1813 sanguinis,
1129 1779 1239 1813 perinde
1251 1786 1283 1805 ac
1301 1787 1369 1805 unus
1383 1787 1415 1805 ex
1431 1780 1517 1811 nobis,
1533 1779 1619 1806 factus
1634 1784 1675 1807 est
1688 1788 1751 1814 par—

965 1824 1058 1858 ticeps,
1071 1831 1233 1858 carnemque
1246 1825 1335 1850 anima
1350 1824 1516 1859 intelligente
1531 1825 1696 1852 vivifiealam
1711 1834 1753 1852 as-

965 1870 1088 1904 sumpsit,
1111 1869 1184 1896 nullo
1209 1869 1316 1903 quidem
1340 1874 1418 1904 pacto
1444 1875 1506 1897 ante
1524 1878 1657 1896 summam
1679 1871 1752 1897 illam

965 1914 1090 1941 unionem
1105 1914 1320 1948 prmexistentem
1334 1934 1340 1946 ,
1362 1914 1409 1940 sed
1424 1913 1502 1940 simul
1522 1922 1631 1941 carnem
1645 1934 1651 1946 ,
1672 1915 1752 1942 simul

966 1959 1055 1986 anima
1084 1958 1196 1985 rationis
1219 1963 1343 1993 compote
1364 1958 1510 1985 animatam
1524 1978 1531 1991 ,
1555 1959 1640 1986 simul
1663 1960 1751 1989 Verbo

966 2005 1085 2037 unitam;
1110 2012 1160 2031 nec
1179 2012 1287 2031 rursum
1309 2004 1455 2031 secundum
1478 2004 1562 2031 solam
1584 2005 1698 2039 gratiam
1724 2006 1751 2032 in

965 2053 1057 2075 nostra
1074 2053 1168 2075 natura
1183 2048 1332 2080 habitavit,
1352 2048 1400 2074 sed
1413 2052 1485 2074 totus
1499 2048 1547 2075 toti
1564 2048 1687 2076 humanae
1704 2057 1749 2076 na-

966 2098 1033 2121 turte
1046 2092 1203 2127 conjunctus
1213 2113 1220 2125 ,
1235 2092 1415 2125 ineonl‘usam,
1431 2092 1590 2120 indivulsam
1600 2114 1607 2126 ,
1622 2102 1745 2129 superna-

965 2138 1130 2172 turalemque
1154 2137 1279 2164 unionem
1303 2141 1429 2171 operatus
1448 2140 1513 2164 est:
1534 2137 1623 2164 divina
1639 2139 1750 2166 enimet

129 2181 263 2213 ὶπίζενξιν,
283 2181 377 2216 ἐπινοίᾳ
401 2184 450 2220 γὰρ
469 2183 532 2219 μόνῃ
551 2186 593 2210 καὶ
612 2185 639 2211 οὐ
662 2183 797 2221 πράγματι
826 2185 917 2213 διίστα-

968 2186 1080 2211 humana
1102 2187 1197 2210 natura
1221 2183 1291 2209 inter
1312 2189 1341 2208 se
1365 2187 1494 2210 coeuntes
1521 2183 1548 2210 in
1569 2184 1683 2210 naturali
1701 2192 1749 2211 sua

128 2226 188 2253 σθαι
211 2225 362 2263 δοξάζομεν;
388 2228 428 2256 διὰ
453 2231 498 2260 τήν
525 2230 642 2269 ὑπερψυᾶ
667 2235 716 2258 τῶν
748 2232 913 2261 συνελθόντων

129 2270 228 2297 ἕνωσιν.

167 2636 202 2664 τὸ
222 2636 356 2672 μοναδικὸν
369 2636 395 2665 δέ
409 2639 452 2664 καί
462 2642 552 2666 ,νιαῖον
565 2641 611 2668 τῆς
622 2638 803 2670 ὑποστάσεως,
820 2637 911 2674 φυλάτ-

134 2681 220 2708 τεσθαι
251 2680 403 2716 πιστεύομεν
436 2680 546 2716 ἄτμητον
576 2683 617 2708 καί
649 2682 758 2718 ὰρῤαγὶς
788 2681 911 2717 διαμενον⁶

136 2724 313 2753 πατιεαλέσθω
336 2727 385 2762 γάρ
399 2727 414 2755 ἦ
434 2725 606 2762 φαντασιὼδης
620 2729 665 2753 τοῦ
686 2727 830 2756 ἀπατεῶνας
863 2727 912 2753 Εὖ-

170 2788 308 2829 IJVeritls,
322 2791 384 2829 κατά
396 2791 551 2829 ﬂavent"?
564 2793 622 2828 περί
639 2797 736 2829 χωρεῖν
749 2801 755 2818 :
769 2797 798 2819 ut
808 2793 842 2820 sit
855 2801 911 2829 sca-

137 2824 233 2857 tentia;
262 2826 403 2852 secundum
428 2824 611 2861 appellationis
627 2824 762 2857 ,"ritlionc
788 2827 915 2854 naturalis

962 2228 1127 2264 proprietate
1146 2227 1321 2254 indemutatte
1348 2221 1496 2262 persistunt
1513 2233 1749 2263 perseverantqae,

962 2282 1011 2301 nec
1031 2273 1085 2300 ulla
1105 2280 1137 2299 ex
1152 2277 1229 2306 parte
1242 2272 1269 2298 in
1288 2279 1316 2298 se
1329 2277 1423 2298 mutuo
1442 2272 1680 2299 transformamur.
1701 2274 1753 2300 Vc-

962 2322 1115 2345 rumtamen
1136 2320 1245 2352 propter
1257 2315 1405 2344 naturalem
1419 2317 1491 2349 illam
1508 2317 1651 2344 coitionem
1665 2321 1691 2344 et
1702 2325 1734 2344 co

962 2363 1062 2398 palam,
1072 2362 1209 2389 nominum
1222 2369 1328 2396 quoque
1339 2361 1608 2388 communicationem
1619 2365 1748 2388 mutuam-

962 2416 1014 2442 que
1027 2406 1266 2442 reciprocationem
1278 2407 1320 2440 pie
1331 2406 1529 2433 concedendam
1548 2406 1747 2439 existimamus,

962 2453 1177 2489 quandoquidem
1191 2455 1300 2486 propter
1312 2451 1451 2486 physicam
1469 2451 1539 2477 illam
1551 2451 1735 2479 admirandam

962 2506 1014 2535 que
1029 2498 1182 2526 coeuntium
1197 2501 1353 2524 naturarum
1365 2497 1435 2523 inter
1447 2505 1475 2524 se
1489 2498 1626 2530 unionem,
1641 2504 1695 2524 non
1707 2505 1746 2528 re,

963 2544 1010 2572 sed
1027 2543 1083 2570 sola
1103 2542 1302 2577 imaginatione,
1315 2541 1394 2568 unius
1415 2541 1589 2576 ejusdemque
1604 2543 1746 2576 quamdam

962 2590 1007 2618 hic
1022 2589 1220 2616 distinctionem
1234 2588 1387 2614 statuimus.

998 2637 1082 2664 Porro
1102 2640 1191 2663 autem
1203 2655 1210 2668 ,
1234 2635 1305 2669 quod
1320 2642 1380 2662 cum
1399 2639 1558 2662 naturarum
1576 2635 1746 2663 distinctione

963 2690 1084 2718 persona:
1096 2681 1268 2716 singularitas
1279 2680 1451 2716 ejusdemque
1461 2681 1552 2708 unitas
1563 2679 1694 2708 indivulsa
1706 2681 1745 2707 in-

961 2725 1167 2760 interruplaquc
1179 2734 1286 2761 semper
1301 2726 1431 2754 consistat
1444 2729 1654 2761 permanealquc
1670 2723 1742 2758 (nam

962 2795 1157 2828 w'tjtmclionis.
1172 2804 1215 2822 ras
1230 2796 1256 2822 in
1271 2804 1297 2823 se
1308 2795 1415 2822 invicem
1430 2795 1551 2822 ra‘sislerc
1560 2793 1600 2827 pie
1611 2791 1744 2828 intelligu-

962 2838 1027 2857 mn.
1046 2830 1204 2857 "ARDUINUS.
