  <div class='ocr_page' id='page_1' title='image "/cluster/home/n/w/nwhite01/storage/ocr_20150623/100/njp.32101077772869/109.png"; bbox 0 0 1951 3077; ppageno 0'>
   <div class='ocr_carea' id='block_1_1' title="bbox 180 144 1846 199">
    <p class='ocr_par' dir='ltr' id='par_1_1' title="bbox 180 144 1846 199">
     <span class='ocr_line' id='line_1_1' title="bbox 180 144 1846 199; baseline -0.007 -7"><span class='ocrx_word' id='word_1_1' title='bbox 180 144 270 199; x_wconf 54' lang='grc' dir='ltr'><strong>ςἰοθ</strong></span> <span class='ocrx_word' id='word_1_2' title='bbox 702 158 731 188; x_wconf 86' lang='lat' dir='ltr'><strong>s.</strong></span> <span class='ocrx_word' id='word_1_3' title='bbox 753 154 964 187; x_wconf 82' lang='lat' dir='ltr'><strong>NICEPHORI</strong></span> <span class='ocrx_word' id='word_1_4' title='bbox 984 152 1236 184; x_wconf 70' lang='lat' dir='ltr'><strong>mmmam:</strong></span> <span class='ocrx_word' id='word_1_5' title='bbox 1259 152 1312 183; x_wconf 88' lang='lat' dir='ltr'><strong>CP.</strong></span> <span class='ocrx_word' id='word_1_6' title='bbox 1792 147 1846 182; x_wconf 74' lang='lat' dir='ltr'><strong>aut</strong></span> 
     </span>
    </p>
   </div>
   <div class='ocr_carea' id='block_1_2' title="bbox 218 203 1847 248">
    <p class='ocr_par' dir='ltr' id='par_1_2' title="bbox 218 203 1847 248">
     <span class='ocr_line' id='line_1_2' title="bbox 218 203 1847 248; baseline -0.006 -7"><span class='ocrx_word' id='word_1_7' title='bbox 218 213 330 242; x_wconf 78' lang='lat' dir='ltr'><strong>marhos</strong></span> <span class='ocrx_word' id='word_1_8' title='bbox 350 212 493 248; x_wconf 73' lang='lat' dir='ltr'><strong>scripsrsse</strong></span> <span class='ocrx_word' id='word_1_9' title='bbox 516 211 737 244; x_wconf 74' lang='lat' dir='ltr'><strong>Amirrneticos,</strong></span> <span class='ocrx_word' id='word_1_10' title='bbox 753 218 834 239; x_wconf 85' lang='lat' dir='ltr'><strong>nemo</strong></span> <span class='ocrx_word' id='word_1_11' title='bbox 850 213 911 245; x_wconf 88' lang='lat' dir='ltr'><strong>post</strong></span> <span class='ocrx_word' id='word_1_12' title='bbox 933 207 1152 236; x_wconf 87' lang='lat' dir='ltr'><strong>Sirmondianam</strong></span> <span class='ocrx_word' id='word_1_13' title='bbox 1177 207 1294 242; x_wconf 91' lang='lat' dir='ltr'><strong>ipsorum</strong></span> <span class='ocrx_word' id='word_1_14' title='bbox 1317 205 1463 234; x_wconf 86' lang='lat' dir='ltr'><strong>cditionem</strong></span> <span class='ocrx_word' id='word_1_15' title='bbox 1483 203 1571 234; x_wconf 85' lang='lat' dir='ltr'><strong>nescit</strong></span> <span class='ocrx_word' id='word_1_16' title='bbox 1587 211 1595 232; x_wconf 85' lang='lat'><strong>:</strong></span> <span class='ocrx_word' id='word_1_17' title='bbox 1609 206 1797 232; x_wconf 70' lang='lat' dir='ltr'><strong>verumtamen</strong></span> <span class='ocrx_word' id='word_1_18' title='bbox 1819 204 1847 232; x_wconf 87' lang='lat' dir='ltr'><strong>hi</strong></span> 
     </span>
    </p>
   </div>
   <div class='ocr_carea' id='block_1_3' title="bbox 221 251 1157 291">
    <p class='ocr_par' dir='ltr' id='par_1_3' title="bbox 221 251 1157 291">
     <span class='ocr_line' id='line_1_3' title="bbox 221 251 1157 291; baseline -0.007 -6"><span class='ocrx_word' id='word_1_19' title='bbox 221 258 287 284; x_wconf 83' lang='lat' dir='ltr'><strong>nihil</strong></span> <span class='ocrx_word' id='word_1_20' title='bbox 318 257 419 288; x_wconf 75' lang='lat' dir='ltr'><strong>nostris</strong></span> <span class='ocrx_word' id='word_1_21' title='bbox 431 275 439 288; x_wconf 91' lang='lat'><strong>,</strong></span> <span class='ocrx_word' id='word_1_22' title='bbox 454 260 550 291; x_wconf 76' lang='lat' dir='ltr'><strong>praeter</strong></span> <span class='ocrx_word' id='word_1_23' title='bbox 565 254 670 282; x_wconf 91' lang='lat' dir='ltr'><strong>titulum</strong></span> <span class='ocrx_word' id='word_1_24' title='bbox 686 259 712 281; x_wconf 91' lang='lat' dir='ltr'><strong>et</strong></span> <span class='ocrx_word' id='word_1_25' title='bbox 734 258 931 289; x_wconf 85' lang='lat' dir='ltr'><strong>argumentum,</strong></span> <span class='ocrx_word' id='word_1_26' title='bbox 947 252 1035 279; x_wconf 81' lang='lat' dir='ltr'><strong>simile</strong></span> <span class='ocrx_word' id='word_1_27' title='bbox 1049 251 1157 278; x_wconf 93' lang='lat' dir='ltr'><strong>habent.</strong></span> 
     </span>
    </p>
   </div>
   <div class='ocr_carea' id='block_1_4' title="bbox 259 291 1848 331">
    <p class='ocr_par' dir='ltr' id='par_1_4' title="bbox 259 291 1848 331">
     <span class='ocr_line' id='line_1_4' title="bbox 259 291 1848 331; baseline -0.006 -4"><span class='ocrx_word' id='word_1_28' title='bbox 259 300 302 327; x_wconf 84' lang='lat' dir='ltr'><strong>IV.</strong></span> <span class='ocrx_word' id='word_1_29' title='bbox 323 300 456 327; x_wconf 73' lang='lat' dir='ltr'><strong>Caeterum</strong></span> <span class='ocrx_word' id='word_1_30' title='bbox 473 303 537 326; x_wconf 93' lang='lat' dir='ltr'><strong>ante</strong></span> <span class='ocrx_word' id='word_1_31' title='bbox 563 297 752 325; x_wconf 78' lang='lat' dir='ltr'><strong>Antirrhetiros</strong></span> <span class='ocrx_word' id='word_1_32' title='bbox 765 317 773 329; x_wconf 96' lang='lat'><strong>,</strong></span> <span class='ocrx_word' id='word_1_33' title='bbox 787 295 982 331; x_wconf 77' lang='lat' dir='ltr'><strong>Apolageticum</strong></span> <span class='ocrx_word' id='word_1_34' title='bbox 995 294 1119 329; x_wconf 75' lang='lat' dir='ltr'><strong>majorem</strong></span> <span class='ocrx_word' id='word_1_35' title='bbox 1136 294 1281 328; x_wconf 73' lang='lat' dir='ltr'><strong>scripserat</strong></span> <span class='ocrx_word' id='word_1_36' title='bbox 1299 294 1323 320; x_wconf 94' lang='lat' dir='ltr'><strong>in</strong></span> <span class='ocrx_word' id='word_1_37' title='bbox 1342 293 1428 320; x_wconf 83' lang='lat' dir='ltr'><strong>exsilii</strong></span> <span class='ocrx_word' id='word_1_38' title='bbox 1446 292 1547 327; x_wconf 89' lang='lat' dir='ltr'><strong>pariter</strong></span> <span class='ocrx_word' id='word_1_39' title='bbox 1562 291 1655 327; x_wconf 85' lang='lat' dir='ltr'><strong>quiete</strong></span> <span class='ocrx_word' id='word_1_40' title='bbox 1669 291 1848 328; x_wconf 76' lang='lat' dir='ltr'><strong>Nicephorus,</strong></span> 
     </span>
    </p>
   </div>
   <div class='ocr_carea' id='block_1_5' title="bbox 222 336 1850 378">
    <p class='ocr_par' dir='ltr' id='par_1_5' title="bbox 222 336 1850 378">
     <span class='ocr_line' id='line_1_5' title="bbox 222 336 1850 378; baseline -0.005 -8"><span class='ocrx_word' id='word_1_41' title='bbox 222 351 290 378; x_wconf 85' lang='lat' dir='ltr'><strong>opus</strong></span> <span class='ocrx_word' id='word_1_42' title='bbox 318 343 421 376; x_wconf 87' lang='lat' dir='ltr'><strong>grande</strong></span> <span class='ocrx_word' id='word_1_43' title='bbox 443 349 475 369; x_wconf 82' lang='lat' dir='ltr'><strong>ac</strong></span> <span class='ocrx_word' id='word_1_44' title='bbox 492 341 620 376; x_wconf 85' lang='lat' dir='ltr'><strong>spissum,</strong></span> <span class='ocrx_word' id='word_1_45' title='bbox 647 340 800 367; x_wconf 79' lang='lat' dir='ltr'><strong>eruditione</strong></span> <span class='ocrx_word' id='word_1_46' title='bbox 822 339 949 374; x_wconf 82' lang='lat' dir='ltr'><strong>plurima,</strong></span> <span class='ocrx_word' id='word_1_47' title='bbox 973 337 1180 369; x_wconf 69' lang='lat' dir='ltr'><strong>declamatione,</strong></span> <span class='ocrx_word' id='word_1_48' title='bbox 1197 338 1358 369; x_wconf 78' lang='lat' dir='ltr'><strong>invectioue,</strong></span> <span class='ocrx_word' id='word_1_49' title='bbox 1377 336 1581 377; x_wconf 76' lang='lat' dir='ltr'><strong>egressionibus</strong></span> <span class='ocrx_word' id='word_1_50' title='bbox 1608 336 1690 363; x_wconf 88' lang='lat' dir='ltr'><strong>etiam</strong></span> <span class='ocrx_word' id='word_1_51' title='bbox 1717 336 1800 362; x_wconf 90' lang='lat' dir='ltr'><strong>variis</strong></span> <span class='ocrx_word' id='word_1_52' title='bbox 1823 340 1850 362; x_wconf 90' lang='lat' dir='ltr'><strong>et</strong></span> 
     </span>
    </p>
   </div>
   <div class='ocr_carea' id='block_1_6' title="bbox 205 379 1849 422">
    <p class='ocr_par' dir='ltr' id='par_1_6' title="bbox 205 379 1849 422">
     <span class='ocr_line' id='line_1_6' title="bbox 205 379 1849 422; baseline -0.006 -7"><span class='ocrx_word' id='word_1_53' title='bbox 205 396 207 399; x_wconf 83' lang='lat'>&#39;</span> <span class='ocrx_word' id='word_1_54' title='bbox 223 386 352 422; x_wconf 83' lang='lat' dir='ltr'><strong>episodiis</strong></span> <span class='ocrx_word' id='word_1_55' title='bbox 379 386 525 421; x_wconf 87' lang='lat' dir='ltr'><strong>ﬁguratum</strong></span> <span class='ocrx_word' id='word_1_56' title='bbox 542 390 623 420; x_wconf 87' lang='lat' dir='ltr'><strong>atque</strong></span> <span class='ocrx_word' id='word_1_57' title='bbox 638 383 810 411; x_wconf 82' lang='lat' dir='ltr'><strong>redundans.</strong></span> <span class='ocrx_word' id='word_1_58' title='bbox 830 382 921 417; x_wconf 83' lang='lat' dir='ltr'><strong>Stylus</strong></span> <span class='ocrx_word' id='word_1_59' title='bbox 937 381 1056 422; x_wconf 66' lang='lat' dir='ltr'><strong>auctoris</strong></span> <span class='ocrx_word' id='word_1_60' title='bbox 1072 388 1145 411; x_wconf 76' lang='lat' dir='ltr'><strong>acer,</strong></span> <span class='ocrx_word' id='word_1_61' title='bbox 1173 385 1228 406; x_wconf 89' lang='lat' dir='ltr'><strong>tum</strong></span> <span class='ocrx_word' id='word_1_62' title='bbox 1256 381 1298 406; x_wconf 82' lang='lat' dir='ltr'><strong>hic</strong></span> <span class='ocrx_word' id='word_1_63' title='bbox 1315 385 1369 407; x_wconf 86' lang='lat' dir='ltr'><strong>tum</strong></span> <span class='ocrx_word' id='word_1_64' title='bbox 1385 381 1411 406; x_wconf 92' lang='lat' dir='ltr'><strong>in</strong></span> <span class='ocrx_word' id='word_1_65' title='bbox 1427 379 1620 412; x_wconf 76' lang='lat' dir='ltr'><strong>Antirrheticis,</strong></span> <span class='ocrx_word' id='word_1_66' title='bbox 1633 379 1849 406; x_wconf 87' lang='lat' dir='ltr'><strong>adversariorum</strong></span> 
     </span>
    </p>
   </div>
   <div class='ocr_carea' id='block_1_7' title="bbox 224 416 1849 464">
    <p class='ocr_par' dir='ltr' id='par_1_7' title="bbox 224 416 1849 464">
     <span class='ocr_line' id='line_1_7' title="bbox 224 416 1849 464; baseline -0.006 -8"><span class='ocrx_word' id='word_1_67' title='bbox 224 416 312 457; x_wconf 68' lang='lat' dir='ltr'><strong>latera</strong></span> <span class='ocrx_word' id='word_1_68' title='bbox 342 434 371 457; x_wconf 89' lang='lat' dir='ltr'><strong>et</strong></span> <span class='ocrx_word' id='word_1_69' title='bbox 397 416 548 464; x_wconf 73' lang='lat' dir='ltr'><strong>praesertim</strong></span> <span class='ocrx_word' id='word_1_70' title='bbox 560 416 722 462; x_wconf 70' lang='lat' dir='ltr'><strong>Copronymi</strong></span> <span class='ocrx_word' id='word_1_71' title='bbox 738 427 791 453; x_wconf 89' lang='lat' dir='ltr'><strong>alte</strong></span> <span class='ocrx_word' id='word_1_72' title='bbox 805 416 972 456; x_wconf 82' lang='lat' dir='ltr'><strong>cenfodiens,</strong></span> <span class='ocrx_word' id='word_1_73' title='bbox 988 416 1099 457; x_wconf 66' lang='lat' dir='ltr'><strong>quorum</strong></span> <span class='ocrx_word' id='word_1_74' title='bbox 1115 424 1217 450; x_wconf 90' lang='lat' dir='ltr'><strong>nullum</strong></span> <span class='ocrx_word' id='word_1_75' title='bbox 1230 424 1323 450; x_wconf 82' lang='lat' dir='ltr'><strong>vitium</strong></span> <span class='ocrx_word' id='word_1_76' title='bbox 1340 431 1393 450; x_wconf 87' lang='lat' dir='ltr'><strong>non</strong></span> <span class='ocrx_word' id='word_1_77' title='bbox 1409 423 1507 449; x_wconf 82' lang='lat' dir='ltr'><strong>acerbo</strong></span> <span class='ocrx_word' id='word_1_78' title='bbox 1519 422 1702 449; x_wconf 88' lang='lat' dir='ltr'><strong>conviciorum</strong></span> <span class='ocrx_word' id='word_1_79' title='bbox 1719 422 1774 449; x_wconf 89' lang='lat' dir='ltr'><strong>sale</strong></span> <span class='ocrx_word' id='word_1_80' title='bbox 1787 430 1849 456; x_wconf 87' lang='lat' dir='ltr'><strong>per-</strong></span> 
     </span>
    </p>
   </div>
   <div class='ocr_carea' id='block_1_8' title="bbox 208 465 1849 504">
    <p class='ocr_par' dir='ltr' id='par_1_8' title="bbox 208 465 1849 504">
     <span class='ocr_line' id='line_1_8' title="bbox 208 465 1849 504; baseline -0.004 -5"><span class='ocrx_word' id='word_1_81' title='bbox 208 483 211 486; x_wconf 93' lang='grc'>·</span> <span class='ocrx_word' id='word_1_82' title='bbox 225 472 325 500; x_wconf 87' lang='lat' dir='ltr'><strong>fundit.</strong></span> <span class='ocrx_word' id='word_1_83' title='bbox 357 472 502 500; x_wconf 89' lang='lat' dir='ltr'><strong>Contendit</strong></span> <span class='ocrx_word' id='word_1_84' title='bbox 519 471 591 498; x_wconf 92' lang='lat' dir='ltr'><strong>enim</strong></span> <span class='ocrx_word' id='word_1_85' title='bbox 607 478 664 503; x_wconf 89' lang='lat' dir='ltr'><strong>eos,</strong></span> <span class='ocrx_word' id='word_1_86' title='bbox 685 473 783 504; x_wconf 76' lang='lat' dir='ltr'><strong>praeter</strong></span> <span class='ocrx_word' id='word_1_87' title='bbox 802 476 906 496; x_wconf 90' lang='lat' dir='ltr'><strong>morum</strong></span> <span class='ocrx_word' id='word_1_88' title='bbox 927 468 1118 502; x_wconf 84' lang='lat' dir='ltr'><strong>turpitudinem</strong></span> <span class='ocrx_word' id='word_1_89' title='bbox 1134 468 1261 502; x_wconf 80' lang='lat' dir='ltr'><strong>graphice</strong></span> <span class='ocrx_word' id='word_1_90' title='bbox 1276 468 1452 500; x_wconf 82' lang='lat' dir='ltr'><strong>descriptam,</strong></span> <span class='ocrx_word' id='word_1_91' title='bbox 1468 466 1547 492; x_wconf 90' lang='lat' dir='ltr'><strong>modo</strong></span> <span class='ocrx_word' id='word_1_92' title='bbox 1566 473 1628 492; x_wconf 84' lang='lat' dir='ltr'><strong>esse</strong></span> <span class='ocrx_word' id='word_1_93' title='bbox 1645 465 1849 493; x_wconf 82' lang='lat' dir='ltr'><strong>Phantasiastas</strong></span> 
     </span>
    </p>
   </div>
   <div class='ocr_carea' id='block_1_9' title="bbox 223 509 1849 550">
    <p class='ocr_par' dir='ltr' id='par_1_9' title="bbox 223 509 1849 550">
     <span class='ocr_line' id='line_1_9' title="bbox 223 509 1849 550; baseline -0.004 -7"><span class='ocrx_word' id='word_1_94' title='bbox 223 519 271 543; x_wconf 83' lang='lat' dir='ltr'><strong>aut</strong></span> <span class='ocrx_word' id='word_1_95' title='bbox 302 514 506 550; x_wconf 75' lang='lat' dir='ltr'><strong>Monophysitas</strong></span> <span class='ocrx_word' id='word_1_96' title='bbox 519 518 545 542; x_wconf 90' lang='lat' dir='ltr'><strong>et</strong></span> <span class='ocrx_word' id='word_1_97' title='bbox 561 513 722 547; x_wconf 80' lang='lat' dir='ltr'><strong>Acepltalos.</strong></span> <span class='ocrx_word' id='word_1_98' title='bbox 744 512 823 540; x_wconf 88' lang='lat' dir='ltr'><strong>modo</strong></span> <span class='ocrx_word' id='word_1_99' title='bbox 836 511 952 539; x_wconf 84' lang='lat' dir='ltr'><strong>Arianos</strong></span> <span class='ocrx_word' id='word_1_100' title='bbox 967 515 1012 537; x_wconf 87' lang='lat' dir='ltr'><strong>aut</strong></span> <span class='ocrx_word' id='word_1_101' title='bbox 1027 510 1188 538; x_wconf 74' lang='lat' dir='ltr'><strong>Maniclneos</strong></span> <span class='ocrx_word' id='word_1_102' title='bbox 1206 511 1246 537; x_wconf 91' lang='lat' dir='ltr'><strong>vel</strong></span> <span class='ocrx_word' id='word_1_103' title='bbox 1269 510 1392 541; x_wconf 59' lang='lat' dir='ltr'><strong>Juda&#39;os.</strong></span> <span class='ocrx_word' id='word_1_104' title='bbox 1410 509 1509 536; x_wconf 89' lang='lat' dir='ltr'><strong>Christi</strong></span> <span class='ocrx_word' id='word_1_105' title='bbox 1532 517 1564 536; x_wconf 86' lang='lat' dir='ltr'><strong>ac</strong></span> <span class='ocrx_word' id='word_1_106' title='bbox 1589 509 1619 536; x_wconf 87' lang='grc' dir='ltr'><strong>Β.</strong></span> <span class='ocrx_word' id='word_1_107' title='bbox 1639 509 1730 536; x_wconf 79' lang='lat' dir='ltr'><strong>Mariae</strong></span> <span class='ocrx_word' id='word_1_108' title='bbox 1761 509 1849 537; x_wconf 87' lang='lat' dir='ltr'><strong>infen-</strong></span> 
     </span>
    </p>
   </div>
   <div class='ocr_carea' id='block_1_10' title="bbox 223 551 1852 590">
    <p class='ocr_par' dir='ltr' id='par_1_10' title="bbox 223 551 1852 590">
     <span class='ocr_line' id='line_1_10' title="bbox 223 551 1852 590; baseline -0.004 -5"><span class='ocrx_word' id='word_1_109' title='bbox 223 558 348 586; x_wconf 84' lang='lat' dir='ltr'><strong>sissimos</strong></span> <span class='ocrx_word' id='word_1_110' title='bbox 374 558 478 590; x_wconf 88' lang='lat' dir='ltr'><strong>hostes,</strong></span> <span class='ocrx_word' id='word_1_111' title='bbox 493 556 629 588; x_wconf 84' lang='lat' dir='ltr'><strong>ethnicos,</strong></span> <span class='ocrx_word' id='word_1_112' title='bbox 647 556 842 588; x_wconf 81' lang='lat' dir='ltr'><strong>Antichristos,</strong></span> <span class='ocrx_word' id='word_1_113' title='bbox 855 554 956 581; x_wconf 88' lang='lat' dir='ltr'><strong>diaboli</strong></span> <span class='ocrx_word' id='word_1_114' title='bbox 971 554 1041 581; x_wconf 90' lang='lat' dir='ltr'><strong>ﬁlios</strong></span> <span class='ocrx_word' id='word_1_115' title='bbox 1054 562 1061 580; x_wconf 85' lang='lat'><strong>:</strong></span> <span class='ocrx_word' id='word_1_116' title='bbox 1078 554 1178 588; x_wconf 86' lang='lat' dir='ltr'><strong>passim</strong></span> <span class='ocrx_word' id='word_1_117' title='bbox 1189 553 1306 587; x_wconf 84' lang='lat' dir='ltr'><strong>denique</strong></span> <span class='ocrx_word' id='word_1_118' title='bbox 1317 552 1440 583; x_wconf 87' lang='lat' dir='ltr'><strong>stolidos,</strong></span> <span class='ocrx_word' id='word_1_119' title='bbox 1455 552 1588 583; x_wconf 85' lang='lat' dir='ltr'><strong>ebriosos,</strong></span> <span class='ocrx_word' id='word_1_120' title='bbox 1605 559 1637 579; x_wconf 90' lang='lat' dir='ltr'><strong>ac</strong></span> <span class='ocrx_word' id='word_1_121' title='bbox 1650 551 1751 579; x_wconf 89' lang='lat' dir='ltr'><strong>belluas</strong></span> <span class='ocrx_word' id='word_1_122' title='bbox 1760 552 1852 586; x_wconf 83' lang='lat' dir='ltr'><strong>appel-</strong></span> 
     </span>
    </p>
   </div>
   <div class='ocr_carea' id='block_1_11' title="bbox 224 595 1851 635">
    <p class='ocr_par' dir='ltr' id='par_1_11' title="bbox 224 595 1851 635">
     <span class='ocr_line' id='line_1_11' title="bbox 224 595 1851 635; baseline -0.004 -7"><span class='ocrx_word' id='word_1_123' title='bbox 224 603 274 628; x_wconf 89' lang='lat' dir='ltr'><strong>lat.</strong></span> <span class='ocrx_word' id='word_1_124' title='bbox 310 600 473 635; x_wconf 85' lang='lat' dir='ltr'><strong>Quanquam</strong></span> <span class='ocrx_word' id='word_1_125' title='bbox 491 607 587 635; x_wconf 83' lang='lat' dir='ltr'><strong>reapse</strong></span> <span class='ocrx_word' id='word_1_126' title='bbox 602 599 634 626; x_wconf 92' lang='lat' dir='ltr'><strong>ad</strong></span> <span class='ocrx_word' id='word_1_127' title='bbox 648 599 850 634; x_wconf 85' lang='lat' dir='ltr'><strong>Copronymum</strong></span> <span class='ocrx_word' id='word_1_128' title='bbox 869 597 942 632; x_wconf 88' lang='lat' dir='ltr'><strong>quod</strong></span> <span class='ocrx_word' id='word_1_129' title='bbox 955 598 1052 626; x_wconf 85' lang='lat' dir='ltr'><strong>attinet</strong></span> <span class='ocrx_word' id='word_1_130' title='bbox 1069 597 1136 624; x_wconf 88' lang='lat' dir='ltr'><strong>nihil</strong></span> <span class='ocrx_word' id='word_1_131' title='bbox 1162 604 1211 632; x_wconf 85' lang='lat' dir='ltr'><strong>par</strong></span> <span class='ocrx_word' id='word_1_132' title='bbox 1226 596 1354 628; x_wconf 74' lang='lat' dir='ltr'><strong>fmditati,</strong></span> <span class='ocrx_word' id='word_1_133' title='bbox 1370 596 1492 629; x_wconf 60' lang='lat' dir='ltr'><strong>saevitia»,</strong></span> <span class='ocrx_word' id='word_1_134' title='bbox 1516 595 1700 630; x_wconf 86' lang='lat' dir='ltr'><strong>impietatique</strong></span> <span class='ocrx_word' id='word_1_135' title='bbox 1723 595 1781 628; x_wconf 89' lang='lat' dir='ltr'><strong>ejus</strong></span> <span class='ocrx_word' id='word_1_136' title='bbox 1798 596 1851 622; x_wconf 77' lang='lat' dir='ltr'><strong>dici</strong></span> 
     </span>
    </p>
   </div>
   <div class='ocr_carea' id='block_1_12' title="bbox 224 639 1850 677">
    <p class='ocr_par' dir='ltr' id='par_1_12' title="bbox 224 639 1850 677">
     <span class='ocr_line' id='line_1_12' title="bbox 224 639 1850 677; baseline -0.003 -7"><span class='ocrx_word' id='word_1_137' title='bbox 224 642 320 677; x_wconf 82' lang='lat' dir='ltr'><strong>potuit.</strong></span> <span class='ocrx_word' id='word_1_138' title='bbox 357 643 420 670; x_wconf 71' lang='lat' dir='ltr'><strong>Haec</strong></span> <span class='ocrx_word' id='word_1_139' title='bbox 436 650 527 674; x_wconf 89' lang='lat' dir='ltr'><strong>narro,</strong></span> <span class='ocrx_word' id='word_1_140' title='bbox 544 650 597 669; x_wconf 91' lang='lat' dir='ltr'><strong>non</strong></span> <span class='ocrx_word' id='word_1_141' title='bbox 614 642 686 676; x_wconf 81' lang='lat' dir='ltr'><strong>quia</strong></span> <span class='ocrx_word' id='word_1_142' title='bbox 703 641 728 668; x_wconf 91' lang='lat' dir='ltr'><strong>id</strong></span> <span class='ocrx_word' id='word_1_143' title='bbox 744 646 797 668; x_wconf 89' lang='lat' dir='ltr'><strong>tam</strong></span> <span class='ocrx_word' id='word_1_144' title='bbox 811 641 957 668; x_wconf 82' lang='lat' dir='ltr'><strong>vehemens</strong></span> <span class='ocrx_word' id='word_1_145' title='bbox 976 644 1003 667; x_wconf 89' lang='lat' dir='ltr'><strong>et</strong></span> <span class='ocrx_word' id='word_1_146' title='bbox 1023 640 1195 674; x_wconf 68' lang='lat' dir='ltr'><strong>prmfractum</strong></span> <span class='ocrx_word' id='word_1_147' title='bbox 1220 640 1406 668; x_wconf 89' lang='lat' dir='ltr'><strong>invectionum</strong></span> <span class='ocrx_word' id='word_1_148' title='bbox 1427 646 1513 673; x_wconf 86' lang='lat' dir='ltr'><strong>genus</strong></span> <span class='ocrx_word' id='word_1_149' title='bbox 1542 639 1623 666; x_wconf 89' lang='lat' dir='ltr'><strong>indoli</strong></span> <span class='ocrx_word' id='word_1_150' title='bbox 1642 647 1708 666; x_wconf 67' lang='lat' dir='ltr'><strong>mem</strong></span> <span class='ocrx_word' id='word_1_151' title='bbox 1727 639 1850 674; x_wconf 82' lang='lat' dir='ltr'><strong>placeat;</strong></span> 
     </span>
    </p>
   </div>
   <div class='ocr_carea' id='block_1_13' title="bbox 226 683 1852 720">
    <p class='ocr_par' dir='ltr' id='par_1_13' title="bbox 226 683 1852 720">
     <span class='ocr_line' id='line_1_13' title="bbox 226 683 1852 720; baseline -0.002 -7"><span class='ocrx_word' id='word_1_152' title='bbox 226 685 273 713; x_wconf 83' lang='lat' dir='ltr'><strong>sed</strong></span> <span class='ocrx_word' id='word_1_153' title='bbox 299 690 329 713; x_wconf 92' lang='lat' dir='ltr'><strong>ut</strong></span> <span class='ocrx_word' id='word_1_154' title='bbox 363 692 421 713; x_wconf 91' lang='lat' dir='ltr'><strong>rem</strong></span> <span class='ocrx_word' id='word_1_155' title='bbox 443 689 523 720; x_wconf 89' lang='lat' dir='ltr'><strong>prout</strong></span> <span class='ocrx_word' id='word_1_156' title='bbox 544 691 574 713; x_wconf 86' lang='lat' dir='ltr'><strong>se</strong></span> <span class='ocrx_word' id='word_1_157' title='bbox 594 684 676 712; x_wconf 82' lang='lat' dir='ltr'><strong>habet</strong></span> <span class='ocrx_word' id='word_1_158' title='bbox 693 691 826 718; x_wconf 75' lang='lat' dir='ltr'><strong>exponant</strong></span> <span class='ocrx_word' id='word_1_159' title='bbox 850 692 855 710; x_wconf 92' lang='lat'><strong><em>:</em></strong></span> <span class='ocrx_word' id='word_1_160' title='bbox 871 691 933 710; x_wconf 93' lang='lat' dir='ltr'><strong>nam</strong></span> <span class='ocrx_word' id='word_1_161' title='bbox 951 690 1001 710; x_wconf 86' lang='lat' dir='ltr'><strong>nec</strong></span> <span class='ocrx_word' id='word_1_162' title='bbox 1015 683 1101 711; x_wconf 87' lang='lat' dir='ltr'><strong>sancti</strong></span> <span class='ocrx_word' id='word_1_163' title='bbox 1116 683 1272 719; x_wconf 87' lang='lat' dir='ltr'><strong>Hieronymi</strong></span> <span class='ocrx_word' id='word_1_164' title='bbox 1289 683 1633 710; x_wconf 86' lang='lat' dir='ltr'><strong>ardentioresinvectiones</strong></span> <span class='ocrx_word' id='word_1_165' title='bbox 1648 683 1747 710; x_wconf 90' lang='lat' dir='ltr'><strong>imitari</strong></span> <span class='ocrx_word' id='word_1_166' title='bbox 1771 683 1852 718; x_wconf 77' lang='lat' dir='ltr'><strong>vulgo</strong></span> 
     </span>
    </p>
   </div>
   <div class='ocr_carea' id='block_1_14' title="bbox 225 726 1851 762">
    <p class='ocr_par' dir='ltr' id='par_1_14' title="bbox 225 726 1851 762">
     <span class='ocr_line' id='line_1_14' title="bbox 225 726 1851 762; baseline -0.001 -6"><span class='ocrx_word' id='word_1_167' title='bbox 225 728 354 756; x_wconf 76' lang='lat' dir='ltr'><strong>solemus.</strong></span> <span class='ocrx_word' id='word_1_168' title='bbox 370 727 530 762; x_wconf 67' lang='lat' dir='ltr'><strong>&quot;Caeteroqui</strong></span> <span class='ocrx_word' id='word_1_169' title='bbox 562 727 646 761; x_wconf 76' lang='lat' dir='ltr'><strong>selus,</strong></span> <span class='ocrx_word' id='word_1_170' title='bbox 671 727 758 756; x_wconf 87' lang='lat' dir='ltr'><strong>honor</strong></span> <span class='ocrx_word' id='word_1_171' title='bbox 773 727 874 754; x_wconf 84' lang='lat' dir='ltr'><strong>Christi</strong></span> <span class='ocrx_word' id='word_1_172' title='bbox 887 731 933 754; x_wconf 88' lang='lat' dir='ltr'><strong>aut</strong></span> <span class='ocrx_word' id='word_1_173' title='bbox 949 726 1055 754; x_wconf 88' lang='lat' dir='ltr'><strong>virtutis</strong></span> <span class='ocrx_word' id='word_1_174' title='bbox 1066 727 1194 761; x_wconf 87' lang='lat' dir='ltr'><strong>oﬁ‘ensus,</strong></span> <span class='ocrx_word' id='word_1_175' title='bbox 1207 727 1337 755; x_wconf 88' lang='lat' dir='ltr'><strong>solemnia</strong></span> <span class='ocrx_word' id='word_1_176' title='bbox 1359 727 1497 759; x_wconf 83' lang='lat' dir='ltr'><strong>scandala,</strong></span> <span class='ocrx_word' id='word_1_177' title='bbox 1521 727 1665 761; x_wconf 92' lang='lat' dir='ltr'><strong>impiorum</strong></span> <span class='ocrx_word' id='word_1_178' title='bbox 1686 727 1851 761; x_wconf 80' lang='lat' dir='ltr'><strong>triumphus,</strong></span> 
     </span>
    </p>
   </div>
   <div class='ocr_carea' id='block_1_15' title="bbox 226 767 1853 815">
    <p class='ocr_par' dir='ltr' id='par_1_15' title="bbox 226 767 1853 815">
     <span class='ocr_line' id='line_1_15' title="bbox 226 767 1853 815; baseline -0.002 -16"><span class='ocrx_word' id='word_1_179' title='bbox 226 773 356 800; x_wconf 91' lang='lat' dir='ltr'><strong>bonorum</strong></span> <span class='ocrx_word' id='word_1_180' title='bbox 378 772 579 806; x_wconf 87' lang='lat' dir='ltr'><strong>oppressiones,</strong></span> <span class='ocrx_word' id='word_1_181' title='bbox 592 771 730 805; x_wconf 76' lang='lat' dir='ltr'><strong>religionis</strong></span> <span class='ocrx_word' id='word_1_182' title='bbox 745 771 834 802; x_wconf 81' lang='lat' dir='ltr'><strong>ruina,</strong></span> <span class='ocrx_word' id='word_1_183' title='bbox 846 767 1030 805; x_wconf 68' lang='lat' dir='ltr'><strong>&#39;sicjnterdum</strong></span> <span class='ocrx_word' id='word_1_184' title='bbox 1041 775 1194 798; x_wconf 90' lang='lat' dir='ltr'><strong>sanctorum</strong></span> <span class='ocrx_word' id='word_1_185' title='bbox 1207 771 1311 798; x_wconf 89' lang='lat' dir='ltr'><strong>animos</strong></span> <span class='ocrx_word' id='word_1_186' title='bbox 1326 770 1570 815; x_wconf 46' lang='lat' dir='ltr'><strong>inﬂammant‘utii</strong></span> <span class='ocrx_word' id='word_1_187' title='bbox 1581 771 1729 804; x_wconf 78' lang='lat' dir='ltr'><strong>praesertim</strong></span> <span class='ocrx_word' id='word_1_188' title='bbox 1740 772 1784 805; x_wconf 92' lang='lat' dir='ltr'><strong>qui</strong></span> <span class='ocrx_word' id='word_1_189' title='bbox 1797 771 1853 797; x_wconf 79' lang='lat' dir='ltr'><strong>elu-</strong></span> 
     </span>
    </p>
   </div>
   <div class='ocr_carea' id='block_1_16' title="bbox 225 813 1854 851">
    <p class='ocr_par' dir='ltr' id='par_1_16' title="bbox 225 813 1854 851">
     <span class='ocr_line' id='line_1_16' title="bbox 225 813 1854 851; baseline -0.002 -7"><span class='ocrx_word' id='word_1_190' title='bbox 225 816 345 851; x_wconf 77' lang='lat' dir='ltr'><strong>quentiae</strong></span> <span class='ocrx_word' id='word_1_191' title='bbox 371 815 472 851; x_wconf 89' lang='lat' dir='ltr'><strong>impetu</strong></span> <span class='ocrx_word' id='word_1_192' title='bbox 490 815 715 849; x_wconf 79' lang='lat' dir='ltr'><strong>valent,querclis</strong></span> <span class='ocrx_word' id='word_1_193' title='bbox 727 814 1003 849; x_wconf 85' lang='lat' dir='ltr'><strong>etvitnperationihus</strong></span> <span class='ocrx_word' id='word_1_194' title='bbox 1011 814 1069 842; x_wconf 89' lang='lat' dir='ltr'><strong>sine</strong></span> <span class='ocrx_word' id='word_1_195' title='bbox 1081 814 1159 841; x_wconf 91' lang='lat' dir='ltr'><strong>modo</strong></span> <span class='ocrx_word' id='word_1_196' title='bbox 1173 813 1248 841; x_wconf 89' lang='lat' dir='ltr'><strong>frena</strong></span> <span class='ocrx_word' id='word_1_197' title='bbox 1261 814 1393 842; x_wconf 85' lang='lat' dir='ltr'><strong>relaxent.</strong></span> <span class='ocrx_word' id='word_1_198' title='bbox 1407 814 1465 842; x_wconf 82' lang='lat' dir='ltr'><strong>Jam</strong></span> <span class='ocrx_word' id='word_1_199' title='bbox 1476 813 1519 842; x_wconf 82' lang='lat' dir='ltr'><strong>hic</strong></span> <span class='ocrx_word' id='word_1_200' title='bbox 1531 813 1713 848; x_wconf 76' lang='lat' dir='ltr'><strong>Apologelictts</strong></span> <span class='ocrx_word' id='word_1_201' title='bbox 1727 815 1752 840; x_wconf 91' lang='lat' dir='ltr'><strong>in</strong></span> <span class='ocrx_word' id='word_1_202' title='bbox 1762 814 1854 848; x_wconf 82' lang='lat' dir='ltr'><strong>priore</strong></span> 
     </span>
    </p>
   </div>
   <div class='ocr_carea' id='block_1_17' title="bbox 227 856 1853 895">
    <p class='ocr_par' dir='ltr' id='par_1_17' title="bbox 227 856 1853 895">
     <span class='ocr_line' id='line_1_17' title="bbox 227 856 1853 895; baseline -0.002 -8"><span class='ocrx_word' id='word_1_203' title='bbox 227 859 270 887; x_wconf 80' lang='lat' dir='ltr'><strong>sui</strong></span> <span class='ocrx_word' id='word_1_204' title='bbox 278 864 367 895; x_wconf 79' lang='lat' dir='ltr'><strong>parte,</strong></span> <span class='ocrx_word' id='word_1_205' title='bbox 378 860 439 888; x_wconf 88' lang='lat' dir='ltr'><strong>ﬁdei</strong></span> <span class='ocrx_word' id='word_1_206' title='bbox 449 859 606 887; x_wconf 79' lang='lat' dir='ltr'><strong>orthodoxae</strong></span> <span class='ocrx_word' id='word_1_207' title='bbox 617 859 825 894; x_wconf 86' lang='lat' dir='ltr'><strong>descriptiOnem</strong></span> <span class='ocrx_word' id='word_1_208' title='bbox 837 858 966 890; x_wconf 88' lang='lat' dir='ltr'><strong>continet,</strong></span> <span class='ocrx_word' id='word_1_209' title='bbox 977 861 1003 884; x_wconf 94' lang='lat' dir='ltr'><strong>et</strong></span> <span class='ocrx_word' id='word_1_210' title='bbox 1011 862 1176 892; x_wconf 82' lang='lat' dir='ltr'><strong>quantopere</strong></span> <span class='ocrx_word' id='word_1_211' title='bbox 1185 856 1332 884; x_wconf 86' lang='lat' dir='ltr'><strong>Christiani</strong></span> <span class='ocrx_word' id='word_1_212' title='bbox 1343 857 1377 884; x_wconf 91' lang='lat' dir='ltr'><strong>ab</strong></span> <span class='ocrx_word' id='word_1_213' title='bbox 1386 857 1546 884; x_wconf 83' lang='lat' dir='ltr'><strong>idololatriae</strong></span> <span class='ocrx_word' id='word_1_214' title='bbox 1559 857 1675 884; x_wconf 87' lang='lat' dir='ltr'><strong>crimine</strong></span> <span class='ocrx_word' id='word_1_215' title='bbox 1701 857 1791 884; x_wconf 85' lang='lat' dir='ltr'><strong>absint</strong></span> <span class='ocrx_word' id='word_1_216' title='bbox 1803 857 1853 884; x_wconf 64' lang='lat' dir='ltr'><strong>dea</strong></span> 
     </span>
    </p>
   </div>
   <div class='ocr_carea' id='block_1_18' title="bbox 230 899 1853 937">
    <p class='ocr_par' dir='ltr' id='par_1_18' title="bbox 230 899 1853 937">
     <span class='ocr_line' id='line_1_18' title="bbox 230 899 1853 937; baseline -0.002 -6"><span class='ocrx_word' id='word_1_217' title='bbox 230 908 374 931; x_wconf 87' lang='lat' dir='ltr'><strong>monstrat.</strong></span> <span class='ocrx_word' id='word_1_218' title='bbox 385 903 523 931; x_wconf 85' lang='lat' dir='ltr'><strong>Deindein</strong></span> <span class='ocrx_word' id='word_1_219' title='bbox 538 903 625 930; x_wconf 84' lang='lat' dir='ltr'><strong>media</strong></span> <span class='ocrx_word' id='word_1_220' title='bbox 641 902 838 937; x_wconf 86' lang='lat' dir='ltr'><strong>quodammodo</strong></span> <span class='ocrx_word' id='word_1_221' title='bbox 850 905 926 936; x_wconf 92' lang='lat' dir='ltr'><strong>parte</strong></span> <span class='ocrx_word' id='word_1_222' title='bbox 934 900 1069 935; x_wconf 87' lang='lat' dir='ltr'><strong>complura</strong></span> <span class='ocrx_word' id='word_1_223' title='bbox 1079 900 1172 927; x_wconf 88' lang='lat' dir='ltr'><strong>recitat</strong></span> <span class='ocrx_word' id='word_1_224' title='bbox 1187 907 1326 927; x_wconf 89' lang='lat' dir='ltr'><strong>sacrorum</strong></span> <span class='ocrx_word' id='word_1_225' title='bbox 1341 899 1487 927; x_wconf 90' lang='lat' dir='ltr'><strong>Bibliorum</strong></span> <span class='ocrx_word' id='word_1_226' title='bbox 1505 900 1670 931; x_wconf 81' lang='lat' dir='ltr'><strong>testimonia.</strong></span> <span class='ocrx_word' id='word_1_227' title='bbox 1687 905 1716 926; x_wconf 92' lang='lat' dir='ltr'><strong>ut</strong></span> <span class='ocrx_word' id='word_1_228' title='bbox 1726 901 1853 928; x_wconf 78' lang='lat' dir='ltr'><strong>Ostendat</strong></span> 
     </span>
    </p>
   </div>
   <div class='ocr_carea' id='block_1_19' title="bbox 232 943 1854 981">
    <p class='ocr_par' dir='ltr' id='par_1_19' title="bbox 232 943 1854 981">
     <span class='ocr_line' id='line_1_19' title="bbox 232 943 1854 981; baseline -0.002 -9"><span class='ocrx_word' id='word_1_229' title='bbox 232 946 412 974; x_wconf 88' lang='lat' dir='ltr'><strong>idololatriam</strong></span> <span class='ocrx_word' id='word_1_230' title='bbox 424 954 439 973; x_wconf 86' lang='lat' dir='ltr'><strong>a</strong></span> <span class='ocrx_word' id='word_1_231' title='bbox 455 946 565 974; x_wconf 88' lang='lat' dir='ltr'><strong>Christo</strong></span> <span class='ocrx_word' id='word_1_232' title='bbox 575 953 689 981; x_wconf 86' lang='lat' dir='ltr'><strong>prorsus</strong></span> <span class='ocrx_word' id='word_1_233' title='bbox 704 945 789 973; x_wconf 88' lang='lat' dir='ltr'><strong>fuisse</strong></span> <span class='ocrx_word' id='word_1_234' title='bbox 800 945 975 977; x_wconf 75' lang='lat' dir='ltr'><strong>destructum,</strong></span> <span class='ocrx_word' id='word_1_235' title='bbox 987 945 1022 971; x_wconf 88' lang='lat' dir='ltr'><strong>ita</strong></span> <span class='ocrx_word' id='word_1_236' title='bbox 1035 948 1062 971; x_wconf 92' lang='lat' dir='ltr'><strong>ut</strong></span> <span class='ocrx_word' id='word_1_237' title='bbox 1072 943 1141 970; x_wconf 89' lang='lat' dir='ltr'><strong>illius</strong></span> <span class='ocrx_word' id='word_1_238' title='bbox 1155 943 1274 970; x_wconf 85' lang='lat' dir='ltr'><strong>Ecclesia</strong></span> <span class='ocrx_word' id='word_1_239' title='bbox 1286 943 1384 971; x_wconf 93' lang='lat' dir='ltr'><strong>morbo</strong></span> <span class='ocrx_word' id='word_1_240' title='bbox 1399 943 1450 971; x_wconf 90' lang='lat' dir='ltr'><strong>hoc</strong></span> <span class='ocrx_word' id='word_1_241' title='bbox 1465 943 1589 970; x_wconf 86' lang='lat' dir='ltr'><strong>laborare</strong></span> <span class='ocrx_word' id='word_1_242' title='bbox 1602 950 1653 970; x_wconf 93' lang='lat' dir='ltr'><strong>non</strong></span> <span class='ocrx_word' id='word_1_243' title='bbox 1666 943 1761 977; x_wconf 86' lang='lat' dir='ltr'><strong>possit,</strong></span> <span class='ocrx_word' id='word_1_244' title='bbox 1773 951 1854 970; x_wconf 75' lang='lat' dir='ltr'><strong>secus</strong></span> 
     </span>
    </p>
   </div>
   <div class='ocr_carea' id='block_1_20' title="bbox 229 986 1852 1025">
    <p class='ocr_par' dir='ltr' id='par_1_20' title="bbox 229 986 1852 1025">
     <span class='ocr_line' id='line_1_20' title="bbox 229 986 1852 1025; baseline 0 -10"><span class='ocrx_word' id='word_1_245' title='bbox 229 997 261 1017; x_wconf 80' lang='lat' dir='ltr'><strong>ac</strong></span> <span class='ocrx_word' id='word_1_246' title='bbox 271 989 573 1025; x_wconf 79' lang='grc' dir='ltr'><strong>Χριστιανοκατήγοροι</strong></span> <span class='ocrx_word' id='word_1_247' title='bbox 600 988 723 1017; x_wconf 69' lang='lat' dir='ltr'><strong>haaretici</strong></span> <span class='ocrx_word' id='word_1_248' title='bbox 739 987 983 1016; x_wconf 89' lang='lat' dir='ltr'><strong>calumniabantur.</strong></span> <span class='ocrx_word' id='word_1_249' title='bbox 993 986 1060 1014; x_wconf 90' lang='lat' dir='ltr'><strong>Tum</strong></span> <span class='ocrx_word' id='word_1_250' title='bbox 1073 992 1098 1014; x_wconf 90' lang='lat' dir='ltr'><strong>et</strong></span> <span class='ocrx_word' id='word_1_251' title='bbox 1110 987 1160 1014; x_wconf 89' lang='lat' dir='ltr'><strong>alia</strong></span> <span class='ocrx_word' id='word_1_252' title='bbox 1177 987 1331 1015; x_wconf 88' lang='lat' dir='ltr'><strong>scribuntur</strong></span> <span class='ocrx_word' id='word_1_253' title='bbox 1345 987 1472 1022; x_wconf 86' lang='lat' dir='ltr'><strong>plurima,</strong></span> <span class='ocrx_word' id='word_1_254' title='bbox 1483 995 1543 1022; x_wconf 66' lang='lat' dir='ltr'><strong>quas</strong></span> <span class='ocrx_word' id='word_1_255' title='bbox 1557 987 1643 1015; x_wconf 90' lang='lat' dir='ltr'><strong>ferme</strong></span> <span class='ocrx_word' id='word_1_256' title='bbox 1656 995 1670 1014; x_wconf 91' lang='lat' dir='ltr'><strong>a</strong></span> <span class='ocrx_word' id='word_1_257' title='bbox 1685 988 1803 1022; x_wconf 89' lang='lat' dir='ltr'><strong>capitulo</strong></span> <span class='ocrx_word' id='word_1_258' title='bbox 1815 987 1852 1015; x_wconf 78' lang='lat'><strong>65</strong></span> 
     </span>
    </p>
   </div>
   <div class='ocr_carea' id='block_1_21' title="bbox 227 1030 1851 1067">
    <p class='ocr_par' dir='ltr' id='par_1_21' title="bbox 227 1030 1851 1067">
     <span class='ocr_line' id='line_1_21' title="bbox 227 1030 1851 1067; baseline -0.002 -8"><span class='ocrx_word' id='word_1_259' title='bbox 227 1032 370 1060; x_wconf 89' lang='lat' dir='ltr'><strong>ordittntur</strong></span> <span class='ocrx_word' id='word_1_260' title='bbox 380 1052 388 1064; x_wconf 90' lang='lat'><strong>,</strong></span> <span class='ocrx_word' id='word_1_261' title='bbox 399 1033 432 1060; x_wconf 87' lang='lat' dir='ltr'><strong>de</strong></span> <span class='ocrx_word' id='word_1_262' title='bbox 450 1033 548 1060; x_wconf 82' lang='lat' dir='ltr'><strong>ritibus</strong></span> <span class='ocrx_word' id='word_1_263' title='bbox 562 1032 658 1064; x_wconf 90' lang='lat' dir='ltr'><strong>variis,</strong></span> <span class='ocrx_word' id='word_1_264' title='bbox 674 1032 778 1067; x_wconf 88' lang='lat' dir='ltr'><strong>ﬁguris,</strong></span> <span class='ocrx_word' id='word_1_265' title='bbox 791 1031 974 1062; x_wconf 86' lang='lat' dir='ltr'><strong>tabernaculo,</strong></span> <span class='ocrx_word' id='word_1_266' title='bbox 989 1038 1063 1063; x_wconf 85' lang='lat' dir='ltr'><strong>arca,</strong></span> <span class='ocrx_word' id='word_1_267' title='bbox 1073 1031 1258 1066; x_wconf 75' lang='lat' dir='ltr'><strong>praecipueque</strong></span> <span class='ocrx_word' id='word_1_268' title='bbox 1268 1031 1300 1059; x_wconf 93' lang='lat' dir='ltr'><strong>de</strong></span> <span class='ocrx_word' id='word_1_269' title='bbox 1315 1031 1530 1058; x_wconf 89' lang='lat' dir='ltr'><strong>Cherubinorum</strong></span> <span class='ocrx_word' id='word_1_270' title='bbox 1546 1031 1642 1065; x_wconf 84' lang='lat' dir='ltr'><strong>positis</strong></span> <span class='ocrx_word' id='word_1_271' title='bbox 1654 1031 1680 1057; x_wconf 91' lang='lat' dir='ltr'><strong>in</strong></span> <span class='ocrx_word' id='word_1_272' title='bbox 1696 1038 1726 1057; x_wconf 88' lang='lat' dir='ltr'><strong>ea</strong></span> <span class='ocrx_word' id='word_1_273' title='bbox 1743 1030 1851 1063; x_wconf 35' lang='lat' dir='ltr'><strong>formi‘,</strong></span> 
     </span>
    </p>
   </div>
   <div class='ocr_carea' id='block_1_22' title="bbox 227 1074 1854 1109">
    <p class='ocr_par' dir='ltr' id='par_1_22' title="bbox 227 1074 1854 1109">
     <span class='ocr_line' id='line_1_22' title="bbox 227 1074 1854 1109; baseline -0.001 -8"><span class='ocrx_word' id='word_1_274' title='bbox 227 1078 255 1101; x_wconf 91' lang='lat' dir='ltr'><strong>et</strong></span> <span class='ocrx_word' id='word_1_275' title='bbox 273 1074 307 1101; x_wconf 87' lang='lat' dir='ltr'><strong>de</strong></span> <span class='ocrx_word' id='word_1_276' title='bbox 327 1074 500 1102; x_wconf 81' lang='lat' dir='ltr'><strong>Salomonico</strong></span> <span class='ocrx_word' id='word_1_277' title='bbox 531 1074 631 1109; x_wconf 90' lang='lat' dir='ltr'><strong>templo</strong></span> <span class='ocrx_word' id='word_1_278' title='bbox 646 1075 762 1109; x_wconf 86' lang='lat' dir='ltr'><strong>ejusque</strong></span> <span class='ocrx_word' id='word_1_279' title='bbox 780 1075 866 1102; x_wconf 87' lang='lat' dir='ltr'><strong>sacris</strong></span> <span class='ocrx_word' id='word_1_280' title='bbox 891 1074 1097 1101; x_wconf 89' lang='lat' dir='ltr'><strong>emblematibus</strong></span> <span class='ocrx_word' id='word_1_281' title='bbox 1112 1078 1158 1100; x_wconf 90' lang='lat' dir='ltr'><strong>aut</strong></span> <span class='ocrx_word' id='word_1_282' title='bbox 1174 1075 1340 1102; x_wconf 89' lang='lat' dir='ltr'><strong>ornamentis</strong></span> <span class='ocrx_word' id='word_1_283' title='bbox 1356 1074 1476 1102; x_wconf 90' lang='lat' dir='ltr'><strong>dicitur:</strong></span> <span class='ocrx_word' id='word_1_284' title='bbox 1491 1082 1551 1109; x_wconf 76' lang='lat' dir='ltr'><strong>qua:</strong></span> <span class='ocrx_word' id='word_1_285' title='bbox 1570 1075 1659 1102; x_wconf 86' lang='lat' dir='ltr'><strong>omnia</strong></span> <span class='ocrx_word' id='word_1_286' title='bbox 1677 1074 1749 1102; x_wconf 88' lang='lat' dir='ltr'><strong>sacri</strong></span> <span class='ocrx_word' id='word_1_287' title='bbox 1764 1075 1854 1101; x_wconf 83' lang='lat' dir='ltr'><strong>cultus</strong></span> 
     </span>
    </p>
   </div>
   <div class='ocr_carea' id='block_1_23' title="bbox 228 1116 1852 1153">
    <p class='ocr_par' dir='ltr' id='par_1_23' title="bbox 228 1116 1852 1153">
     <span class='ocr_line' id='line_1_23' title="bbox 228 1116 1852 1153; baseline -0.001 -8"><span class='ocrx_word' id='word_1_288' title='bbox 228 1125 336 1152; x_wconf 81' lang='lat' dir='ltr'><strong>genera,</strong></span> <span class='ocrx_word' id='word_1_289' title='bbox 352 1119 385 1145; x_wconf 87' lang='lat' dir='ltr'><strong>ad</strong></span> <span class='ocrx_word' id='word_1_290' title='bbox 399 1125 538 1146; x_wconf 82' lang='lat' dir='ltr'><strong>sacrarunt</strong></span> <span class='ocrx_word' id='word_1_291' title='bbox 552 1118 699 1153; x_wconf 74' lang='lat' dir='ltr'><strong>imaginum</strong></span> <span class='ocrx_word' id='word_1_292' title='bbox 717 1118 881 1145; x_wconf 82' lang='lat' dir='ltr'><strong>suadendam</strong></span> <span class='ocrx_word' id='word_1_293' title='bbox 899 1118 1103 1144; x_wconf 80' lang='lat' dir='ltr'><strong>venerationem</strong></span> <span class='ocrx_word' id='word_1_294' title='bbox 1117 1122 1212 1144; x_wconf 89' lang='lat' dir='ltr'><strong>auctor</strong></span> <span class='ocrx_word' id='word_1_295' title='bbox 1224 1117 1316 1144; x_wconf 87' lang='lat' dir='ltr'><strong>trahit.</strong></span> <span class='ocrx_word' id='word_1_296' title='bbox 1333 1116 1400 1144; x_wconf 86' lang='lat' dir='ltr'><strong>Tum</strong></span> <span class='ocrx_word' id='word_1_297' title='bbox 1418 1118 1510 1145; x_wconf 89' lang='lat' dir='ltr'><strong>multis</strong></span> <span class='ocrx_word' id='word_1_298' title='bbox 1526 1117 1677 1151; x_wconf 89' lang='lat' dir='ltr'><strong>hujusmodi</strong></span> <span class='ocrx_word' id='word_1_299' title='bbox 1689 1118 1852 1152; x_wconf 78' lang='lat' dir='ltr'><strong>disputatis,</strong></span> 
     </span>
    </p>
   </div>
   <div class='ocr_carea' id='block_1_24' title="bbox 220 1159 1852 1196">
    <p class='ocr_par' dir='ltr' id='par_1_24' title="bbox 220 1159 1852 1196">
     <span class='ocr_line' id='line_1_24' title="bbox 220 1159 1852 1196; baseline 0 -9"><span class='ocrx_word' id='word_1_300' title='bbox 220 1161 456 1196; x_wconf 63' lang='lat' dir='ltr'><strong>,prascriptionem</strong></span> <span class='ocrx_word' id='word_1_301' title='bbox 473 1161 588 1196; x_wconf 85' lang='lat' dir='ltr'><strong>denique</strong></span> <span class='ocrx_word' id='word_1_302' title='bbox 600 1162 818 1196; x_wconf 82' lang='lat' dir='ltr'><strong>octingentorum</strong></span> <span class='ocrx_word' id='word_1_303' title='bbox 831 1168 965 1188; x_wconf 86' lang='lat' dir='ltr'><strong>annorum</strong></span> <span class='ocrx_word' id='word_1_304' title='bbox 980 1160 1086 1194; x_wconf 84' lang='lat' dir='ltr'><strong>arripit,</strong></span> <span class='ocrx_word' id='word_1_305' title='bbox 1099 1159 1131 1186; x_wconf 90' lang='lat' dir='ltr'><strong>ab</strong></span> <span class='ocrx_word' id='word_1_306' title='bbox 1141 1160 1266 1187; x_wconf 71' lang='lat' dir='ltr'><strong>Ecclesiae</strong></span> <span class='ocrx_word' id='word_1_307' title='bbox 1280 1160 1434 1195; x_wconf 83' lang='lat' dir='ltr'><strong>primordiis</strong></span> <span class='ocrx_word' id='word_1_308' title='bbox 1447 1168 1534 1196; x_wconf 88' lang='lat' dir='ltr'><strong>usque</strong></span> <span class='ocrx_word' id='word_1_309' title='bbox 1547 1162 1581 1188; x_wconf 93' lang='lat' dir='ltr'><strong>ad</strong></span> <span class='ocrx_word' id='word_1_310' title='bbox 1592 1166 1697 1188; x_wconf 71' lang='lat' dir='ltr'><strong>aetatem</strong></span> <span class='ocrx_word' id='word_1_311' title='bbox 1712 1169 1805 1194; x_wconf 88' lang='lat' dir='ltr'><strong>suam;</strong></span> <span class='ocrx_word' id='word_1_312' title='bbox 1825 1166 1852 1187; x_wconf 89' lang='lat' dir='ltr'><strong>ttt</strong></span> 
     </span>
    </p>
   </div>
   <div class='ocr_carea' id='block_1_25' title="bbox 227 1203 1854 1239">
    <p class='ocr_par' dir='ltr' id='par_1_25' title="bbox 227 1203 1854 1239">
     <span class='ocr_line' id='line_1_25' title="bbox 227 1203 1854 1239; baseline -0.001 -8"><span class='ocrx_word' id='word_1_313' title='bbox 227 1205 292 1232; x_wconf 86' lang='lat' dir='ltr'><strong>hinc</strong></span> <span class='ocrx_word' id='word_1_314' title='bbox 309 1205 467 1238; x_wconf 82' lang='lat' dir='ltr'><strong>concludat,</strong></span> <span class='ocrx_word' id='word_1_315' title='bbox 481 1205 611 1232; x_wconf 89' lang='lat' dir='ltr'><strong>honorem</strong></span> <span class='ocrx_word' id='word_1_316' title='bbox 622 1205 707 1232; x_wconf 88' lang='lat' dir='ltr'><strong>sacris</strong></span> <span class='ocrx_word' id='word_1_317' title='bbox 727 1204 890 1238; x_wconf 77' lang='lat' dir='ltr'><strong>imaginibus</strong></span> <span class='ocrx_word' id='word_1_318' title='bbox 905 1205 1006 1237; x_wconf 84' lang='lat' dir='ltr'><strong>absque</strong></span> <span class='ocrx_word' id='word_1_319' title='bbox 1019 1211 1104 1230; x_wconf 75' lang='lat' dir='ltr'><strong>sacrae</strong></span> <span class='ocrx_word' id='word_1_320' title='bbox 1124 1203 1291 1237; x_wconf 86' lang='lat' dir='ltr'><strong>antiquitatis</strong></span> <span class='ocrx_word' id='word_1_321' title='bbox 1306 1204 1479 1231; x_wconf 86' lang='lat' dir='ltr'><strong>accusatione</strong></span> <span class='ocrx_word' id='word_1_322' title='bbox 1495 1204 1588 1239; x_wconf 85' lang='lat' dir='ltr'><strong>negari</strong></span> <span class='ocrx_word' id='word_1_323' title='bbox 1605 1212 1657 1232; x_wconf 87' lang='lat' dir='ltr'><strong>non</strong></span> <span class='ocrx_word' id='word_1_324' title='bbox 1674 1212 1761 1238; x_wconf 84' lang='lat' dir='ltr'><strong>posse.</strong></span> <span class='ocrx_word' id='word_1_325' title='bbox 1779 1204 1854 1230; x_wconf 84' lang='lat' dir='ltr'><strong>Jam-</strong></span> 
     </span>
    </p>
   </div>
   <div class='ocr_carea' id='block_1_26' title="bbox 227 1246 1854 1283">
    <p class='ocr_par' dir='ltr' id='par_1_26' title="bbox 227 1246 1854 1283">
     <span class='ocr_line' id='line_1_26' title="bbox 227 1246 1854 1283; baseline 0 -9"><span class='ocrx_word' id='word_1_326' title='bbox 227 1255 292 1275; x_wconf 90' lang='lat' dir='ltr'><strong>vero</strong></span> <span class='ocrx_word' id='word_1_327' title='bbox 325 1255 386 1275; x_wconf 90' lang='lat' dir='ltr'><strong>cum</strong></span> <span class='ocrx_word' id='word_1_328' title='bbox 404 1256 418 1275; x_wconf 92' lang='lat' dir='ltr'><strong>a</strong></span> <span class='ocrx_word' id='word_1_329' title='bbox 447 1248 592 1283; x_wconf 82' lang='lat' dir='ltr'><strong>Nicephori</strong></span> <span class='ocrx_word' id='word_1_330' title='bbox 631 1248 795 1281; x_wconf 85' lang='lat' dir='ltr'><strong>temporibus</strong></span> <span class='ocrx_word' id='word_1_331' title='bbox 812 1255 897 1281; x_wconf 88' lang='lat' dir='ltr'><strong>usque</strong></span> <span class='ocrx_word' id='word_1_332' title='bbox 921 1248 953 1274; x_wconf 92' lang='lat' dir='ltr'><strong>ad</strong></span> <span class='ocrx_word' id='word_1_333' title='bbox 967 1252 1059 1274; x_wconf 79' lang='lat' dir='ltr'><strong>nostra</strong></span> <span class='ocrx_word' id='word_1_334' title='bbox 1075 1246 1135 1281; x_wconf 85' lang='lat' dir='ltr'><strong>plus</strong></span> <span class='ocrx_word' id='word_1_335' title='bbox 1148 1254 1228 1281; x_wconf 85' lang='lat' dir='ltr'><strong>quam</strong></span> <span class='ocrx_word' id='word_1_336' title='bbox 1246 1247 1318 1274; x_wconf 88' lang='lat' dir='ltr'><strong>mille</strong></span> <span class='ocrx_word' id='word_1_337' title='bbox 1332 1247 1395 1274; x_wconf 88' lang='lat' dir='ltr'><strong>anni</strong></span> <span class='ocrx_word' id='word_1_338' title='bbox 1413 1247 1593 1280; x_wconf 86' lang='lat' dir='ltr'><strong>decurrerinl,</strong></span> <span class='ocrx_word' id='word_1_339' title='bbox 1610 1252 1798 1282; x_wconf 88' lang='lat' dir='ltr'><strong>perseverante</strong></span> <span class='ocrx_word' id='word_1_340' title='bbox 1813 1249 1854 1274; x_wconf 94' lang='lat' dir='ltr'><strong>in-</strong></span> 
     </span>
    </p>
   </div>
   <div class='ocr_carea' id='block_1_27' title="bbox 228 1290 1854 1326">
    <p class='ocr_par' dir='ltr' id='par_1_27' title="bbox 228 1290 1854 1326">
     <span class='ocr_line' id='line_1_27' title="bbox 228 1290 1854 1326; baseline 0 -8"><span class='ocrx_word' id='word_1_341' title='bbox 228 1291 308 1318; x_wconf 89' lang='lat' dir='ltr'><strong>terim</strong></span> <span class='ocrx_word' id='word_1_342' title='bbox 341 1291 410 1326; x_wconf 88' lang='lat' dir='ltr'><strong>apud</strong></span> <span class='ocrx_word' id='word_1_343' title='bbox 436 1291 593 1318; x_wconf 82' lang='lat' dir='ltr'><strong>Catltolicos</strong></span> <span class='ocrx_word' id='word_1_344' title='bbox 619 1297 759 1318; x_wconf 88' lang='lat' dir='ltr'><strong>sacrarum</strong></span> <span class='ocrx_word' id='word_1_345' title='bbox 777 1290 922 1325; x_wconf 73' lang='lat' dir='ltr'><strong>imaginum</strong></span> <span class='ocrx_word' id='word_1_346' title='bbox 939 1290 1120 1322; x_wconf 83' lang='lat' dir='ltr'><strong>veneratione,</strong></span> <span class='ocrx_word' id='word_1_347' title='bbox 1138 1290 1259 1324; x_wconf 83' lang='lat' dir='ltr'><strong>sequitur</strong></span> <span class='ocrx_word' id='word_1_348' title='bbox 1271 1295 1299 1317; x_wconf 93' lang='lat' dir='ltr'><strong>ut</strong></span> <span class='ocrx_word' id='word_1_349' title='bbox 1314 1291 1480 1325; x_wconf 64' lang='lat' dir='ltr'><strong>praescriptio</strong></span> <span class='ocrx_word' id='word_1_350' title='bbox 1499 1291 1582 1319; x_wconf 89' lang='lat' dir='ltr'><strong>multo</strong></span> <span class='ocrx_word' id='word_1_351' title='bbox 1597 1292 1686 1318; x_wconf 87' lang='lat' dir='ltr'><strong>adhuc</strong></span> <span class='ocrx_word' id='word_1_352' title='bbox 1708 1291 1854 1325; x_wconf 71' lang='lat' dir='ltr'><strong>longavior</strong></span> 
     </span>
    </p>
   </div>
   <div class='ocr_carea' id='block_1_28' title="bbox 229 1333 1854 1368">
    <p class='ocr_par' dir='ltr' id='par_1_28' title="bbox 229 1333 1854 1368">
     <span class='ocr_line' id='line_1_28' title="bbox 229 1333 1854 1368; baseline 0.001 -8"><span class='ocrx_word' id='word_1_353' title='bbox 229 1334 307 1361; x_wconf 87' lang='lat' dir='ltr'><strong>nobis</strong></span> <span class='ocrx_word' id='word_1_354' title='bbox 334 1333 424 1361; x_wconf 70' lang='lat' dir='ltr'><strong>faveat</strong></span> <span class='ocrx_word' id='word_1_355' title='bbox 437 1334 566 1362; x_wconf 85' lang='lat' dir='ltr'><strong>adversus</strong></span> <span class='ocrx_word' id='word_1_356' title='bbox 577 1333 724 1361; x_wconf 82' lang='lat' dir='ltr'><strong>hodiernos</strong></span> <span class='ocrx_word' id='word_1_357' title='bbox 739 1333 943 1361; x_wconf 62' lang='lat' dir='ltr'><strong>occidcutalium</strong></span> <span class='ocrx_word' id='word_1_358' title='bbox 960 1334 1096 1367; x_wconf 80' lang='lat' dir='ltr'><strong>regionum</strong></span> <span class='ocrx_word' id='word_1_359' title='bbox 1113 1333 1316 1366; x_wconf 83' lang='lat' dir='ltr'><strong>lconomachos,</strong></span> <span class='ocrx_word' id='word_1_360' title='bbox 1329 1335 1374 1368; x_wconf 90' lang='lat' dir='ltr'><strong>qui</strong></span> <span class='ocrx_word' id='word_1_361' title='bbox 1390 1341 1405 1362; x_wconf 88' lang='lat' dir='ltr'><strong>a</strong></span> <span class='ocrx_word' id='word_1_362' title='bbox 1420 1335 1547 1362; x_wconf 90' lang='lat' dir='ltr'><strong>damnato</strong></span> <span class='ocrx_word' id='word_1_363' title='bbox 1570 1335 1614 1361; x_wconf 92' lang='lat' dir='ltr'><strong>illo</strong></span> <span class='ocrx_word' id='word_1_364' title='bbox 1630 1342 1723 1362; x_wconf 89' lang='lat' dir='ltr'><strong>errore</strong></span> <span class='ocrx_word' id='word_1_365' title='bbox 1735 1335 1854 1361; x_wconf 88' lang='lat' dir='ltr'><strong>nondum</strong></span> 
     </span>
    </p>
   </div>
   <div class='ocr_carea' id='block_1_29' title="bbox 228 1375 1853 1412">
    <p class='ocr_par' dir='ltr' id='par_1_29' title="bbox 228 1375 1853 1412">
     <span class='ocr_line' id='line_1_29' title="bbox 228 1375 1853 1412; baseline 0 -9"><span class='ocrx_word' id='word_1_366' title='bbox 228 1377 379 1405; x_wconf 85' lang='lat' dir='ltr'><strong>discedunt.</strong></span> <span class='ocrx_word' id='word_1_367' title='bbox 389 1377 477 1411; x_wconf 87' lang='lat' dir='ltr'><strong>Atque</strong></span> <span class='ocrx_word' id='word_1_368' title='bbox 494 1377 521 1404; x_wconf 92' lang='lat' dir='ltr'><strong>hi</strong></span> <span class='ocrx_word' id='word_1_369' title='bbox 533 1377 646 1409; x_wconf 86' lang='lat' dir='ltr'><strong>utinam,</strong></span> <span class='ocrx_word' id='word_1_370' title='bbox 663 1381 761 1410; x_wconf 76' lang='lat' dir='ltr'><strong>praeter</strong></span> <span class='ocrx_word' id='word_1_371' title='bbox 777 1375 1064 1411; x_wconf 83' lang='lat' dir='ltr'><strong>Niccplturum,legant</strong></span> <span class='ocrx_word' id='word_1_372' title='bbox 1078 1376 1157 1403; x_wconf 89' lang='lat' dir='ltr'><strong>docili</strong></span> <span class='ocrx_word' id='word_1_373' title='bbox 1175 1377 1265 1404; x_wconf 90' lang='lat' dir='ltr'><strong>animo</strong></span> <span class='ocrx_word' id='word_1_374' title='bbox 1273 1377 1361 1412; x_wconf 89' lang='lat' dir='ltr'><strong>magni</strong></span> <span class='ocrx_word' id='word_1_375' title='bbox 1376 1378 1518 1412; x_wconf 79' lang='lat' dir='ltr'><strong>Augustini</strong></span> <span class='ocrx_word' id='word_1_376' title='bbox 1535 1378 1608 1405; x_wconf 83' lang='lat' dir='ltr'><strong>loces</strong></span> <span class='ocrx_word' id='word_1_377' title='bbox 1629 1378 1757 1405; x_wconf 88' lang='lat' dir='ltr'><strong>classicos</strong></span> <span class='ocrx_word' id='word_1_378' title='bbox 1779 1378 1853 1404; x_wconf 72' lang='lat' dir='ltr'><strong>circa</strong></span> 
     </span>
    </p>
   </div>
   <div class='ocr_carea' id='block_1_30' title="bbox 222 1419 1852 1455">
    <p class='ocr_par' dir='ltr' id='par_1_30' title="bbox 222 1419 1852 1455">
     <span class='ocr_line' id='line_1_30' title="bbox 222 1419 1852 1455; baseline 0 -8"><span class='ocrx_word' id='word_1_379' title='bbox 222 1421 358 1447; x_wconf 74' lang='lat' dir='ltr'><strong>honorem</strong></span> <span class='ocrx_word' id='word_1_380' title='bbox 381 1420 431 1447; x_wconf 91' lang='lat' dir='ltr'><strong>SS.</strong></span> <span class='ocrx_word' id='word_1_381' title='bbox 442 1425 589 1455; x_wconf 90' lang='lat' dir='ltr'><strong>martyrum</strong></span> <span class='ocrx_word' id='word_1_382' title='bbox 606 1420 644 1447; x_wconf 78' lang='lat' dir='ltr'><strong>De</strong></span> <span class='ocrx_word' id='word_1_383' title='bbox 663 1420 693 1447; x_wconf 89' lang='lat' dir='ltr'><strong>C.</strong></span> <span class='ocrx_word' id='word_1_384' title='bbox 708 1419 742 1446; x_wconf 82' lang='grc' dir='ltr'><strong>ο.</strong></span> <span class='ocrx_word' id='word_1_385' title='bbox 760 1419 806 1447; x_wconf 93' lang='lat' dir='ltr'><strong>lib.</strong></span> <span class='ocrx_word' id='word_1_386' title='bbox 822 1427 878 1452; x_wconf 85' lang='lat' dir='ltr'><strong>xtx,</strong></span> <span class='ocrx_word' id='word_1_387' title='bbox 895 1427 954 1454; x_wconf 91' lang='lat' dir='ltr'><strong>cap.</strong></span> <span class='ocrx_word' id='word_1_388' title='bbox 973 1420 1034 1451; x_wconf 89' lang='lat' dir='ltr'><strong>ult.,</strong></span> <span class='ocrx_word' id='word_1_389' title='bbox 1056 1427 1158 1446; x_wconf 91' lang='lat' dir='ltr'><strong>necnon</strong></span> <span class='ocrx_word' id='word_1_390' title='bbox 1174 1421 1295 1447; x_wconf 89' lang='lat' dir='ltr'><strong>emndem</strong></span> <span class='ocrx_word' id='word_1_391' title='bbox 1315 1420 1412 1447; x_wconf 85' lang='lat' dir='ltr'><strong>Contra</strong></span> <span class='ocrx_word' id='word_1_392' title='bbox 1424 1420 1556 1447; x_wconf 82' lang='lat' dir='ltr'><strong>Faustum</strong></span> <span class='ocrx_word' id='word_1_393' title='bbox 1569 1420 1829 1450; x_wconf 73' lang='lat' dir='ltr'><strong>Manich.lib.xx.21</strong></span> <span class='ocrx_word' id='word_1_394' title='bbox 1844 1421 1852 1447; x_wconf 86' lang='lat' dir='ltr'><strong>l</strong></span> 
     </span>
    </p>
   </div>
   <div class='ocr_carea' id='block_1_31' title="bbox 267 1462 1854 1498">
    <p class='ocr_par' dir='ltr' id='par_1_31' title="bbox 267 1462 1854 1498">
     <span class='ocr_line' id='line_1_31' title="bbox 267 1462 1854 1498; baseline -0.001 -8"><span class='ocrx_word' id='word_1_395' title='bbox 267 1463 298 1490; x_wconf 85' lang='lat' dir='ltr'><strong>V.</strong></span> <span class='ocrx_word' id='word_1_396' title='bbox 316 1463 372 1498; x_wconf 81' lang='lat' dir='ltr'><strong>Age</strong></span> <span class='ocrx_word' id='word_1_397' title='bbox 389 1471 463 1496; x_wconf 86' lang='lat' dir='ltr'><strong>vero,</strong></span> <span class='ocrx_word' id='word_1_398' title='bbox 479 1465 590 1498; x_wconf 86' lang='lat' dir='ltr'><strong>quinam</strong></span> <span class='ocrx_word' id='word_1_399' title='bbox 606 1470 681 1490; x_wconf 88' lang='lat' dir='ltr'><strong>meus</strong></span> <span class='ocrx_word' id='word_1_400' title='bbox 696 1464 721 1489; x_wconf 95' lang='lat' dir='ltr'><strong>in</strong></span> <span class='ocrx_word' id='word_1_401' title='bbox 736 1463 787 1490; x_wconf 87' lang='lat' dir='ltr'><strong>hoc</strong></span> <span class='ocrx_word' id='word_1_402' title='bbox 801 1463 903 1491; x_wconf 91' lang='lat' dir='ltr'><strong>edendo</strong></span> <span class='ocrx_word' id='word_1_403' title='bbox 919 1462 1068 1498; x_wconf 86' lang='lat' dir='ltr'><strong>Nicephoro</strong></span> <span class='ocrx_word' id='word_1_404' title='bbox 1082 1462 1157 1489; x_wconf 83' lang='lat' dir='ltr'><strong>labor</strong></span> <span class='ocrx_word' id='word_1_405' title='bbox 1173 1462 1265 1496; x_wconf 87' lang='lat' dir='ltr'><strong>fuerit,</strong></span> <span class='ocrx_word' id='word_1_406' title='bbox 1279 1463 1296 1490; x_wconf 87' lang='lat' dir='ltr'><strong>ii</strong></span> <span class='ocrx_word' id='word_1_407' title='bbox 1313 1463 1392 1490; x_wconf 84' lang='lat' dir='ltr'><strong>facile</strong></span> <span class='ocrx_word' id='word_1_408' title='bbox 1405 1463 1587 1496; x_wconf 69' lang='lat' dir='ltr'><strong>mstimabunt,</strong></span> <span class='ocrx_word' id='word_1_409' title='bbox 1604 1464 1650 1498; x_wconf 89' lang='lat' dir='ltr'><strong>qui</strong></span> <span class='ocrx_word' id='word_1_410' title='bbox 1666 1464 1758 1498; x_wconf 87' lang='lat' dir='ltr'><strong>plures</strong></span> <span class='ocrx_word' id='word_1_411' title='bbox 1787 1472 1854 1490; x_wconf 89' lang='lat' dir='ltr'><strong>eru-</strong></span> 
     </span>
    </p>
   </div>
   <div class='ocr_carea' id='block_1_32' title="bbox 224 1506 1856 1542">
    <p class='ocr_par' dir='ltr' id='par_1_32' title="bbox 224 1506 1856 1542">
     <span class='ocr_line' id='line_1_32' title="bbox 224 1506 1856 1542; baseline -0.001 -8"><span class='ocrx_word' id='word_1_412' title='bbox 224 1507 304 1534; x_wconf 37' lang='lat' dir='ltr'><strong>Iditos</strong></span> <span class='ocrx_word' id='word_1_413' title='bbox 320 1515 415 1534; x_wconf 79' lang='lat' dir='ltr'><strong>saxum</strong></span> <span class='ocrx_word' id='word_1_414' title='bbox 430 1508 456 1534; x_wconf 88' lang='lat' dir='ltr'><strong>id</strong></span> <span class='ocrx_word' id='word_1_415' title='bbox 473 1513 583 1534; x_wconf 89' lang='lat' dir='ltr'><strong>versare</strong></span> <span class='ocrx_word' id='word_1_416' title='bbox 601 1506 707 1534; x_wconf 91' lang='lat' dir='ltr'><strong>molitos</strong></span> <span class='ocrx_word' id='word_1_417' title='bbox 722 1506 820 1539; x_wconf 82' lang='lat' dir='ltr'><strong>sciunt,</strong></span> <span class='ocrx_word' id='word_1_418' title='bbox 835 1506 881 1533; x_wconf 89' lang='lat' dir='ltr'><strong>sed</strong></span> <span class='ocrx_word' id='word_1_419' title='bbox 907 1506 1097 1540; x_wconf 82' lang='lat' dir='ltr'><strong>defatigatione</strong></span> <span class='ocrx_word' id='word_1_420' title='bbox 1113 1510 1159 1533; x_wconf 83' lang='lat' dir='ltr'><strong>aut</strong></span> <span class='ocrx_word' id='word_1_421' title='bbox 1182 1506 1311 1540; x_wconf 84' lang='lat' dir='ltr'><strong>impensis</strong></span> <span class='ocrx_word' id='word_1_422' title='bbox 1328 1507 1471 1534; x_wconf 87' lang='lat' dir='ltr'><strong>deterritos</strong></span> <span class='ocrx_word' id='word_1_423' title='bbox 1493 1508 1643 1535; x_wconf 86' lang='lat' dir='ltr'><strong>abstitisse.</strong></span> <span class='ocrx_word' id='word_1_424' title='bbox 1660 1507 1726 1534; x_wconf 80' lang='lat' dir='ltr'><strong>Nam</strong></span> <span class='ocrx_word' id='word_1_425' title='bbox 1755 1514 1856 1542; x_wconf 69' lang='grc' dir='ltr'><strong>ριέειει·</strong></span> 
     </span>
    </p>
   </div>
   <div class='ocr_carea' id='block_1_33' title="bbox 227 1550 1855 1590">
    <p class='ocr_par' dir='ltr' id='par_1_33' title="bbox 227 1550 1855 1590">
     <span class='ocr_line' id='line_1_33' title="bbox 227 1550 1855 1590; baseline -0.001 -13"><span class='ocrx_word' id='word_1_426' title='bbox 227 1550 404 1581; x_wconf 79' lang='lat' dir='ltr'><strong>Bandurium.</strong></span> <span class='ocrx_word' id='word_1_427' title='bbox 416 1550 566 1577; x_wconf 84' lang='lat' dir='ltr'><strong>Turrianus</strong></span> <span class='ocrx_word' id='word_1_428' title='bbox 576 1551 668 1584; x_wconf 89' lang='lat' dir='ltr'><strong>etiam,</strong></span> <span class='ocrx_word' id='word_1_429' title='bbox 684 1550 804 1582; x_wconf 80' lang='lat' dir='ltr'><strong>Crusius.</strong></span> <span class='ocrx_word' id='word_1_430' title='bbox 816 1550 1004 1581; x_wconf 80' lang='lat' dir='ltr'><strong>Combeﬁsius,</strong></span> <span class='ocrx_word' id='word_1_431' title='bbox 1020 1555 1109 1584; x_wconf 83' lang='lat' dir='ltr'><strong>atque,</strong></span> <span class='ocrx_word' id='word_1_432' title='bbox 1119 1554 1147 1576; x_wconf 92' lang='lat' dir='ltr'><strong>ut</strong></span> <span class='ocrx_word' id='word_1_433' title='bbox 1163 1550 1251 1582; x_wconf 89' lang='lat' dir='ltr'><strong>audio,</strong></span> <span class='ocrx_word' id='word_1_434' title='bbox 1266 1550 1391 1582; x_wconf 79' lang='lat' dir='ltr'><strong>Allatius,</strong></span> <span class='ocrx_word' id='word_1_435' title='bbox 1409 1550 1442 1578; x_wconf 85' lang='lat' dir='ltr'><strong>de</strong></span> <span class='ocrx_word' id='word_1_436' title='bbox 1458 1551 1577 1578; x_wconf 86' lang='lat' dir='ltr'><strong>editione</strong></span> <span class='ocrx_word' id='word_1_437' title='bbox 1603 1551 1654 1578; x_wconf 90' lang='lat' dir='ltr'><strong>hac</strong></span> <span class='ocrx_word' id='word_1_438' title='bbox 1681 1551 1855 1590; x_wconf 62' lang='lat' dir='ltr'><strong>cogitarunt;</strong></span> 
     </span>
    </p>
   </div>
   <div class='ocr_carea' id='block_1_34' title="bbox 230 1592 1854 1629">
    <p class='ocr_par' dir='ltr' id='par_1_34' title="bbox 230 1592 1854 1629">
     <span class='ocr_line' id='line_1_34' title="bbox 230 1592 1854 1629; baseline -0.001 -8"><span class='ocrx_word' id='word_1_439' title='bbox 230 1601 256 1621; x_wconf 78' lang='lat' dir='ltr'><strong>et</strong></span> <span class='ocrx_word' id='word_1_440' title='bbox 275 1594 398 1621; x_wconf 86' lang='lat' dir='ltr'><strong>Petavius</strong></span> <span class='ocrx_word' id='word_1_441' title='bbox 412 1594 469 1629; x_wconf 89' lang='lat' dir='ltr'><strong>ipse</strong></span> <span class='ocrx_word' id='word_1_442' title='bbox 478 1593 587 1621; x_wconf 84' lang='lat' dir='ltr'><strong>nonnisi</strong></span> <span class='ocrx_word' id='word_1_443' title='bbox 600 1594 681 1620; x_wconf 87' lang='lat' dir='ltr'><strong>breve</strong></span> <span class='ocrx_word' id='word_1_444' title='bbox 693 1593 871 1628; x_wconf 82' lang='lat' dir='ltr'><strong>fragmentum</strong></span> <span class='ocrx_word' id='word_1_445' title='bbox 893 1593 1012 1627; x_wconf 88' lang='lat' dir='ltr'><strong>protulit.</strong></span> <span class='ocrx_word' id='word_1_446' title='bbox 1029 1592 1110 1620; x_wconf 86' lang='lat' dir='ltr'><strong>Certe</strong></span> <span class='ocrx_word' id='word_1_447' title='bbox 1122 1593 1155 1619; x_wconf 90' lang='lat' dir='ltr'><strong>ad</strong></span> <span class='ocrx_word' id='word_1_448' title='bbox 1170 1592 1293 1619; x_wconf 84' lang='lat' dir='ltr'><strong>Latinam</strong></span> <span class='ocrx_word' id='word_1_449' title='bbox 1310 1594 1514 1621; x_wconf 86' lang='lat' dir='ltr'><strong>translationem</strong></span> <span class='ocrx_word' id='word_1_450' title='bbox 1528 1594 1601 1628; x_wconf 89' lang='lat' dir='ltr'><strong>quod</strong></span> <span class='ocrx_word' id='word_1_451' title='bbox 1628 1595 1745 1626; x_wconf 89' lang='lat' dir='ltr'><strong>attinet,</strong></span> <span class='ocrx_word' id='word_1_452' title='bbox 1771 1602 1854 1628; x_wconf 81' lang='lat' dir='ltr'><strong>quam</strong></span> 
     </span>
    </p>
   </div>
   <div class='ocr_carea' id='block_1_35' title="bbox 232 1636 1856 1673">
    <p class='ocr_par' dir='ltr' id='par_1_35' title="bbox 232 1636 1856 1673">
     <span class='ocr_line' id='line_1_35' title="bbox 232 1636 1856 1673; baseline -0.001 -9"><span class='ocrx_word' id='word_1_453' title='bbox 232 1638 346 1665; x_wconf 89' lang='lat' dir='ltr'><strong>diversis</strong></span> <span class='ocrx_word' id='word_1_454' title='bbox 357 1637 523 1673; x_wconf 77' lang='lat' dir='ltr'><strong>temporibus</strong></span> <span class='ocrx_word' id='word_1_455' title='bbox 541 1637 610 1669; x_wconf 84' lang='lat' dir='ltr'><strong>inter</strong></span> <span class='ocrx_word' id='word_1_456' title='bbox 624 1638 714 1663; x_wconf 88' lang='lat' dir='ltr'><strong>varias</strong></span> <span class='ocrx_word' id='word_1_457' title='bbox 725 1637 924 1671; x_wconf 80' lang='lat' dir='ltr'><strong>oecupationes,</strong></span> <span class='ocrx_word' id='word_1_458' title='bbox 935 1641 962 1663; x_wconf 86' lang='lat' dir='ltr'><strong>et</strong></span> <span class='ocrx_word' id='word_1_459' title='bbox 979 1636 1058 1663; x_wconf 91' lang='lat' dir='ltr'><strong>modo</strong></span> <span class='ocrx_word' id='word_1_460' title='bbox 1074 1636 1100 1662; x_wconf 91' lang='lat' dir='ltr'><strong>in</strong></span> <span class='ocrx_word' id='word_1_461' title='bbox 1118 1636 1193 1668; x_wconf 90' lang='lat' dir='ltr'><strong>urbe,</strong></span> <span class='ocrx_word' id='word_1_462' title='bbox 1209 1637 1288 1663; x_wconf 91' lang='lat' dir='ltr'><strong>modo</strong></span> <span class='ocrx_word' id='word_1_463' title='bbox 1303 1637 1478 1672; x_wconf 83' lang='lat' dir='ltr'><strong>peregrinans</strong></span> <span class='ocrx_word' id='word_1_464' title='bbox 1491 1657 1504 1669; x_wconf 32' lang='lat' dir='ltr'><strong>I,</strong></span> <span class='ocrx_word' id='word_1_465' title='bbox 1525 1638 1689 1671; x_wconf 88' lang='lat' dir='ltr'><strong>scriptitavi,</strong></span> <span class='ocrx_word' id='word_1_466' title='bbox 1717 1645 1760 1664; x_wconf 89' lang='lat' dir='ltr'><strong>res</strong></span> <span class='ocrx_word' id='word_1_467' title='bbox 1790 1638 1856 1671; x_wconf 92' lang='lat' dir='ltr'><strong>qui-</strong></span> 
     </span>
    </p>
   </div>
   <div class='ocr_carea' id='block_1_36' title="bbox 230 1678 1859 1716">
    <p class='ocr_par' dir='ltr' id='par_1_36' title="bbox 230 1678 1859 1716">
     <span class='ocr_line' id='line_1_36' title="bbox 230 1678 1859 1716; baseline 0 -8"><span class='ocrx_word' id='word_1_468' title='bbox 230 1684 294 1709; x_wconf 71' lang='lat' dir='ltr'><strong>dum</strong></span> <span class='ocrx_word' id='word_1_469' title='bbox 315 1690 362 1716; x_wconf 90' lang='lat' dir='ltr'><strong>per</strong></span> <span class='ocrx_word' id='word_1_470' title='bbox 383 1689 412 1709; x_wconf 89' lang='lat' dir='ltr'><strong>se</strong></span> <span class='ocrx_word' id='word_1_471' title='bbox 443 1678 556 1708; x_wconf 68' lang='lat' dir='ltr'><strong>molesta</strong></span> <span class='ocrx_word' id='word_1_472' title='bbox 572 1686 598 1708; x_wconf 87' lang='lat' dir='ltr'><strong>et</strong></span> <span class='ocrx_word' id='word_1_473' title='bbox 611 1681 713 1715; x_wconf 84' lang='lat' dir='ltr'><strong>prolixa</strong></span> <span class='ocrx_word' id='word_1_474' title='bbox 729 1681 836 1708; x_wconf 67' lang='lat' dir='ltr'><strong>taedium</strong></span> <span class='ocrx_word' id='word_1_475' title='bbox 854 1681 992 1715; x_wconf 86' lang='lat' dir='ltr'><strong>ingerebat</strong></span> <span class='ocrx_word' id='word_1_476' title='bbox 1008 1689 1016 1707; x_wconf 72' lang='grc' dir='ltr'>ε</span> <span class='ocrx_word' id='word_1_477' title='bbox 1033 1679 1136 1714; x_wconf 83' lang='lat' dir='ltr'><strong>perstiti</strong></span> <span class='ocrx_word' id='word_1_478' title='bbox 1151 1685 1250 1712; x_wconf 90' lang='lat' dir='ltr'><strong>tamen,</strong></span> <span class='ocrx_word' id='word_1_479' title='bbox 1263 1688 1416 1715; x_wconf 86' lang='lat' dir='ltr'><strong>quanquam</strong></span> <span class='ocrx_word' id='word_1_480' title='bbox 1432 1681 1522 1708; x_wconf 88' lang='lat' dir='ltr'><strong>multis</strong></span> <span class='ocrx_word' id='word_1_481' title='bbox 1538 1681 1605 1709; x_wconf 90' lang='lat' dir='ltr'><strong>locis</strong></span> <span class='ocrx_word' id='word_1_482' title='bbox 1620 1687 1729 1716; x_wconf 88' lang='lat' dir='ltr'><strong>propter</strong></span> <span class='ocrx_word' id='word_1_483' title='bbox 1750 1682 1859 1708; x_wconf 71' lang='lat' dir='ltr'><strong>tlieelo-</strong></span> 
     </span>
    </p>
   </div>
   <div class='ocr_carea' id='block_1_37' title="bbox 234 1723 1855 1760">
    <p class='ocr_par' dir='ltr' id='par_1_37' title="bbox 234 1723 1855 1760">
     <span class='ocr_line' id='line_1_37' title="bbox 234 1723 1855 1760; baseline 0.001 -9"><span class='ocrx_word' id='word_1_484' title='bbox 234 1727 320 1758; x_wconf 75' lang='lat' dir='ltr'><strong>gicatn</strong></span> <span class='ocrx_word' id='word_1_485' title='bbox 333 1725 433 1753; x_wconf 64' lang='lat' dir='ltr'><strong>Graeca:</strong></span> <span class='ocrx_word' id='word_1_486' title='bbox 448 1725 553 1752; x_wconf 69' lang='lat' dir='ltr'><strong>scholae</strong></span> <span class='ocrx_word' id='word_1_487' title='bbox 567 1725 738 1756; x_wconf 90' lang='lat' dir='ltr'><strong>locutionem,</strong></span> <span class='ocrx_word' id='word_1_488' title='bbox 756 1724 878 1758; x_wconf 87' lang='lat' dir='ltr'><strong>aliasque</strong></span> <span class='ocrx_word' id='word_1_489' title='bbox 898 1723 1030 1755; x_wconf 80' lang='lat' dir='ltr'><strong>salebras,</strong></span> <span class='ocrx_word' id='word_1_490' title='bbox 1047 1730 1099 1749; x_wconf 92' lang='lat' dir='ltr'><strong>non</strong></span> <span class='ocrx_word' id='word_1_491' title='bbox 1117 1730 1179 1750; x_wconf 89' lang='lat' dir='ltr'><strong>raro</strong></span> <span class='ocrx_word' id='word_1_492' title='bbox 1198 1723 1358 1755; x_wconf 75' lang='lat' dir='ltr'><strong>aestuabam,</strong></span> <span class='ocrx_word' id='word_1_493' title='bbox 1375 1731 1464 1759; x_wconf 91' lang='lat' dir='ltr'><strong>neque</strong></span> <span class='ocrx_word' id='word_1_494' title='bbox 1480 1733 1521 1752; x_wconf 90' lang='lat' dir='ltr'><strong>me</strong></span> <span class='ocrx_word' id='word_1_495' title='bbox 1535 1732 1642 1760; x_wconf 87' lang='lat' dir='ltr'><strong>semper</strong></span> <span class='ocrx_word' id='word_1_496' title='bbox 1653 1733 1710 1752; x_wconf 86' lang='lat' dir='ltr'><strong>rem</strong></span> <span class='ocrx_word' id='word_1_497' title='bbox 1735 1725 1855 1752; x_wconf 84' lang='lat' dir='ltr'><strong>feliciter</strong></span> 
     </span>
    </p>
   </div>
   <div class='ocr_carea' id='block_1_38' title="bbox 234 1765 1004 1805">
    <p class='ocr_par' dir='ltr' id='par_1_38' title="bbox 234 1765 1004 1802">
     <span class='ocr_line' id='line_1_38' title="bbox 234 1765 1004 1802; baseline -0.004 -8"><span class='ocrx_word' id='word_1_498' title='bbox 234 1768 353 1802; x_wconf 64' lang='lat' dir='ltr'><strong>gessisse</strong></span> <span class='ocrx_word' id='word_1_499' title='bbox 369 1772 489 1795; x_wconf 89' lang='lat' dir='ltr'><strong>autumo.</strong></span> <span class='ocrx_word' id='word_1_500' title='bbox 506 1767 577 1794; x_wconf 83' lang='lat' dir='ltr'><strong>Sane</strong></span> <span class='ocrx_word' id='word_1_501' title='bbox 591 1765 734 1798; x_wconf 81' lang='lat' dir='ltr'><strong>Nicephori</strong></span> <span class='ocrx_word' id='word_1_502' title='bbox 750 1765 841 1793; x_wconf 87' lang='lat' dir='ltr'><strong>stilum</strong></span> <span class='ocrx_word' id='word_1_503' title='bbox 863 1765 1004 1797; x_wconf 79' lang='lat' dir='ltr'><strong>Photius,t</strong></span> 
     </span>
    </p>
   </div>
   <div class='ocr_carea' id='block_1_39' title="bbox 1088 1765 1858 1805">
    <p class='ocr_par' dir='ltr' id='par_1_39' title="bbox 1088 1765 1858 1805">
     <span class='ocr_line' id='line_1_39' title="bbox 1088 1765 1858 1805; baseline 0.005 -14"><span class='ocrx_word' id='word_1_504' title='bbox 1088 1765 1119 1798; x_wconf 68' lang='lat'><strong>65,</strong></span> <span class='ocrx_word' id='word_1_505' title='bbox 1136 1765 1163 1792; x_wconf 92' lang='lat' dir='ltr'><strong>in</strong></span> <span class='ocrx_word' id='word_1_506' title='bbox 1179 1766 1274 1800; x_wconf 89' lang='lat' dir='ltr'><strong>primis</strong></span> <span class='ocrx_word' id='word_1_507' title='bbox 1290 1766 1380 1794; x_wconf 86' lang='lat' dir='ltr'><strong>laudat</strong></span> <span class='ocrx_word' id='word_1_508' title='bbox 1402 1776 1408 1794; x_wconf 90' lang='lat'>:</span> <span class='ocrx_word' id='word_1_509' title='bbox 1432 1767 1598 1804; x_wconf 77' lang='grc' dir='ltr'><strong>Καλλιλεξίᾳ</strong></span> <span class='ocrx_word' id='word_1_510' title='bbox 1614 1776 1645 1794; x_wconf 85' lang='grc' dir='ltr'>τε</span> <span class='ocrx_word' id='word_1_511' title='bbox 1671 1768 1719 1794; x_wconf 69' lang='grc' dir='ltr'><strong>καὶ</strong></span> <span class='ocrx_word' id='word_1_512' title='bbox 1735 1768 1858 1805; x_wconf 76' lang='grc' dir='ltr'><strong>συνῦήκῃ</strong></span> 
     </span>
    </p>
   </div>
   <div class='ocr_carea' id='block_1_40' title="bbox 234 1807 1004 1846">
    <p class='ocr_par' dir='ltr' id='par_1_40' title="bbox 234 1807 1004 1845">
     <span class='ocr_line' id='line_1_40' title="bbox 234 1807 1004 1845; baseline -0.004 -9"><span class='ocrx_word' id='word_1_513' title='bbox 234 1810 313 1844; x_wconf 73' lang='grc' dir='ltr'>λόγου</span> <span class='ocrx_word' id='word_1_514' title='bbox 327 1810 506 1845; x_wconf 77' lang='grc' dir='ltr'><strong>κεχρημένος,</strong></span> <span class='ocrx_word' id='word_1_515' title='bbox 519 1810 562 1844; x_wconf 79' lang='grc' dir='ltr'><strong>οἵᾳ</strong></span> <span class='ocrx_word' id='word_1_516' title='bbox 577 1809 609 1835; x_wconf 80' lang='grc' dir='ltr'><strong>ἂν</strong></span> <span class='ocrx_word' id='word_1_517' title='bbox 620 1809 752 1843; x_wconf 83' lang='grc' dir='ltr'><strong>χρήσαιτο</strong></span> <span class='ocrx_word' id='word_1_518' title='bbox 765 1808 779 1834; x_wconf 76' lang='grc' dir='ltr'>ὁ</span> <span class='ocrx_word' id='word_1_519' title='bbox 803 1807 948 1843; x_wconf 76' lang='grc' dir='ltr'><strong>ρητορικὺς</strong></span> <span class='ocrx_word' id='word_1_520' title='bbox 967 1807 1004 1839; x_wconf 86' lang='grc' dir='ltr'><strong>ὡς</strong></span> 
     </span>
    </p>
   </div>
   <div class='ocr_carea' id='block_1_41' title="bbox 1087 1807 1857 1846">
    <p class='ocr_par' dir='ltr' id='par_1_41' title="bbox 1087 1807 1857 1846">
     <span class='ocr_line' id='line_1_41' title="bbox 1087 1807 1857 1846; baseline 0.005 -12"><span class='ocrx_word' id='word_1_521' title='bbox 1087 1807 1136 1840; x_wconf 65' lang='lat' dir='ltr'><strong>id);</strong></span> <span class='ocrx_word' id='word_1_522' title='bbox 1161 1809 1208 1836; x_wconf 78' lang='grc' dir='ltr'><strong>καὶ</strong></span> <span class='ocrx_word' id='word_1_523' title='bbox 1224 1809 1331 1841; x_wconf 80' lang='grc' dir='ltr'><strong>τέλειος</strong></span> <span class='ocrx_word' id='word_1_524' title='bbox 1346 1810 1417 1846; x_wconf 82' lang='grc' dir='ltr'><strong>ἀνήρ</strong></span> <span class='ocrx_word' id='word_1_525' title='bbox 1444 1819 1451 1838; x_wconf 92' lang='lat'><strong>:</strong></span> <span class='ocrx_word' id='word_1_526' title='bbox 1476 1810 1517 1837; x_wconf 85' lang='lat' dir='ltr'><strong>Ea</strong></span> <span class='ocrx_word' id='word_1_527' title='bbox 1532 1812 1668 1838; x_wconf 75' lang='lat' dir='ltr'><strong>uerborum</strong></span> <span class='ocrx_word' id='word_1_528' title='bbox 1685 1816 1818 1838; x_wconf 71' lang='lat' dir='ltr'><strong>venustate</strong></span> <span class='ocrx_word' id='word_1_529' title='bbox 1832 1817 1857 1838; x_wconf 77' lang='lat' dir='ltr'><strong>et</strong></span> 
     </span>
    </p>
   </div>
   <div class='ocr_carea' id='block_1_42' title="bbox 235 1850 1858 1888">
    <p class='ocr_par' dir='ltr' id='par_1_42' title="bbox 235 1850 1858 1888">
     <span class='ocr_line' id='line_1_42' title="bbox 235 1850 1858 1888; baseline 0.001 -9"><span class='ocrx_word' id='word_1_530' title='bbox 235 1853 363 1879; x_wconf 75' lang='lat' dir='ltr'><strong>mntionis</strong></span> <span class='ocrx_word' id='word_1_531' title='bbox 380 1853 566 1886; x_wconf 74' lang='lat' dir='ltr'><strong>compositione</strong></span> <span class='ocrx_word' id='word_1_532' title='bbox 591 1852 683 1882; x_wconf 78' lang='lat' dir='ltr'><strong>utitur,</strong></span> <span class='ocrx_word' id='word_1_533' title='bbox 701 1851 805 1886; x_wconf 80' lang='lat' dir='ltr'><strong>qualem</strong></span> <span class='ocrx_word' id='word_1_534' title='bbox 823 1850 956 1877; x_wconf 77' lang='lat' dir='ltr'><strong>adhiberet</strong></span> <span class='ocrx_word' id='word_1_535' title='bbox 979 1851 1109 1886; x_wconf 77' lang='lat' dir='ltr'><strong>perfectus</strong></span> <span class='ocrx_word' id='word_1_536' title='bbox 1126 1853 1231 1879; x_wconf 85' lang='lat' dir='ltr'><strong>omnino</strong></span> <span class='ocrx_word' id='word_1_537' title='bbox 1250 1856 1350 1879; x_wconf 82' lang='lat' dir='ltr'><strong>orator.</strong></span> <span class='ocrx_word' id='word_1_538' title='bbox 1379 1852 1505 1881; x_wconf 86' lang='lat' dir='ltr'><strong>Profecto</strong></span> <span class='ocrx_word' id='word_1_539' title='bbox 1528 1861 1610 1888; x_wconf 89' lang='lat' dir='ltr'><strong>purus</strong></span> <span class='ocrx_word' id='word_1_540' title='bbox 1627 1859 1668 1882; x_wconf 90' lang='lat' dir='ltr'><strong>est</strong></span> <span class='ocrx_word' id='word_1_541' title='bbox 1682 1854 1858 1881; x_wconf 82' lang='lat' dir='ltr'><strong>hellenismt-s</strong></span> 
     </span>
    </p>
   </div>
   <div class='ocr_carea' id='block_1_43' title="bbox 237 1895 1860 1931">
    <p class='ocr_par' dir='ltr' id='par_1_43' title="bbox 237 1895 1860 1931">
     <span class='ocr_line' id='line_1_43' title="bbox 237 1895 1860 1931; baseline 0.001 -8"><span class='ocrx_word' id='word_1_542' title='bbox 237 1896 390 1930; x_wconf 67' lang='lat' dir='ltr'><strong>tViccphori,</strong></span> <span class='ocrx_word' id='word_1_543' title='bbox 408 1895 552 1922; x_wconf 85' lang='lat' dir='ltr'><strong>artiﬁciosa</strong></span> <span class='ocrx_word' id='word_1_544' title='bbox 567 1900 594 1922; x_wconf 90' lang='lat' dir='ltr'><strong>et</strong></span> <span class='ocrx_word' id='word_1_545' title='bbox 607 1900 701 1922; x_wconf 86' lang='lat' dir='ltr'><strong>ornata</strong></span> <span class='ocrx_word' id='word_1_546' title='bbox 713 1895 839 1926; x_wconf 82' lang='lat' dir='ltr'><strong>elocutio.</strong></span> <span class='ocrx_word' id='word_1_547' title='bbox 856 1902 908 1922; x_wconf 92' lang='lat' dir='ltr'><strong>non</strong></span> <span class='ocrx_word' id='word_1_548' title='bbox 923 1899 1013 1922; x_wconf 89' lang='lat' dir='ltr'><strong>tamen</strong></span> <span class='ocrx_word' id='word_1_549' title='bbox 1029 1895 1111 1923; x_wconf 84' lang='lat' dir='ltr'><strong>Attici</strong></span> <span class='ocrx_word' id='word_1_550' title='bbox 1127 1897 1233 1930; x_wconf 84' lang='lat' dir='ltr'><strong>generis</strong></span> <span class='ocrx_word' id='word_1_551' title='bbox 1267 1897 1313 1924; x_wconf 90' lang='lat' dir='ltr'><strong>sed</strong></span> <span class='ocrx_word' id='word_1_552' title='bbox 1330 1897 1423 1924; x_wconf 84' lang='lat' dir='ltr'><strong>Asiani</strong></span> <span class='ocrx_word' id='word_1_553' title='bbox 1442 1906 1450 1931; x_wconf 87' lang='lat'><strong>;</strong></span> <span class='ocrx_word' id='word_1_554' title='bbox 1469 1898 1522 1925; x_wconf 89' lang='lat' dir='ltr'><strong>imo</strong></span> <span class='ocrx_word' id='word_1_555' title='bbox 1551 1906 1602 1925; x_wconf 91' lang='lat' dir='ltr'><strong>non</strong></span> <span class='ocrx_word' id='word_1_556' title='bbox 1628 1898 1710 1926; x_wconf 86' lang='lat' dir='ltr'><strong>semel</strong></span> <span class='ocrx_word' id='word_1_557' title='bbox 1735 1903 1765 1925; x_wconf 92' lang='lat' dir='ltr'><strong>ut</strong></span> <span class='ocrx_word' id='word_1_558' title='bbox 1791 1898 1860 1924; x_wconf 89' lang='lat' dir='ltr'><strong>mihi</strong></span> 
     </span>
    </p>
   </div>
   <div class='ocr_carea' id='block_1_44' title="bbox 236 1937 1861 1974">
    <p class='ocr_par' dir='ltr' id='par_1_44' title="bbox 236 1937 1861 1974">
     <span class='ocr_line' id='line_1_44' title="bbox 236 1937 1861 1974; baseline 0.001 -9"><span class='ocrx_word' id='word_1_559' title='bbox 236 1941 344 1972; x_wconf 69' lang='lat' dir='ltr'><strong>quidem</strong></span> <span class='ocrx_word' id='word_1_560' title='bbox 362 1939 468 1966; x_wconf 87' lang='lat' dir='ltr'><strong>videtur</strong></span> <span class='ocrx_word' id='word_1_561' title='bbox 493 1938 639 1972; x_wconf 88' lang='lat' dir='ltr'><strong>tautologia</strong></span> <span class='ocrx_word' id='word_1_562' title='bbox 661 1945 775 1973; x_wconf 82' lang='lat' dir='ltr'><strong>peccans</strong></span> <span class='ocrx_word' id='word_1_563' title='bbox 791 1937 831 1964; x_wconf 89' lang='lat' dir='ltr'><strong>vel</strong></span> <span class='ocrx_word' id='word_1_564' title='bbox 844 1937 937 1965; x_wconf 87' lang='lat' dir='ltr'><strong>saltem</strong></span> <span class='ocrx_word' id='word_1_565' title='bbox 954 1938 1128 1973; x_wconf 84' lang='lat' dir='ltr'><strong>perissologia</strong></span> <span class='ocrx_word' id='word_1_566' title='bbox 1146 1948 1152 1966; x_wconf 87' lang='lat'><strong>:</strong></span> <span class='ocrx_word' id='word_1_567' title='bbox 1171 1947 1233 1966; x_wconf 89' lang='lat' dir='ltr'><strong>nam</strong></span> <span class='ocrx_word' id='word_1_568' title='bbox 1248 1940 1411 1967; x_wconf 87' lang='lat' dir='ltr'><strong>sententiam</strong></span> <span class='ocrx_word' id='word_1_569' title='bbox 1427 1941 1512 1968; x_wconf 89' lang='lat' dir='ltr'><strong>semel</strong></span> <span class='ocrx_word' id='word_1_570' title='bbox 1527 1941 1641 1974; x_wconf 87' lang='lat' dir='ltr'><strong>dictam,</strong></span> <span class='ocrx_word' id='word_1_571' title='bbox 1657 1942 1708 1969; x_wconf 86' lang='lat' dir='ltr'><strong>alia</strong></span> <span class='ocrx_word' id='word_1_572' title='bbox 1738 1949 1798 1968; x_wconf 90' lang='lat' dir='ltr'><strong>mox</strong></span> <span class='ocrx_word' id='word_1_573' title='bbox 1820 1949 1861 1967; x_wconf 83' lang='lat' dir='ltr'><strong>ra-</strong></span> 
     </span>
    </p>
   </div>
   <div class='ocr_carea' id='block_1_45' title="bbox 239 1982 1861 2020">
    <p class='ocr_par' dir='ltr' id='par_1_45' title="bbox 239 1982 1861 2020">
     <span class='ocr_line' id='line_1_45' title="bbox 239 1982 1861 2020; baseline 0 -10"><span class='ocrx_word' id='word_1_574' title='bbox 239 1985 310 2010; x_wconf 87' lang='lat' dir='ltr'><strong>tione</strong></span> <span class='ocrx_word' id='word_1_575' title='bbox 330 1983 456 2017; x_wconf 83' lang='lat' dir='ltr'><strong>replicat,</strong></span> <span class='ocrx_word' id='word_1_576' title='bbox 486 1982 653 2009; x_wconf 88' lang='lat' dir='ltr'><strong>multimodis</strong></span> <span class='ocrx_word' id='word_1_577' title='bbox 667 1985 815 2008; x_wconf 87' lang='lat' dir='ltr'><strong>commutat</strong></span> <span class='ocrx_word' id='word_1_578' title='bbox 831 1985 859 2008; x_wconf 88' lang='lat' dir='ltr'><strong>et</strong></span> <span class='ocrx_word' id='word_1_579' title='bbox 876 1985 968 2008; x_wconf 86' lang='lat' dir='ltr'><strong>versat</strong></span> <span class='ocrx_word' id='word_1_580' title='bbox 983 1989 990 2007; x_wconf 91' lang='lat'>:</span> <span class='ocrx_word' id='word_1_581' title='bbox 1005 1986 1032 2008; x_wconf 90' lang='lat' dir='ltr'><strong>et</strong></span> <span class='ocrx_word' id='word_1_582' title='bbox 1043 1982 1114 2016; x_wconf 93' lang='lat' dir='ltr'><strong>quod</strong></span> <span class='ocrx_word' id='word_1_583' title='bbox 1127 1982 1171 2009; x_wconf 90' lang='lat' dir='ltr'><strong>alii</strong></span> <span class='ocrx_word' id='word_1_584' title='bbox 1191 1990 1244 2009; x_wconf 92' lang='lat' dir='ltr'><strong>uno</strong></span> <span class='ocrx_word' id='word_1_585' title='bbox 1258 1987 1394 2011; x_wconf 89' lang='lat' dir='ltr'><strong>commate</strong></span> <span class='ocrx_word' id='word_1_586' title='bbox 1410 1983 1579 2018; x_wconf 87' lang='lat' dir='ltr'><strong>clauderent,</strong></span> <span class='ocrx_word' id='word_1_587' title='bbox 1605 1985 1628 2012; x_wconf 86' lang='lat' dir='ltr'><strong>is</strong></span> <span class='ocrx_word' id='word_1_588' title='bbox 1651 1985 1756 2020; x_wconf 88' lang='lat' dir='ltr'><strong>integro</strong></span> <span class='ocrx_word' id='word_1_589' title='bbox 1771 1984 1861 2012; x_wconf 78' lang='lat' dir='ltr'><strong>inlcr~</strong></span> 
     </span>
    </p>
   </div>
   <div class='ocr_carea' id='block_1_46' title="bbox 237 2024 1863 2062">
    <p class='ocr_par' dir='ltr' id='par_1_46' title="bbox 237 2024 1863 2062">
     <span class='ocr_line' id='line_1_46' title="bbox 237 2024 1863 2062; baseline 0 -8"><span class='ocrx_word' id='word_1_590' title='bbox 237 2029 299 2055; x_wconf 84' lang='lat' dir='ltr'><strong>dum</strong></span> <span class='ocrx_word' id='word_1_591' title='bbox 329 2027 434 2062; x_wconf 79' lang='lat' dir='ltr'><strong>periodi</strong></span> <span class='ocrx_word' id='word_1_592' title='bbox 453 2026 555 2054; x_wconf 89' lang='lat' dir='ltr'><strong>ambitu</strong></span> <span class='ocrx_word' id='word_1_593' title='bbox 580 2025 725 2060; x_wconf 80' lang='lat' dir='ltr'><strong>expandit;</strong></span> <span class='ocrx_word' id='word_1_594' title='bbox 742 2024 867 2060; x_wconf 88' lang='lat' dir='ltr'><strong>quodque</strong></span> <span class='ocrx_word' id='word_1_595' title='bbox 879 2028 956 2051; x_wconf 88' lang='lat' dir='ltr'><strong>antea</strong></span> <span class='ocrx_word' id='word_1_596' title='bbox 973 2025 1089 2056; x_wconf 85' lang='lat' dir='ltr'><strong>dixerat,</strong></span> <span class='ocrx_word' id='word_1_597' title='bbox 1103 2024 1194 2052; x_wconf 84' lang='lat' dir='ltr'><strong>multis</strong></span> <span class='ocrx_word' id='word_1_598' title='bbox 1203 2025 1300 2053; x_wconf 87' lang='lat' dir='ltr'><strong>deinde</strong></span> <span class='ocrx_word' id='word_1_599' title='bbox 1313 2025 1484 2062; x_wconf 85' lang='lat' dir='ltr'><strong>interpositis</strong></span> <span class='ocrx_word' id='word_1_600' title='bbox 1497 2027 1525 2055; x_wconf 89' lang='lat' dir='ltr'><strong>in</strong></span> <span class='ocrx_word' id='word_1_601' title='bbox 1543 2035 1656 2055; x_wconf 82' lang='lat' dir='ltr'><strong>scenam</strong></span> <span class='ocrx_word' id='word_1_602' title='bbox 1670 2028 1757 2054; x_wconf 90' lang='lat' dir='ltr'><strong>denuo</strong></span> <span class='ocrx_word' id='word_1_603' title='bbox 1780 2029 1863 2054; x_wconf 53' lang='lat' dir='ltr'><strong>retiu-</strong></span> 
     </span>
    </p>
   </div>
   <div class='ocr_carea' id='block_1_47' title="bbox 237 2067 1861 2106">
    <p class='ocr_par' dir='ltr' id='par_1_47' title="bbox 237 2067 1861 2106">
     <span class='ocr_line' id='line_1_47' title="bbox 237 2067 1861 2106; baseline 0.001 -9"><span class='ocrx_word' id='word_1_604' title='bbox 237 2071 284 2097; x_wconf 85' lang='lat' dir='ltr'><strong>cit.</strong></span> <span class='ocrx_word' id='word_1_605' title='bbox 302 2070 457 2105; x_wconf 73' lang='lat' dir='ltr'><strong>Aliquando</strong></span> <span class='ocrx_word' id='word_1_606' title='bbox 470 2069 552 2097; x_wconf 89' lang='lat' dir='ltr'><strong>etiam</strong></span> <span class='ocrx_word' id='word_1_607' title='bbox 570 2068 613 2096; x_wconf 89' lang='lat' dir='ltr'><strong>vel</strong></span> <span class='ocrx_word' id='word_1_608' title='bbox 627 2068 711 2095; x_wconf 89' lang='lat' dir='ltr'><strong>nimia</strong></span> <span class='ocrx_word' id='word_1_609' title='bbox 726 2067 827 2102; x_wconf 87' lang='lat' dir='ltr'><strong>ingenii</strong></span> <span class='ocrx_word' id='word_1_610' title='bbox 846 2069 980 2101; x_wconf 85' lang='lat' dir='ltr'><strong>ubertate,</strong></span> <span class='ocrx_word' id='word_1_611' title='bbox 996 2068 1039 2095; x_wconf 82' lang='lat' dir='ltr'><strong>vel</strong></span> <span class='ocrx_word' id='word_1_612' title='bbox 1055 2069 1206 2104; x_wconf 90' lang='lat' dir='ltr'><strong>anagogico</strong></span> <span class='ocrx_word' id='word_1_613' title='bbox 1222 2069 1369 2104; x_wconf 85' lang='lat' dir='ltr'><strong>mysticove</strong></span> <span class='ocrx_word' id='word_1_614' title='bbox 1387 2078 1469 2098; x_wconf 86' lang='lat' dir='ltr'><strong>sensu</strong></span> <span class='ocrx_word' id='word_1_615' title='bbox 1497 2071 1634 2105; x_wconf 84' lang='lat' dir='ltr'><strong>abreptus,</strong></span> <span class='ocrx_word' id='word_1_616' title='bbox 1658 2072 1694 2098; x_wconf 82' lang='lat' dir='ltr'><strong>ita</strong></span> <span class='ocrx_word' id='word_1_617' title='bbox 1716 2079 1764 2106; x_wconf 92' lang='lat' dir='ltr'><strong>per</strong></span> <span class='ocrx_word' id='word_1_618' title='bbox 1780 2080 1861 2099; x_wconf 80' lang='lat' dir='ltr'><strong>sacra</strong></span> 
     </span>
    </p>
   </div>
   <div class='ocr_carea' id='block_1_48' title="bbox 238 2110 1863 2149">
    <p class='ocr_par' dir='ltr' id='par_1_48' title="bbox 238 2110 1863 2149">
     <span class='ocr_line' id='line_1_48' title="bbox 238 2110 1863 2149; baseline 0.001 -9"><span class='ocrx_word' id='word_1_619' title='bbox 238 2113 321 2140; x_wconf 83' lang='lat' dir='ltr'><strong>Biblia</strong></span> <span class='ocrx_word' id='word_1_620' title='bbox 337 2118 459 2149; x_wconf 79' lang='lat' dir='ltr'><strong>vagatur,</strong></span> <span class='ocrx_word' id='word_1_621' title='bbox 477 2117 507 2139; x_wconf 90' lang='lat' dir='ltr'><strong>ut</strong></span> <span class='ocrx_word' id='word_1_622' title='bbox 524 2119 592 2147; x_wconf 90' lang='lat' dir='ltr'><strong>pene</strong></span> <span class='ocrx_word' id='word_1_623' title='bbox 607 2110 704 2139; x_wconf 86' lang='lat' dir='ltr'><strong>devius</strong></span> <span class='ocrx_word' id='word_1_624' title='bbox 721 2116 797 2138; x_wconf 81' lang='lat' dir='ltr'><strong>extra</strong></span> <span class='ocrx_word' id='word_1_625' title='bbox 814 2118 891 2138; x_wconf 90' lang='lat' dir='ltr'><strong>suum</strong></span> <span class='ocrx_word' id='word_1_626' title='bbox 915 2111 1080 2145; x_wconf 87' lang='lat' dir='ltr'><strong>propositum</strong></span> <span class='ocrx_word' id='word_1_627' title='bbox 1094 2111 1223 2140; x_wconf 83' lang='lat' dir='ltr'><strong>deerrare</strong></span> <span class='ocrx_word' id='word_1_628' title='bbox 1245 2113 1377 2140; x_wconf 81' lang='lat' dir='ltr'><strong>videatur.</strong></span> <span class='ocrx_word' id='word_1_629' title='bbox 1394 2113 1526 2142; x_wconf 76' lang='lat' dir='ltr'><strong>Czeterum</strong></span> <span class='ocrx_word' id='word_1_630' title='bbox 1543 2114 1665 2149; x_wconf 83' lang='lat' dir='ltr'><strong>Niceplio</strong></span> <span class='ocrx_word' id='word_1_631' title='bbox 1673 2115 1694 2141; x_wconf 90' lang='lat' dir='ltr'><strong>ri</strong></span> <span class='ocrx_word' id='word_1_632' title='bbox 1711 2115 1794 2141; x_wconf 80' lang='lat' dir='ltr'><strong>dictio</strong></span> <span class='ocrx_word' id='word_1_633' title='bbox 1810 2123 1863 2141; x_wconf 75' lang='lat' dir='ltr'><strong>no-</strong></span> 
     </span>
    </p>
   </div>
   <div class='ocr_carea' id='block_1_49' title="bbox 237 2155 1864 2193">
    <p class='ocr_par' dir='ltr' id='par_1_49' title="bbox 237 2155 1864 2193">
     <span class='ocr_line' id='line_1_49' title="bbox 237 2155 1864 2193; baseline 0.002 -10"><span class='ocrx_word' id='word_1_634' title='bbox 237 2158 299 2184; x_wconf 89' lang='lat' dir='ltr'><strong>bilis</strong></span> <span class='ocrx_word' id='word_1_635' title='bbox 318 2163 368 2188; x_wconf 84' lang='lat' dir='ltr'><strong>est.</strong></span> <span class='ocrx_word' id='word_1_636' title='bbox 384 2161 413 2183; x_wconf 94' lang='lat' dir='ltr'><strong>ut</strong></span> <span class='ocrx_word' id='word_1_637' title='bbox 423 2156 489 2188; x_wconf 80' lang='lat' dir='ltr'><strong>dixi,</strong></span> <span class='ocrx_word' id='word_1_638' title='bbox 503 2155 605 2188; x_wconf 83' lang='lat' dir='ltr'><strong>suavis,</strong></span> <span class='ocrx_word' id='word_1_639' title='bbox 623 2155 748 2188; x_wconf 88' lang='lat' dir='ltr'><strong>rotunda,</strong></span> <span class='ocrx_word' id='word_1_640' title='bbox 764 2159 791 2182; x_wconf 90' lang='lat' dir='ltr'><strong>et</strong></span> <span class='ocrx_word' id='word_1_641' title='bbox 812 2155 888 2189; x_wconf 87' lang='lat' dir='ltr'><strong>quasi</strong></span> <span class='ocrx_word' id='word_1_642' title='bbox 900 2155 1061 2189; x_wconf 85' lang='lat' dir='ltr'><strong>pompatica.</strong></span> <span class='ocrx_word' id='word_1_643' title='bbox 1076 2155 1227 2190; x_wconf 70' lang='lat' dir='ltr'><strong>cuiusmodi</strong></span> <span class='ocrx_word' id='word_1_644' title='bbox 1242 2157 1354 2184; x_wconf 89' lang='lat' dir='ltr'><strong>decebat</strong></span> <span class='ocrx_word' id='word_1_645' title='bbox 1366 2157 1519 2190; x_wconf 91' lang='lat' dir='ltr'><strong>hominem,</strong></span> <span class='ocrx_word' id='word_1_646' title='bbox 1542 2158 1626 2191; x_wconf 89' lang='lat' dir='ltr'><strong>omni,</strong></span> <span class='ocrx_word' id='word_1_647' title='bbox 1649 2163 1678 2184; x_wconf 91' lang='lat' dir='ltr'><strong>ut</strong></span> <span class='ocrx_word' id='word_1_648' title='bbox 1691 2158 1727 2184; x_wconf 84' lang='lat' dir='ltr'><strong>ait</strong></span> <span class='ocrx_word' id='word_1_649' title='bbox 1740 2157 1864 2193; x_wconf 83' lang='lat' dir='ltr'><strong>lguatius</strong></span> 
     </span>
    </p>
   </div>
   <div class='ocr_carea' id='block_1_50' title="bbox 192 2197 1865 2235">
    <p class='ocr_par' dir='ltr' id='par_1_50' title="bbox 192 2197 1865 2235">
     <span class='ocr_line' id='line_1_50' title="bbox 192 2197 1865 2235; baseline 0.001 -8"><span class='ocrx_word' id='word_1_650' title='bbox 192 2225 196 2230; x_wconf 91' lang='grc'><strong>,</strong></span> <span class='ocrx_word' id='word_1_651' title='bbox 238 2200 414 2235; x_wconf 75' lang='lat' dir='ltr'><strong>biographus,</strong></span> <span class='ocrx_word' id='word_1_652' title='bbox 443 2199 645 2233; x_wconf 84' lang='lat' dir='ltr'><strong>disciplinarum</strong></span> <span class='ocrx_word' id='word_1_653' title='bbox 661 2205 761 2233; x_wconf 80' lang='lat' dir='ltr'><strong>genere</strong></span> <span class='ocrx_word' id='word_1_654' title='bbox 776 2206 790 2225; x_wconf 85' lang='lat' dir='ltr'><strong>a</strong></span> <span class='ocrx_word' id='word_1_655' title='bbox 811 2198 927 2233; x_wconf 86' lang='lat' dir='ltr'><strong>pueritia</strong></span> <span class='ocrx_word' id='word_1_656' title='bbox 945 2197 1093 2231; x_wconf 74' lang='lat' dir='ltr'><strong>excultum,</strong></span> <span class='ocrx_word' id='word_1_657' title='bbox 1120 2199 1272 2226; x_wconf 85' lang='lat' dir='ltr'><strong>scribendis</strong></span> <span class='ocrx_word' id='word_1_658' title='bbox 1298 2200 1421 2234; x_wconf 83' lang='lat' dir='ltr'><strong>plurimis</strong></span> <span class='ocrx_word' id='word_1_659' title='bbox 1443 2201 1488 2227; x_wconf 90' lang='lat' dir='ltr'><strong>diu</strong></span> <span class='ocrx_word' id='word_1_660' title='bbox 1507 2201 1668 2233; x_wconf 80' lang='lat' dir='ltr'><strong>exercitum,</strong></span> <span class='ocrx_word' id='word_1_661' title='bbox 1696 2201 1753 2228; x_wconf 81' lang='lat' dir='ltr'><strong>etio</strong></span> <span class='ocrx_word' id='word_1_662' title='bbox 1778 2202 1865 2228; x_wconf 86' lang='lat' dir='ltr'><strong>etiam</strong></span> 
     </span>
    </p>
   </div>
   <div class='ocr_carea' id='block_1_51' title="bbox 212 2241 1860 2278">
    <p class='ocr_par' dir='ltr' id='par_1_51' title="bbox 212 2241 1860 2278">
     <span class='ocr_line' id='line_1_51' title="bbox 212 2241 1860 2278; baseline 0.001 -8"><span class='ocrx_word' id='word_1_663' title='bbox 212 2257 219 2263; x_wconf 55' lang='grc' dir='ltr'><strong>ι-</strong></span> <span class='ocrx_word' id='word_1_664' title='bbox 239 2244 432 2276; x_wconf 82' lang='lat' dir='ltr'><strong>abundantem,</strong></span> <span class='ocrx_word' id='word_1_665' title='bbox 454 2247 482 2270; x_wconf 87' lang='lat' dir='ltr'><strong>et</strong></span> <span class='ocrx_word' id='word_1_666' title='bbox 495 2242 623 2269; x_wconf 91' lang='lat' dir='ltr'><strong>librorum</strong></span> <span class='ocrx_word' id='word_1_667' title='bbox 650 2242 812 2276; x_wconf 88' lang='lat' dir='ltr'><strong>optintorum</strong></span> <span class='ocrx_word' id='word_1_668' title='bbox 823 2241 989 2276; x_wconf 89' lang='lat' dir='ltr'><strong>supellectile</strong></span> <span class='ocrx_word' id='word_1_669' title='bbox 1000 2241 1071 2269; x_wconf 84' lang='lat' dir='ltr'><strong>laute</strong></span> <span class='ocrx_word' id='word_1_670' title='bbox 1082 2242 1255 2270; x_wconf 79' lang='lat' dir='ltr'><strong>instructum.</strong></span> <span class='ocrx_word' id='word_1_671' title='bbox 1269 2243 1411 2272; x_wconf 87' lang='lat' dir='ltr'><strong>Postremo</strong></span> <span class='ocrx_word' id='word_1_672' title='bbox 1423 2252 1474 2271; x_wconf 92' lang='lat' dir='ltr'><strong>non</strong></span> <span class='ocrx_word' id='word_1_673' title='bbox 1489 2252 1578 2271; x_wconf 92' lang='lat' dir='ltr'><strong>meum</strong></span> <span class='ocrx_word' id='word_1_674' title='bbox 1594 2246 1641 2272; x_wconf 89' lang='lat' dir='ltr'><strong>sed</strong></span> <span class='ocrx_word' id='word_1_675' title='bbox 1662 2245 1787 2272; x_wconf 85' lang='lat' dir='ltr'><strong>Bandurii</strong></span> <span class='ocrx_word' id='word_1_676' title='bbox 1814 2246 1860 2278; x_wconf 84' lang='lat' dir='ltr'><strong>ju-</strong></span> 
     </span>
    </p>
   </div>
   <div class='ocr_carea' id='block_1_52' title="bbox 239 2284 1858 2322">
    <p class='ocr_par' dir='ltr' id='par_1_52' title="bbox 239 2284 1858 2322">
     <span class='ocr_line' id='line_1_52' title="bbox 239 2284 1858 2322; baseline 0.001 -8"><span class='ocrx_word' id='word_1_677' title='bbox 239 2288 338 2314; x_wconf 89' lang='lat' dir='ltr'><strong>dicium</strong></span> <span class='ocrx_word' id='word_1_678' title='bbox 355 2293 464 2322; x_wconf 83' lang='lat' dir='ltr'><strong>ponam,</strong></span> <span class='ocrx_word' id='word_1_679' title='bbox 479 2286 505 2312; x_wconf 91' lang='lat' dir='ltr'><strong>in</strong></span> <span class='ocrx_word' id='word_1_680' title='bbox 526 2291 671 2319; x_wconf 86' lang='lat' dir='ltr'><strong>conspectu</strong></span> <span class='ocrx_word' id='word_1_681' title='bbox 686 2285 811 2319; x_wconf 74' lang='lat' dir='ltr'><strong>cogitata:</strong></span> <span class='ocrx_word' id='word_1_682' title='bbox 829 2292 884 2312; x_wconf 76' lang='lat' dir='ltr'><strong>sua:</strong></span> <span class='ocrx_word' id='word_1_683' title='bbox 905 2284 1031 2311; x_wconf 88' lang='lat' dir='ltr'><strong>editionis</strong></span> <span class='ocrx_word' id='word_1_684' title='bbox 1054 2285 1090 2312; x_wconf 90' lang='lat' dir='ltr'><strong>ita</strong></span> <span class='ocrx_word' id='word_1_685' title='bbox 1112 2285 1256 2320; x_wconf 70' lang='lat' dir='ltr'><strong>loquemis.</strong></span> <span class='ocrx_word' id='word_1_686' title='bbox 1273 2286 1371 2319; x_wconf 82' lang='lat' dir='ltr'><strong>Quanti</strong></span> <span class='ocrx_word' id='word_1_687' title='bbox 1388 2288 1546 2314; x_wconf 73' lang='lat' dir='ltr'><strong>aestimanda</strong></span> <span class='ocrx_word' id='word_1_688' title='bbox 1581 2288 1634 2315; x_wconf 92' lang='lat' dir='ltr'><strong>sint</strong></span> <span class='ocrx_word' id='word_1_689' title='bbox 1651 2287 1745 2314; x_wconf 77' lang='lat' dir='ltr'><strong>isthtec</strong></span> <span class='ocrx_word' id='word_1_690' title='bbox 1764 2296 1858 2322; x_wconf 75' lang='lat' dir='ltr'><strong>opera,</strong></span> 
     </span>
    </p>
   </div>
   <div class='ocr_carea' id='block_1_53' title="bbox 239 2328 1626 2366">
    <p class='ocr_par' dir='ltr' id='par_1_53' title="bbox 239 2328 1626 2366">
     <span class='ocr_line' id='line_1_53' title="bbox 239 2328 1626 2366; baseline -0.001 -8"><span class='ocrx_word' id='word_1_691' title='bbox 239 2332 290 2358; x_wconf 77' lang='grc' dir='ltr'><strong>ι·ιεὶ</strong></span> <span class='ocrx_word' id='word_1_692' title='bbox 311 2338 354 2358; x_wconf 85' lang='lat' dir='ltr'><strong>res</strong></span> <span class='ocrx_word' id='word_1_693' title='bbox 369 2331 425 2364; x_wconf 88' lang='lat' dir='ltr'><strong>ipsa</strong></span> <span class='ocrx_word' id='word_1_694' title='bbox 443 2337 489 2364; x_wconf 87' lang='lat' dir='ltr'><strong>per</strong></span> <span class='ocrx_word' id='word_1_695' title='bbox 506 2336 535 2356; x_wconf 87' lang='lat' dir='ltr'><strong>se</strong></span> <span class='ocrx_word' id='word_1_696' title='bbox 562 2329 698 2364; x_wconf 85' lang='lat' dir='ltr'><strong>loquatur,</strong></span> <span class='ocrx_word' id='word_1_697' title='bbox 712 2328 805 2362; x_wconf 88' lang='lat' dir='ltr'><strong>paucis</strong></span> <span class='ocrx_word' id='word_1_698' title='bbox 819 2333 907 2355; x_wconf 73' lang='lat' dir='ltr'><strong>tzinten</strong></span> <span class='ocrx_word' id='word_1_699' title='bbox 925 2335 1068 2356; x_wconf 87' lang='lat' dir='ltr'><strong>recensere</strong></span> <span class='ocrx_word' id='word_1_700' title='bbox 1085 2336 1118 2356; x_wconf 89' lang='lat' dir='ltr'><strong>ne</strong></span> <span class='ocrx_word' id='word_1_701' title='bbox 1139 2330 1262 2364; x_wconf 81' lang='lat' dir='ltr'><strong>pigeat...</strong></span> <span class='ocrx_word' id='word_1_702' title='bbox 1278 2330 1314 2366; x_wconf 80' lang='grc' dir='ltr'><strong>(ὸ)</strong></span> <span class='ocrx_word' id='word_1_703' title='bbox 1526 2336 1537 2345; x_wconf 61' lang='grc' dir='ltr'><em>ι</em></span> <span class='ocrx_word' id='word_1_704' title='bbox 1620 2359 1626 2361; x_wconf 76' lang='lat'><strong><em>_</em></strong></span> 
     </span>
    </p>
   </div>
   <div class='ocr_carea' id='block_1_54' title="bbox 279 2370 1866 2411">
    <p class='ocr_par' dir='ltr' id='par_1_54' title="bbox 279 2370 1866 2411">
     <span class='ocr_line' id='line_1_54' title="bbox 279 2370 1866 2411; baseline 0.001 -11"><span class='ocrx_word' id='word_1_705' title='bbox 279 2374 322 2400; x_wconf 84' lang='lat' dir='ltr'><strong>Vl.</strong></span> <span class='ocrx_word' id='word_1_706' title='bbox 350 2372 410 2400; x_wconf 85' lang='lat' dir='ltr'><strong>Jam</strong></span> <span class='ocrx_word' id='word_1_707' title='bbox 428 2372 464 2408; x_wconf 86' lang='lat' dir='ltr'><strong>(c)</strong></span> <span class='ocrx_word' id='word_1_708' title='bbox 490 2373 584 2399; x_wconf 89' lang='lat' dir='ltr'><strong>horum</strong></span> <span class='ocrx_word' id='word_1_709' title='bbox 601 2371 745 2406; x_wconf 80' lang='lat' dir='ltr'><strong>Nicephori</strong></span> <span class='ocrx_word' id='word_1_710' title='bbox 762 2379 872 2406; x_wconf 86' lang='lat' dir='ltr'><strong>opemm</strong></span> <span class='ocrx_word' id='word_1_711' title='bbox 890 2372 994 2400; x_wconf 84' lang='lat' dir='ltr'><strong>fructus</strong></span> <span class='ocrx_word' id='word_1_712' title='bbox 1008 2372 1087 2407; x_wconf 84' lang='lat' dir='ltr'><strong>paulo</strong></span> <span class='ocrx_word' id='word_1_713' title='bbox 1100 2372 1188 2400; x_wconf 91' lang='lat' dir='ltr'><strong>adhuc</strong></span> <span class='ocrx_word' id='word_1_714' title='bbox 1203 2370 1403 2402; x_wconf 85' lang='lat' dir='ltr'><strong>numerosiores</strong></span> <span class='ocrx_word' id='word_1_715' title='bbox 1418 2375 1551 2403; x_wconf 85' lang='lat' dir='ltr'><strong>recenseri</strong></span> <span class='ocrx_word' id='word_1_716' title='bbox 1563 2383 1675 2410; x_wconf 87' lang='lat' dir='ltr'><strong>queunt.</strong></span> <span class='ocrx_word' id='word_1_717' title='bbox 1690 2377 1758 2405; x_wconf 87' lang='lat' dir='ltr'><strong>Nam</strong></span> <span class='ocrx_word' id='word_1_718' title='bbox 1774 2378 1866 2411; x_wconf 77' lang='lat' dir='ltr'><strong>primo</strong></span> 
     </span>
    </p>
   </div>
   <div class='ocr_carea' id='block_1_55' title="bbox 241 2414 1867 2454">
    <p class='ocr_par' dir='ltr' id='par_1_55' title="bbox 241 2414 1867 2454">
     <span class='ocr_line' id='line_1_55' title="bbox 241 2414 1867 2454; baseline 0.001 -10"><span class='ocrx_word' id='word_1_719' title='bbox 241 2417 334 2444; x_wconf 86' lang='lat' dir='ltr'><strong>insunt</strong></span> <span class='ocrx_word' id='word_1_720' title='bbox 352 2415 503 2443; x_wconf 79' lang='lat' dir='ltr'><strong>testimonia</strong></span> <span class='ocrx_word' id='word_1_721' title='bbox 522 2415 672 2450; x_wconf 88' lang='lat' dir='ltr'><strong>dogmatica</strong></span> <span class='ocrx_word' id='word_1_722' title='bbox 706 2415 740 2442; x_wconf 86' lang='lat' dir='ltr'><strong>de</strong></span> <span class='ocrx_word' id='word_1_723' title='bbox 753 2414 814 2442; x_wconf 91' lang='lat' dir='ltr'><strong>ﬁdei</strong></span> <span class='ocrx_word' id='word_1_724' title='bbox 828 2415 943 2442; x_wconf 62' lang='lat' dir='ltr'><strong>indubia</strong></span> <span class='ocrx_word' id='word_1_725' title='bbox 956 2416 1127 2447; x_wconf 78' lang='lat' dir='ltr'><strong>necessitate,</strong></span> <span class='ocrx_word' id='word_1_726' title='bbox 1141 2416 1174 2442; x_wconf 89' lang='lat' dir='ltr'><strong>de</strong></span> <span class='ocrx_word' id='word_1_727' title='bbox 1190 2417 1374 2444; x_wconf 86' lang='lat' dir='ltr'><strong>sacratissima</strong></span> <span class='ocrx_word' id='word_1_728' title='bbox 1389 2416 1571 2451; x_wconf 85' lang='lat' dir='ltr'><strong>Eucharistia,</strong></span> <span class='ocrx_word' id='word_1_729' title='bbox 1583 2420 1614 2446; x_wconf 85' lang='lat' dir='ltr'><strong>de</strong></span> <span class='ocrx_word' id='word_1_730' title='bbox 1626 2420 1787 2446; x_wconf 86' lang='lat' dir='ltr'><strong>auctoritate</strong></span> <span class='ocrx_word' id='word_1_731' title='bbox 1802 2428 1867 2454; x_wconf 86' lang='lat' dir='ltr'><strong>per-</strong></span> 
     </span>
    </p>
   </div>
   <div class='ocr_carea' id='block_1_56' title="bbox 246 2457 1866 2497">
    <p class='ocr_par' dir='ltr' id='par_1_56' title="bbox 246 2457 1866 2497">
     <span class='ocr_line' id='line_1_56' title="bbox 246 2457 1866 2497; baseline 0.002 -10"><span class='ocrx_word' id='word_1_732' title='bbox 246 2460 379 2495; x_wconf 87' lang='lat' dir='ltr'><strong>emptoria</strong></span> <span class='ocrx_word' id='word_1_733' title='bbox 394 2459 500 2486; x_wconf 83' lang='lat' dir='ltr'><strong>concilii</strong></span> <span class='ocrx_word' id='word_1_734' title='bbox 521 2458 694 2489; x_wconf 75' lang='lat' dir='ltr'><strong>tecumenici,</strong></span> <span class='ocrx_word' id='word_1_735' title='bbox 711 2458 744 2485; x_wconf 93' lang='lat' dir='ltr'><strong>de</strong></span> <span class='ocrx_word' id='word_1_736' title='bbox 757 2457 884 2485; x_wconf 66' lang='lat' dir='ltr'><strong>Romanae</strong></span> <span class='ocrx_word' id='word_1_737' title='bbox 896 2458 1024 2486; x_wconf 76' lang='lat' dir='ltr'><strong>Ecclesiae</strong></span> <span class='ocrx_word' id='word_1_738' title='bbox 1038 2459 1168 2494; x_wconf 90' lang='lat' dir='ltr'><strong>primatu,</strong></span> <span class='ocrx_word' id='word_1_739' title='bbox 1181 2460 1214 2486; x_wconf 87' lang='lat' dir='ltr'><strong>de</strong></span> <span class='ocrx_word' id='word_1_740' title='bbox 1233 2461 1397 2495; x_wconf 81' lang='lat' dir='ltr'><strong>virginitatis</strong></span> <span class='ocrx_word' id='word_1_741' title='bbox 1417 2461 1529 2493; x_wconf 82' lang='lat' dir='ltr'><strong>honoro,</strong></span> <span class='ocrx_word' id='word_1_742' title='bbox 1544 2463 1577 2489; x_wconf 90' lang='lat' dir='ltr'><strong>de</strong></span> <span class='ocrx_word' id='word_1_743' title='bbox 1597 2463 1701 2497; x_wconf 85' lang='lat' dir='ltr'><strong>angelis</strong></span> <span class='ocrx_word' id='word_1_744' title='bbox 1716 2463 1811 2494; x_wconf 79' lang='lat' dir='ltr'><strong>multa,</strong></span> <span class='ocrx_word' id='word_1_745' title='bbox 1836 2469 1866 2491; x_wconf 75' lang='lat' dir='ltr'><strong>rt</strong></span> 
     </span>
    </p>
   </div>
   <div class='ocr_carea' id='block_1_57' title="bbox 241 2501 1866 2539">
    <p class='ocr_par' dir='ltr' id='par_1_57' title="bbox 241 2501 1866 2539">
     <span class='ocr_line' id='line_1_57' title="bbox 241 2501 1866 2539; baseline 0.002 -8"><span class='ocrx_word' id='word_1_746' title='bbox 241 2504 275 2531; x_wconf 83' lang='lat' dir='ltr'><strong>de</strong></span> <span class='ocrx_word' id='word_1_747' title='bbox 288 2503 349 2530; x_wconf 88' lang='lat' dir='ltr'><strong>aliis</strong></span> <span class='ocrx_word' id='word_1_748' title='bbox 362 2503 420 2539; x_wconf 71' lang='lat' dir='ltr'><strong>(et);</strong></span> <span class='ocrx_word' id='word_1_749' title='bbox 436 2511 470 2530; x_wconf 86' lang='lat' dir='ltr'><strong>ne</strong></span> <span class='ocrx_word' id='word_1_750' title='bbox 485 2502 550 2537; x_wconf 86' lang='lat' dir='ltr'><strong>quid</strong></span> <span class='ocrx_word' id='word_1_751' title='bbox 559 2502 647 2529; x_wconf 83' lang='lat' dir='ltr'><strong>dicant</strong></span> <span class='ocrx_word' id='word_1_752' title='bbox 659 2502 692 2529; x_wconf 87' lang='lat' dir='ltr'><strong>de</strong></span> <span class='ocrx_word' id='word_1_753' title='bbox 701 2501 872 2529; x_wconf 85' lang='lat' dir='ltr'><strong>invocatione</strong></span> <span class='ocrx_word' id='word_1_754' title='bbox 883 2506 1052 2535; x_wconf 70' lang='lat' dir='ltr'><strong>sanctorum,</strong></span> <span class='ocrx_word' id='word_1_755' title='bbox 1062 2510 1122 2537; x_wconf 60' lang='lat' dir='ltr'><strong>qua</strong></span> <span class='ocrx_word' id='word_1_756' title='bbox 1135 2507 1191 2530; x_wconf 91' lang='lat' dir='ltr'><strong>toto</strong></span> <span class='ocrx_word' id='word_1_757' title='bbox 1202 2505 1292 2539; x_wconf 82' lang='lat' dir='ltr'><strong>operis</strong></span> <span class='ocrx_word' id='word_1_758' title='bbox 1303 2508 1463 2539; x_wconf 83' lang='lat' dir='ltr'><strong>argumento</strong></span> <span class='ocrx_word' id='word_1_759' title='bbox 1471 2507 1686 2533; x_wconf 86' lang='lat' dir='ltr'><strong>commendatur.</strong></span> <span class='ocrx_word' id='word_1_760' title='bbox 1701 2506 1770 2533; x_wconf 85' lang='lat' dir='ltr'><strong>Sunt</strong></span> <span class='ocrx_word' id='word_1_761' title='bbox 1780 2507 1866 2535; x_wconf 86' lang='lat' dir='ltr'><strong>etiam</strong></span> 
     </span>
    </p>
   </div>
   <div class='ocr_carea' id='block_1_58' title="bbox 277 2594 1866 2671">
    <p class='ocr_par' dir='ltr' id='par_1_58' title="bbox 277 2594 1866 2671">
     <span class='ocr_line' id='line_1_58' title="bbox 277 2594 1866 2671; baseline 0.004 -41"><span class='ocrx_word' id='word_1_762' title='bbox 277 2604 317 2671; x_wconf 46' lang='grc' dir='ltr'><strong>(ιζ</strong></span> <span class='ocrx_word' id='word_1_763' title='bbox 329 2603 392 2637; x_wconf 70' lang='lat' dir='ltr'><strong>Qua:</strong></span> <span class='ocrx_word' id='word_1_764' title='bbox 413 2603 456 2630; x_wconf 88' lang='lat' dir='ltr'><strong>hie</strong></span> <span class='ocrx_word' id='word_1_765' title='bbox 471 2603 650 2643; x_wconf 72' lang='lat' dir='ltr'><strong>resccavitnns</strong></span> <span class='ocrx_word' id='word_1_766' title='bbox 664 2602 720 2637; x_wconf 82' lang='lat' dir='ltr'><strong>lege</strong></span> <span class='ocrx_word' id='word_1_767' title='bbox 733 2610 812 2638; x_wconf 83' lang='lat' dir='ltr'><strong>supra</strong></span> <span class='ocrx_word' id='word_1_768' title='bbox 826 2602 876 2630; x_wconf 85' lang='lat' dir='ltr'><strong>ccl.</strong></span> <span class='ocrx_word' id='word_1_769' title='bbox 894 2603 936 2644; x_wconf 72' lang='lat' dir='ltr'><strong>l7.</strong></span> <span class='ocrx_word' id='word_1_770' title='bbox 949 2602 1027 2630; x_wconf 77' lang='lat' dir='ltr'><strong>Enn.</strong></span> <span class='ocrx_word' id='word_1_771' title='bbox 1084 2604 1242 2639; x_wconf 81' lang='lat' dir='ltr'><strong>ccplwrutn,</strong></span> <span class='ocrx_word' id='word_1_772' title='bbox 1258 2611 1339 2641; x_wconf 86' lang='lat' dir='ltr'><strong>atque</strong></span> <span class='ocrx_word' id='word_1_773' title='bbox 1365 2607 1417 2634; x_wconf 91' lang='lat' dir='ltr'><strong>alia</strong></span> <span class='ocrx_word' id='word_1_774' title='bbox 1438 2594 1476 2635; x_wconf 31' lang='lat' dir='ltr'><strong>vde</strong></span> <span class='ocrx_word' id='word_1_775' title='bbox 1501 2609 1594 2636; x_wconf 88' lang='lat' dir='ltr'><strong>eodem</strong></span> <span class='ocrx_word' id='word_1_776' title='bbox 1614 2608 1765 2644; x_wconf 80' lang='lat' dir='ltr'><strong>Nicephoro</strong></span> <span class='ocrx_word' id='word_1_777' title='bbox 1791 2610 1866 2638; x_wconf 80' lang='lat' dir='ltr'><strong>dicta</strong></span> 
     </span>
     <span class='ocr_line' id='line_1_59' title="bbox 281 2637 1239 2671; baseline 0.002 -7"><span class='ocrx_word' id='word_1_778' title='bbox 281 2641 306 2671; x_wconf 77' lang='grc' dir='ltr'><strong>(ι</strong></span> <span class='ocrx_word' id='word_1_779' title='bbox 338 2640 410 2666; x_wconf 85' lang='lat' dir='ltr'><strong>Inter</strong></span> <span class='ocrx_word' id='word_1_780' title='bbox 430 2638 459 2664; x_wconf 75' lang='grc' dir='ltr'><strong>δ.</strong></span> <span class='ocrx_word' id='word_1_781' title='bbox 477 2637 620 2671; x_wconf 81' lang='lat' dir='ltr'><strong>Nicephort</strong></span> <span class='ocrx_word' id='word_1_782' title='bbox 646 2638 798 2665; x_wconf 79' lang='lat' dir='ltr'><strong>laudatores</strong></span> <span class='ocrx_word' id='word_1_783' title='bbox 812 2638 918 2665; x_wconf 67' lang='lat' dir='ltr'><strong>euelltt</strong></span> <span class='ocrx_word' id='word_1_784' title='bbox 935 2637 1025 2665; x_wconf 81' lang='lat' dir='ltr'><strong>Tlteo-</strong></span> <span class='ocrx_word' id='word_1_785' title='bbox 1083 2639 1239 2667; x_wconf 87' lang='lat' dir='ltr'><strong>honoriﬁca.</strong></span> 
     </span>
    </p>
   </div>
   <div class='ocr_carea' id='block_1_59' title="bbox 281 2637 1239 2673">
    <p class='ocr_par' dir='ltr' id='par_1_59' title="bbox 281 2637 1239 2673">
     <span class='ocr_line' id='line_1_60' title="bbox 281 2637 1239 2673; baseline 0.002 -9"><span class='ocrx_word' id='word_1_786' title='bbox 281 2637 317 2671; x_wconf 70' lang='grc' dir='ltr'><strong>(ι)</strong></span> <span class='ocrx_word' id='word_1_787' title='bbox 338 2640 410 2666; x_wconf 85' lang='lat' dir='ltr'><strong>Inter</strong></span> <span class='ocrx_word' id='word_1_788' title='bbox 430 2638 459 2664; x_wconf 76' lang='grc' dir='ltr'><strong>δ.</strong></span> <span class='ocrx_word' id='word_1_789' title='bbox 477 2637 620 2673; x_wconf 81' lang='lat' dir='ltr'><strong>Nicephori</strong></span> <span class='ocrx_word' id='word_1_790' title='bbox 646 2637 798 2673; x_wconf 76' lang='lat' dir='ltr'><strong>laudatores</strong></span> <span class='ocrx_word' id='word_1_791' title='bbox 812 2638 918 2665; x_wconf 65' lang='lat' dir='ltr'><strong>excellit</strong></span> <span class='ocrx_word' id='word_1_792' title='bbox 935 2637 1025 2665; x_wconf 82' lang='lat' dir='ltr'><strong>Tlteo-</strong></span> <span class='ocrx_word' id='word_1_793' title='bbox 1083 2637 1239 2667; x_wconf 80' lang='lat' dir='ltr'><strong>honoriﬁca.</strong></span> 
     </span>
    </p>
   </div>
   <div class='ocr_carea' id='block_1_60' title="bbox 243 2672 1866 2713">
    <p class='ocr_par' dir='ltr' id='par_1_60' title="bbox 243 2672 1866 2713">
     <span class='ocr_line' id='line_1_61' title="bbox 243 2672 1866 2713; baseline 0.003 -12"><span class='ocrx_word' id='word_1_794' title='bbox 243 2675 325 2713; x_wconf 75' lang='lat' dir='ltr'><strong>dorus</strong></span> <span class='ocrx_word' id='word_1_795' title='bbox 353 2673 474 2713; x_wconf 59' lang='lat' dir='ltr'><strong>Studiis,</strong></span> <span class='ocrx_word' id='word_1_796' title='bbox 492 2681 571 2713; x_wconf 78' lang='lat' dir='ltr'><strong>quem</strong></span> <span class='ocrx_word' id='word_1_797' title='bbox 594 2680 642 2713; x_wconf 61' lang='lat' dir='ltr'><strong>nos</strong></span> <span class='ocrx_word' id='word_1_798' title='bbox 653 2673 770 2713; x_wconf 74' lang='lat' dir='ltr'><strong>feliciter</strong></span> <span class='ocrx_word' id='word_1_799' title='bbox 789 2672 839 2699; x_wconf 86' lang='lat' dir='ltr'><strong>hoc</strong></span> <span class='ocrx_word' id='word_1_800' title='bbox 862 2673 955 2713; x_wconf 71' lang='lat' dir='ltr'><strong>eodem</strong></span> <span class='ocrx_word' id='word_1_801' title='bbox 984 2679 1029 2698; x_wconf 81' lang='lat' dir='ltr'><strong>vo-</strong></span> <span class='ocrx_word' id='word_1_802' title='bbox 1083 2674 1218 2713; x_wconf 39' lang='lat' dir='ltr'><strong>_._(d)_Sic</strong></span> <span class='ocrx_word' id='word_1_803' title='bbox 1235 2682 1341 2713; x_wconf 80' lang='lat' dir='ltr'><strong>ex._gr.</strong></span> <span class='ocrx_word' id='word_1_804' title='bbox 1359 2676 1386 2702; x_wconf 91' lang='lat' dir='ltr'><strong>in</strong></span> <span class='ocrx_word' id='word_1_805' title='bbox 1403 2676 1479 2711; x_wconf 71' lang='lat' dir='ltr'><strong>Apol.</strong></span> <span class='ocrx_word' id='word_1_806' title='bbox 1495 2677 1594 2712; x_wconf 77' lang='lat' dir='ltr'><strong>majore</strong></span> <span class='ocrx_word' id='word_1_807' title='bbox 1618 2686 1678 2713; x_wconf 83' lang='lat' dir='ltr'><strong>cap.</strong></span> <span class='ocrx_word' id='word_1_808' title='bbox 1700 2677 1746 2712; x_wconf 71' lang='lat'><strong>26,</strong></span> <span class='ocrx_word' id='word_1_809' title='bbox 1774 2678 1866 2708; x_wconf 88' lang='lat' dir='ltr'><strong>innuit</strong></span> 
     </span>
    </p>
   </div>
   <div class='ocr_carea' id='block_1_61' title="bbox 244 2707 1866 2748">
    <p class='ocr_par' dir='ltr' id='par_1_61' title="bbox 244 2707 1866 2748">
     <span class='ocr_line' id='line_1_62' title="bbox 244 2707 1866 2748; baseline -0.001 -12"><span class='ocrx_word' id='word_1_810' title='bbox 244 2711 346 2748; x_wconf 73' lang='lat' dir='ltr'><strong>lumine</strong></span> <span class='ocrx_word' id='word_1_811' title='bbox 363 2709 449 2748; x_wconf 87' lang='lat' dir='ltr'><strong>_sitnul</strong></span> <span class='ocrx_word' id='word_1_812' title='bbox 477 2707 594 2735; x_wconf 84' lang='lat' dir='ltr'><strong>edimus.</strong></span> <span class='ocrx_word' id='word_1_813' title='bbox 613 2707 673 2733; x_wconf 77' lang='lat' dir='ltr'><strong>Fuit</strong></span> <span class='ocrx_word' id='word_1_814' title='bbox 691 2708 780 2748; x_wconf 50' lang='lat' dir='ltr'><strong>enim.</strong></span> <span class='ocrx_word' id='word_1_815' title='bbox 792 2707 904 2748; x_wconf 71' lang='lat' dir='ltr'><strong>:eqnalis</strong></span> <span class='ocrx_word' id='word_1_816' title='bbox 920 2707 1028 2748; x_wconf 39' lang='lat' dir='ltr'><strong>cjusJac</strong></span> <span class='ocrx_word' id='word_1_817' title='bbox 1081 2708 1253 2748; x_wconf 46' lang='lat' dir='ltr'><strong>Fit-ephorus</strong></span> <span class='ocrx_word' id='word_1_818' title='bbox 1269 2707 1639 2748; x_wconf 41' lang='lat' dir='ltr'><strong>pigro&quot;;&quot;tuumncngiomm</strong></span> <span class='ocrx_word' id='word_1_819' title='bbox 1651 2707 1807 2748; x_wconf 47' lang='lat' dir='ltr'><strong>&#39;usumtqui</strong></span> <span class='ocrx_word' id='word_1_820' title='bbox 1819 2715 1866 2741; x_wconf 63' lang='lat' dir='ltr'><strong>ad.</strong></span> 
     </span>
    </p>
   </div>
   <div class='ocr_carea' id='block_1_62' title="bbox 245 2742 1864 2782">
    <p class='ocr_par' dir='ltr' id='par_1_62' title="bbox 245 2742 1864 2782">
     <span class='ocr_line' id='line_1_63' title="bbox 245 2742 1864 2782; baseline 0.004 -11"><span class='ocrx_word' id='word_1_821' title='bbox 245 2745 438 2782; x_wconf 82' lang='lat' dir='ltr'><strong>familiaris,_et</strong></span> <span class='ocrx_word' id='word_1_822' title='bbox 461 2750 645 2782; x_wconf 49' lang='lat' dir='ltr'><strong>aerumnarum</strong></span> <span class='ocrx_word' id='word_1_823' title='bbox 664 2742 888 2782; x_wconf 77' lang='lat' dir='ltr'><strong>pro__ortltotloxia</strong></span> <span class='ocrx_word' id='word_1_824' title='bbox 905 2742 1027 2782; x_wconf 70' lang='lat' dir='ltr'><strong>csantln-</strong></span> <span class='ocrx_word' id='word_1_825' title='bbox 1081 2743 1133 2770; x_wconf 80' lang='lat' dir='ltr'><strong>lim:</strong></span> <span class='ocrx_word' id='word_1_826' title='bbox 1152 2744 1177 2770; x_wconf 90' lang='lat' dir='ltr'><strong>in</strong></span> <span class='ocrx_word' id='word_1_827' title='bbox 1199 2742 1291 2771; x_wconf 72' lang='lat' dir='ltr'><strong>Graeca</strong></span> <span class='ocrx_word' id='word_1_828' title='bbox 1311 2745 1429 2773; x_wconf 80' lang='lat' dir='ltr'><strong>Ecclesia</strong></span> <span class='ocrx_word' id='word_1_829' title='bbox 1447 2748 1619 2782; x_wconf 83' lang='lat' dir='ltr'><strong>perseverat)</strong></span> <span class='ocrx_word' id='word_1_830' title='bbox 1645 2742 1759 2780; x_wconf 83' lang='lat' dir='ltr'><strong>quorum</strong></span> <span class='ocrx_word' id='word_1_831' title='bbox 1769 2742 1864 2777; x_wconf 69' lang='lat' dir='ltr'><strong>&#39;uuum</strong></span> 
     </span>
    </p>
   </div>
   <div class='ocr_carea' id='block_1_63' title="bbox 247 2776 1864 2816">
    <p class='ocr_par' dir='ltr' id='par_1_63' title="bbox 247 2776 1864 2816">
     <span class='ocr_line' id='line_1_64' title="bbox 247 2776 1864 2816; baseline 0.006 -14"><span class='ocrx_word' id='word_1_832' title='bbox 247 2786 334 2806; x_wconf 57' lang='lat' dir='ltr'><strong>tum,“</strong></span> <span class='ocrx_word' id='word_1_833' title='bbox 348 2779 449 2816; x_wconf 59' lang='lat' dir='ltr'><strong>socing,</strong></span> <span class='ocrx_word' id='word_1_834' title='bbox 461 2783 490 2816; x_wconf 56' lang='lat' dir='ltr'><strong>Et</strong></span> <span class='ocrx_word' id='word_1_835' title='bbox 503 2778 611 2816; x_wconf 70' lang='lat' dir='ltr'><strong>biennio</strong></span> <span class='ocrx_word' id='word_1_836' title='bbox 623 2776 775 2816; x_wconf 74' lang='lat' dir='ltr'><strong>anteillmn</strong></span> <span class='ocrx_word' id='word_1_837' title='bbox 793 2777 962 2816; x_wconf 59' lang='lat' dir='ltr'><strong>tit-mortuus:</strong></span> <span class='ocrx_word' id='word_1_838' title='bbox 978 2777 1027 2816; x_wconf 62' lang='lat' dir='ltr'><strong>l_.f-</strong></span> <span class='ocrx_word' id='word_1_839' title='bbox 1080 2785 1141 2816; x_wconf 76' lang='lat' dir='ltr'><strong>cunt</strong></span> <span class='ocrx_word' id='word_1_840' title='bbox 1156 2786 1205 2816; x_wconf 87' lang='lat' dir='ltr'><strong>ego</strong></span> <span class='ocrx_word' id='word_1_841' title='bbox 1233 2782 1397 2816; x_wconf 75' lang='lat' dir='ltr'><strong>aspexerim,</strong></span> <span class='ocrx_word' id='word_1_842' title='bbox 1423 2776 1483 2815; x_wconf 63' lang='lat' dir='ltr'><strong>ej&#39;us</strong></span> <span class='ocrx_word' id='word_1_843' title='bbox 1503 2776 1710 2816; x_wconf 61' lang='lat' dir='ltr'><strong>descrip&#39;tiuitetit</strong></span> <span class='ocrx_word' id='word_1_844' title='bbox 1736 2783 1782 2810; x_wconf 83' lang='lat' dir='ltr'><strong>hic</strong></span> <span class='ocrx_word' id='word_1_845' title='bbox 1807 2776 1864 2812; x_wconf 69' lang='lat' dir='ltr'><strong>non</strong></span> 
     </span>
    </p>
   </div>
   <div class='ocr_carea' id='block_1_64' title="bbox 246 2811 1862 2852">
    <p class='ocr_par' dir='ltr' id='par_1_64' title="bbox 246 2811 1862 2852">
     <span class='ocr_line' id='line_1_65' title="bbox 246 2811 1862 2852; baseline 0.004 -11"><span class='ocrx_word' id='word_1_846' title='bbox 246 2820 345 2851; x_wconf 62' lang='lat' dir='ltr'><strong>gantur</strong></span> <span class='ocrx_word' id='word_1_847' title='bbox 363 2814 433 2848; x_wconf 75' lang='lat' dir='ltr'><strong>apud</strong></span> <span class='ocrx_word' id='word_1_848' title='bbox 460 2811 633 2840; x_wconf 78' lang='lat' dir='ltr'><strong>Sirmondum</strong></span> <span class='ocrx_word' id='word_1_849' title='bbox 653 2811 774 2845; x_wconf 71' lang='lat' dir='ltr'><strong>cpistola:</strong></span> <span class='ocrx_word' id='word_1_850' title='bbox 789 2812 901 2838; x_wconf 59' lang='lat' dir='ltr'><strong>Studitm</strong></span> <span class='ocrx_word' id='word_1_851' title='bbox 926 2811 958 2837; x_wconf 85' lang='lat' dir='ltr'><strong>ad</strong></span> <span class='ocrx_word' id='word_1_852' title='bbox 982 2812 1029 2838; x_wconf 74' lang='grc' dir='ltr'><strong>Μ-</strong></span> <span class='ocrx_word' id='word_1_853' title='bbox 1079 2813 1236 2840; x_wconf 86' lang='lat' dir='ltr'><strong>subtraham</strong></span> <span class='ocrx_word' id='word_1_854' title='bbox 1252 2811 1287 2841; x_wconf 52' lang='lat' dir='ltr'><strong>:&#39;t</strong></span> <span class='ocrx_word' id='word_1_855' title='bbox 1308 2811 1456 2843; x_wconf 78' lang='lat' dir='ltr'><strong>Linteolum</strong></span> <span class='ocrx_word' id='word_1_856' title='bbox 1473 2817 1499 2844; x_wconf 82' lang='lat' dir='ltr'><strong>in</strong></span> <span class='ocrx_word' id='word_1_857' title='bbox 1520 2811 1703 2852; x_wconf 55' lang='lat' dir='ltr'><strong>cujus&#39;nlcdio</strong></span> <span class='ocrx_word' id='word_1_858' title='bbox 1717 2826 1795 2851; x_wconf 83' lang='lat' dir='ltr'><strong>crux.</strong></span> <span class='ocrx_word' id='word_1_859' title='bbox 1813 2811 1862 2847; x_wconf 51' lang='lat' dir='ltr'><strong>su:</strong></span> 
     </span>
    </p>
   </div>
  </div>
