1951 3077
126 168 180 200 209

131 225 253 258 ρακινεῖν
290 225 338 251 καὶ
370 225 465 253 δολοῦν
496 229 675 262 πειραθέντες
689 239 696 246 ·
719 233 821 266 ἤνυσαν
845 233 925 261 πλέον
941 241 964 268 Α

130 269 181 302 μὲν
191 269 270 296 οὐδέν
286 279 312 297 τι
328 279 334 285 '
356 271 462 299 ἐκεῖνον
478 273 506 300 δὲ
521 276 581 306 ταῖς
602 276 715 308 ίσοοέοις
743 278 805 304 καθ’
828 279 929 315 Ἕλλη-

128 323 177 347 νας
199 317 364 352 γεραίρουσι
376 320 483 354 τιμαῖς,
501 321 534 355 τῇ
552 329 581 347 τε
599 321 661 358 δόξῃ
676 324 709 359 τῇ
730 324 812 351 αὐτοῦ
831 327 878 352 καὶ
890 326 929 362 τῷ

128 363 286 398 φρονήματι
311 365 530 401 προστρέχοντες
549 368 751 403 ἀφρονέστατα,
769 372 806 403 ὡς
828 373 929 400 οἰκεῖον

129 408 367 442 περιπτύσσονται
398 411 446 437 καὶ
475 412 657 444 ἀσπάζονται.
680 415 734 441 Καὶ
754 416 859 443 τούτοιν
877 417 929 453 μά-

128 453 209 480 λιστα
229 455 254 480 οί
270 455 393 491 ἀνοήτως
407 459 457 492 τῆς
475 458 581 485 ἐκείνου
602 460 773 493 ἁποστασίας
792 472 929 500 προεστη-

129 499 218 531 κότες,
235 501 268 526 έκ
282 501 332 535 τῆς
343 502 474 537 τοιαύτης
491 504 623 540 αἰσχύνης
634 507 664 532 τὸ
679 509 829 542 περιφανὲς
848 499 929 536 καται

129 545 248 572 κτᾶσθαι
269 547 400 582 οἰόμενοι,
425 550 473 576 καὶ
497 551 602 582 τούτοις
625 553 741 588 ἐρεύνης
765 555 812 581 καὶ
837 556 929 588 ἐξετά-

131 600 200 623 σεως
219 592 284 618 ἄνευ
308 594 479 622 συντίθενται
492 604 498 611 ·
519 597 615 632 ἐπειδὴ
636 599 782 635 πρόχειρον
797 601 813 635 ἡ
831 602 927 635 κακία,

130 638 178 662 ναὶ
194 637 279 669 πολὺς
306 640 352 664 ἐπὶ
378 640 408 666 τὺ
422 642 514 676 χεῖρον
534 642 547 668 ὁ
567 642 678 678 δρόμος,
704 646 750 671 καὶ
765 645 796 671 τὸ
810 647 878 681 πρὸς
895 647 928 674 τὰ

130 684 302 720 περικζσμια
330 685 386 712 τῶν
402 687 576 723 φιλοσάρκων
609 691 771 725 ἐπιῤῥεῖτές.
803 692 865 726 Ὑφ’
890 690 928 720 ὧν

129 729 330 765 ἐναυξηθέντος
351 733 444 764 αὐτοῖς
469 734 517 760 τοῦ
545 735 643 768 κακοῦ,
674 737 708 763 τὰ
741 738 791 772 τῆς
824 739 929 772 οἰκείας

130 777 287 811 ἀσφαλείας
298 778 473 814 προῦδωκαν,
500 780 595 817 ὥσπερ
613 782 738 818 λοιμικοῦ
755 793 828 816 τινος
846 786 928 820 ἐφερ-

130 824 269 856 πύσαντος
287 826 334 851 καὶ
346 826 520 862 ψυχοερθόρου
539 828 654 860 πάθους.
678 829 820 857 Ἐντεῦθεν
834 833 867 868 τῇ
881 833 929 860 τοῦ

129 870 344 905 ἀπεριγράπτου
373 873 551 900 συνίστανται
582 877 669 910 φωνῇ,
686 876 728 902 εδι⁸
747 875 781 912 ἧς
811 878 860 912 τὴν
881 878 927 905 τοῦ

129 916 260 951 Σωτῆρος
289 918 367 952 ἡμῶν
397 919 473 946 θείαν
497 921 656 956 οἰκονομίαν
683 923 846 958 πανούργως
878 925 927 952 καὶ
944 910 965 939 Β

130 962 278 997 κακοήθως
294 965 327 990 ὲκ
339 964 448 1000 βάθρων
463 966 554 993 αὐτῶν
566 967 732 1002 ἀνατρέπειν
744 970 927 1006 ἐπιχειροῦσι,

129 1008 178 1035 καὶ
192 1008 297 1046 ταύτην
311 1011 383 1037 κατὰ
393 1012 446 1038 τῶν
461 1012 661 1040 εὐσεΰούντων’
674 1016 927 1051 προχειριζόμενοι,

129 1055 177 1081 καὶ
188 1055 284 1090 ὥσπερ
300 1056 558 1091 δυσκαταγώνιστον
588 1060 766 1096 ἐπιτείχισμα
799 1062 928 1095 κατεξαν-

130 1101 256 1133 ιστάντες
294 1102 399 1135 αὐτοῖς,
433 1104 560 1138 αἱρήσειν
592 1105 711 1133 οἴονται·
745 1107 783 1138 ὡς
817 1109 840 1134 εἰ
888 1109 927 1145 μὴ

127 1146 267 1181 δέξαιντο,
308 1149 465 1184 διαιρήσειν
504 1151 554 1186 τὴν
593 1152 665 1185 κατὰ
704 1152 821 1187 Χριστὸν
860 1154 926 1189 μίαν

128 1193 281 1220 ὑπόστασιν
327 1195 564 1231 ὲκϐιασθήσοιντο.
611 1198 682 1224 Ἀλλ’
727 1199 822 1235 ἐπειδὴ
867 1209 925 1227 ποις

128 1239 204 1267 κὶλον
233 1241 279 1267 καὶ
308 1242 467 1276 πολυσχιδὲς
494 1243 524 1269 τὺ
549 1244 596 1270 τοῦ
632 1243 746 1278 ψεύδους
773 1246 925 1281 τέχνασμα,

129 1285 348 1314 ὑποπλάττονται
379 1288 428 1322 μὲν
456 1289 560 1324 ταύτην
593 1289 736 1324 δέχεσθαι,
776 1291 856 1327 μέχρι
882 1292 926 1326 ψι-

129 1331 183 1356 λῶν
209 1332 341 1366 ῥημάτων
366 1334 456 1367 μονων
480 1335 682 1370 περιιστάντες,
706 1335 737 1362 τὸ
772 1337 926 1372 ἑτερόδοξον

129 1379 335 1414 αἰσχυνόμενοι,
364 1381 438 1416 ἔργῳ
465 1381 492 1408 δὲ
514 1383 556 1408 ὅτι
575 1383 613 1418 μὴ
633 1383 829 1411 ἁπαναίνονται
853 1386 943 1419 μόνον,

485 172 800 208 ANTIRRHETICUS
821 178 835 207 Ι
867 179 952 210 ADV.
973 181 1273 213 CONSTANTINUM
1293 183 1401 215 COPR.

978 235 1132 264 Mumonam
1162 246 1226 266 vero
1242 239 1351 274 paribus
1374 246 1406 266 ac
1428 239 1529 267 ethnici
1555 240 1703 269 honoribus
1717 251 1774 271 ma-

983 287 1068 316 ctant,
1091 283 1116 310 in
1132 285 1244 318 ejusque
1273 290 1376 312 sectam
1390 291 1471 321 atque
1485 287 1648 315 scutentiam
1662 290 1774 324 pedibus

981 334 1076 355 euntes
1097 330 1361 363 imprudentissimo,
1383 336 1513 366 tanquam
1543 324 1681 368 propriam
1703 337 1774 363 asci-

980 379 1100 402 scuntac
1116 375 1241 409 diligunt.
1255 376 1345 411 Atque
1362 378 1388 404 in
1403 377 1446 405 his
1462 370 1608 414 praecipue,
1618 381 1664 414 qui
1676 381 1774 410 stolide

981 420 1007 446 in
1020 420 1093 448 illius
1108 422 1244 456 apostasia
1262 424 1432 458 antesignani
1447 429 1521 458 sunt,
1541 432 1574 453 ex
1591 426 1643 453 hac
1660 427 1774 461 ignomi-

981 466 1024 493 nia
1038 467 1139 494 claram
1154 467 1253 494 fatuam
1268 469 1380 504 adipisci
1393 474 1538 504 putantes,
1553 472 1627 499 hisce
1641 472 1774 508 dogmati-

981 513 1031 539 bus
1054 512 1223 548 inexplorate
1239 521 1270 542 ac
1292 515 1350 542 sine
1365 515 1555 544 ulloexamine
1573 517 1767 554 sull'ragantur.

980 558 1086 585 Etenim
1098 567 1218 594 praeceps
1231 565 1273 588 est
1284 561 1398 594 malitia,
1416 562 1615 598 vehemensque
1633 565 1665 592 ad
1681 566 1773 599 pejora

980 612 1086 637 cursus,
1099 611 1127 643 et
1146 606 1286 633 hominum
1305 607 1520 643 voluptariorum
1538 611 1571 637 ad
1600 613 1774 640 resymunda-

981 657 1031 677 nas
1046 642 1129 678 multa
1144 651 1312 685 proclivitas.
1330 653 1369 680 Ex
1392 654 1491 688 quibus
1507 660 1587 683 aucto
1599 657 1666 690 ipsis
1687 658 1769 691 malo,

980 697 1116 731 propriam
1133 697 1248 725 salutem
1261 699 1448 733 prodiderunt,
1463 706 1539 735 peste
1555 702 1638 729 veluti
1653 704 1769 737 quadam

981 741 1132 769 etexitioso
1147 742 1229 770 animi
1245 744 1340 771 morbo
1355 744 1422 779 ipsis
1436 745 1594 781 obrepentc.
1606 747 1675 775 llinc
1691 749 1773 776 incirr

981 788 1139 823 cumscripti
1159 789 1289 817 vocabulo
1298 784 1529 825 lpatrocinantur,
1543 800 1596 827 quo
1617 793 1774 822 Servatoris

980 838 1065 864 nostri
1082 837 1199 864 divinam
1218 837 1433 866 incarnationem
1463 839 1560 868 callide
1584 836 1775 877 malitioseque

981 888 1103 910 evertere
1111 883 1233 911 funditus
1247 884 1405 911 moliuntur.
1418 885 1500 920 quue
1509 886 1668 914 vocabulum
1680 887 1774 915 ortho-

979 929 1057 956 doxis
1073 934 1253 964 opponentes,
1267 935 1295 958 et
1319 934 1448 966 tanquam
1477 932 1685 968 inexpugnabile
1713 942 1774 961 tnu-

980 976 1071 1002 nimen
1096 981 1191 1003 contra
1218 983 1267 1004 eos
1299 981 1448 1011 struentes,
1477 980 1634 1014 superiores
1657 988 1686 1007 se
1715 980 1773 1008 fore

979 1026 1107 1055 sperant;
1131 1021 1220 1055 quasi,
1240 1022 1290 1048 nisi
1319 1023 1404 1049 nostri
1428 1023 1453 1050 id
1484 1024 1641 1056 admittant,
1663 1025 1772 1051 unicam

979 1066 1082 1093 Christi
1100 1066 1398 1101 personamadigantur
1410 1067 1543 1094 dividere.
1563 1067 1618 1094 Sed
1644 1068 1773 1102 quoniam

980 1112 1126 1146 versipelle
1140 1112 1301 1147 variumque
1309 1113 1444 1140 mendacii
1454 1112 1600 1141 artiﬁcium
1615 1119 1669 1146 est,
1686 1114 1772 1141 simu—

980 1157 1036 1184 lant
1051 1165 1081 1185 se
1111 1157 1327 1185 incarnationem
1355 1159 1487 1194 recipere,
1516 1160 1681 1186 verbotenus
1711 1159 1774 1186 sub-

981 1204 1121 1236 sistentcs,
1151 1203 1214 1238 quia
1246 1204 1426 1233 heterodoxos
1457 1205 1542 1232 videri
1571 1210 1718 1239 verentur;
1746 1213 1774 1232 re

983 1253 1072 1276 tatnen
1086 1255 1152 1275 vera
1169 1256 1222 1275 non
1240 1249 1383 1283 repudiant
1397 1253 1514 1283 tantum,
1526 1249 1575 1277 sed
1602 1254 1628 1276 ct
1652 1249 1711 1277 illos
1727 1251 1773 1284 qui

981 1294 1140 1327 admittunt,
1161 1294 1280 1322 hostium
1296 1295 1358 1323 loco
1369 1295 1511 1328 habentes,
1525 1296 1623 1324 acerbe
1637 1295 1771 1332 repellunt

982 1340 1108 1374 nullaque
1125 1341 1204 1368 venia
1215 1341 1373 1376 dignantur.
1716 1360 1719 1362 -

983 1388 1034 1424 ἤδη
1071 1389 1100 1416 δὲ
1134 1389 1182 1416 καὶ
1219 1389 1282 1421 τοὺς
1323 1390 1522 1425 προσιεμένους
1559 1391 1598 1422 ὼς
1627 1390 1772 1425 δυσμενεῖς

128 1424 259 1459 ὁρῶντες,
281 1426 387 1460 πικρῶς
409 1427 591 1455 ἀπελαύνουσι
611 1429 681 1464 μηδὲ
703 1432 768 1465 μιᾶς
781 1431 921 1464 ἀξιοῦντες
941 1434 1062 1467 φειδοῦς,

165 1473 201 1503 τ.
215 1470 249 1496 Τί
269 1471 301 1506 δὴ
317 1470 363 1498 οὖν
376 1472 470 1499 λοιπὸν
492 1474 523 1499 τὸ
541 1474 666 1500 ἐντεῦθεν
687 1477 800 1502 σκοπεῖν
818 1476 926 1509 ἔξεο-τη

131 1516 163 1541 Τί
176 1515 204 1542 δὲ
223 1516 288 1543 ἄλλο
302 1517 319 1552 ἦ
339 1517 418 1544 τοῦτο
439 1527 471 1552 γε
496 1519 595 1555 ἀληθὲς
615 1521 717 1547 ἐννοεῖν
733 1522 780 1548 καὶ
799 1522 925 1557 φράζειν,

131 1562 172 1588 ὅτι
187 1562 219 1597 δὴ
232 1563 314 1590 πάλιν
330 1565 346 1599 ἡ
365 1564 412 1591 τοῦ
426 1565 566 1597 Μάνεντος
583 1567 723 1601 Χάρυϐδις
742 1568 830 1594 πλατὺ
845 1568 928 1603 χάνα-
942 1577 963 1606 C

132 1615 166 1633 σα
179 1610 237 1639 τοῖς
251 1609 280 1634 ἐν
293 1610 327 1644 τῇ
338 1609 470 1644 ἁπλότητι
481 1611 527 1636 τοῦ
537 1611 596 1645 βίου
614 1612 658 1638 τὸν
674 1612 758 1640 πλοῦν
774 1613 928 1647 ἐξανύουσι,

133 1653 244 1685 στόλους
263 1654 343 1686 ὅλους
363 1655 457 1690 ψυχῶν
484 1657 693 1692 ἀναρπάζουσα,
721 1660 769 1685 καὶ
802 1660 930 1696 βρυχίους

132 1700 170 1734 τῷ
184 1700 259 1735 βυθῷ
278 1702 330 1736 τῆς
351 1702 489 1734 ἀπωλείας
502 1703 657 1738 ὑπάγουσα,
673 1706 859 1740 παραδίδωσις
886 1715 890 1720 ·

166 1749 197 1774 δ’.
215 1748 302 1776 Πάλιν
319 1749 368 1784 τῆς
386 1751 560 1786 Ἀρειανικῆς
578 1752 677 1786 φλογὸς
704 1754 720 1788 ἡ
751 1753 880 1789 χίμαιρα,
892 1755 931 1790 τῷ

133 1794 298 1830 ψυχοφθόρῳ
323 1796 391 1831 πυρὶ
414 1796 469 1823 τῶν
497 1796 548 1832 τῆς
571 1797 718 1833 ἀθεότητος
744 1798 929 1834 διδαγμάτων,

132 1839 186 1865 τῶν
207 1840 375 1875 ἀπροόπτως
397 1849 457 1872 πως
480 1843 528 1868 καὶ
544 1843 710 1875 ἀφυλάκτως
754 1852 930 1880 παρατυγχα-

134 1885 234 1913 νόντων
251 1887 298 1913 τὸν
314 1887 388 1920 νοῦν,
404 1888 605 1923 παραναλίσὶει
620 1889 816 1924 διαφλὲγουσα.

167 1935 198 1959 ε’.
218 1933 306 1960 Πάλιν
332 1934 348 1969 ή
379 1934 570 1969 πολυκέφαλος
591 1934 660 1970 ὕδρα
686 1935 738 1962 τῶν
774 1936 930 1971 Ἀκεφάλων

133 1979 178 2004 καὶ
194 1979 244 2014 τῆς
259 1981 430 2016 συγχυτικῆς
452 1980 507 2007 τῶν
525 1980 694 2016 Εὑτυχιτῶν,
720 1982 820 2017 μᾶλλον
841 1983 868 2009 δὲ
883 1984 930 2009 Δο-

133 2023 223 2057 κητῶν
243 2025 408 2059 συμπνοίας,
432 2026 479 2052 ἐπὶ
502 2025 635 2060 διαιρέσει
661 2026 708 2052 καὶ
726 2026 800 2063 λύμῃ
811 2026 858 2053 τοῦ
881 2028 930 2063 τῆς

139 2069 306 2104 Ἐχκλησίας
327 2070 418 2102 καλῶς
431 2072 572 2106 ἡνωμένον
597 2071 735 2108 σώματος,
757 2073 928 2108 πολυσχιδεῖς

133 2116 180 2147 τὰς
194 2116 378 2151 παραφυάδας
391 2117 446 2143 τῶν
462 2118 569 2154 πικρῶν
579 2119 758 2154 γεννημάτων
766 2118 927 2154 ἐϐλάστησε.

134 2162 186 2188 Καὶ
200 2162 238 2194 ὡς
255 2162 289 2188 ἂν
307 2162 448 2190 συλλαϐών
464 2172 507 2195 τις
525 2165 608 2196 εἴποι,
625 2166 657 2191 ὲκ
676 2165 728 2198 τῆς
752 2166 930 2200 Μανιχαῖκῆς

134 2208 250 2243 ἐχίδνης,
271 2209 381 2244 καὶτῆς
410 2210 585 2245 Ἀρειανικῆς
597 2210 719 2243 ἀσπίδος,
735 2210 828 2246 ἕτερός
844 2219 885 2242 τις
897 2212 929 2237 ὲκ

1017 1480 1043 1508 5.
1069 1480 1139 1514 Quid
1161 1489 1227 1516 ergo
1260 1483 1305 1509 hic
1329 1483 1600 1510 animadvertendum
1633 1482 1773 1517 superest?

982 1526 1063 1560 Quid,
1082 1528 1205 1562 inquam,
1228 1529 1299 1555 aliud
1323 1529 1375 1556 nisi
1396 1531 1446 1556 hoc
1471 1537 1533 1556 vere
1560 1534 1588 1556 et
1612 1530 1733 1563 cogitare
1745 1535 1774 1556 et

980 1572 1082 1605 dicere,
1099 1573 1169 1604 quod
1192 1573 1282 1600 denuo
1304 1573 1418 1601 Manetis
1441 1575 1592 1609 Charybdis
1612 1574 1665 1601 late
1693 1575 1772 1601 hians

982 1617 1113 1646 adversus
1129 1624 1186 1650 eos,
1204 1617 1248 1652 qui
1266 1617 1291 1644 in
1307 1617 1411 1644 insania
1426 1618 1506 1652 hujus
1521 1617 1612 1644 tantuli
1628 1617 1766 1652 navigant,

983 1662 1082 1690 classes
1125 1663 1244 1698 integras
1273 1663 1425 1690 animarum
1455 1664 1534 1697 rapit,
1562 1669 1721 1698 mersasque
1747 1662 1773 1690 in

982 1709 1145 1744 perditionis
1161 1710 1318 1737 barathrum
1336 1709 1435 1736 trahit!

1019 1755 1044 1781 ι.
1063 1755 1169 1782 Ariona:
1184 1755 1246 1782 item
1259 1754 1526 1787 ﬂanunaachimtnra,
1541 1755 1623 1782 noxio
1647 1763 1695 1782 suo
1717 1756 1775 1782 aui-

982 1801 1079 1828 mabus
1102 1801 1162 1836 igne
1187 1801 1374 1830 doctrinarum
1402 1802 1627 1835 irreligiosarmn,
1651 1806 1769 1828 mentem

982 1845 1090 1873 illorum
1101 1846 1147 1880 qui
1161 1847 1309 1882 improviso
1323 1851 1350 1874 et
1365 1848 1472 1874 incaute
1495 1847 1776 1882 inciduntambul-cus

981 1891 1152 1926 pessumdat.

1017 1937 1043 1964 5.
1060 1936 1207 1964 Multorum
1223 1938 1326 1973 pariter
1339 1939 1457 1972 capitum
1473 1938 1558 1974 hydra
1572 1938 1772 1973 Accphalornm
1803 1967 1809 1972 _

982 1989 1010 2011 et
1030 1983 1203 2012 confusaneie
1225 1984 1457 2020 Eutychianorum
1482 1985 1525 2012 vel
1551 1985 1638 2019 potius
1653 1985 1774 2012 Pllﬂlllu-

982 2028 1128 2056 siastarum
1144 2028 1366 2064 conspirationis,
1385 2030 1417 2056 ad
1433 2029 1577 2056 discidium
1598 2034 1679 2063 atque
1710 2037 1771 2064 per-

983 2073 1080 2101 niciem
1106 2075 1218 2109 puh-hre
1233 2075 1364 2109 compacti
1383 2075 1511 2103 Ecclesiae
1534 2075 1667 2110 corporis,
1683 2075 1774 2101 multi-

982 2120 1078 2154 plicem
1098 2121 1257 2148 acerborum
1270 2121 1438 2155 geniminum
1470 2122 1590 2148 sobolem
1617 2121 1771 2156 pullulavit.

981 2166 1068 2200 Atque
1082 2171 1109 2192 ut
1127 2166 1247 2193 breviter
1262 2167 1363 2193 dictam
1377 2166 1423 2198 sit,
1441 2174 1475 2194 ex
1503 2167 1654 2193 manichmu
1669 2167 1773 2200 vipera.

983 2217 1010 2239 et
1026 2212 1138 2250 Ariana
1151 2213 1253 2246 aspide.
1267 2212 1335 2239 alius
1364 2213 1473 2247 quidam
1500 2220 1531 2240 ex
1550 2212 1646 2240 harum
1675 2213 1772 2247 copula

135 2255 295 2290 συμπλοκῆς
319 2255 423 2289 τούτων
443 2254 498 2283 οἷον
514 2257 654 2292 ἐρπυστὴς
675 2257 870 2292 ἀμφικέφαλος
886 2257 926 2290 ὲξ-

984 2264 1064 2285 natus
1078 2263 1120 2284 est
1133 2257 1226 2291 biceps
1243 2265 1370 2293 serpens;
1393 2259 1499 2294 qualem
1526 2259 1606 2303 etiam
1631 2259 1773 2295 Hypsista-

135 2301 184 2335 έφυ
197 2310 203 2315 ·
220 2302 316 2328 ὁποίαν
326 2302 358 2337 δὴ
368 2303 414 2328 καὶ
422 2303 471 2338 τὴν
479 2303 725 2339 τῶνὙψισ-ταρίων
737 2304 863 2339 κίϐδηλον
881 2305 929 2331 καὶ

137 2347 266 2383 βδελυρὰν
288 2349 438 2383 θρησκείαν
454 2349 603 2384 ἀκούομεν,
624 2350 653 2383 ἐξ
684 2350 847 2385 Ἑλληνικῆς
862 2359 926 2385 τερ-

137 2392 226 2428 Θρείας
249 2395 418 2430 καὶνομικῆς
427 2395 571 2430 τερατείας
584 2396 784 2430 συνισταμένην
793 2404 799 2410 ”
813 2396 860 2422 καὶ
871 2395 926 2422 δει-

137 2438 255 2465 νὸνκατὰ
266 2439 322 2466 τῶν
335 2439 384 2473 τῆς
405 2439 480 2472 θείας
491 2440 602 2475 ἐντολῆς
614 2441 812 2475 ὑπερορώντων
828 2440 925 2475 ρέψας,

137 2481 171 2511 ὧν
187 2486 234 2512 καὶ
253 2486 374 2521 πτέρναν
393 2488 487 2521 τηρεῖν
518 2487 569 2523 ἤδη
591 2487 805 2522 προστέτακται,
830 2487 927 2522 πικρὸν

137 2532 180 2558 τὸν
194 2533 232 2559 ἱὸν
249 2534 296 2559 καὶ
311 2533 433 2568 ὀλέθριον
459 2535 518 2565 ταῖς
544 2533 646 2569 ψυχαῖς
666 2534 719 2560 τῶν
737 2533 928 2568 εὐπαρακόμι-

139 2585 197 2605 στον
212 2580 253 2611 είς
263 2578 345 2605 τοῦτο
359 2579 408 2614 τὴν
421 2580 506 2615 ἀκοὴν
523 2581 640 2615 ἐχόντων
656 2581 771 2615 ἐνέχεεν.
788 2580 850 2606 ’Ὁτι
877 2579 926 2614 μὲν

139 2621 190 2656 γὰρ
222 2622 358 2657 Ἀρειανολ
382 2625 546 2659 Μανιχαίοις
576 2625 776 2660 συμφὺρονται,
813 2626 842 2651 ἐν
871 2625 928 2656 τοῖς

142 2669 206 2701 μετὰ
220 2669 308 2696 ταῦτα
326 2671 420 2704 σαφῶς
433 2672 657 2707 παραστήσομεν.

176 2715 211 2747 ς’.
238 2716 326 2752 Δῆλον
343 2717 371 2743 δὲ
384 2717 471 2752 δήπου
494 2719 588 2750 παντὶ,
601 2719 639 2750 ὡς
662 2718 786 2753 βούλεται
805 2718 896 2749 αὐτοῖς
911 2718 927 2753 ή

145 2762 250 2798 σπουδὴ,
267 2763 319 2795 τὰς
333 2763 565 2799 πολυανθρώπους
586 2765 695 2796 ὲκείνας
715 2765 761 2791 καὶ
771 2764 930 2796 θεολέκτους

175 2867 210 2901 (4)
225 2866 421 2895 Hmreticornm
443 2873 528 2901 secta,
544 2868 588 2903 qui
607 2869 689 2896 Deum
710 2868 870 2895 altissimum
888 2867 924 2894 ita

143 2903 279 2938 colebant,
299 2908 328 2932 ut
348 2904 558 2933 antitrinitarios
572 2911 601 2933 sc
620 2911 679 2933 esse
693 2904 922 2933 demonstrarent.

983 2304 1085 2331 riorum
1102 2303 1140 2339 (4)
1153 2304 1271 2338 spuriam
1292 2305 1555 2340 abominandamque
1575 2311 1677 2332 sectam
1704 2306 1775 2332 audi-

984 2358 1054 2380 mus.
1069 2357 1101 2376 ex
1136 2349 1245 2376 ethnica
1274 2349 1381 2376 fallacia
1394 2355 1420 2378 et
1435 2351 1589 2385 prodigiose
1616 2350 1771 2377 Juda-orum

985 2396 1035 2430 17
1065 2395 1206 2423 mendacio
1222 2401 1395 2430 concrctam;
1410 2397 1455 2431 qui
1476 2404 1589 2431 serpens
1614 2397 1771 2424 terribiliter

983 2441 1016 2467 ad
1038 2439 1086 2468 hos
1101 2441 1184 2467 divini
1202 2441 1330 2476 praecepti
1348 2447 1548 2476 contemptores
1577 2450 1684 2477 repens,
1704 2450 1781 2488 quo-l

983 2495 1044 2514 rum
1073 2487 1155 2513 etiam
1185 2488 1341 2514 calcaneum
1365 2487 1470 2520 jamdiu
1509 2488 1654 2515 observare
1679 2488 1780 2534 jussus]

983 2533 1044 2566 fuit,
1063 2540 1185 2560 amarum
1236 2533 1437 2568 exitiosumque
1461 2541 1593 2563 venenum
1627 2535 1781 2588 οιιίιιιιιιιιιεὲ

981 2587 1088 2612 eorum,
1114 2580 1158 2614 qui
1183 2579 1289 2607 facilem
1312 2579 1375 2607 huic
1399 2580 1493 2608 haeresi
1517 2588 1609 2608 aurem
1639 2581 1771 2616 przchent,

982 2627 1104 2654 aﬂ'undit.
1119 2626 1185 2653 Nam
1203 2627 1273 2661 quod
1287 2627 1380 2654 Ariani
1401 2635 1461 2654 cum
1487 2627 1644 2655 Manichaeis
1658 2627 1770 2662 conspi-

983 2678 1051 2706 rent,
1072 2673 1286 2708 insequentibus
1298 2674 1468 2708 perspicuum
1487 2673 1627 2702 faciemus.

1017 2719 1043 2746 6.
1059 2719 1108 2746 Est
1124 2723 1214 2746 autem
1229 2719 1328 2753 cuique
1340 2719 1522 2753 exploratum,
1540 2720 1627 2747 studia
1653 2719 1766 2746 istorum

982 2773 1015 2793 eo
1029 2766 1149 2796 tendere.
1168 2769 1197 2792 ut
1209 2772 1368 2793 numerosas
1381 2766 1441 2793 illas
1450 2771 1477 2793 et
1493 2774 1506 2792 a
1523 2765 1579 2793 Deo
1593 2769 1770 2800 congregatas

980 2867 1016 2893 ne
1029 2866 1070 2893 his
1082 2866 1147 2893 satis
1158 2865 1322 2901 Suicerusin
1333 2865 1413 2893 Thes.
1424 2866 1502 2898 eccl.,
1514 2866 1606 2895 citatis
1619 2865 1766 2901 Hesychia,

980 2903 1073 2936 Suida,
1089 2901 1211 2937 Nysscno
1224 2909 1255 2930 ac
1273 2900 1453 2929 Nazianzeno.
