1951 3077
791 36 864 47 -αεηῖ

125 91 181 125 2i3

482 87 796 121 ANTIRRHETICUS
814 88 829 118 Ι
861 87 946 119 ADV.
966 85 1387 118 CONSTANTINUM'COPR.

1723 87 1731 98 Ι

1723 87 1731 98 ι

1701 87 1771 120 2-1‘11

125 149 188 180 ταῖς
201 148 332 178 ἁπάντων
356 147 580 182 ὁμολογουμένων
599 146 694 182 ὕψεσιν
715 147 853 183 προΐασιν,
878 146 915 178 ὡς

977 146 1156 180 luaeomnium
1171 146 1289 181 aspectui
1302 147 1439 181 prostant.
1452 149 1535 180 atque
1564 146 1634 180 apud
1660 153 1754 175 omnes

127 197 168 226 εἰς
193 193 301 228 γέλωτα
332 193 434 229 μᾶλλον
455 193 472 229 ἢ
493 193 586 228 ὁνησιν
613 194 671 225 τοῖς
699 193 821 228 σώφροσι
857 193 917 225 ταῖς

127 240 272 275 ἀληθείαις
290 239 462 275 προκεῖσθαι.
478 237 540 270 Πῶς
548 239 602 274 γὰρ
620 239 671 265 οὑκ
690 239 765 272 ἄξιον
788 238 916 273 γέλωτος,

128 286 158 312 τὸ
180 287 214 321 τῇ
237 286 318 320 φύσει
337 285 393 312 τῶν
422 284 595 320 πραγμάτων
621 285 701 319 αὐτῇ,
741 284 861 315 καὶτοῖς
887 284 919 310 ἐκ

127 331 262 358 πλειόνων
279 331 384 366 χρόνων
399 331 448 357 καὶ
467 329 570 365 γενεῶν
603 329 709 356 πολλῶν
725 330 769 356 ἐπ’
793 329 920 364 εὐσεϐείᾳ

128 376 280 412 γνωρίμων
328 377 377 403 καὶ
421 370 706 410 μεμαρτυρημένων,
749 375 780 401 τὸ
823 375 920 402 πιστὸν

128 423 177 448 καὶ
191 421 242 457 τὴν
259 422 349 456 ἰσχὺν,
366 420 569 456 ἀπομάχεσθαι,
587 421 635 446 καὶ
651 421 767 450 αὐτόθεν
779 421 809 447 τὸ
831 422 921 456 ἀσφα-

129 468 185 499 λὲς,
199 467 239 503 τῷ
255 468 504 503 παρακεχωρηκότι
524 468 634 495 πάντων
657 468 706 503 τῆς
721 468 839 499 ἑννοίας,
853 468 922 503 πρὸς

130 514 210 546 λόγου
226 514 416 548 πληροφορίαν
433 515 475 546 εἰς
485 514 622 548 ἀπόδειξιν
635 514 681 541 καὶ
701 513 851 548 βεϐαίωσιν
868 523 920 540 πα·

131 559 375 594 ραλαμϐἁνεσθαι;

173 683 218 715 Ὠς
235 683 301 717 γοῦν
313 684 363 719 ήδη
378 684 491 710 τοιαῦτα
506 684 553 710 καὶ
564 683 652 716 οὕτως
663 683 761 719 ἔχοντα
775 684 922 718 ἔγνωσται,

134 728 202 762 μηδὲ
240 729 290 763 τὴν
310 729 399 764 ἀρχὴν
422 729 573 763 ἀντιλέγειν
596 729 696 765 ἐχρῆν·
717 729 759 756 ἵνα
775 730 813 765 μὴ
825 729 924 757 ταύτὸν

132 773 250 805 ἐκείνοις
270 775 434 801 πεπονθέναι
450 775 609 810 ὀφθείημεν,
622 776 671 801 καὶ
695 775 858 810 ἀϐελτερίας
877 775 924 802 καὶ

133 820 313 852 ἀπαιδευσίας
324 821 492 856 ὀφλήσαντες
500 821 617 854 γέλωτα,
627 821 676 856 τὴν
691 821 753 856 ῐσην
761 821 923 855 ἁπενεγκοίά

134 865 205 899 μεθα
219 866 340 901 γραφὴν,
354 867 412 898 τοῖς
438 866 647 902 μειρακιώδεσιν
665 866 857 898 ἐπιϐάλλοντες
881 866 925 893 λό-

133 918 202 943 γοις.
216 911 310 937 Ἐοικε
319 911 400 946 γὰρ,ὀ
411 911 498 938 ταῦτα
506 911 671 947 ἀνατρέπειν
682 911 866 948 πειρώμενος,
875 911 925 943 τὰς

135 955 206 982 κατὰ
223 955 335 982 παιδιὰν
355 957 388 982 ἐκ
417 956 533 991 ψάμμου
566 956 671 984 παίδων
689 956 831 992 ἀθύρμασι
855 965 924 983 κατ-

134 1001 341 1035 εσκευασμένας
351 1001 531 1037 περιτρέπειν
541 1002 642 1038 μᾶλλον
655 1002 824 1037 οίκοδομίας,
841 1002 857 1037 ἢ
868 1004 925 1034 τοῖς

135 1046 211 1080 παρὰ
220 1047 289 1073 πᾶσι
298 1048 356 1078 τοῖς
367 1047 503 1074 συνιοῦσιν
514 1048 552 1079 ὠς
560 1047 670 1083 ἀληθῶς
679 1048 727 1075 καὶ
735 1048 785 1083 τὴν
795 1048 926 1083 ἀλήθειαν

135 1092 312 1125 τετιμηκόσιν
340 1093 573 1128 ἑπετνωσμένοις,
606 1093 811 1129 συναγορεύειν.
854 1093 925 1120 Ἀλλ’

137 1137 230 1171 ἐπειδὴ
243 1137 339 1173 ὥσπερ
351 1138 381 1171 ἐξ
396 1139 585 1174 ἐπιτάγματος
598 1139 675 1173 σοφοὶ
687 1137 756 1166 εἶναι
772 1139 924 1174 βούλονται,

138 1181 176 1217 μὴ
195 1182 236 1208 ὅτι
253 1182 304 1217 τῆς
327 1183 455 1218 ἀληθείας
481 1184 643 1220 ἀντέχεσθαι
663 1185 782 1220 σπουδὴν
797 1184 926 1220 ποιούμε-

137 1237 187 1261 νοι,
204 1229 250 1256 τοῦ
264 1230 380 1264 ψεύδους
400 1239 428 1257 τε
440 1231 477 1262 ὡς
491 1228 542 1258 οἶοί
564 1231 595 1258 τέ
610 1231 663 1257 εισι
685 1230 924 1266 μεταποιούμενοι,

139 1274 280 1309 ἑρεσχελίᾳ
293 1275 377 1310 πολλῇ
388 1277 436 1302 καὶ
447 1275 568 1311 φλυαρίᾳ
584 1276 630 1302 καὶ
648 1275 843 1310 βατταρισμοῖς
855 1275 927 1310 χρώ-

140 1327 225 1353 μενοι,
246 1320 293 1347 ἐπὶ
311 1321 344 1355 τῇ
361 1321 415 1347 τῶν
439 1320 546 1347 πολλῶν
560 1320 644 1357 λύμῃ.
671 1321 874 1356 συναρπάζουσι
890 1321 925 1347 δι’

139 1364 226 1391 αὐτῶν
240 1365 303 1396 τοὺς
316 1366 538 1400 ἀκεραιοτέρους,
550 1366 582 1392 ἐκ
593 1365 694 1401 πολλῆς
711 1365 782 1400 ἄγαν
798 1366 924 1401 ἀποπλη-

139 1409 196 1441 ξίας
214 1410 262 1436 καὶ
275 1410 435 1442 δυσϐουλίας
446 1411 703 1446 αίχι.ι.αλωτίξοντες¹
721 1412 761 1442 εἰς
773 1411 804 1437 τὸ
826 1411 926 1437 οίκεῖον

139 1455 239 1490 πτῶμα
245 1456 308 1487 τοὺς
314 1457 429 1488 πολλοὺς
435 1457 533 1490 ἕλξειν.
544 1454 591 1488 οἷς
599 1457 649 1492 ἠδη
659 1456 767 1484 καὶτῶν
774 1457 926 1492 λογιμωτέ-
940 1476 963 1506 c

141 1508 192 1536 ρων
200 1501 341 1533 δοκοῦντες
353 1502 401 1529 καὶ
418 1502 656 1538 περιφανεστέρων
673 1502 757 1535 τινὲς,
778 1503 922 1530 σκανδαλί-

139 1546 240 1578 ζονται,
250 1548 344 1582 ἐπειδὴ
360 1547 476 1574 ἅπτεται
485 1548 522 1578 ὡς
532 1547 567 1574 τὰ
579 1547 664 1574 πολλὰ
679 1548 791 1575 καὶτῶν
805 1548 926 1583 ἀρίστων

137 1589 153 1616 ὁ
161 1590 269 1625 μῶμος·
282 1591 410 1626 καθάπερ
422 1592 476 1627 γὰρ
488 1592 651 1627 φθοροποιοῠ
664 1593 819 1627 νοσήματος
831 1594 925 1626 πᾶσιν,

140 1635 176 1666 ὡς
200 1635 266 1667 ἔπος
289 1637 389 1668 είπεῖν,
418 1637 467 1672 τῆς
497 1637 603 1664 ἑαυτῶν
630 1638 804 1672 μεταδιδόασι
825 1637 926 1673 λώϐης.

140 1680 183 1716 Τῷ
197 1681 356 1717 φαινομένῳ
370 1682 424 1718 γὰρ
440 1684 488 1709 καὶ
503 1683 688 1719 κεχρωσμένῳ
704 1684 760 1710 τῶν
774 1684 825 1720 τὴν
841 1684 928 1720 ἀκοὴν

140 1727 352 1762 περισαινὸντων
371 1727 459 1762 λόγων
477 1729 712 1764 περιθελγὸμενοι,
743 1730 788 1756 τὸν
811 1730 840 1756 δὲ
860 1739 927 1758 κατ-

139 1773 332 1808 ορωρυγμένον
342 1774 389 1800 καὶ
406 1775 598 1810 κεκρυμμένον
614 1775 710 1810 βόθρον
728 1775 772 1802 διὰ
787 1776 816 1802 τὸ
831 1777 928 1804 ἀνεπι-

140 1819 273 1853 στάτητον
288 1819 319 1845 οὐ
339 1819 537 1855 προορώμενοι,
563 1822 624 1852 ταῖς
649 1821 751 1855 πάγαις
769 1822 798 1855 ἐξ
823 1823 927 1859 ἀπροσ-

140 1864 211 1898 εξίας
226 1865 276 1900 τῆς
287 1865 417 1896 ἀπιστίας
435 1865 541 1897 ἀκλεῶς
554 1866 773 1901 περιπίπτουσιν.
795 1868 842 1901 Ἐν
858 1876 927 1902 προ-

140 1912 259 1945 σχήματι
282 1911 337 1946 γὰρ
351 1911 567 1946 Χριστιανισμοῦ
592 1912 623 1938 τὸ
647 1913 838 1948 Χριστιανίζον
854 1914 927 1941 ἅπαν

139 1955 259 1988 εὐσεϐῶς
278 1956 386 1983 ὀταῦτα
401 1957 639 1992 συγγεγραφηκὼς
653 1958 794 1992 δυσμενῶς
809 1959 924 1994 ἐξεπόρ-

139 2002 216 2038 θησε.
234 2003 328 2038 Ταύτῃ
339 2011 379 2029 τοι
388 2004 434 2030 καὶ
449 2003 499 2030 οὐκ
513 2003 643 2039 ἀκόσμως
663 2013 689 2030 τι
711 2004 836 2037 δόξαντες
848 2005 925 2042 δρᾷν,

139 2048 179 2079 είς
195 2048 277 2083 τήνδε
291 2048 344 2074 τῶν
359 2048 446 2082 λόγων
465 2049 516 2085 τὴν
538 2050 662 2082 ἐξέτασιν
677 2051 841 2086 καθήκαμεν
863 2052 926 2079 ἑαυ-

138 2092 210 2124 τούς.
225 2093 281 2120 Καὶ
304 2094 354 2120 οὐκ
378 2094 411 2121 ἂν
432 2095 641 2130 ἁποκνήσαιμεν
655 2096 742 2132 σαθρὰ
755 2097 802 2123 καὶ
826 2098 926 2134 κατερ·

968 192 995 218 ln
1007 191 1129 219 confesso
1144 195 1218 224 sunt,
1229 191 1387 226 procedunt,
1401 194 1431 218 ut
1444 190 1509 218 risui
1521 191 1690 227 potiusquam
1708 192 1753 220 ulli

969 236 1028 263 usui
1047 237 1117 271 apud
1130 244 1175 264 eos
1191 236 1236 271 qui
1254 243 1318 265 vero
1347 235 1466 271 sapiunt,
1478 236 1594 271 expositi
1617 237 1682 264 sint.
1698 237 1754 265 Cur

969 281 1040 308 enim
1055 282 1110 309 risu
1123 289 1174 308 non
1202 282 1237 308 sit
1256 282 1436 317 dignum,ipsi
1460 287 1582 310 actarum
1600 290 1690 310 rerum
1705 291 1753 310 oa-

969 330 1036 355 tura:
1045 332 1071 354 et
1082 327 1252 362 opinionibus
1272 334 1331 362 qua:
1341 335 1355 354 a
1374 327 1520 354 mulionum
1532 335 1678 361 annorum,
1696 329 1749 355 imo

970 377 1078 400 aetatum
1101 372 1261 400 orthodoxia
1288 371 1432 399 illustrium
1456 380 1488 399 ac
1512 373 1690 408 probaturum
1705 373 1755 400 de-

971 425 1063 450 cursu,
1080 418 1158 445 fidem
1168 418 1303 452 roburque
1312 417 1434 451 habent,
1443 418 1599 445 adversari?
1610 426 1672 452 qua:
1709 417 1752 445 ni-

972 463 1069 490 mirum
1087 462 1227 497 opiniones
1244 463 1298 489 vim
1327 469 1402 489 suam
1423 462 1542 490 indidem
1565 463 1753 495 obtinuerunt.
1769 492 1772 494 _

973 515 1069 543 nempe
1097 508 1131 535 ab
1161 508 1281 535 omnium
1300 507 1430 535 mentium
1447 508 1638 541 concessione;
1666 508 1702 535 ita
1726 513 1756 535 ut

973 554 999 580 in
1022 553 1154 588 ambiguis
1169 553 1289 580 etiamet
1314 560 1364 586 ope
1376 553 1464 587 aliqua
1494 553 1527 580 ad
1553 553 1755 588 persuasionem

973 598 1124 632 egentibus,
1135 606 1166 626 cx
1193 597 1331 633 praedictis
1343 597 1515 625 adminiculis
1545 597 1755 625 demonstratio-

973 650 1034 670 nem
1065 642 1353 677 conﬁrmationemque
1365 643 1509 677 recipiant.

1009 689 1075 721 Quae
1089 695 1150 715 cum
1166 688 1201 715 ita
1221 695 1250 715 se
1266 689 1366 715 habere
1388 688 1443 722 jam
1463 688 1498 715 sit
1521 688 1702 723 exploratum.
1725 695 1766 715 ne.

975 732 1163 760 refutationem
1188 733 1296 768 quidem
1310 733 1450 768 suscipere
1466 741 1533 768 opus
1548 737 1618 765 erat,
1628 741 1662 761 ne
1685 733 1756 760 forte

976 777 1044 804 idem
1061 783 1141 811 atque
1154 777 1190 804 illi
1219 784 1331 812 peccare
1345 777 1503 810 videamur,
1532 778 1704 812 Ievitatisque
1731 782 1758 805 et

976 823 1089 851 inscitiae
1105 831 1186 851 causa
1203 824 1285 850 risum
1303 819 1516 856 commoventes,
1528 831 1617 857 parem
1642 823 1695 851 illis
1712 831 1756 851 re-

976 869 1183 903 prehensionem
1200 868 1382 901 incurramus,
1398 869 1443 903 qui
1457 867 1605 902 puerilibus
1622 868 1754 896 lricantur

975 913 1154 941 sermonibus.
1178 912 1246 940 Nam
1272 913 1319 948 qui
1349 912 1501 947 huiusmodi
1536 917 1695 947 arguments
1711 912 1759 939 ad-

975 959 1159 986 versariorum
1191 963 1315 986 evertere
1332 958 1441 990 nititur,
1465 958 1488 985 is
1508 958 1686 985 domunculas
1709 965 1758 990 po-

977 1003 1029 1032 tius
1061 1003 1119 1031 lusu
1146 1003 1242 1038 puerili
1267 1002 1411 1030 fabricatas
1431 1003 1536 1030 videtur
1560 1007 1733 1037 prosternere
1749 1022 1756 1033 .

975 1056 1056 1083 quam
1073 1048 1152 1076 rebus
1167 1048 1236 1083 apud
1257 1055 1352 1075 omnes
1367 1055 1429 1075 vere
1456 1048 1594 1082 sapientes
1621 1048 1761 1074 veritatis<

975 1100 1029 1128 que
1059 1093 1179 1120 cultores
1216 1093 1374 1121 certissimis
1407 1091 1586 1127 patrocinari.
1610 1092 1662 1119 Sed
1692 1092 1768 1126 quia,

977 1144 1104 1174 tanquam
1130 1138 1262 1166 arbitratu
1279 1145 1328 1166 suo
1355 1138 1492 1172 sapientes
1502 1145 1562 1165 esse
1578 1138 1681 1170 volunt,
1701 1143 1761 1164 tan-

977 1188 1089 1218 tmnque
1111 1190 1127 1211 a
1149 1184 1273 1211 veritatis
1293 1183 1383 1210 studio
1403 1183 1501 1210 absunt
1533 1188 1562 1210 nt
1586 1184 1757 1211 mendacium

977 1235 1033 1257 toto
1059 1228 1156 1256 alI'ectu
1182 1229 1390 1263 amplectantur,
1421 1229 1592 1256 cavillatione
1621 1229 1706 1256 multa
1731 1233 1760 1256 et

976 1274 1143 1313 stultiloquio
1162 1282 1194 1301 ac
1216 1274 1299 1301 veluti
1328 1274 1447 1301 balbulie
1472 1278 1589 1306 utentes,
1618 1275 1680 1301 ideo
1707 1281 1760 1301 non

976 1321 1036 1348 sine
1051 1319 1195 1347 multorum
1210 1319 1371 1347 detrimento
1386 1320 1442 1346 haec
1471 1319 1627 1346 blaterando
1655 1319 1759 1353 simpli-

977 1365 1064 1393 ciores
1090 1364 1238 1399 decipiunt,
1263 1364 1337 1399 gravi
1364 1364 1459 1391 horum
1476 1367 1585 1399 stupore
1598 1369 1624 1391 et
1640 1364 1759 1391 inconsi-

976 1411 1099 1439 derantia
1124 1411 1157 1438 ad
1174 1411 1348 1438 irretiendum
1376 1411 1530 1443 abutentes,
1545 1412 1630 1438 donec
1661 1411 1761 1439 multos

978 1463 1071 1483 secum
1093 1456 1244 1490 praecipites
1275 1455 1391 1482 trahant.
1402 1454 1506 1488 Quibus
1531 1462 1574 1483 ex,
1593 1455 1675 1482 rebus
1690 1454 1762 1489 jam-

978 1502 1023 1530 diu
1050 1501 1169 1529 nonnulli
1189 1509 1297 1536 quoque
1316 1508 1349 1528 ex
1365 1501 1397 1528 iis
1409 1502 1455 1536 qui
1470 1501 1596 1528 videntur
1620 1500 1759 1534 sapientes

977 1552 1005 1576 et
1037 1547 1206 1580 illustriores,
1233 1547 1390 1575 scandalum
1408 1547 1547 1582 patiuntur
1565 1555 1571 1573 :
1587 1546 1757 1581 quandoqui-

977 1592 1038 1620 dem
1050 1593 1157 1627 attingit
1169 1599 1239 1627 sape
1247 1593 1363 1627 optimos
1373 1592 1455 1619 etiam
1463 1591 1548 1624 labes.
1560 1598 1620 1626 qua:
1630 1591 1760 1626 pestilen~

979 1639 1014 1667 tis
1037 1639 1123 1666 instar
1137 1639 1234 1671 morbi,
1247 1639 1361 1671 eunetis,
1380 1643 1409 1666 ut
1432 1638 1516 1665 verbo
1528 1637 1627 1670 dicant,
1646 1637 1760 1667 exitium

977 1693 1055 1713 suum
1066 1685 1259 1712 communicat.
1271 1685 1375 1712 Etenim
1387 1684 1479 1719 specie
1492 1692 1523 1712 ac
1533 1683 1593 1711 fuco
1604 1691 1761 1712 sermonum

978 1731 1088 1758 auribus
1099 1730 1294 1758 blandientiuat
1310 1730 1423 1760 deliniti.
1433 1737 1521 1764 neque
1534 1730 1568 1756 ob
1581 1737 1657 1756 suam
1673 1730 1758 1756 inscie

978 1776 1042 1803 tiam
1066 1775 1191 1803 effossam
1218 1776 1400 1810 latentemque
1410 1775 1513 1803 foveant
1527 1775 1716 1809 prmvidentcs,
1734 1774 1761 1800 in

979 1822 1174 1850 incredulitatis
1209 1823 1321 1856 laqueos
1347 1821 1545 1849 inconsiderate
1589 1820 1758 1855 turpiterque

978 1868 1113 1895 labuntur.
1129 1867 1194 1894 Nam
1223 1868 1273 1895 sub
1290 1867 1493 1895 Christianismi
1513 1867 1640 1894 simulata
1658 1866 1758 1901 specie,

978 1914 1022 1941 hic
1033 1913 1077 1948 qui
1092 1913 1153 1940 talia
1167 1913 1287 1948 scripsit,
1301 1913 1482 1942 orthodoxam
1495 1918 1577 1940 totam
1592 1912 1759 1939 Cnristiani-

979 1963 1061 1987 tatem
1075 1959 1209 1986 hostiliter
1224 1958 1401 1993 depopulatus
1423 1963 1476 1986 est.
1494 1958 1540 1985 Sic
1566 1958 1668 1992 itaque.
1696 1956 1762 1983 nillil

978 2005 1135 2032 indecorum
1160 2011 1241 2039 agere
1264 2003 1464 2036 existimantes,
1490 2004 1516 2030 in
1545 2003 1596 2030 hoc
1632 2002 1764 2029 doctrina:

978 2059 1091 2078 examen
1106 2056 1212 2079 nosmet
1221 2050 1393 2084 canjecimus.
1407 2049 1500 2084 Neque
1511 2049 1696 2077 recusabimns
1710 2055 1760 2082 pn-

979 2098 1050 2125 trida
1067 2105 1100 2125 ac
1115 2097 1259 2125 dilabentia
1270 2101 1469 2125 etaraneorum
1488 2098 1614 2122 contextu
1630 2093 1764 2121 debiliora

140 2140 260 2173 ρυηκότα
276 2140 324 2166 καὶ
336 2140 474 2175 ἀραχνίων
488 2141 671 2177 ἀσθενέστερα
688 2143 721 2168 τὰ
733 2142 836 2169 τούτων
858 2143 924 2170 ἀπο-

979 2143 1074 2170 horum
1100 2147 1257 2177 argumenta
1275 2149 1422 2176 exponere,
1442 2146 1470 2168 ut
1496 2141 1541 2172 iis,
1559 2139 1682 2166 veritatis
1703 2145 1760 2170 ore,

140 2184 246 2218 φαίνειν
274 2185 467 2220 προϐλήματα,
487 2187 550 2218 τοὺς
577 2187 626 2221 τῆς
649 2187 779 2223 ἀληθείας
798 2188 926 2224 ἐλέγχους

140 2230 274 2265 εὐστόχως
300 2231 459 2265 ἐπάγοντες,
492 2231 530 2267 ᾡς
550 2231 583 2258 ἂν
600 2231 683 2268 δήλης
713 2233 798 2260 ἅπασι
825 2234 875 2269 τῆς
897 2235 926 2261 ὲν

140 2277 229 2308 αὐτοῖς
244 2276 359 2308 ἀτοπίας
388 2277 602 2313 καθισταμένης,
620 2279 757 2313 ὲπιγνοῐεν
772 2280 796 2306 oi
820 2280 927 2306 συνετοὶ

140 2321 169 2348 τὸ
193 2322 335 2356 ἀπατηλὸν
359 2322 447 2349 αὐτῶν
471 2323 519 2349 καὶ
543 2324 774 2358 κατεπτυσμένον,
805 2325 852 2351 καὶ
877 2326 927 2361 τῆς

140 2367 243 2393 ἑαυτῶν
259 2367 410 2402 ἀσφαλείας
434 2369 624 2404 προνοήσαιεν.
642 2369 703 2396 Ὀτι
719 2369 768 2404 μὲν
784 2368 830 2397 οὖν
846 2370 883 2403 ὡς
897 2372 926 2397 ὲν
953 2385 956 2388 -

141 2411 240 2439 ἅπασιν
255 2413 451 2445 ἀπνετοῦντες
464 2414 510 2440 καὶ
527 2414 794 2449 ἀμαθαίνοντες,κὰν
811 2416 926 2449 ταύταις

140 2457 360 2491 ἀποτιράλλονται
372 2460 431 2490 ταῖς
454 2460 567 2492 φωναῖς,
585 2459 624 2494 τῷ
638 2459 771 2495 ἅγράπτω
788 2461 861 2496 φημὶ
878 2461 925 2488 καὶ

142 2503 352 2538 ἀπεριγράπτῳ,
373 2503 409 2535 ὡς
430 2502 517 2538 οἶμαι,
535 2505 617 2531 παντί
634 2514 672 2540 τῳ
688 2506 773 2540 σαφές
784 2514 791 2521 ί
807 2507 847 2538 είς
860 2507 925 2535 ταύ-

141 2547 184 2574 τὸν
196 2549 342 2583 ἁμιρότερα
360 2549 578 2583 συνενεγκόντες,
601 2550 636 2576 τὰ
652 2550 682 2576 ὲν
702 2551 810 2582 πολλοῖς
830 2551 925 2586 διαφέ-

142 2602 232 2628 ροντα.
247 2595 312 2629 περὶ
333 2592 371 2621 ὧν
385 2595 427 2626 εις
456 2595 570 2630 ὕστερον
597 2596 796 2632 διαληψόμεῡα,
819 2598 869 2632 τήν
897 2589 931 2624 τέ

140 2638 272 2674 διαφορὰν
295 2641 344 2666 καὶ
361 2640 410 2675 τὴν
426 2641 475 2668 ἀπ’
495 2641 585 2668 αὐτῶν
605 2643 811 2678 σημαινομένην
840 2643 925 2670 δύνα-

143 2693 187 2719 μιν
199 2686 442 2721 ἒπισκεπτόμενοι.
472 2686 516 2714 Ἑν
535 2687 574 2724 τῷ
590 2688 705 2723 παρόντι
721 2688 761 2721 δὲ,
773 2690 805 2725 τῇ
822 2689 925 2717 τούτων

142 2730 307 2767 ἀπαιδευσίᾳ
315 2732 363 2759 καὶ
378 2733 498 2769 ἀμουσίᾳ
515 2733 776 2769 συγκαθιστάμενοι,
793 2735 862 2770 πρὸς
875 2736 925 2768 τὰς

142 2776 186 2803 τοῦ
193 2777 354 2806 διδασκάλου
365 2778 691 2816 σύτῶνᾉτροϐεϐλημένας
705 2780 805 2816 φωνὰς,
817 2782 925 2813 οἰκείως

981 2189 1155 2217 refutationes
1168 2194 1229 2223 apte
1242 2195 1413 2223 opponamus
1423 2196 1430 2221 ;
1442 2193 1523 2222 atque
1540 2186 1576 2213 ita
1590 2184 1764 2212 manifestata

980 2235 1105 2262 omnibus
1127 2235 1246 2270 ipsorum
1276 2234 1454 2266 absurditate,
1483 2236 1631 2268 agnoscant
1657 2230 1762 2258 cordati

980 2280 1104 2308 homines
1118 2279 1240 2306 fraudem
1265 2279 1370 2306 illorum
1393 2286 1424 2306 ac
1438 2278 1582 2310 vilitatem,
1599 2282 1627 2304 et
1648 2275 1764 2311 propriae

981 2325 1070 2352 tutela:
1095 2325 1249 2352 consulant.
1268 2325 1343 2358 Quod
1360 2324 1442 2359 igitur
1467 2323 1558 2350 stolidi
1574 2330 1606 2350 ac
1627 2322 1709 2349 rudes
1732 2321 1777 2356 in,

981 2371 1022 2398 bis
1035 2378 1143 2406 quoque
1160 2375 1252 2398 errant
1267 2370 1416 2402 vocabulis,
1441 2368 1610 2403 iudescripli,
1639 2368 1762 2401 inquam,

979 2422 1007 2444 et
1035 2416 1385 2450 incircumscripti,cuique
1411 2414 1581 2449 exploratum
1595 2418 1678 2448 puto;
1700 2413 1763 2440 dum

981 2462 1013 2488 ad
1029 2469 1111 2488 unam
1121 2461 1256 2488 notionem
1276 2465 1420 2495 utrumque
1436 2459 1589 2493 conferunt,
1603 2466 1663 2494 quae
1676 2463 1764 2486 tamen

981 2507 1058 2535 valde
1068 2507 1212 2540 diifernnl;
1229 2507 1262 2533 de
1273 2506 1369 2540 quibus
1380 2511 1472 2540 postea
1490 2504 1678 2537 tractabimus,
1701 2511 1764 2531 cum

982 2554 1100 2587 ipsorum
1109 2552 1287 2580 dill‘erentiam
1297 2557 1324 2580 et
1333 2551 1539 2587 signiticativam
1548 2550 1602 2578 vim
1612 2549 1766 2578 considera—

982 2598 1079 2626 bimus.
1096 2598 1124 2625 ln
1140 2597 1265 2633 prtesenti
1282 2601 1372 2624 autent
1386 2601 1481 2624 contra
1506 2597 1619 2623 istorum
1636 2596 1766 2630 ignoran-

983 2645 1046 2672 tiam
1072 2644 1291 2679 imperitiamque
1310 2643 1436 2676 accincti,
1453 2643 1486 2670 ad
1508 2650 1539 2670 ea
1556 2649 1615 2676 qua:
1643 2641 1764 2675 ipsorum

982 2691 1113 2726 magister
1128 2690 1256 2718 vocabula
1268 2690 1360 2725 objicit
1371 2690 1473 2725 peculia
1479 2697 1506 2717 re
1514 2689 1631 2716 studium
1639 2689 1761 2714 nostrum

982 2741 1182 2764 convertemus.
1201 2735 1284 2763 Porro
1296 2736 1470 2771 conspicuum
1482 2735 1544 2767 erit,
1560 2733 1632 2767 quod
1654 2732 1675 2759 si
1693 2731 1763 2766 ejus,

982 2783 1026 2817 qui
1043 2787 1136 2810 auctor
1146 2782 1207 2810 mali
1219 2782 1278 2816 fuit,
1293 2783 1434 2810 machinas
1444 2779 1643 2815 :lisjecorimus,
1655 2778 1763 2805 illorum
