1951 3077
274 143 328 175 227

276 205 309 225 ex
323 198 430 233 quibus
443 197 673 232 imagoconstat,
691 197 724 224 ab
748 197 866 226 hamiuis
891 204 988 226 natura
1009 207 1061 226 non
1079 204 1098 229 Α

277 244 414 271 diﬂ‘erant.
431 235 576 278 Oporteret
588 248 689 276 autem,
708 243 857 271 secundum
882 244 951 271 idem
979 245 1064 272 ratio-

277 290 389 322 cinium,
403 296 430 317 ιιι
439 298 483 318 res
491 295 605 324 utraque
613 290 735 317 eamdem
747 290 857 318 haberet
868 290 1064 323 deﬁnitionem,

283 341 364 370 alque
379 337 501 363 eamdem
515 340 674 370 sequeretur
684 335 955 362 consubstantialium
973 337 1066 363 condi-

278 383 396 409 tionem:
415 389 510 416 nempe
526 386 553 407 ut
565 382 644 407 homo
659 381 770 407 relative
786 381 818 407 ad
835 381 915 408 alitlm
930 382 1064 408 hominem

277 426 326 452 sub
347 426 469 452 eamdem
493 425 565 452 cadit
585 425 769 452 deﬁnitionem
784 445 791 457 ,
805 426 840 451 ita
863 430 890 452 et
911 426 1007 459 ﬁgura.
1033 426 1066 453 Et

278 471 406 504 quoniam
426 471 506 496 homo
518 469 669 496 estauimal
684 470 827 501 rationale,
845 471 968 501 mortale,
991 478 1066 497 men-

279 516 312 542 tis
329 520 355 542 et
369 516 489 542 scientia
508 523 610 550 capax,
628 516 772 549 imaginem
789 515 890 549 pariter
907 523 972 549 opus
997 516 1066 543 foret

280 561 414 587 rationale
431 561 530 587 animal
545 568 615 592 esse,
634 561 754 591 mortale,
771 561 869 587 mentis
891 561 1066 595 scientizequc

277 614 374 640 capax,
387 607 514 640 nullaque
526 614 553 632 re
563 606 702 633 differens.
717 606 798 640 Atqui
809 606 865 632 ﬁeri
883 615 934 633 non
948 611 1066 640 possent

278 652 330 678 tilla
345 651 496 679 siunlitudo
519 649 602 678 totam
632 652 797 678 adamussim
822 657 948 685 exaequet
966 653 1066 678 verita-

279 700 343 724 tem,
358 695 416 728 ipsa
440 695 540 721 veritas
556 695 671 721 aﬂirmat
691 702 750 720 cum
765 695 946 721 summatibus
960 696 1066 722 theolo—

277 741 319 773 gis
334 740 401 773 (l8).
422 741 477 767 lmo
492 741 573 766 etiam
599 747 661 766 vere
677 739 776 766 dicitur
799 739 880 767 homo
906 740 962 774 ipse
985 748 999 766 a
1024 747 1067 767 se-

283 790 339 812 met
354 785 476 816 differre,
492 793 523 812 ex
536 785 649 811 diversis
665 785 770 811 naturis
793 790 922 811 constans
934 804 941 816 ,
966 786 1065 817 anitum,

279 831 402 866 inquam,
415 836 442 857 et
453 838 588 864 corpore;
606 830 711 857 etiamsi
727 838 810 858 unum
824 831 888 864 quid
904 838 936 857 et
953 831 994 858 his
1018 839 1065 858 ex-

279 877 352 903 sistit
364 877 444 903 homo
461 885 468 902 :
487 880 603 910 utraque
619 876 691 902 enim
710 883 752 902 res
765 876 902 910 propriam
919 876 1002 903 habet.
1024 876 1067 903 tlc-
1082 867 1103 894 Β

280 923 427 950 linitionem
442 931 448 954 ;
465 929 582 955 namque
599 921 650 947 alia
666 927 706 947 est
725 922 822 948 anima:
842 921 921 954 ratio,
939 922 989 947 alia
1007 930 1067 948 cor-

280 969 364 1001 poris.
377 975 436 994 cum
449 966 612 994 diﬂ'erentiis
628 966 749 1000 pluribus
765 970 846 1000 atque
866 966 1064 993 accidentibus.

281 1013 382 1040 Sumus
399 1013 497 1047 quippe
516 1020 565 1039 nos
579 1003 732 1046 compositi,
751 1012 805 1038 imo
826 1013 987 1046 et,oppusiti
1012 1017 1066 1039 tum

279 1058 359 1086 nobis
372 1058 438 1092 ipsis
456 1063 509 1084 tum
528 1057 587 1084 aliis
607 1057 723 1084 invicem
742 1057 906 1084 hominibus.
930 1057 1067 1084 Mamonas

280 1109 368 1130 autem
385 1111 418 1130 ne
427 1103 575 1129 simulacra
591 1102 701 1136 quidem
717 1102 750 1128 ab
767 1102 800 1129 iis
823 1109 851 1128 re
868 1102 932 1134 ulla,
951 1110 1065 1136 quorum

279 1153 341 1175 sunt
351 1148 504 1180 simulacra,
522 1148 633 1175 diﬁerre
644 1149 767 1182 putabat,
785 1148 830 1174 sed
850 1148 971 1175 eamdem
987 1155 1067 1182 atque

278 1193 334 1231 24
347 1195 402 1227 illa,
419 1202 477 1227 quae
492 1198 698 1228 reprzesentaut,
715 1194 831 1221 retinuere
849 1199 971 1220 naturam
986 1199 1067 1229 atque

280 1240 471 1266 substantiam.
487 1240 612 1266 Attamen
627 1239 672 1272 qui
689 1238 747 1265 ﬁeri
765 1243 853 1273 potest
866 1245 895 1265 ut
921 1239 1010 1274 imago
1021 1240 1065 1266 di-

280 1290 357 1311 catur
371 1284 411 1310 vel
426 1284 613 1316 simulacrum,
630 1284 681 1310 uisi
700 1284 834 1310 diversam
856 1284 954 1311 habeat
974 1292 987 1311 a
1003 1293 1066 1320 pro-

281 1335 371 1365 totypo
384 1337 433 1357 suo
450 1330 592 1357 naturam?
608 1330 648 1357 Ab
660 1330 745 1361 omni,
769 1330 852 1364 igitur
881 1331 994 1358 veritate
1024 1339 1066 1359 se-

281 1375 404 1410 juugitur
424 1376 466 1402 hic
485 1375 711 1409 sapientissimus.
725 1379 806 1409 atque
826 1383 840 1401 a
857 1383 947 1403 rerum
965 1376 1064 1404 intelli-

280 1420 370 1455 gentia
391 1420 549 1455 longissime
571 1421 657 1447 abest.
685 1420 723 1446 En
740 1420 811 1447 aliud
830 1421 939 1455 insuper
959 1422 1030 1455 quod
1050 1430 1065 1448 a

281 1466 359 1494 nobis
376 1467 438 1493 huic
451 1466 502 1493 dici
519 1473 624 1504 tequum
649 1471 710 1493 est:
728 1473 823 1500 nempe
838 1468 936 1500 nescis,
962 1475 978 1494 ο
993 1467 1065 1494 colu-

282 1519 343 1538 men
361 1512 603 1546 philosophorum,
629 1518 655 1539 te
678 1512 786 1539 tuismet
810 1513 978 1546 argumentis
996 1513 1065 1540 irre-

280 1558 325 1584 tiri
347 1567 354 1584 :
376 1557 437 1591 quia
455 1557 539 1591 enim,
555 1562 584 1584 ut
600 1562 627 1584 tu
640 1558 698 1588 ais,
717 1558 976 1585 conattbstantialem
998 1559 1065 1585 ima-

281 1601 370 1634 ginem
385 1608 446 1628 esse
457 1605 598 1636 prototypo
614 1606 734 1635 oportet,
755 1602 898 1636 imaginem
913 1607 1002 1638 autem
1013 1605 1066 1631 cir-

282 1646 475 1680 cumscriptam
500 1654 561 1674 esse
573 1652 600 1674 tu
618 1655 725 1682 quoque
743 1648 875 1676 concedes
888 1651 986 1683 (neque
998 1651 1066 1684 quis-

282 1700 360 1725 quam
373 1693 440 1719 adeo
453 1693 579 1725 insaniet,
594 1699 621 1720 ttt
635 1694 685 1720 hoc
700 1693 800 1729 neget),
819 1696 941 1728 sequitur
959 1699 988 1722 ut
1005 1703 1066 1730 prc-

282 1743 402 1778 totxpum
426 1746 553 1774 altoque,
573 1745 664 1775 utpote
685 1741 932 1773 consubstantiale,
948 1742 1066 1769 circum-

280 1785 412 1819 scriptum
428 1786 473 1811 sit.
487 1785 554 1811 Nam
565 1785 806 1813 consubstantialia
822 1786 932 1814 diﬂ‘erre
946 1787 1014 1814 inter
1026 1796 1064 1820 se,

280 1829 351 1863 quod
367 1830 399 1856 ad
417 1831 596 1857 substantiam
612 1831 725 1864 attinet,
742 1839 853 1866 prorsus
878 1838 919 1860 est
942 1833 1067 1867 impossi-

282 1874 334 1900 bile
356 1883 362 1900 :
380 1874 598 1910 quandoquidem
621 1880 647 1902 tu
669 1883 777 1910 quoque
791 1877 1023 1911 circumscriptum
1041 1883 1068 1905 et

281 1921 544 1954 ineircumscriptum
572 1921 597 1947 in
625 1922 784 1948 substantiae
817 1922 921 1950 ratione
943 1931 1067 1957 compre-

281 1966 388 1994 hendis.
403 1965 431 1992 Si
448 1974 513 2000 ergo
540 1967 610 2001 apud
632 1971 658 1994 te
685 1967 781 2001 dogma
799 1969 922 2000 steterit,
941 1969 1066 1995 machina

280 2017 325 2038 tua
350 2012 502 2047 disjicitur,
528 2017 555 2039 et
579 2018 738 2048 argumenta
759 2017 918 2040 sternuntur
944 2014 1066 2041 veritatis

280 2056 371 2086 funda,
390 2057 527 2091 armisque
542 2057 602 2084 aliis
616 2057 702 2084 valide
714 2050 881 2092 expugnata.
907 2057 1012 2092 Reapse
1027 2064 1067 2086 ta-

280 2102 344 2128 lium
370 2103 562 2136 magistrorum
586 2103 690 2131 similes
719 2111 781 2132 esse
802 2107 941 2140 opportuit
959 2111 1067 2134 exertos

281 2156 353 2176 nunc
378 2149 541 2184 discipulos!
560 2148 667 2176 Talium
687 2155 760 2183 sunt,
786 2151 908 2185 inquam,
940 2159 1066 2179 arvorum

281 2194 402 2228 fruetus,
419 2202 450 2221 cx
474 2196 553 2222 malis
571 2195 697 2230 pessimi,
712 2203 745 2222 ex
763 2196 886 2230 turpibus
905 2197 1066 2230 turpissimi.
1083 2213 1105 2240 Β

1078 1534 1100 1563 C

315 2296 358 2323 l7.
378 2297 471 2323 Adhuc
503 2296 528 2323 in
557 2296 650 2323 eadem
675 2301 774 2326 mente.
800 2296 851 2328 vel,
877 2296 1011 2326 utverius
1028 2296 1066 2323 di-

280 2354 350 2378 cam,
363 2346 480 2372 amentia
513 2353 691 2380 perseverans
709 2345 794 2371 dicit:
812 2353 821 2369 ι
842 2343 878 2371 Ut
901 2349 986 2371 totum
1006 2351 1065 2371 ser-

281 2397 378 2425 vetur;
395 2391 495 2425 alioqui
520 2398 553 2418 ne
569 2391 657 2425 imago
670 2390 789 2424 quidem.
811 2399 819 2416 ι
848 2389 876 2415 ld
899 2396 1006 2424 quoque
1031 2391 1065 2416 ab

280 2438 384 2465 insania
400 2438 458 2471 ejus
477 2441 519 2464 est
539 2441 620 2471 atque
634 2435 802 2469 stupiditale.
822 2434 888 2460 Nam
902 2433 946 2467 qui
971 2442 1063 2461 saltant

278 2488 306 2510 et
322 2483 452 2517 integrann
466 2486 584 2509 mentem
599 2481 709 2512 habent,
727 2486 752 2507 et
767 2480 893 2514 loquendi
924 2479 1065 2506 rectitudi-

281 2535 342 2554 uem
356 2527 485 2559 retinent,
504 2525 670 2554 contrarium
687 2526 776 2559 potius
791 2525 890 2557 dicent,
907 2525 977 2558 quod
990 2525 1010 2551 si
1025 2529 1066 2551 to-

280 2577 335 2598 tum
357 2578 451 2605 nempe
465 2574 599 2601 servatur,
615 2569 685 2596 haud
699 2568 756 2603 jam
772 2569 859 2602 imago
873 2572 924 2601 est,
939 2567 987 2595 sed
1002 2567 1066 2594 ilhnl

280 2616 366 2649 ipsutn
380 2615 449 2650 quod
468 2614 599 2649 ﬁguratur
622 2620 628 2639 :
644 2620 761 2646 namque
781 2612 839 2639 hate
853 2612 944 2646 specie
965 2615 1067 2638 tantum

281 2668 334 2688 una
349 2660 498 2694 eademque
512 2666 555 2686 res
571 2659 708 2688 videntur,
730 2665 783 2684 non
799 2657 921 2690 sbbjecto
940 2665 946 2683 :
967 2656 1065 2683 Manio-

280 2715 331 2734 nas
345 2711 435 2734 autem
448 2705 544 2737 credit,
560 2703 612 2731 nisi
627 2704 715 2738 imago
731 2702 849 2729 animata
867 2703 902 2730 sit
916 2707 944 2729 et
959 2703 1068 2736 proprio

790 144 820 173 S.
842 143 1052 174 NICEPHORI
1072 143 1323 175 PATRIARCHJE
1343 143 1396 173 (ΞΡ.

1851 143 1903 173 εει

1113 199 1254 231 αλλάκτως
1281 199 1354 234 ἔχειν
1367 199 1402 225 τά
1416 206 1445 224 τε
1460 197 1592 233 χρώματα
1607 198 1657 224 καὶ
1671 197 1720 233 τὴν
1737 198 1821 233 ἄλλην
1836 199 1902 234 ὓλην

1115 244 1165 279 τὴν
1179 244 1282 279 ἄψυχον
1297 244 1326 277 ἐξ
1341 241 1379 270 ὧν
1397 244 1412 278 ἡ
1430 242 1511 269 εἰκὼν
1535 243 1698 278 συνέστηκε,
1713 243 1782 278 πρὸς
1795 244 1844 277 τὴν
1858 244 1904 270 ἀν-

1116 289 1227 323 θρώπου
1247 289 1338 323 φύσιν.
1355 288 1456 324 Ἐχρῆν
1466 288 1505 321 δὲ,
1521 288 1592 314 κατὰ
1612 289 1657 315 τὸν
1671 289 1792 315 τοιοῦτον
1811 289 1902 323 λόγον,

1116 335 1164 361 καὶ
1176 337 1361 362 ἐπικοινωνεῖν
1374 335 1412 370 τῷ
1425 334 1531 369 ὁρισμῷ
1543 335 1753 370 ἀμφότερα.καὶ
1762 335 1808 361 τὸν
1822 335 1903 362 αὑτὸν

1116 381 1272 412 ἀποσώζειν
1280 381 1359 414 λόγον
1370 380 1425 406 τῶν
1434 381 1586 415 ὁμοουσίων
1598 388 1605 395 ’
1618 377 1674 406 οἷον
1683 380 1757 406 ὥσπε
1764 389 1778 415 ρ
1795 380 1904 416 ἄνθρω-

1116 434 1165 457 πος
1195 428 1264 461 πρὸς
1281 426 1425 460 ἄνθρωπον
1455 425 1493 460 τῷ
1511 425 1586 459 αὑτῷ
1611 426 1666 460 ὅρῳ
1692 426 1905 455 ὑποπέπτωκεν.

1116 471 1188 498 οὕτω
1202 472 1248 499 καὶ
1264 472 1294 498 τὸ
1307 472 1467 506 ἀπείκασμα
1479 479 1486 485 '
1500 471 1546 497 καὶ
1560 472 1583 496 εί
1596 472 1609 496 ὁ
1624 471 1768 506 ἄνθρωπος
1783 471 1852 503 ζῶον
1861 471 1906 498 λο-

1116 518 1204 552 γικδν,
1222 517 1329 552 θνητὸν⁹
1341 516 1388 544 νοῦ
1407 517 1455 543 καὶ
1471 517 1628 552 ἐπιστήμης
1641 516 1778 548 δεκτικὸν,
1796 517 1843 543 καὶ
1855 525 1907 552 την

1117 564 1209 590 εἰκόνα
1235 563 1305 595 ζῶον
1329 563 1450 596 λογικὸν,
1471 562 1577 596 θνητὴν,
1603 562 1649 588 νοῦ
1672 562 1720 588 καὶ
1749 563 1907 597 ἐπιστήμης

1114 609 1240 637 δεκτικὸν
1265 609 1395 638 ὡσαύτως
1425 606 1505 639 εἶναι,
1536 608 1620 644 μηδὲν
1646 607 1905 642 παραλλάσσουσαν.

1122 654 1192 681 Ἀλλ’
1206 655 1253 688 οὐχ
1264 652 1319 680 οἶόν
1329 663 1358 680 τε
1370 654 1421 680 τῶν
1433 654 1618 688 είκαζομένων
1630 653 1706 679 οὐδὲν
1733 654 1802 689 πρὸς
1815 655 1907 681 πᾶσαν

1117 700 1281 732 ἐξικνεῖσθαι
1306 699 1434 733 καθαρῶς
1457 699 1506 734 τὴν
1523 699 1665 733 ἀλήθειαν,
1688 699 1704 734 ἡ
1728 699 1845 734 ἀλήθεια
1861 699 1908 733 βε-

1117 746 1199 775 ϐαιοῖ,
1213 745 1322 772 καὶτῶν
1336 745 1469 778 θεολόγων
1483 746 1507 770 οἱ
1525 744 1656 778 ἔκκριτοι.
1675 745 1729 770 Καὶ
1743 746 1757 770 ὁ
1773 744 1824 778 μὲν
1839 745 1907 780 ἀλη-

1117 790 1166 825 θὴς
1185 791 1264 824 λόγος
1280 790 1325 817 καὶ
1341 790 1387 816 τὸν
1411 790 1555 824 ἄνθρωπον
1583 789 1665 815 αὑτὸν
1696 789 1794 815 ἑαυτοῦ
1812 789 1909 823 διαφὲ-

1119 843 1177 869 ρειν
1191 832 1271 866 οἶδεν,
1284 834 1313 866 ἐξ
1327 834 1482 869 ἐτεροφυῶν
1497 833 1662 864 συνεστῶτα,
1676 834 1764 868 ψυχῆς
1774 834 1846 868 λέγω
1859 835 1909 860 καὶ

1119 881 1256 915 σώματος,
1271 881 1295 907 εἱ
1308 881 1356 907 καὶ
1371 881 1400 907 ἓν
1414 889 1440 907 τι
1457 881 1488 907 ὲκ
1510 880 1613 907 τούτων
1628 882 1642 906 ὁ
1664 880 1810 916 ἄνθρωπος
1820 890 1826 896 ·
1842 881 1909 907 ἑκά-

1117 935 1196 964 τερον
1211 927 1265 962 γὰρ
1279 928 1323 953 τὸν
1337 928 1436 953 οἰκεῖον
1452 927 1514 961 ὅρον
1532 926 1701 961 ἀποφέρεται
1713 934 1720 940 ·
1738 926 1817 957 ἄλλος
1829 926 1909 960 γὰρὸ

1117 972 1166 1006 τῆς
1181 972 1268 1007 ψυχῆς
1283 972 1371 1006 λόγος,
1388 972 1436 998 καὶ
1450 973 1463 998 ὁ
1480 972 1525 998 τοῦ
1549 972 1674 1007 σώματος
1687 971 1790 1006 ἕτερος,
1809 972 1909 1006 διαφο-

1119 1018 1180 1051 ραῖς
1208 1017 1236 1043 δὲ
1261 1018 1308 1044 καὶ
1332 1017 1521 1052 συμϐεϐηκόσι
1549 1018 1667 1045 πλείοσι,
1696 1017 1823 1043 Σύνθετοι
1851 1018 1909 1051 γὰρ

1078 1092 1083 1097 κ
1117 1063 1208 1096 ἡμεῖς,
1225 1062 1291 1089 ἀλλὰ
1305 1064 1352 1089 καὶ
1363 1063 1497 1089 ἀντίθετοι
1520 1063 1566 1089 καὶ
1580 1063 1689 1093 ἑαυτοῖς
1703 1062 1748 1088 καὶ
1764 1062 1907 1096 ἀλληλοις.

1123 1108 1151 1133 '0
1167 1108 1195 1133 δὲ
1212 1109 1272 1134 οὐδὲ
1290 1108 1325 1134 τὰ
1341 1108 1536 1143 ἀπεικάσματα
1555 1108 1626 1134 κατά
1642 1116 1668 1134 τι
1700 1107 1764 1141 γοῦν
1789 1107 1843 1133 τῶν
1863 1104 1906 1133 ὧν

1116 1153 1185 1179 εἰσιν
1224 1153 1420 1188 ἀπεικάσματα
1459 1153 1663 1188 παραλλάσσειν
1693 1153 1809 1187 ἠγεῖτο,
1847 1152 1910 1179 ἀλλ’

1116 1197 1274 1232 ἀκραιφνῶς
1288 1197 1442 1229 ἀποσώζειν
1456 1198 1524 1233 πρὸς
1538 1198 1571 1224 τὰ
1585 1197 1792 1231 ἀπειχαζόμενα
1800 1196 1830 1222 τὸ
1841 1198 1911 1231 ὀμο-

1117 1243 1183 1278 φυὲς
1203 1243 1250 1269 καὶ
1266 1243 1408 1277 ὁμοούσιον
1421 1252 1427 1258 ·
1443 1243 1501 1275 πῶς
1513 1243 1536 1269 δ’
1558 1244 1591 1269 ἂν
1603 1243 1642 1269 ἔτι
1663 1243 1745 1269 εἰκὼν
1763 1243 1811 1269 καὶ
1823 1243 1909 1269 ἀπεί-

1117 1297 1209 1324 κασμα
1222 1289 1341 1324 λεχθείη,
1358 1290 1382 1315 εἰ
1399 1289 1435 1324 μὴ
1450 1289 1480 1315 τὺ
1506 1289 1635 1320 ἀπεοικὸς
1653 1289 1710 1324 ἔχει
1736 1288 1774 1323 τῷ
1791 1289 1910 1323 ἑτεροίῳ

1116 1335 1170 1362 τῶν
1185 1335 1309 1370 (possunt;
1331 1337 1518 1371 Ἀπέρῤηκται
1534 1333 1580 1362 οὖν
1596 1335 1686 1370 πάντη
1704 1334 1753 1369 τῆς
1773 1334 1910 1369 ἀληθείας

1116 1383 1130 1407 ὁ
1144 1381 1308 1416 σοφώτατος,
1327 1381 1374 1407 καὶ
1391 1382 1486 1417 πόρρω
1509 1390 1561 1407 που
1587 1381 1638 1415 τῆς
1662 1380 1716 1407 τῶν
1733 1381 1912 1415 πραγμάτων

1117 1425 1294 1461 καταλήψεως
1306 1426 1518 1454 ἀποπέπτωκεν.
1536 1425 1628 1458 Ἀξιον
1642 1426 1671 1452 δὲ
1682 1426 1729 1452 καὶ
1743 1426 1823 1452 τοῦτο
1835 1425 1910 1460 πρὸς

1117 1472 1197 1499 αὐτὸν
1217 1473 1319 1499 εἰπεῖν·
1336 1473 1377 1499 ὅτι
1388 1472 1512 1508 Λέληθας
1530 1472 1642 1499 σεαυτὸν
1656 1471 1806 1505 κάνταῦθα,
1823 1469 1847 1498 ὧ
1862 1481 1913 1506 φι-

1117 1519 1299 1554 λοσοφώτατε,
1324 1520 1381 1551 τοῖς
1398 1519 1510 1550 οἰκείοις
1533 1519 1707 1554 περιπίπτων
1721 1519 1915 1554 ἐπιχειρήμα-

1118 1575 1160 1592 σιν
1171 1574 1178 1578 ·
1190 1565 1284 1600 ἐπειδὴ
1295 1565 1360 1600 γὰρ,
1374 1565 1443 1591 κατὰ
1459 1565 1504 1591 τὸν
1518 1565 1563 1591 σὺν
1578 1564 1668 1598 λόγον,
1678 1564 1824 1599 ὁμοοὺσιον
1835 1562 1915 1590 εἶναι

1116 1610 1157 1636 δεῖ
1172 1611 1223 1645 τὴν
1237 1610 1330 1636 εἰκόνα
1347 1609 1386 1644 τῷ
1411 1609 1592 1645 πρωτοτύπῳ,
1607 1611 1624 1644 ὴ
1643 1610 1673 1639 δὲ
1691 1609 1772 1635 εἰκὼν
1793 1610 1837 1635 ὅτι
1860 1619 1916 1636 πε-

1118 1657 1255 1693 ριγραπτὴ
1273 1657 1426 1692 συμφήσεις
1443 1657 1551 1687 πάντως
1565 1656 1611 1682 καὶ
1638 1655 1730 1688 αὐτὸς,
1749 1656 1779 1681 οὺ
1803 1658 1862 1691 γὰρ
1881 1656 1917 1683 ἂν

1117 1702 1188 1729 οὓτω
1206 1702 1302 1737 μανείη
1314 1710 1354 1732 τις
1371 1702 1408 1737 μὴ
1423 1701 1484 1736 οὐχ).
1499 1701 1585 1732 οὕτως
1608 1701 1680 1735 ἔχειν
1702 1700 1789 1727 ταῦτα
1811 1702 1916 1735 φάναι,

1118 1747 1194 1774 ἔσται
1208 1748 1255 1774 καὶ
1268 1748 1298 1774 τὸ
1314 1748 1491 1783 πρωτὸτυπον
1501 1746 1688 1782 περιγραπτὸν
1699 1746 1737 1778 ὡς
1749 1747 1916 1781 (lpum-36:07.

1117 1793 1157 1818 Τὰ
1171 1793 1225 1826 γὰρ
1244 1792 1372 1826 ὁμοοῦσια
1388 1792 1527 1828 διαφέρειν
1542 1791 1678 1827 ἀλλήλων,
1692 1791 1754 1818 ὅσον
1774 1792 1849 1818 κατὰ
1867 1794 1919 1818 τῖλν

1117 1838 1166 1873 τῆς
1181 1838 1276 1873 οὐσίας
1292 1837 1382 1872 λόγον,
1397 1837 1523 1872 οὐδαμῶς
1537 1835 1592 1864 οἷόν
1604 1837 1633 1863 τέ
1645 1838 1719 1863 ἐστιν
1734 1846 1740 1852 ·
1761 1837 1848 1871 ἡνίκα
1867 1839 1921 1864 καὶ

1118 1874 1198 1915 αὐτὺξ
1214 1883 1244 1910 τὺ
1256 1883 1445 1919 περιγραπτὺν
1461 1884 1509 1909 καὶ
1519 1883 1728 1918 ἀπερίγραπτον
1743 1883 1783 1914 εἰς
1797 1883 1846 1909 τὸν
1864 1884 1919 1917 τῆς

1117 1929 1211 1960 οὐσίας
1240 1929 1469 1964 παραλαμϐάνεις
1492 1929 1581 1963 λόγον.
1611 1928 1645 1954 Εἴ
1659 1937 1701 1954 σοι
1719 1926 1766 1955 οὖν
1795 1929 1832 1954 τὰ
1867 1930 1920 1955 τεῦ

1117 1973 1252 2008 δόγματος
1277 1974 1416 2009 στήσεται,
1442 1973 1648 2009 κατέστραπται
1662 1982 1708 1999 σου
1739 1974 1754 2007 ἡ
1785 1975 1920 2008 μηχανὴ,

1117 2018 1166 2044 καὶ
1183 2018 1360 2045 καταλέλυται
1381 2019 1415 2045 τὰ
1437 2019 1629 2053 ὲγχειρήματα
1654 2019 1687 2052 τῇ
1706 2017 1840 2053 σφενδόνῃ
1865 2019 1921 2052 τῆς

1118 2063 1248 2098 ἀληθείας
1266 2063 1384 2094 καὶτοῖς
1406 2062 1498 2093 ὅπλοις
1523 2061 1664 2096 κραταιῶς
1686 2061 1919 2095 ὲκπορθούμενα.

1120 2109 1223 2139 Ὄντως
1233 2108 1286 2135 ἔδει
1299 2107 1429 2134 τοιούτων
1439 2107 1608 2134 διδασκάλων
1633 2105 1770 2138 τοιούτους
1780 2102 1856 2132 εἶναι
1869 2108 1923 2132 xz‘:

1118 2153 1181 2184 τοὺς
1198 2152 1245 2179 νῦν
1257 2151 1448 2187 ἀνακύψαντας
1458 2151 1600 2186 φοιτητὰς,
1617 2151 1664 2177 καὶ
1679 2149 1810 2176 τοιούτων
1832 2150 1867 2182 ἐξ
1880 2148 1923 2177 ὧν

1119 2199 1202 2233 ὃμοια
1228 2198 1262 2225 τὰ
1283 2197 1418 2233 γεώργια,
1443 2196 1538 2223 κακῶν
1564 2197 1684 2223 κάκιστα
1711 2195 1758 2222 καὶ
1786 2196 1924 2231 αἰσχρῶν

1120 2244 1247 2278 αἴσχιστα

1156 2289 1199 2320 ιζ’.
1220 2289 1280 2314 Ἔτι
1296 2288 1343 2322 τῆς
1360 2288 1445 2323 αὐτῆς
1462 2287 1579 2320 ἑννοίας,
1607 2287 1624 2321 ἢ
1648 2285 1742 2317 ἀνοίας
1767 2287 1861 2312 εἰπεῖν
1877 2286 1923 2313 δι-

1120 2334 1273 2368 καιότερον,
1286 2333 1414 2368 ἐχόμενος
1428 2340 1521 2368 φησιν·
1539 2342 1548 2358 ι
1565 2332 1624 2358 Ἰνα
1637 2331 1666 2357 τὸ
1679 2331 1738 2357 ὅλον
1753 2330 1842 2366 σωθῇ,
1854 2331 1926 2358 ἐπεὶ

1119 2379 1182 2406 οὐδὲ
1196 2379 1287 2406 εἰκών.
1306 2389 1314 2404 ι
1334 2380 1390 2414 Τῆς
1407 2377 1512 2406 ἐκείνου
1526 2378 1612 2404 ταῦτα
1627 2376 1780 2411 παρανοίας
1794 2377 1845 2402 καὶ
1866 2377 1926 2411 τῆς

1119 2425 1284 2461 παχύτητος.
1300 2425 1331 2451 Ol
1347 2425 1400 2459 γὰρ
1418 2425 1483 2458 ὑγιᾶ
1501 2424 1549 2460 τὴν
1564 2424 1650 2459 φρένα
1665 2422 1849 2457 κεκτημένοι,
1869 2425 1927 2451 καὶ.

1121 2472 1214 2506 ἄρτιον
1232 2472 1279 2498 καὶ
1292 2471 1322 2497 τδ
1336 2472 1365 2497 ὲν
1379 2471 1470 2504 λόγοις
1485 2470 1593 2506 καίριον
1607 2469 1799 2510 διασώζοντες,
1813 2470 1848 2496 ὲκ
1870 2471 1927 2497 τοῦ

1120 2517 1243 2544 ἐναντίου
1260 2517 1377 2552 φήσουσι
1392 2516 1502 2553 μᾶλλον,
1515 2517 1555 2543 ὅτι
1572 2517 1596 2542 εἰ
1611 2516 1640 2542 τὸ
1655 2516 1716 2542 ὅλον
1732 2515 1928 2548 διασώζεται,

1121 2564 1181 2590 οὐδὲ
1193 2563 1286 2595 είκὼν,
1301 2563 1360 2590 ἀλλ’
1381 2563 1448 2591 αὐτὸ
1465 2563 1555 2589 ἐκεῖνό
1568 2564 1628 2589 ἐστι
1642 2561 1673 2588 τὸ
1693 2561 1929 2597 εἰκονιξόμενον,

1122 2609 1162 2642 οἷς
1176 2610 1206 2636 τὸ
1223 2610 1322 2636 ταύτὸν
1341 2609 1406 2636 εῖδει
1424 2609 1514 2644 μόνον,
1544 2608 1602 2644 ἀλλ’
1630 2608 1660 2635 οὺ
1678 2607 1717 2642 τῷ
1736 2608 1931 2643 ὑποκειμένῳ

1123 2656 1299 2691 ἐμφαίνεται.
1321 2655 1365 2690 Τῷ
1377 2656 1404 2682 δὲ
1422 2655 1589 2691 ὑπείληπται
1604 2655 1640 2686 ὼς
1659 2655 1683 2680 εἰ
1703 2654 1740 2689 μὴ
1755 2652 1805 2680 καὶ
1826 2653 1933 2689 ἔμιξα-

1122 2710 1168 2737 χον
1191 2702 1233 2737 εἴη
1260 2703 1307 2728 καὶ
1335 2702 1522 2736 αὐτοκίνητον,
1543 2700 1591 2728 καὶ
1606 2701 1657 2728 ὅσα
1681 2699 1728 2726 τοῦ
1754 2699 1932 2735 ἀρχετύπου

1907 1893 1920 1901 ,.

315 2809 371 2845 (18)
390 2807 702 2845 lntelligitNicephorius
717 2805 922 2845 _Nazianzeuum
955 2808 1025 2837 orat,
1043 2802 1065 2830 21

1125 2803 1162 2830 ιτ
1202 2803 1329 2839 Μηδεμία
1353 2802 1436 2830 είκὼν
1466 2803 1563 2838 φθάνει
1592 2802 1661 2838 πρὸς
1686 2802 1736 2837 τὴν
1766 2801 1934 2837 “meta-4,

281 2842 454 2878 ttuiia'imago
470 2843 605 2870 veritatem
619 2842 778 2878 assequitur.
