1951 3077
91 153 141 186 229

457 153 774 185 ANTIRRHETICUS
794 155 808 184 Ῑ
828 155 911 186 ADV.
932 156 1230 188 CONSTANTINUM
1246 159 1352 191 COPR.

1667 169 1720 202 230

91 210 149 237 οὐδὲ
160 208 256 248 εῑκῴν;
276 208 312 236 El.
327 208 357 235 δὲ
371 207 457 235 ταῦτα
469 209 520 235 οὐκ
530 209 647 242 εἰκόνος,
660 210 796 246 ἀνῄρηται
809 211 875 246 αὑτᾷ

939 217 1012 244 m_otu
1029 213 1152 247 praedita,
1164 219 1190 241 et
1202 215 1293 241 omnia
1308 215 1448 252 archetypi
1463 217 1592 246 attributa
1612 219 1723 256 habeat,-

91 257 104 282 ὸ
117 256 165 291 τῆς
184 255 290 286 εἰκόνος
300 255 381 289 λόγος
392 255 563 289 παντάπασι.
580 256 613 282 Τί
626 255 673 283 οὖν
687 257 815 291 ἐντεῦθεν
827 267 834 290 ;
850 259 881 285 τὸ

90 301 118 328 ἓν
132 301 179 328 καὶ
204 301 316 334 ταύτὸν,
344 302 415 327 κατὰ
438 301 537 328 ταύτὸν
555 303 603 328 καὶ
620 302 650 328 ἓν
675 301 745 330 εἶναι
771 304 880 331 καὶδύο

91 346 278 382 συμϐήσεται*
298 347 368 373 ἀλλὰ
392 347 440 373 καὶ
461 347 586 382 ἀλλήλων
612 348 721 380 εἰκόνας
747 349 880 384 γνωρίζε-

91 392 151 420 σθαι
169 394 218 419 καὶ
240 393 396 428 ἀρχέτυπα,
422 394 470 420 xui.
488 394 581 429 ὅμοιον
598 395 687 425 ἐκεῖνο
714 395 813 430 τούτῳ,
833 396 880 422 καὶ

90 439 206 474 ἔμπαλιν
217 439 298 466 τοῦτο
315 440 423 475 ἐκείνῳ.
440 441 494 474 Οὐχ
509 440 607 475 ὥσπερ
624 441 670 467 ἐπί
687 450 759 472 τινος
775 441 880 477 ἀνθρώ-

89 497 151 519 που,
165 487 233 522 φέρε
250 488 350 521 εἰπεῖν,
363 488 443 522 ὁμοία
461 488 510 523 μὲν
525 488 599 522 αὐτῷ
615 488 725 521 λέγεται
740 489 756 524 ή
772 489 877 515 ἐκείνου

89 533 178 565 εἰκὼν,
192 533 251 559 ἀλλ’
265 534 315 559 οὐκ
326 535 429 563 ἐκεῖνος
447 534 543 567 ὅμοιος
557 533 636 568 αὐτῇ.
651 534 705 560 Καὶ
721 534 753 568 δὴ
768 535 814 560 καὶ
831 535 878 560 ἀν-

88 580 287 615 τιστρέιξουσαν
324 580 373 614 τὴν
405 580 613 614 ἐνυπάρχουσαν
645 580 739 611 αὐτοῖς
774 579 877 615 σχέσιν,

88 625 184 660 ἐπίσης
212 626 261 652 καὶ
287 625 509 659 ἀπαραλλάκτως
542 624 632 659 ἔχειν,
659 625 707 650 καὶ
733 624 878 659 ἄνθρωπον

87 672 201 702 εἰκόνος.
225 671 263 706 μὴ
280 671 321 697 δτι
344 671 424 706 μόνον
445 670 593 706 ἀνθρώπου
618 671 710 696 εἰκόνα
731 670 876 705 εἰρῆσθαι·

87 717 131 742 ἐπὶ
149 716 258 748 τούτοις
272 717 323 752 ἤδη
343 716 390 743 καὶ
402 716 601 751 διαπορεῖσθαι,
618 716 748 750 ὁπότερον
761 716 876 750 θατέρου

86 762 171 789 αἴτιον
186 760 257 788 εἶναι
272 763 318 788 καὶ
332 763 478 797 πρότερον.
490 761 584 788 Ταῦτα
599 762 626 788 δὲ
644 763 693 797 τὴν
709 762 816 788 ἐκείνου
830 771 877 788 σα-

87 809 142 842 φῶς
159 809 312 844 παρίστησι
332 810 450 835 σύνεσιν.
467 806 543 842 Ἀρα
558 809 612 844 γὰρ
637 810 667 834 οὐ
684 808 814 843 κιϐδήλου
829 808 876 834 καὶ

88 855 335 890 παρενηνεγμένης
361 855 478 891 φρενὸς,
504 855 538 881 τὰ
565 855 682 882 τοιαῦτα
710 855 874 890 εὑρήματα;

87 900 224 927 Τοσοῦτον
237 902 444 933 ἀνεπίσκεπτος
460 902 509 936 τῆς
524 901 578 927 τῶν
596 901 681 927 ὄντων
699 901 817 935 φύσεως,
830 901 878 927 καὶ

85 948 136 973 τῶν
153 947 263 982 ἀληθῶν
273 947 383 982 μακρὰν
393 947 573 982 διῳκισμένος
583 946 777 977 κινδυνεύσειε,
789 947 877 972 ταῦτα

85 993 160 1019 οὐδὲν
175 994 291 1027 ἄμεινον
305 991 375 1019 εἶναι
391 992 446 1019 τῶν
458 994 486 1019 ὲν
502 994 558 1023 τοῖς
572 992 781 1025 γυναικωνίτισι
801 991 876 1024 παρὰ

85 1041 139 1070 τοῖς
161 1039 400 1073 κωθωνιζομένοις
416 1039 552 1074 γραῖδίοις
583 1038 654 1064 κατὰ
686 1038 738 1069 τὰς
767 1037 877 1072 μακρὰς

80 1085 192 1119 ὁμιλίας
207 1084 347 1120 ᾀδομένων
363 1084 589 1120 μυθολογήματα.

119 1178 164 1210 ιη’.
183 1175 229 1207 Ὧς
243 1173 290 1202 οὖν
306 1175 407 1209 ἥκιστα
424 1175 498 1210 αὑτῷ
509 1175 652 1207 εὐσεϐείας
671 1176 775 1210 προσῆν
796 1175 876 1202 ἔναυ-

87 1219 140 1254 ᾶμα
154 1219 278 1252 πώποτε,
302 1219 363 1246 οὐδὲ
385 1219 498 1254 λογικῆς
528 1220 687 1255 ἐπιστήμης
710 1220 762 1246 κᾶν
788 1220 875 1255 βραχὺ

84 1264 148 1298 γοῦν
161 1273 187 1290 τι
204 1265 376 1298 περιγέγονε.
393 1264 481 1290 Πόθεν
495 1265 549 1299 γὰρ
570 1265 646 1298 αὐτῷ
666 1265 753 1291 αἰτίου
770 1266 818 1291 καὶ
831 1266 875 1291 αξ-

84 1310 174 1336 τιατοῦ
191 1310 207 1345 ἢ
221 1312 271 1344 τῆς
286 1310 333 1336 τοῦ
349 1310 444 1345 ὁμοίου
461 1311 641 1346 παραθέσεως
654 1311 668 1336 ό
683 1310 763 1344 λόγος
775 1311 875 1337 διασω-

85 1357 209 1390 θήσεται,
230 1356 292 1390 ἥτὸ
321 1356 434 1390 μετέχον
453 1356 501 1382 καὶ
528 1355 721 1390 μετεχόμενον,
748 1356 876 1391 ἑτερότης

83 1410 112 1427 τε
142 1401 191 1427 καὶ
221 1401 338 1436 διαφορὰ
358 1401 589 1437 ἐπικριθήσεταις
608 1402 681 1436 ἇπερ
705 1402 751 1428 ἐπί
775 1411 805 1428 τε
826 1402 873 1429 τοῦ

84 1447 240 1481 ἀρχετύπου
257 1448 303 1473 καὶ
318 1447 368 1481 τῆς
383 1448 487 1479 εἰκόνος
502 1447 624 1480 φυσικῶς
638 1447 821 1482 ὲνθεωρεῖται,
842 1448 876 1474 τὰ

85 1494 133 1527 μὲν
144 1493 193 1527 τὴν
208 1493 301 1527 σχέσιν
316 1494 362 1519 καὶ
375 1493 425 1528 τὴν
448 1493 578 1528 ποιότητα
598 1493 646 1528 τὴν
663 1494 692 1518 ἐν
715 1493 818 1525 αὐτοῖς,
839 1494 874 1520 τὰ

83 1536 152 1564 δὲτὸ
166 1539 289 1572 ἑτεροῖον
308 1538 356 1563 τοῦ
376 1537 561 1572 ὑποκειμένου
584 1538 649 1572 ἡμῖν
667 1538 872 1573 ὑπογράφοντα.

85 1580 169 1614 οὗτος
191 1583 221 1609 δὲ
239 1583 270 1609 τὸ
290 1583 390 1610 ταύτὸν
411 1583 458 1610 καὶ
475 1583 686 1617 ἀπαράλλακτον
711 1584 753 1609 ἐπ’
771 1585 873 1619 ἀμφοῖν

85 1631 238 1664 τιθέμενος,
257 1630 357 1665 ἀγνοεᾳ
369 1630 419 1664 τῆς
436 1630 490 1656 τῶν
507 1629 592 1656 ὄντων
615 1630 798 1664 ἐπισκέψεως,
828 1630 873 1656 τὸν

84 1674 130 1708 τῆς
143 1674 249 1705 εἰκόνος
269 1674 349 1706 λόγον
377 1674 533 1709 δλοτρόπως
560 1674 676 1706 ἀνεῖλεν,
704 1675 773 1710 ὅπερ
799 1675 874 1703 ἐστὶν

84 1719 226 1746 ἀδύνατον.
252 1719 331 1747 Οὕτω
348 1720 402 1755 γὰρ
417 1721 465 1747 καὶ
491 1720 545 1746 τῶν
562 1721 734 1755 πραγμάτων
754 1722 769 1756 ἡ
788 1721 872 1755 φύσις

84 1766 158 1801 αὐτῷ
175 1766 433 1801 παρακεχάρακται.
454 1765 525 1792 Ἀλλ’
539 1766 614 1793 ἔοικα
631 1768 663 1802 τῇ
685 1767 753 1802 αὐτῇ
776 1768 874 1803 ἐκείνῳ

83 1809 250 1845 ἀπαιδευσίᾳ
266 1810 549 1845 συμπεριηνεγμένος,
565 1810 612 1836 τὸν
623 1811 664 1842 εἰς
685 1811 796 1846 μνήμην
810 1811 873 1838 τού-

83 1863 135 1882 των
150 1856 203 1881 οὐκ
214 1855 367 1890 ἀφιγμένον
382 1855 494 1882 πώποτε
507 1855 736 1890 καταιτιώμενος.
760 1856 874 1892 Δόξαιμι

83 1900 134 1934 γὰρ
146 1899 181 1926 ἂν
196 1900 295 1926 ταύτόν
311 1908 338 1926 τι
351 1902 449 1931 ποιεῖν,
461 1900 500 1932 ὡς
511 1899 537 1926 εί
549 1908 592 1931 τις
602 1900 648 1926 τὸν
661 1901 782 1936 γεωργὸν
796 1902 812 1935 ἢ
828 1902 873 1929 τὸν

84 1945 230 1979 βάναυσον,
246 1945 285 1979 τῷ
305 1945 466 1981 θεωρητικῷ
484 1945 636 1972 διευθύνειν
658 1947 823 1983 ἐπιχειροίη.
841 1948 875 1974 Τί

82 1990 134 2024 γὰρ
147 1989 191 2015 δεῖ
201 1989 247 2016 τὸν
263 1989 427 2025 ἀνδροφόνον
457 1990 505 2016 καὶ¹
531 1991 650 2025 ἄμουσον
677 1991 801 2025 λογικαῖς
824 1993 873 2027 ὲιρ-

83 2035 151 2066 όδοις
169 2035 412 2070 μετέρχεσθαι,τὸν
422 2036 535 2071 αἰμασιν
544 2037 724 2072 ἀνθρωπείως
733 2038 874 2065 καὶταῦτα

83 2081 256 2116 Χριστιανῶν
272 2081 412 2116 χαίροντα,
427 2082 490 2108 κυσί
505 2090 534 2108 τε
551 2082 598 2108 καὶ
622 2083 699 2109 συσὶν
722 2083 874 2117 ὲτιαγαλλό⁸

84 2134 174 2160 μενον,
187 2124 228 2157 οἷς
244 2126 276 2153 τὸ
291 2126 373 2154 πλέον
384 2127 435 2162 τῆς
446 2127 520 2163 ζωῆς
543 2127 724 2164 χαριζόμενος
745 2128 873 2164 ἔνειμεν;

82 2172 141 2198 ὃθεν
158 2172 235 2207 αὐτῷ
253 2172 270 2207 ἠ
286 2172 385 2208 μελέτη
399 2173 454 2200 τῶν
472 2172 617 2208 δογμάτων
634 2173 796 2208 ἐξήρτηται,
824 2174 874 2200 καὶ

932 266 965 285 ne
983 259 1126 293 imaginem
1143 261 1253 295 quidem
1268 270 1346 296 posse
1366 260 1429 291 dici.
1446 263 1523 299 Quod
1543 266 1566 293 si
1591 266 1649 294 luet:
1668 275 1723 295 non

930 309 994 330 sunt
1010 305 1134 339 imaginis
1151 307 1271 340 propria,
1284 309 1372 336 omnis
1389 311 1457 337 ratio
1474 312 1600 346 imaginis
1619 313 1656 340 illi
1674 322 1723 348 pe-

931 349 976 374 rit.
996 348 1065 382 Quid
1079 358 1142 385 ergo
1155 351 1217 378 hinc
1230 354 1480 390 sequitur?nempe
1497 363 1524 383 ut
1540 366 1593 384 una
1611 360 1723 387 eadem-

929 401 982 428 que
996 402 1048 427 res,
1062 401 1088 422 et
1103 404 1155 423 una
1177 397 1257 423 simul
1278 399 1312 425 sit
1338 404 1365 426 et
1387 401 1466 428 dine:
1493 402 1548 429 imo
1577 408 1605 430 ut
1628 410 1722 430 mutuo

930 439 1060 474 imagines
1075 442 1167 469 sintel
1184 445 1351 479 archetypa;
1372 451 1399 473 et
1425 447 1475 474 hoc
1495 448 1543 480 illi,
1569 449 1632 476 illud
1658 450 1723 477 huic

928 486 1047 513 vicissim
1061 488 1149 515 simile
1163 490 1208 516 sit.
1223 491 1319 523 Aliter,
1333 493 1448 526 exempli
1469 501 1562 526 causa,
1586 500 1667 529 atque
1693 499 1719 522 In

929 531 1037 559 homine
1061 535 1206 567 usnvenit,
1233 537 1275 562 cui
1296 537 1384 571 imago
1408 538 1506 565 dicitur
1535 539 1648 571 similis,
1668 549 1723 568 non

930 578 1010 604 homo
1024 579 1144 614 imagini.
1160 581 1268 615 Alioqui
1290 584 1494 610 cnnvcrtibilcut
1518 585 1648 612 haberent
1661 576 1720 613 ’ἀθ-

929 624 1141 651 nominationem
1158 633 1253 660 suam;
1278 627 1313 654 ita
1327 633 1356 654 ut
1374 636 1449 663 a‘qne
1476 630 1720 666 indifl'crenterqne

930 669 1010 696 homo
1027 672 1108 698 etiam
1120 672 1256 707 imaginis,
1271 678 1297 700 et
1314 682 1367 701 non
1386 681 1489 702 tantum
1523 676 1610 712 imago
1631 678 1719 704 homi-

930 715 971 742 nis
989 716 1126 743 diceretur
1153 723 1255 752 :atque
1283 719 1318 746 ita
1337 720 1511 747 dubitaretur
1527 726 1616 748 ntrnin
1629 723 1719 749 utrius

927 762 1005 795 origo
1030 767 1100 789 esset
1127 768 1153 789 et
1172 765 1345 792 antecedens.
1371 765 1434 792 Huic
1459 767 1565 793 scilicet
1588 767 1719 796 Maniome

928 812 1041 831 acumen
1059 806 1209 835 declarant.
1233 807 1325 835 Nonne
1338 810 1409 835 enim
1435 810 1519 837 futilis
1542 815 1568 837 et
1594 812 1719 838 alienata:

929 851 1108 878 mentishacc
1133 858 1287 880 commenta
1309 855 1390 881 sunt?
1406 855 1517 882 Adeone
1543 856 1588 883 hic
1618 858 1719 884 inscius

929 900 1031 922 natura:
1047 903 1136 923 rerum
1152 904 1208 930 est,
1231 902 1257 925 et
1273 907 1287 926 a
1314 900 1428 928 Veritale
1454 902 1547 935 procul
1576 905 1720 930 semotus?

928 941 1081 968 Periculum
1096 947 1150 975 est,
1163 949 1192 970 nt
1218 945 1275 971 hmc
1309 945 1394 973 nihilo
1418 948 1528 974 meliora
1553 949 1616 981 sint,
1634 957 1716 983 quam

928 993 988 1020 qua:
1006 987 1031 1013 in
1056 989 1190 1022 gyiueceis
1213 997 1226 1014 a
1247 989 1387 1018 biltacibns
1404 993 1501 1021 vetulis
1528 995 1598 1022 inter
1626 995 1719 1030 longas

927 1032 1164 1060 coufabulationes
1191 1035 1283 1062 naenia:
1302 1042 1446 1065 canuntur.

964 1169 1006 1196 l8.
1021 1169 1116 1196 Nullus
1133 1170 1226 1205 itaque
1239 1171 1302 1198 huic
1317 1171 1388 1199 inest
1404 1178 1484 1200 rectae
1498 1173 1635 1208 religionis
1649 1175 1716 1209 igni.

926 1215 1019 1249 culnsl.
1041 1223 1128 1250 neque
1152 1216 1244 1249 logica:
1263 1217 1384 1245 scicntite
1406 1219 1446 1246 vel
1466 1221 1612 1246 tantillum.
1639 1219 1717 1248 Unde

926 1260 997 1286 enim
1018 1259 1042 1286 ei
1062 1267 1143 1287 causa
1161 1266 1187 1288 et
1209 1267 1369 1293 causatum,
1393 1263 1434 1290 vel
1463 1264 1591 1291 similium
1624 1272 1716 1292 mutua

926 1305 1094 1339 comparatio
1110 1307 1264 1334 constabit?
1283 1308 1325 1334 vel
1344 1309 1508 1343 participans
1528 1314 1553 1336 et
1574 1311 1717 1345 participa-

927 1355 994 1384 tum,
1008 1351 1050 1378 vel
1066 1351 1210 1379 diversitas
1227 1358 1255 1379 et
1270 1353 1422 1380 differentia
1438 1355 1646 1388 dijudicabitur?
1657 1364 1717 1390 quas

926 1397 1034 1435 quidem
1046 1397 1070 1423 in
1084 1398 1231 1433 archetypo
1246 1404 1274 1425 et
1296 1399 1412 1434 imagine
1433 1401 1595 1427 naturaliter
1609 1403 1719 1435 conspi-

926 1442 1044 1474 ciuntur,
1059 1443 1157 1477 partim
1181 1444 1341 1471 relationem
1359 1445 1469 1472 illorum
1492 1451 1519 1473 et
1545 1447 1714 1480 qualitatem,

926 1488 1023 1522 partim
1039 1489 1152 1523 subjecti
1170 1490 1353 1518 diversitatem
1368 1491 1445 1518 nobis
1457 1493 1657 1520 describentia?
1668 1494 1718 1520 Hzc

925 1539 1014 1561 autem
1041 1535 1111 1562 idem
1141 1535 1392 1569 atqueindiﬂ'erens
1426 1538 1452 1564 in
1480 1543 1596 1573 utroque
1613 1535 1716 1574 pauens

925 1578 1035 1614 (quippe
1055 1587 1100 1607 res
1118 1581 1306 1608 considerandi
1334 1582 1454 1618 ignarus)
1480 1588 1562 1610 totam
1589 1584 1716 1619 imaginis

925 1625 1057 1652 rationem
1086 1627 1211 1658 sustulit,
1239 1628 1310 1661 quod
1337 1635 1450 1662 prorsus
1473 1629 1530 1655 ﬁeri
1552 1631 1653 1664 nequit.
1669 1629 1715 1655 Sic

924 1671 996 1697 enim
1016 1679 1104 1698 rerum
1118 1679 1226 1706 quoque
1252 1678 1348 1699 natura
1376 1674 1410 1701 ab
1426 1682 1458 1701 eo
1474 1674 1638 1702 aboleretur.
1660 1675 1713 1702 Sed

922 1714 976 1749 jam
993 1716 1058 1742 milii
1079 1715 1170 1743 \ideor
1188 1719 1213 1743 iu
1230 1717 1322 1744 eadem
1345 1725 1376 1744 ac
1395 1719 1452 1752 ipse
1470 1719 1576 1746 inscitia
1592 1720 1693 1746 versari
1705 1740 1713 1751 .

925 1761 987 1787 dum
1001 1769 1062 1788 eum
1077 1762 1246 1796 reprehendo
1260 1763 1306 1797 qui
1320 1763 1420 1790 nullatn
1434 1772 1549 1799 linquant
1565 1773 1653 1791 rerum
1668 1765 1714 1792 ha-

925 1814 984 1833 rqu
998 1807 1123 1833 notitiam
1137 1808 1241 1835 habuit.
1263 1808 1368 1836 Credar
1382 1810 1453 1836 cuitu
1472 1811 1541 1837 idem
1564 1811 1663 1843 facere,
1681 1819 1714 1838 ac

926 1851 947 1878 si
958 1852 1018 1886 quis
1032 1852 1178 1886 agricolam
1188 1858 1236 1880 aut
1249 1853 1367 1885 bajulum
1384 1855 1548 1888 speculativa
1567 1855 1712 1889 disciplina

925 1897 989 1923 velit
1002 1896 1158 1924 informare.
1177 1898 1487 1930 Quidenimmaunnonm
1505 1906 1622 1927 cruento
1640 1901 1714 1928 rudi-

924 1950 976 1976 que
988 1942 1090 1969 homini
1104 1950 1164 1969 cum
1182 1943 1278 1977 logicis
1299 1943 1472 1972 faettltatibus
1492 1946 1592 1980 negotii
1610 1946 1663 1972 sit?
1687 1947 1712 1973 ei

925 1995 1020 2022 nempe
1033 1989 1077 2022 qui
1091 1989 1219 2021 humano,
1235 1994 1260 2015 et
1276 1989 1384 2023 quidem
1398 1990 1628 2023 Christianorum,
1648 1993 1713 2017 sail.

924 2033 1003 2066 gulne
1016 2033 1069 2068 25
1083 2034 1190 2069 gaudet,
1208 2035 1321 2061 canibus
1334 2036 1461 2070 aprisqne
1477 2037 1635 2069 delectatur,
1654 2039 1713 2071 qui-

925 2079 974 2106 bus
986 2079 1129 2114 plurimam
1142 2080 1204 2107 vitae
1224 2088 1278 2107 sua:
1297 2087 1399 2115 partem
1428 2083 1578 2116 impendit;
1602 2084 1671 2110 unde
1689 2083 1713 2110 is

924 2125 1049 2152 videlicet
1063 2126 1267 2154 meditationem
1279 2129 1431 2162 dugmatum
1447 2128 1557 2160 didicit,
1573 2129 1714 2163 multaeque

924 2169 1043 2196 scientia:
1055 2170 1088 2196 ab
1106 2170 1290 2204 hujuscemodi
1305 2172 1442 2199 exercitiis
1454 2180 1588 2200 summam
1598 2173 1713 2208 collegit.

83 2218 128 2252 τῆς
145 2217 249 2252 πολλῆς
263 2218 419 2254 ἐπιστήμης
441 2218 486 2245 διὰ
502 2219 553 2254 τῆς
565 2218 620 2245 τῶν
639 2218 769 2245 τοιούτων
782 2219 872 2254 ἀσκή-

927 2215 1063 2242 Mittamus
1087 2223 1159 2243 nunc
1185 2216 1316 2251 reliquam
1333 2219 1415 2244 vitam
1438 2218 1538 2250 dicere,
1553 2226 1632 2253 quam
1652 2227 1714 2246 nar-

83 2271 150 2294 σεως
167 2263 398 2300 συναγήγερταιή
411 2263 574 2299 κατάληψις.
595 2265 700 2300 Ἐῶμεν
715 2262 800 2291 τᾶλλα
826 2264 876 2291 τοῦ

83 2308 141 2343 βίου
153 2309 246 2344 λέγειν
255 2309 290 2336 τὰ
300 2309 360 2342 νῦν,
371 2309 388 2337 ἃ
401 2311 448 2336 καὶ
463 2309 555 2344 λέγειν
565 2310 689 2345 αἰσχρὸν,
703 2311 750 2337 καὶ
763 2310 875 2337 ἀκούειν

81 2353 219 2389 λεγάντων
229 2355 408 2390 αίσχρότερόν
421 2363 451 2381 τε
464 2355 512 2382 καὶ
526 2355 608 2391 βλαϐε
614 2356 742 2391 ρώτερον.
757 2356 804 2387 Τίς
820 2355 875 2391 γὰρ

82 2400 116 2427 ἂν
129 2401 183 2428 iam.
193 2400 340 2436 ἄνθρωπον
353 2401 557 2436 κυνηλατοῦντα
584 2401 630 2428 καὶ
653 2402 724 2428 συῶν
749 2401 798 2427 καὶ
815 2401 875 2428 ἑλά-

82 2453 142 2478 φων
160 2444 223 2479 ἴχνη
249 2445 314 2471 κυσὶ
331 2445 378 2471 καὶ
394 2445 492 2481 Θηρσὶν
506 2445 638 2477 ὡσαύτως
662 2445 874 2481 περιαθροῦντα,

83 2491 129 2517 καὶ
146 2491 199 2525 τῆς
213 2491 296 2526 φίλης
313 2492 426 2523 ἱππείας
440 2491 476 2524 ὡς
493 2491 607 2527 ἡδίστης
620 2491 875 2527 περιαλήλιμμένον

82 2539 130 2565 καὶ
143 2538 320 2573 δεδευμένον,
334 2539 382 2565 καὶ
396 2539 435 2570 ὡς
446 2538 564 2569 εὐώδους
589 2538 678 2573 μύρου
690 2537 875 2573 ἀντειλημμέ-

80 2592 137 2616 νον,
151 2586 212 2615 τοῖς
224 2583 339 2618 ὑψηλοῖς
350 2584 399 2620 τῆς
414 2584 557 2616 εὐσεϐείας
573 2584 703 2619 ἀσφαλῶς
728 2585 774 2611 καὶ
791 2584 874 2618 ὑγιῶς

80 2629 287 2665 προσδαίνοντα
317 2630 449 2665 δόγμασις
472 2630 551 2666 Ῥᾷον
573 2630 628 2665 γὰρ
650 2630 683 2657 ἄν
698 2639 740 2661 τις
768 2627 879 2657 ἀκούων

80 2675 194 2709 οίσειεν,
210 2677 241 2703 ἐν
258 2675 342 2712 κώπῃ
359 2676 410 2711 τὴν
432 2676 585 2712 κεραμείαν
603 2676 620 2711 ἢ
643 2675 790 2711 γεωργίαν,
808 2676 876 2702 ἁλλὰ

81 2722 122 2759 μὴ
135 2722 188 2757 τὴν
202 2722 344 2749 ναυτιλίαν
359 2722 422 2749 τινὰ
441 2721 662 2752 ὲκπαιδεύεσθαι,
681 2721 727 2747 καὶ
752 2721 876 2756 θωρακο-

81 2767 224 2802 φοροῦντα
239 2767 418 2794 θαλαττεύειν
432 2767 535 2802 μᾶλλον
546 2767 600 2805 ὀὐχ
617 2765 781 2798 ὁπλιτεύειν,
798 2766 814 2801 ἣ
831 2766 876 2793 τὸν

79 2813 110 2839 ιν
127 2813 235 2849 κοπρίᾳ
247 2813 484 2849 καὶσίσχρότησιν
499 2813 630 2849 ὰῤῥήτοις
645 2812 875 2854 εμμολζυνόμενον,

79 2858 131 2886 καὶ
147 2860 231 2895 χερσὶ
256 2859 499 2896 καθῃμαγμέναις,
523 2860 570 2886 καὶ
591 2858 733 2894 ἀκολάστῳ
752 2859 875 2895 γλώσσῃ,

926 2269 987 2288 rare
1001 2266 1080 2296 turpe
1100 2266 1153 2295 est,
1171 2263 1265 2290 audire
1289 2268 1379 2291 autem
1408 2270 1545 2291 narratam
1563 2266 1668 2299 turpius
1682 2273 1714 2292 ac

926 2307 1116 2342 perniciosius.
1133 2306 1200 2334 Nam
1218 2309 1279 2342 quis
1291 2317 1409 2343 unquam
1428 2310 1494 2337 vidit
1511 2311 1646 2337 hominem
1669 2319 1714 2336 vc.-

926 2357 1060 2385 natorem,
1077 2361 1206 2388 aprorum
1220 2361 1416 2390 cervorumque
1432 2356 1555 2391 vestigia,
1571 2364 1620 2383 ceu
1633 2364 1714 2384 canes

926 2396 1043 2435 feraeque
1060 2398 1161 2432 solent,
1177 2403 1398 2433 persequentem,
1413 2400 1510 2427 dilecto
1525 2401 1714 2434 agitandarum

926 2450 1055 2478 equorum
1070 2444 1159 2470 studio
1170 2444 1292 2471 deditum
1308 2449 1335 2471 et
1351 2445 1506 2472 devinctum
1518 2465 1526 2477 ,
1549 2445 1628 2479 idque
1652 2454 1715 2473 sua-

927 2489 1028 2516 vissimi
1050 2490 1181 2525 unguenti
1197 2490 1256 2517 loco
1270 2490 1425 2523 habentem,
1438 2491 1600 2519 sublimibus
1613 2493 1715 2526 pariter

927 2535 1066 2569 religionis
1083 2536 1255 2570 dogmatibus
1277 2539 1335 2564 tuto
1351 2544 1382 2563 ac
1395 2537 1542 2564 salubriter
1571 2545 1599 2565 se
1625 2538 1714 2566 inuui-

926 2580 1060 2607 scentem?
1069 2580 1187 2608 Facilius
1201 2582 1334 2616 quispiam
1347 2582 1450 2615 credet,
1467 2582 1501 2609 ab
1511 2590 1543 2610 eo
1553 2583 1597 2617 qui
1612 2591 1714 2610 remum

927 2631 1000 2654 tenet
1014 2626 1133 2662 figlinum
1149 2633 1194 2654 aut
1216 2625 1408 2663 agriculturam
1425 2636 1476 2663 pro
1497 2637 1524 2655 re
1542 2629 1650 2656 nautica
1667 2631 1715 2656 do-

927 2672 995 2705 ceri,
1010 2673 1051 2699 vel
1069 2673 1212 2700 loricatunt
1226 2674 1360 2701 hominem
1379 2675 1562 2710 navigationis
1580 2675 1638 2701 loco
1664 2675 1715 2701 mi-

927 2718 991 2746 litiae
1002 2719 1110 2751 addici;
1125 2726 1206 2753 quam
1224 2719 1360 2747 hominem
1388 2724 1509 2748 stercore
1538 2718 1715 2754 nefandisque

930 2765 1142 2800 turpitudinibus
1151 2766 1331 2800 sordidatum,
1341 2765 1468 2794 manibus
1480 2765 1695 2800 sanguinolentis
1703 2784 1715 2798 ,

927 2812 1016 2846 lingua
1036 2811 1244 2846 intemperante,
1261 2813 1434 2847 marcidaque
1450 2817 1550 2844 mente,
1566 2810 1654 2838 divina
1666 2811 1717 2838 do-r

927 2861 1016 2893 gmata
1030 2857 1175 2894 attingere,
1195 2857 1296 2893 Deique
1307 2859 1435 2894 mysteria
1449 2858 1550 2893 eloqui,
1563 2865 1621 2893 qua:
1634 2865 1715 2885 mun-
