1951 3077
809 26 881 36 .λιι.”

145 80 200 114 313

500 77 814 111 ANTIRRHETICUS
832 77 846 107 Ι
879 75 963 108 ADV.
983 74 1279 107 CONSTANTINUM
1298 75 1404 106 COPR.

1741 76 1748 86 ι

1719 76 1788 109 εειηι

146 139 208 170 ταῖς
221 138 350 167 ἁπάντων
374 136 597 172 ὁμολογουμένων
617 135 711 171 ὄψεσιν
733 136 870 172 προΐασιν,
895 135 933 167 ὡς

996 142 1044 169 |ute
1053 135 1174 162 omnium
1189 135 1307 170 aspectui
1320 136 1455 170 prostant,
1469 137 1552 169 atque
1582 134 1652 169 apud
1678 142 1772 163 omnes

147 186 188 216 et;
213 183 320 218 γέλωτα
351 183 452 218 μᾶλλον
474 183 490 217 ἢ
512 183 605 217 ὁνησιν
631 183 689 214 τοῖς
717 182 839 218 σώφροσι
875 182 935 214 ταῖς

147 229 291 264 ἀληθείαις
308 228 480 265 προκεῖσθαι.
496 227 558 259 Πῶς
566 228 620 263 γὰρ
638 228 689 254 οὐκ
708 227 783 261 ἀξιον
805 227 934 261 γέλωτος,

148 275 179 302 τὸ
200 277 234 310 τῇ
256 275 337 309 φύσει
356 274 411 301 τῶν
440 273 613 309 πραγμάτων
638 274 719 308 αὐτῇ,
758 274 806 300 καὶ
822 273 878 304 τοῖς
905 273 936 299 ὲκ

148 320 281 347 πλειόνων
298 320 403 355 χρόνων
417 320 466 346 καὶ⁴
486 318 588 354 γενεῶν
622 318 727 345 πολλῶν
743 319 787 345 ἐπ’
811 318 938 354 εὐσεϐείᾳ

148 365 298 402 γνωρίμων
346 366 395 392 καὶ
439 359 701 399 μεμαρτυρημένων
716 383 724 395 ,
766 364 798 390 τὸ
841 364 938 390 πιστὸν

148 412 196 437 καὶ
211 411 261 446 τὴν
279 411 368 445 ίοχὺν,
384 409 587 445 ἀπομάχεσθαι,
605 409 653 436 καὶ
669 410 785 439 αὐτόθεν
797 410 827 436 τὸ
849 411 939 445 ἀσφα-

149 458 204 488 λὲς,
218 457 258 492 τῷ
274 457 522 492 παρακεχωρηκότι
543 457 652 483 πάντων
675 457 724 492 τῆς
739 456 857 488 ἑννοίας,
871 457 939 492 πρὸς

149 503 230 535 λόγου
246 503 435 538 πληροφορίαν
452 504 493 535 είς
503 503 640 537 ἀπόδειξιν
653 503 699 530 καὶ
719 502 868 537 βεϐαίωσιν
885 512 938 529 πα-

151 548 393 583 ραλαμϐάνεσθαι;

192 672 238 703 Ὠς
254 671 320 706 γοῦν
332 673 381 708 ήδη
396 673 510 700 τοιαῦτα
524 673 572 700 καὶ
583 672 670 704 οὕτως
681 672 779 708 ἔχοντα
793 673 940 707 ἔγνωσται,

153 717 221 751 μηδὲ
259 718 309 752 τὴν
330 717 417 753 ἀρχὴν
440 718 592 752 ἀντιλέγειν
614 719 715 754 ἐχρῆνο
735 718 777 745 ἵνα
794 719 831 754 μὴ
844 718 942 746 ταύτὸν

150 763 268 794 ἐκείνοις
289 764 453 791 πεπονθέναι
468 763 627 799 ὀφθείημέεν,
640 764 690 790 καὶ
713 763 876 799 ἀϐελτερίας
895 765 942 791 καὶ

152 809 332 841 ἀπαιδευσίας
343 809 510 845 ὀφλήσαντες
518 810 635 844 γέλωτα,
645 810 694 845 τὴν
709 810 771 845 ίσην
779 810 942 844 ἀπενεγκοί-
957 801 979 831 Β

153 854 224 888 μεθα
238 855 359 891 γραφὴν,
374 857 430 887 τοῖς
457 855 665 891 μειρακιώδεσιν
684 855 876 888 ἐπιϐάλλοντες
899 855 944 882 λό-

151 907 222 932 γοις.
236 900 329 926 Ἐοικε
339 900 392 935 γὰρ
400 901 419 927 ,ο
430 900 516 927 ταῦτα
524 901 690 936 ἀνατρέπειν
701 900 884 937 πειρώμενος,
893 900 943 933 τὰς

153 943 226 971 κατὰ
243 944 354 972 παιδιὰν
374 946 406 971 ὲκ
435 945 552 980 ψάμμου
584 945 689 972 παίδων
708 945 850 981 ἀθύρμασι
874 954 942 972 κατ-

153 990 360 1025 εσκευασμένας
370 999 403 1017 πε
409 991 549 1027 ριτρέπειν
559 991 660 1026 μᾶλλον
674 991 843 1026 οἰκοδομίας,
859 991 875 1026 ἢ
887 993 944 1023 τοῖς

153 1035 231 1070 παρά
241 1036 309 1062 πᾶσι
317 1037 374 1067 τοῖς
386 1036 521 1063 συνιοῦσιν
533 1037 571 1069 ὡς
579 1036 689 1072 ἀληθῶς
698 1037 745 1063 καὶ
754 1037 804 1072 τὴν
813 1037 944 1072 ἀλήθειαν

153 1081 332 1115 τετιμηκόσιν
359 1082 591 1117 ὲπεγνωσμένοις,
625 1082 830 1118 συναγορεύειν.
873 1082 943 1109 Ἀλλ’

155 1126 250 1161 ἐπειδὴ
263 1126 359 1162 ὥσπερ
371 1128 400 1160 ὲξ
415 1129 603 1162 ἐπιτάγματος
617 1128 694 1162 σοφοὶ
705 1126 774 1155 εἶναι
791 1127 943 1163 βούλονται,

156 1171 194 1206 μὴ
215 1171 256 1197 ὅτι
273 1172 324 1206 τῆς
346 1172 475 1208 ἀληθείας
500 1173 661 1208 ἀντέχεσθαι
682 1173 801 1208 σπουδὴν
816 1172 944 1208 ποιούμε-

155 1226 206 1250 νοι,
223 1218 270 1246 τοῦ
285 1219 400 1254 ψεύδους
418 1228 447 1246 τε
458 1219 496 1251 ὡς
509 1217 561 1247 οἷοί
583 1220 613 1246 τέ
629 1221 681 1246 εισι
704 1219 943 1255 μεταποιούμενοι,

156 1263 299 1298 ὲρεσχελίᾳ
312 1264 395 1300 πολλῇ
407 1266 454 1291 καὶ
465 1264 587 1300 φλυαρίᾳ
602 1265 649 1291 καὶ
667 1264 861 1299 βατταρισμοῖς
873 1264 945 1299 χρώ-

157 1316 245 1343 μενοι,
266 1309 313 1336 ἐπὶ
331 1310 363 1344 τῇ
379 1310 434 1336 τῶν
458 1309 564 1336 πολλῶν
579 1309 663 1346 λύμῃ.
691 1309 893 1346 συναρπάζουσι
909 1310 944 1336 δι’

155 1353 246 1380 αὐτῶν
260 1354 323 1385 τοὺς
336 1355 557 1390 ὰκεραιοτέρους,
569 1355 601 1381 ὲκ
612 1354 713 1390 πολλῆς
730 1354 801 1389 ἄγαν
817 1355 943 1390 ἀποπλη-

156 1398 216 1430 ξίας
234 1400 282 1425 καὶ
294 1399 454 1432 δυσϐουλίας
465 1399 723 1434 αἰχμαλωτίζοντες,
739 1401 779 1431 εἰς
792 1400 822 1426 τὸ
845 1400 944 1426 οἰκεῖον

156 1444 259 1479 πτῶμα
265 1445 327 1476 τοὺς
334 1446 448 1477 πολλοὺς
454 1446 553 1479 ἕλξειν.
563 1443 610 1478 Οἷς
618 1446 668 1482 ἤδη
678 1445 786 1472 καὶτῶν
794 1446 944 1480 λογιμωτέ-
959 1464 982 1494 c

158 1498 212 1525 ρων
220 1490 360 1522 δοκοῦντες
372 1492 420 1517 καὶ
437 1491 675 1527 περιφανεστέρων
691 1491 775 1524 τινὲς,
796 1491 941 1519 σκανδαλί-

156 1535 260 1568 ζονται,
270 1537 363 1571 ἐπειδὴ
379 1536 495 1563 ἆπτεται
505 1537 542 1568 ὡς
552 1537 586 1563 τὰ
598 1536 683 1563 πολλά
698 1537 745 1563 καὶ
755 1536 810 1564 τῶν
824 1537 945 1572 ἀρίστων

155 1579 171 1605 ὁ
181 1579 289 1614 μῶμος·
302 1580 429 1616 καθάπερ
441 1581 496 1616 γὰρ
507 1581 671 1616 φθοροποιοῦ
683 1582 838 1616 νοσήματος
850 1583 944 1615 πᾶσιν,

157 1623 196 1656 ὡς
220 1624 286 1656 ἔπος
308 1626 408 1657 είπεῖν,
437 1626 487 1661 τῆς
517 1626 622 1653 ἑαυτῶν
649 1626 823 1662 μεταδιδόασι
844 1626 944 1662 λώϐης.

157 1669 203 1705 Τῷ
217 1671 375 1706 1’ριιινοιιιένῳ
389 1671 443 1706 γὰρ
460 1673 507 1698 καὶ
523 1672 708 1708 κεχρωσμένῳ
723 1673 778 1699 τῶν
793 1673 844 1708 τὴν
860 1673 947 1709 ἀκοὴν

157 1717 371 1750 περισαινόντων
390 1716 478 1751 λόγων
496 1717 731 1752 περιθελγόμενοι,
762 1719 808 1745 τδν
830 1719 859 1745 δὲ
879 1727 946 1746 κατ-

156 1762 408 1797 ορωρυγμένονκα).
425 1763 617 1798 κεκρυμμένον
633 1764 729 1798 βόθρον
747 1765 791 1791 διὰ
806 1765 835 1791 τὸ
850 1765 947 1792 ἀνεπι-

158 1808 293 1843 στάτητον
308 1809 339 1834 οὐ
358 1808 556 1845 προορώμενοι,
582 1810 644 1841 ταῖς
667 1810 770 1844 πάγαις
788 1811 817 1843 ἐξ
842 1812 946 1847 ἀπροσ-

157 1853 232 1887 εξίας
246 1854 295 1889 τῆς
307 1854 436 1886 ἀπιστίας
455 1854 560 1886 ἀκλεῶς
573 1855 793 1890 περιπίπτουσιν.
814 1857 861 1890 Ἐν
877 1865 946 1891 προ-

158 1901 280 1935 σχήματι
302 1901 357 1935 γὰρ
371 1901 586 1936 Χριστιανισμοῦ
611 1901 641 1927 τὸ
666 1902 858 1936 Χριστιανίζον
873 1903 946 1930 ἆπαν

157 1945 280 1977 εὐσεϐῶς
298 1945 406 1973 ὁταῦτα
420 1946 658 1982 συγγεγραφηκὼς
673 1947 813 1981 δυσμενῶς
829 1947 944 1983 ἐξεπόρ-

157 1991 236 2027 θησε.
254 1992 348 2027 Ταύτῃ
358 1999 399 2018 τοι
407 1992 454 2019 καὶ
468 1992 518 2019 οὐκ
532 1992 662 2028 ἀκόσμως
682 2002 709 2019 τι
730 1993 855 2025 δόξαντες
867 1995 944 2030 δρᾷν,

157 2038 199 2068 είς
216 2037 296 2073 τήνδε
311 2037 363 2064 τῶν
378 2037 466 2071 λόγων
484 2038 535 2074 τὴν
557 2039 681 2071 ἐξέτασιν
696 2040 860 2075 καθήκαμεν
882 2041 946 2067 ἑαυ-

156 2082 231 2113 τούς.
246 2082 301 2110 Καὶ
324 2083 374 2110 οὐκ
398 2083 430 2110 ἂν
451 2084 660 2119 ἀποκνήσαιμεν
674 2085 762 2121 σαθρὰ
775 2086 822 2112 καὶ
845 2087 946 2122 κατεῤ-

986 181 1013 207 in
1025 180 1146 208 confesso
1162 184 1236 213 sunt,
1246 179 1405 216 procedunt,
1419 183 1448 206 ut
1462 179 1526 207 risui
1538 180 1707 216 potiusquam
1725 181 1771 208 ulli

987 225 1045 252 usui
1065 226 1135 260 apud
1147 233 1193 252 eos
1208 225 1254 260 qui
1272 232 1336 253 vere
1365 224 1484 260 sapiunt,
1495 225 1611 260 expositi
1635 226 1699 253 sint.
1716 225 1772 253 Cur

987 270 1058 297 enim
1073 271 1128 297 risu
1140 278 1192 297 non
1220 271 1254 298 sit
1273 271 1393 306 dignum,
1404 271 1454 305 ipsi
1478 275 1600 298 actarum
1617 279 1708 298 rerum
1722 279 1771 299 na-

987 319 1055 344 tura:
1063 316 1270 351 etopinionibus
1290 323 1373 350 quam
1392 315 1537 343 multorum
1550 324 1696 350 annorum,
1713 317 1767 344 imo

988 366 1096 389 aetatum
1119 360 1279 389 orthodoxia
1306 361 1450 388 illustrium
1474 368 1506 388 ac
1531 362 1707 396 probaturum
1723 361 1772 388 de—

989 414 1081 439 cursu,
1098 406 1176 433 fidem
1187 406 1321 441 roburque
1330 406 1442 440 habent,
1461 406 1617 434 adversari?
1629 415 1690 441 qua:
1727 406 1769 434 ni‘

990 452 1087 478 mirum
1105 451 1245 486 opiniones
1263 451 1316 478 vim
1345 458 1420 478 suam
1441 451 1559 478 indidem
1583 452 1771 483 obtinuerunt,
1787 480 1789 482 ,

991 504 1087 532 nempe
1115 497 1149 523 ab
1179 497 1300 524 omnium
1318 496 1448 524 mentium
1465 496 1656 529 concessione;
1683 496 1720 524 ita
1744 501 1774 523 ut

990 543 1017 569 in
1040 541 1172 577 ambiguis
1187 541 1268 569 etiam
1281 546 1307 568 ct
1332 548 1382 575 ope
1394 541 1483 575 aliqua
1512 541 1546 568 ad
1571 541 1773 576 persuasionem

991 587 1141 620 egentibus,
1152 595 1184 614 cx
1211 587 1348 621 praedictis
1362 586 1533 614 adminiculis
1563 586 1773 613 demonstratio~

991 639 1052 659 nem
1083 631 1371 666 conﬁrmationemque
1384 631 1527 665 recipiant.

1027 677 1093 710 Quae
1107 684 1168 704 cum
1184 677 1219 704 ita
1239 684 1268 704 se
1284 677 1384 704 habere
1406 676 1461 710 jam
1481 677 1517 704 sit
1539 677 1720 711 exploratum,
1743 684 1784 703 nos

993 721 1181 749 refutationem
1207 721 1314 757 quidem
1329 722 1468 757 suscipere
1485 729 1551 757 opus
1566 725 1636 753 erat,
1647 729 1680 749 ne
1704 721 1775 749 forte

994 765 1063 793 idem
1079 771 1159 800 atque
1172 766 1208 792 illi
1237 773 1349 800 peccare
1363 766 1522 799 videamur,
1550 766 1722 800 levitatisque
1749 770 1777 793 et

994 813 1108 840 inscitia:
1123 820 1204 840 causa
1221 812 1304 839 risum
1321 808 1535 844 commoventes,
1546 819 1636 846 parem
1661 812 1714 839 illis
1731 819 1775 840 re-

994 857 1202 892 prehensionem
1218 857 1400 890 incurramus,
1416 857 1461 891 qui
1475 856 1624 891 puerilibus
1640 857 1773 884 tricantur

994 902 1172 930 sermonibus.
1197 901 1264 929 Nam
1290 902 1337 936 qui
1367 901 1519 936 huiusmodi
1555 905 1714 936 argumenta
1729 901 1778 927 ad-

994 947 1177 975 versariorum
1209 952 1333 975 evertere
1351 947 1459 979 nititur,
1484 947 1507 973 is
1526 946 1704 974 domunculas
1728 953 1777 979 po-

995 992 1047 1020 tius
1079 992 1137 1019 lusu
1164 991 1260 1026 puerili
1286 991 1430 1019 fabricatas
1449 991 1555 1018 videtur
1579 995 1751 1026 prosternere
1768 1010 1775 1021 .

994 1044 1075 1072 quam
1091 1037 1170 1064 rebus
1185 1037 1254 1072 apud
1276 1043 1370 1064 omnes
1385 1043 1448 1063 vere
1474 1036 1612 1071 sapientes
1639 1036 1779 1062 veritatis-

993 1089 1047 1117 que
1078 1081 1197 1109 cultores
1234 1081 1392 1109 certissimis
1425 1080 1604 1115 patrocinari.
1628 1080 1681 1107 Sed
1711 1081 1774 1115 quia

995 1132 1123 1162 tanquam
1149 1127 1281 1154 arbitratu
1298 1134 1347 1154 suo
1373 1127 1511 1161 sapientes
1520 1133 1580 1153 esse
1596 1126 1699 1158 volunt,
1719 1131 1779 1153 tan—

996 1177 1108 1207 tumque
1130 1179 1146 1199 a
1168 1172 1292 1199 veritatis
1312 1171 1402 1199 studio
1421 1171 1520 1198 absunt
1552 1176 1580 1199 ut
1605 1172 1776 1199 mendacium

995 1223 1051 1245 toto
1078 1217 1175 1245 all'eclu
1200 1217 1408 1252 amplectantur,
1439 1217 1611 1245 cavillatione
1639 1217 1724 1244 multa
1750 1221 1779 1244 et

994 1263 1161 1297 stultiloquio
1181 1270 1212 1289 ac
1234 1263 1317 1290 veluti
1346 1262 1466 1290 balbutie
1491 1266 1607 1294 utentes,
1637 1263 1698 1290 ideo
1726 1270 1779 1289 non

995 1309 1054 1336 sine
1070 1300 1214 1335 multorum
1229 1308 1390 1335 detrimento
1405 1308 1461 1335 haec
1489 1307 1645 1334 blaterando
1673 1307 1778 1342 simpli-

995 1354 1082 1381 ciores
1108 1353 1256 1388 decipiunt,
1282 1353 1356 1388 gravi
1382 1353 1478 1380 horum
1495 1356 1604 1387 stupore
1616 1358 1643 1380 et
1659 1352 1778 1379 inconsi-

995 1399 1118 1428 deratttia
1143 1400 1176 1427 ad
1193 1399 1366 1426 irretiendum
1395 1399 1549 1432 abutentes,
1563 1400 1649 1426 donec
1680 1399 1780 1426 multos

997 1451 1090 1472 secum
1112 1444 1262 1479 pratcipites
1293 1444 1410 1470 trahant.
1420 1443 1525 1477 Quibus
1550 1450 1592 1472 ex.
1611 1443 1693 1470 rebus
1709 1443 1780 1477 jam-

997 1490 1041 1518 diu
1068 1490 1188 1517 nonnulli
1208 1497 1316 1525 quoquc
1335 1497 1368 1517 ex
1384 1490 1416 1517 iis
1428 1490 1474 1524 qui
1489 1489 1615 1516 videntur
1639 1488 1778 1523 sapientes

996 1540 1024 1564 et
1056 1536 1225 1569 illustriores,
1252 1535 1409 1563 scandalum
1427 1536 1565 1570 patiuntur
1584 1544 1590 1561 :
1606 1534 1776 1569 quandoqui-

996 1581 1057 1609 dem
1069 1581 1176 1615 attingit
1188 1588 1257 1615 saepe
1266 1582 1381 1615 optimos
1392 1581 1474 1608 etiam
1482 1580 1567 1612 labes,
1579 1587 1639 1615 qua:
1649 1579 1778 1614 pestilen-

997 1627 1032 1655 tis
1056 1628 1142 1655 instar
1156 1627 1254 1659 morbi,
1266 1627 1380 1660 cunctis,
1400 1631 1428 1654 ut
1451 1627 1534 1653 verbo
1547 1626 1646 1658 dicant,
1665 1625 1778 1655 exitium

996 1681 1074 1701 suum
1085 1673 1279 1701 communicat.
1290 1673 1394 1701 Etenim
1407 1673 1498 1708 specie
1511 1680 1542 1700 ac
1552 1672 1612 1699 fuco
1623 1679 1780 1701 sermonum

997 1719 1107 1747 auribus
1119 1719 1314 1746 blandientiqu
1329 1718 1442 1749 dcliniti,
1452 1725 1540 1752 neque
1553 1718 1587 1744 ob
1600 1725 1676 1745 suam
1692 1717 1777 1744 inscia

997 1765 1061 1792 tiam
1085 1764 1210 1792 eITOssam
1236 1764 1419 1798 latentemque
1429 1763 1735 1798 ioveamprzcvidentcs,
1753 1762 1780 1789 in

997 1811 1194 1838 incredulitatis
1228 1812 1340 1844 laqueos
1366 1809 1564 1837 inconsiderate
1609 1801 1777 1843 turpiterque

997 1856 1132 1884 labuntur.
1148 1855 1214 1882 Nam
1243 1856 1293 1884 sub
1309 1856 1512 1883 Christianismi
1532 1855 1659 1883 simulata
1677 1855 1777 1889 specie,

997 1903 1041 1930 hic
1052 1902 1096 1936 qui
1111 1902 1172 1929 talia
1186 1901 1306 1936 scripsit,
1320 1901 1500 1931 orthodoxam
1514 1905 1596 1928 totam
1611 1900 1778 1928 Cnrisliani-

999 1953 1079 1975 tatem
1094 1947 1228 1975 hostiliter
1243 1947 1420 1981 depopulatus
1443 1950 1495 1974 est.
1513 1946 1559 1973 Sic
1585 1946 1687 1980 itaque.
1715 1945 1781 1971 nihil

998 1993 1154 2021 indecorum
1180 2000 1260 2028 agere
1283 1991 1484 2024 existimantes,
1509 1992 1534 2018 in
1563 1991 1615 2018 hoc
1652 1990 1783 2017 doctrina:

997 2048 1110 2067 examen
1125 2038 1413 2072 nosmetconjecimus.
1427 2037 1520 2073 Neque
1531 2037 1716 2065 recusahimus
1730 2043 1780 2069 pu-

999 2086 1069 2114 trida
1086 2093 1119 2114 ac
1134 2086 1278 2113 dilabentia
1289 2089 1489 2113 etaraneorutn
1507 2086 1633 2111 contextu
1650 2081 1783 2109 dobiliora

157 2129 280 2163 ῥυηκότα
296 2129 343 2155 καὶ
356 2129 493 2164 ἀραχνίων
508 2129 691 2165 ἀσθενέστερα
707 2131 741 2157 τὰ
753 2131 855 2158 τούτων
877 2132 943 2158 ἀπο-

997 2132 1093 2159 horum
1119 2136 1277 2166 argumenta
1295 2137 1441 2165 exponere,
1461 2135 1490 2156 ut
1516 2129 1560 2160 iis,
1578 2127 1701 2155 veritatis
1722 2133 1780 2159 ore,

157 2174 267 2208 φαίνειν
294 2175 486 2209 προϐλήματα,
506 2176 569 2207 τοὺς
596 2176 645 2210 τῆς
668 2176 799 2211 ἀληθείας
818 2177 945 2212 ἐλέγχους

157 2219 294 2254 εὐστόχως
319 2220 477 2254 ἐπάγοντες,
511 2220 549 2257 ᾡς
569 2220 602 2247 ἂν
619 2220 703 2256 δήλης
732 2222 818 2248 ἅπασι
844 2223 894 2257 τῆς
917 2223 946 2249 ὲν

157 2267 250 2297 αὐτοῖς
265 2265 379 2297 ἀτοπίας
407 2266 621 2302 καθισταμένης,
641 2268 777 2302 ὲπιγνοῐεν
792 2269 816 2294 οἱ
840 2269 946 2295 συνετοὶ

156 2311 188 2338 τὺ
214 2311 355 2345 ἀπατηλὸν
378 2311 467 2337 αὐτῶν
490 2312 539 2338 καὶ
563 2313 794 2347 κατεπτυσμένον,
825 2314 872 2340 καὶ
897 2315 946 2349 τῆς

157 2357 264 2383 ἑαυτῶν
279 2356 430 2391 ἀσφαλείας
453 2358 644 2392 προνοήσαιεν.
662 2358 722 2384 Ὀτι
738 2358 787 2393 μὲν
804 2356 850 2385 οὖν
866 2359 903 2391 ὡς
917 2360 946 2386 ὲν

157 2401 261 2428 ἅπασιν
277 2401 470 2433 ἀσυνετοῦντες
483 2402 530 2428 καὶ
547 2402 814 2438 ἀμαθαίνοντες,κάν
830 2404 945 2437 ταύταις

157 2447 380 2480 ἀποσφάλλονται
391 2449 450 2479 ταῖς
474 2449 587 2481 φωναῖς,
605 2448 643 2483 τῷ
658 2447 791 2484 ἀγράπτῳ
808 2449 881 2484 φημὶ
897 2450 946 2476 καὶ

158 2492 372 2527 ἁπεριγράπτῳ,
392 2492 428 2524 ὡς
449 2490 536 2527 οἶμαι,
555 2494 637 2519 παντί
653 2502 691 2528 τῳ
708 2495 793 2528 σαφές
804 2502 811 2509 ·
827 2495 867 2526 εἰς
879 2496 945 2523 ταὺ-

156 2536 204 2564 τὺν
216 2537 362 2572 ἀμφότερα
379 2538 598 2571 συνενεγκόντες,
621 2538 655 2564 τὰ
672 2539 701 2564 ἐν
722 2539 830 2570 πολλοῖς
849 2539 946 2574 διαφέ-

158 2591 252 2618 ροντα,
268 2583 332 2618 περὶ
353 2581 390 2610 ὧν
404 2584 446 2614 είς
476 2584 590 2619 ὕστερον
617 2584 816 2620 διαληψόμεθα,
840 2586 890 2620 τήν
917 2578 951 2613 τε-

157 2628 292 2664 διαφορὰν
315 2630 363 2655 καὶ
380 2629 429 2665 τὴν
446 2630 495 2656 ἀπ’
515 2630 605 2657 αὐτῶν
625 2631 832 2667 σημαινομένην
861 2631 945 2658 δύνα-

159 2682 206 2709 μιν
219 2675 461 2710 ἑπισκεπτόμενοι.
492 2676 536 2703 Ἐν
555 2676 594 2712 τῷ
610 2677 725 2711 παρόντι
740 2677 780 2710 δὲ,
793 2679 825 2713 τῇ
842 2677 945 2705 τούτων

158 2720 327 2756 ἀπαιδευσίᾳ
335 2721 383 2748 καὶ
398 2721 518 2758 ὰμουςίᾳ
534 2722 796 2757 συγκαθιστάμενοι,
813 2723 883 2758 πρὸς
895 2724 946 2756 τὰς

117 2774 123 2775 ί
157 2765 205 2793 τοῦ
213 2766 374 2795 διδασκάλου
385 2766 622 2804 αὐτῶνπροϐεϐλη
628 2769 711 2804 μένας
724 2769 825 2804 φωνὰς,
837 2770 945 2802 οἰκείως

1000 2177 1175 2205 refutationes
1187 2182 1249 2211 apte
1262 2183 1431 2212 opponamus
1442 2184 1449 2209 ;
1462 2181 1543 2209 atque
1560 2174 1596 2201 ita
1610 2172 1783 2200 manifestata

999 2223 1124 2251 omnibus
1146 2223 1266 2258 ipsorum
1295 2222 1474 2254 absurditate,
1502 2224 1651 2255 agnoscant
1677 2218 1782 2246 cordati

999 2269 1124 2296 homines
1138 2267 1260 2294 fraudem
1284 2267 1390 2294 illorum
1413 2275 1444 2294 ac
1458 2266 1602 2299 vilitatem,
1619 2270 1647 2292 et
1668 2263 1784 2299 propria:

1000 2313 1089 2341 tutela:
1115 2313 1269 2341 consulant.
1287 2313 1362 2346 Quod
1380 2313 1462 2347 igitur
1486 2311 1578 2339 stolidi
1594 2318 1627 2338 ac
1648 2310 1730 2336 rudes
1753 2309 1798 2343 in,

973 2373 976 2377 ι
1000 2359 1042 2386 his
1055 2366 1163 2394 quoque
1179 2363 1272 2386 errant
1287 2358 1436 2390 vocabulis,
1461 2356 1631 2392 indescripti,
1660 2356 1783 2389 inquam,

999 2411 1027 2432 et
1055 2404 1295 2439 incircumscripli,
1308 2404 1406 2439 cuique
1431 2403 1601 2437 exploratum
1616 2406 1699 2436 puto;
1721 2400 1784 2427 dum

1000 2451 1033 2477 ad
1048 2457 1131 2477 unam
1141 2450 1276 2477 notionem
1296 2454 1440 2483 utrumque
1455 2447 1609 2480 conferunt,
1623 2454 1684 2482 quae
1696 2450 1785 2473 tamen

1001 2495 1078 2524 valde
1087 2495 1231 2528 diii'eruul;
1249 2495 1282 2522 de
1293 2494 1390 2529 quibus
1400 2499 1493 2528 postea
1510 2492 1699 2525 tractabimus,
1721 2499 1784 2519 cum

1002 2542 1120 2575 ipsorum
1129 2541 1307 2568 dilferentiam
1318 2545 1345 2568 ct
1353 2539 1559 2574 signilicativam
1568 2538 1622 2565 vim
1632 2538 1786 2566 considera-

1002 2587 1099 2614 bimus.
1116 2586 1143 2613 ln
1160 2585 1285 2621 praesenti
1302 2590 1392 2612 autent
1406 2590 1501 2612 contra
1527 2585 1639 2611 istorum
1657 2584 1786 2618 ignoran-

1003 2633 1066 2660 tiatn
1093 2632 1311 2667 imperitiamque
1330 2631 1456 2664 accincti,
1472 2631 1506 2658 ad
1528 2638 1559 2658 ea
1576 2637 1636 2664 qua:
1664 2630 1784 2664 ipsortuu

1002 2680 1134 2714 magister
1148 2678 1276 2706 vocabula
1288 2678 1381 2713 objicit
1391 2678 1526 2712 peculiare
1535 2677 1651 2704 studittm
1660 2677 1782 2703 nostrum

1002 2729 1203 2752 convertemus.
1221 2724 1304 2752 Porro
1316 2724 1490 2759 conspicuum
1503 2723 1564 2755 erit,
1581 2721 1653 2756 quod
1675 2721 1696 2747 si
1714 2719 1783 2754 ejus,

1002 2771 1046 2806 qui
1063 2775 1156 2799 auctor
1166 2770 1228 2798 mali
1239 2770 1299 2804 fuit,
1314 2770 1454 2798 machinas
1464 2768 1664 2804 disjecerimus,
1676 2766 1783 2794 illorum
