1951 3077
54 132 103 165 221

407 133 719 165 ANTIRRHETICUS
739 136 753 165 Ι
770 136 856 168 ADV.
876 138 1174 173 CONSTANTINUM
1194 144 1301 175 COPR.

1626 141 1683 174 222

54 190 97 214 καὶ
114 187 132 222 ἡ
145 187 285 220 ἀπόδειξις
302 187 460 223 πρόσεστιν.
475 186 538 224 Ἆρ’
553 189 584 216 οὐ
603 190 783 226 παράφρονος
794 192 841 218 καὶ

897 193 1045 229 insipientis
1068 198 1230 233 attonitique
1249 199 1306 226 haec
1336 201 1380 225 tua
1395 196 1480 224 verba
1497 196 1582 224 sunt?
1594 197 1680 225 modo

53 233 237 269 παραπλῆγας
252 234 277 260 οἱ
294 233 378 268 λόγοι,
402 234 440 269 πῆ
460 235 511 270 μὲν
527 235 654 271 δέχεσθαι
671 237 736 272 περὶ
750 237 779 263 ἓν
795 238 843 264 καὶ

52 281 82 305 τι
99 279 168 306 αὐτο
194 280 313 315 πρᾶγμα
338 279 388 315 τὴν
407 280 457 315 τῆς
478 280 645 316 Ἐκκλησίας
677 283 840 317 παράδοσιν,
856 302 862 306 .

53 325 91 360 πῆ
124 325 154 351 δὲ
192 325 418 359 ἀποτρέπεσθαις
437 325 532 353 Ταῦτα
568 327 745 361 δογματίζειν
778 328 842 364 βου-

52 371 168 404 λόμενος
196 371 212 396 ὸ
237 370 434 403 συνετώτατος,
455 371 514 402 πῶς
536 372 586 398 οὐκ
611 373 781 408 ἐννενόηκεν,
802 374 843 400 ὅτι

53 425 85 448 γε
105 415 204 451 δήτοῦ
232 416 353 451 Χριστοῦ
379 417 396 452 ὴ
416 417 565 452 Ἐκκλησία
592 418 661 452 μετὰ
687 419 739 445 τῶν
754 419 843 446 ἄλλων

53 460 185 486 ἁπάντων
205 460 287 495 ἱερῶν
303 460 493 495 σεὸασμάτων,
511 462 558 488 καὶ
584 462 633 496 τὴν
652 463 706 489 τῶν
734 464 843 490 σεπτῶν

54 503 168 530 εξκόνων
188 504 311 538 ἱστορίαν
334 513 363 531 τε
387 505 434 531 καὶ
455 506 645 541 προσκύνησιν
681 507 730 542 τὴν
759 517 843 544 προσ-

55 550 186 582 ήκουσαν,
198 549 229 581 ἐξ
239 550 325 584 ἀρχῆς
339 550 385 576 καὶ
398 550 478 584 μέχρι
492 550 538 576 τοῦ
548 551 628 586 δεῦρο
642 552 842 587 παραλαϐοῦσα

54 593 200 626 διασώζει;
229 593 299 619 Ἀλλ’
317 593 434 628 ἔοικενῆ
451 594 552 629 οἴησις,
573 595 658 626 πάθος
679 593 748 622 οὖσα
763 595 844 630 χαλε-

56 638 105 664 πόν
116 647 143 664 τι
161 639 207 664 καὶ
216 639 425 674 εὐπερίστατον,
437 641 530 671 ἐντοῖς
543 640 737 674 καιριωτάτοις
751 642 845 673 αὐτοῖς

56 684 290 718 ἀποσφάλλεσθαι.
309 685 458 712 Κάνταῦθα
475 686 530 721 γὰρ
544 687 640 712 ἑαυτὸν
655 682 844 722 παραλογίζε-

55 739 109 762 ται,
126 731 142 765 ἢ
158 730 206 762 οὓς
222 731 325 757 πείθειν
336 731 535 767 ύπολαμῦἀνει.
554 733 591 758 Οὐ
607 734 662 764 τοῖς
683 733 774 767 λόγοις
797 732 845 760 οὖν

55 773 94 806 οἷς
109 776 211 811 χρῆται
224 777 292 811 πρὸς
307 777 445 812 ὲξαπάτην
467 777 522 804 τῶν
544 778 649 804 πολλῶν
667 779 844 813 προσεκτέον,

55 821 93 855 τῷ
122 821 219 856 τρόπῳ
242 821 270 847 δὲ
300 822 346 848 καὶ
373 823 431 853 τοῖς
457 822 561 857 ἔργοις,
589 823 607 850 ἃ
632 823 664 858 δὴ
692 824 763 850 κατὰ
789 824 844 850 τῶν

894 239 998 267 scilicet
1014 241 1039 268 in
1057 250 1110 270 uno
1134 243 1283 278 eodemque
1307 242 1415 278 negotio
1427 241 1600 270 traditionem
1628 242 1679 270 Ec-
1708 260 1715 262 μ

894 284 982 312 ειεεὶαι
997 288 1149 320 admittere,
1165 289 1244 317 modo
1255 287 1475 317 recusareﬂlaec
1491 287 1678 323 dogmatizare

894 331 989 359 volens
1011 332 1055 360 hic
1078 334 1282 367 solertissimus,
1296 335 1430 370 quomodo
1457 341 1510 361 non
1533 334 1679 368 reputavit,

894 377 995 405 Christi
1023 379 1188 413 Ecclesiam,
1213 389 1274 407 cum
1307 381 1419 410 caeteris,
1437 379 1563 407 omnibus
1590 379 1679 407 sacris

894 423 986 456 rebus,
1001 426 1192 452 venerabilium
1216 433 1325 461 quoque
1343 426 1489 459 imaginum
1515 425 1633 452 studiqu
1655 430 1681 452 et

894 470 1098 498 convenientem
1117 472 1301 500 adorationem
1317 472 1351 499 ab
1373 471 1450 498 initio
1473 478 1559 505 usque
1582 471 1615 497 ad
1633 470 1681 498 ho-

894 513 1018 542 diernum
1054 517 1147 549 diem,
1172 522 1250 552 prout
1267 510 1383 551 accepit,
1418 515 1598 544 conservare?
1627 515 1681 543 Sed

895 559 966 585 enim
986 560 1090 588 videtur
1106 562 1141 589 ob
1158 563 1350 597 arrogantiam.
1368 570 1428 596 quae
1446 561 1534 596 passio
1558 561 1615 587 dira
1644 561 1681 587 εἰ-

896 602 949 629 tnul
957 607 999 630 est
1010 609 1036 631 et
1051 605 1128 632 facile
1137 606 1258 633 incidens
1274 606 1391 641 (ιδ-Η),
1407 606 1434 632 in
1451 606 1506 638 ipsa
1519 605 1556 630 rei
1573 612 1680 631 summa

895 647 1031 676 aberrare.
1044 649 1164 685 Namque
1184 656 1211 678 et
1225 651 1268 678 hic
1290 656 1375 678 semet
1387 650 1455 676 fallit
1469 649 1620 682 Mantonas,
1637 649 1679 676 vel

896 696 969 719 certe
982 693 1051 721 alios
1065 695 1163 728 quibus
1191 703 1246 722 rem
1274 695 1438 730 persuadere
1461 701 1491 720 se
1519 697 1606 728 putat.
1623 693 1680 720 Non

895 743 937 764 e.~t
961 746 1024 774 ergo
1038 739 1138 772 verbis,
1154 741 1250 775 quibus
1264 741 1298 768 ad
1322 741 1468 767 multorum
1492 739 1679 774 deceptionem

896 784 991 816 utitur,
1007 785 1211 818 attendendum,
1228 788 1275 813 sed
1296 793 1329 813 ex
1346 786 1424 812 modo
1442 792 1473 812 ac
1495 785 1673 817 facinoribus,

896 833 955 861 quae
964 830 1093 857 adversus
1109 835 1218 857 sanctos
1240 831 1410 858 machinatus
1430 834 1470 856 est
1495 837 1526 857 ac
1544 829 1673 864 patravit,

55 865 141 899 dt:va
171 866 348 894 ἐϐουλεύσατο
369 876 398 894 τε
433 869 480 894 καὶ
505 868 638 903 ἔδρασεν,
664 869 747 896 αὐτὸν
781 878 843 905 κρι-

897 870 927 898 de
944 879 976 899 eo
993 872 1168 906 judicandum
1186 880 1238 901 est.

54 912 123 938 τέῖν.

88 978 134 1013 ιβ’.
150 976 218 1004 Εἶτα
239 979 337 1012 ἐπάγει
348 987 354 992 “
369 988 379 1004 ι
408 979 454 1014 Μὴ
465 979 604 1014 τρέψαντα
616 980 666 1014 τὴν
677 979 792 1014 θεότητα
804 981 844 1011 είς

55 1025 154 1059 σάρκα,
171 1026 239 1059 μήτε
254 1024 304 1059 τὴν
323 1024 414 1059 σάρκα
433 1025 473 1056 εἰς
488 1025 604 1059 θεότητα
628 1023 709 1056 αὗξος
721 1027 844 1060 ἐμποιη-

55 1070 188 1104 σαμένην.
209 1079 219 1095 ι
246 1069 387 1096 Ἐντεῦθεν
401 1070 480 1105 δῆλον
494 1070 591 1096 ἑαυτὸν
613 1071 758 1105 πεποίηκε,
775 1071 843 1106 περὶ

53 1115 101 1148 τὴν
115 1114 162 1140 τοῦ
175 1115 263 1148 Λόγου
279 1115 420 1149 σάρκωσιν
435 1115 677 1150 ἀποσφαλλόμενον
687 1123 694 1131 ο
709 1116 757 1142 καὶ
777 1124 844 1142 κατ-

54 1161 166 1195 άρχεται
176 1159 270 1186 λοιπον
278 1161 347 1187 κατὰ
360 1160 458 1195 μικρὸν
467 1162 501 1188 τὰ
509 1161 559 1195 τῆς
570 1163 702 1197 πονηρίας
715 1170 842 1197 παραγυ-

57 1206 148 1240 μνοῦν.
162 1206 201 1232 Οὐ
217 1207 271 1242 γὰρ
281 1206 376 1242 ὥσπερ
388 1206 426 1241 τῷ
437 1207 518 1242 Λόγῳ
531 1207 561 1233 τὸ
577 1207 712 1242 ἄτρεπτον
722 1208 842 1244 ἔνειμεν,

55 1251 127 1277 οὕτω
141 1252 170 1278 δὲ
185 1252 232 1278 καὶ
246 1254 280 1287 τῇ
301 1253 384 1287 σαρκὶ
397 1253 463 1279 αὐτὸ
481 1253 514 1288 δὴ
523 1253 603 1279 τοῦτο
613 1253 778 1287 ἀποδέδωκε,
791 1253 843 1281 κᾶν

56 1298 162 1324 πείθειν
178 1298 258 1330 τινὰς
282 1298 420 1333 ἐνόμιζεν,
435 1298 474 1330 ὡς
489 1299 539 1334 τὴν
564 1299 653 1334 σάρκα
668 1299 842 1335 ἀποδέχεται.

56 1343 87 1369 Τί
103 1343 159 1377 γὰρ
174 1343 228 1370 ἔδει
243 1343 325 1376 αὖξος
339 1343 385 1370 τοῦ
411 1345 547 1378 ἁτρέπτου
565 1345 844 1380 ἀντιπαραλέιμϐἀνε-

56 1388 117 1414 σθαι
128 1397 136 1420 ;
148 1388 190 1414 Τὰ
205 1387 270 1421 γοῦν
289 1388 423 1423 ἰδιώματα
446 1390 531 1423 αὐτῆς
546 1389 638 1416 τέλεον
655 1391 844 1424 ἀποσκευαζό-

57 1443 148 1468 μενος,
178 1435 230 1470 τὴν
259 1435 363 1461 οίκείαν
398 1435 559 1467 κακοδοξίαν
591 1437 841 1472 προανακρούεται.

58 1489 67 1505 ι
92 1480 178 1507 Ἀλλὰ
199 1480 255 1506 τῶν
279 1480 328 1507 δύο
345 1480 453 1514 φύσεων
478 1481 664 1509 συνελθουσῶν
683 1484 723 1514 είς
746 1483 843 1513 ἕνωσιν

930 981 972 1008 12.
1001 982 1100 1009 Deinde
1125 982 1199 1009 addit
1230 991 1237 1009 :
1273 992 1281 1008 I
1305 982 1361 1010 Non
1393 987 1494 1010 mutata
1518 982 1545 1010 in
1570 990 1679 1009 carnettt

894 1027 1053 1060 divinitate,
1085 1035 1176 1061 neque
1209 1035 1293 1055 carne
1325 1029 1525 1055 incrementum
1553 1028 1682 1055 afferente

894 1072 1038 1099 divinitati.
1069 1072 1149 1106 »μία
1184 1081 1212 1100 se
1239 1073 1383 1100 manifeste
1407 1074 1577 1100 demonstrat
1605 1073 1681 1100 circa

895 1117 1001 1144 Domini
1033 1118 1249 1144 incarnationem
1279 1125 1394 1152 errare,
1425 1126 1556 1152 suamque
1586 1118 1679 1152 paula-

895 1163 942 1189 lim
961 1163 1018 1197 jam
1045 1163 1140 1196 incipit
1159 1163 1358 1198 improbitatem
1390 1164 1501 1190 nudare.
1521 1164 1577 1190 Non
1606 1163 1679 1190 enim

894 1208 963 1235 sicut
977 1207 1066 1235 Verbo
1095 1208 1382 1235 iuconvertibilitatem
1401 1209 1536 1239 attribuit,
1549 1209 1585 1234 ita
1599 1208 1680 1234 etiam

894 1254 968 1280 carni
991 1254 1062 1281 idem
1086 1255 1245 1281 attributum
1270 1255 1437 1289 assignavit;
1460 1254 1565 1282 etiamsi
1583 1253 1683 1287 aliqui-

895 1299 944 1326 bus
961 1299 1125 1333 persuadere
1150 1307 1179 1327 se
1193 1305 1268 1334 putat
1286 1308 1397 1327 carnem
1414 1307 1429 1326 a
1445 1307 1474 1326 se
1491 1299 1606 1325 admitti.
1629 1298 1683 1326 Cur

894 1344 966 1370 enim
980 1345 1100 1378 oportuit
1114 1345 1324 1376 incrementum,
1341 1343 1606 1371 ineonvertibilitatis
1623 1343 1683 1370 loco

897 1389 1086 1424 dieere?Ergo
1108 1390 1199 1417 cat-uis
1229 1391 1409 1425 proprietates
1441 1397 1552 1424 prorsus
1567 1396 1682 1424 negans,

897 1442 1006 1469 pravam
1022 1442 1098 1462 suam
1128 1436 1291 1462 sententiam
1316 1436 1466 1463 denuntiat.
1484 1445 1493 1461 ι
1514 1434 1565 1462 Sed
1580 1435 1683 1462 duabus

896 1481 999 1507 naturis
1016 1482 1041 1507 iu
1066 1481 1236 1508 ittcon‘fusatu
1251 1489 1332 1508 uuam
1360 1482 1524 1508 coeuntibus
1555 1480 1683 1508 unionem

54 1526 222 1561 ἀσύγχυτον,
237 1527 288 1560 τήν
304 1534 334 1552 τε
349 1527 397 1561 τῆς
410 1526 538 1561 θεότητος
552 1527 600 1553 καὶ
623 1527 672 1562 τῆς
698 1527 842 1562 ἀνθρωπό-

897 1526 1050 1554 divinitatis
1065 1531 1092 1555 et
1121 1527 1310 1558 humanitatis,
1326 1535 1409 1553 tinum
1430 1527 1608 1560 eumdemqne
1624 1533 1685 1553 esse

55 1580 146 1607 τητος,
174 1572 223 1598 ἕνα
247 1571 293 1598 τὸν
318 1572 400 1598 αὐτὸν
434 1572 496 1598 καθ’
523 1572 674 1599 ὑπόστασιν
696 1573 843 1608 ὑπάρχειν,

55 1617 167 1644 διτΰοῦν
188 1618 218 1643 ὲν
240 1617 281 1643 ὲνὶ
305 1617 454 1652 προσώπῳ.
476 1627 486 1643 ι
511 1617 728 1652 Παραλογίςεται
749 1619 845 1646 ἑαυτὸν

57 1662 208 1694 κάνταῦθα,
223 1663 254 1690 οὺ
281 1663 337 1698 γὰρ
361 1664 415 1690 τῶν
434 1663 620 1698 ἀκροωμένων
635 1665 699 1695 τοὺς
716 1665 845 1696 συνετοὺς

57 1709 105 1734 καὶ
122 1709 185 1735 νοῦν
206 1709 327 1743 ἔχοντας.
352 1709 384 1734 Εἰ
410 1708 464 1743 γὰρ
485 1709 574 1743 ὀρθῶς
590 1708 756 1744 προσέφερε,
769 1709 796 1735 τί
813 1708 844 1744 δή

57 1762 122 1780 ποτε
140 1754 178 1788 μὴ
203 1751 251 1780 καὶ
273 1754 360 1789 ὀρθῶς
374 1754 480 1785 διεῖλεν,
497 1756 520 1781 εἰ
538 1755 709 1790 ἀσυγχύτους
725 1764 846 1791 μεμενη-

57 1799 133 1826 κέναι
148 1801 199 1830 τὰς
215 1800 286 1826 κατὰ
300 1800 418 1835 Χριστὸν
432 1801 613 1832 συνελθούσας
629 1800 725 1834 φύσεις
744 1802 845 1836 διωμο-

55 1845 142 1879 λόγει,
166 1847 214 1872 καὶ
240 1846 392 1881 ἀτρέπτους
419 1846 451 1872 ἂν
482 1846 591 1878 πάντως
614 1847 715 1878 ταύτας
732 1848 847 1883 παρεδέ-

55 1898 137 1925 χετο;
159 1891 238 1917 Ἐπεὶ
252 1891 306 1917 τίνι
322 1891 416 1925 τρόπῳ
428 1891 548 1925 θατέρας
565 1891 614 1925 μὲν
638 1892 671 1918 τὰ
699 1891 844 1926 ἰδιώματα,

54 1937 182 1962 τουτέστι
197 1936 247 1967 τῆς
260 1935 307 1962 τοῦ
329 1936 417 1970 Λόγου
435 1936 544 1970 φύσεως
561 1937 606 1962 διὰ
635 1936 682 1963 τοῦ
706 1938 844 1972 ἀτρέπτου

56 1980 261 2014 διασωζόμενα,
286 1980 423 2016 είσφέρειν
448 1983 651 2017 προσποιεῖται·
671 1981 787 2016 θατέροις
805 1983 844 2016 δὲ,

55 2027 182 2052 τουτέστι
198 2026 248 2060 τῆς
265 2027 378 2061 σαρκὸς,
393 2026 488 2061 ὥσπερ
508 2027 704 2062 παρῃρημένοι,
729 2029 846 2055 ἀπαναί-

56 2071 224 2103 νεταιςοὺκ
244 2070 319 2097 ἐστιν
347 2071 394 2099 οὖν
421 2071 501 2098 τοῦτο
526 2073 677 2109 ἀτρέπτους
694 2074 741 2100 καὶ
759 2075 845 2108 ἀσυγ-

56 2117 155 2150 χύτους
170 2117 220 2148 τὰς
233 2116 327 2150 φύσεις
343 2117 511 2148 δοξάζοντος.
524 2118 554 2144 Εἰ
570 2119 661 2153 γὰρτὸ
678 2119 728 2153 μὲν
743 2128 845 2146 πεπον-

56 2162 133 2188 θέναι
145 2163 210 2197 περὶ
223 2163 273 2193 τὰς
283 2161 418 2197 ἰδιότητας
432 2162 513 2194 ἀξιοῖ,
530 2164 636 2197 ἀνάγκη
645 2164 691 2189 καὶ
706 2165 736 2190 τὸ
749 2164 842 2191 λοιπὸν

896 1573 1042 1599 secundum
1058 1573 1164 1599 unicam
1179 1572 1235 1607 (15)
1249 1572 1426 1607 hypostasim,
1440 1571 1572 1606 duplicem
1587 1571 1613 1598 iu
1632 1578 1685 1597 una

896 1625 1019 1652 persona.
1037 1617 1109 1645 illic
1133 1625 1242 1652 quoque
1270 1625 1299 1644 se
1331 1618 1417 1651 ipsum
1452 1616 1531 1649 fallit,
1570 1616 1683 1642 minime

896 1670 960 1689 vero
981 1663 1120 1690 auditores
1151 1670 1262 1697 sagaces
1289 1667 1369 1697 atque
1401 1662 1539 1688 cordatus.
1569 1659 1635 1686 Nam
1660 1660 1684 1687 si

896 1713 969 1736 recte
981 1709 1130 1743 proposuit,
1146 1716 1194 1735 cur
1204 1714 1276 1736 recte
1289 1715 1396 1742 quoque
1413 1715 1468 1734 non
1494 1705 1637 1734 distinxit?
1655 1705 1685 1733 Si

895 1754 1053 1782 inconfusas
1081 1756 1214 1785 mansisse
1238 1758 1367 1781 coeuntes
1386 1753 1412 1780 in
1439 1753 1547 1780 Christo
1570 1757 1684 1778 naturas

897 1800 988 1828 fassus
1006 1805 1058 1833 est,
1078 1801 1173 1834 utique
1192 1801 1284 1827 debuit
1299 1800 1349 1826 has
1366 1799 1429 1825 item
1456 1805 1569 1834 prorsus
1592 1798 1685 1824 incon-

896 1845 1035 1873 vertibiles
1049 1853 1107 1872 esse
1122 1853 1173 1872 non
1190 1846 1325 1872 dubitare.
1339 1844 1442 1871 Deinde
1462 1843 1599 1878 quomodo
1622 1849 1684 1876 pro-

897 1893 1024 1927 prietates
1055 1891 1163 1925 quidem
1191 1891 1312 1923 alterius,
1332 1890 1358 1917 id
1388 1895 1430 1918 est
1455 1895 1558 1916 natura:
1587 1887 1684 1920 Verbi,

897 1943 1007 1973 propter
1024 1937 1308 1964 lncouvertihilitatetu
1333 1940 1510 1963 conservatas
1529 1941 1683 1969 proponere

895 1982 1024 2014 simulat:
1049 1981 1160 2008 alterius
1185 1987 1286 2013 autem,
1303 1980 1329 2007 id
1351 1984 1394 2006 est
1419 1979 1528 2010 cat-uis,
1556 1983 1685 2012 tanquam

895 2028 1014 2055 sublatas
1032 2026 1132 2062 negat?
1162 2026 1220 2053 Non
1233 2032 1275 2053 est
1296 2027 1346 2052 hoc
1361 2025 1476 2052 ofﬁcium
1500 2023 1685 2056 hominis,qui

897 2065 1007 2101 naturas
1015 2075 1151 2101 existimet
1161 2072 1381 2100 inconvertibiles
1390 2076 1417 2098 et
1432 2071 1602 2098 inconfttsas.
1616 2068 1684 2095 Nam

895 2121 917 2147 si
937 2120 996 2154 quis
1012 2128 1094 2146 unum
1116 2119 1220 2154 jndicat
1236 2125 1344 2152 passum
1367 2124 1427 2144 esse
1451 2116 1551 2150 aliquid
1569 2115 1595 2141 in
1621 2121 1685 2148 pro-

896 2166 1068 2201 prietatibus,
1087 2172 1199 2191 necesse
1230 2169 1270 2190 est
1299 2164 1413 2190 alterunt
1439 2168 1545 2196 quoque
1575 2167 1683 2195 passum

56 2207 193 2239 πεπονθὸς
208 2207 447 2242 συνομολογήσειν.
468 2208 638 2244 ’Ὡσπεργὰρ
656 2209 720 2240 Θεὸς
737 2211 840 2242 τέλειος

897 2219 973 2246 teque
1007 2212 1180 2238 confiteatur.
1209 2209 1285 2236 Sicut
1309 2210 1380 2235 enim
1415 2207 1563 2242 perfectum
1602 2206 1684 2231 llcttttt

57 2254 125 2288 πρὸς
140 2254 221 2288 ἡμῶν
237 2254 347 2279 πάντων
361 2253 557 2289 ὡμολόγηταιὸ
569 2255 689 2290 Χριστὸς
702 2256 730 2281 ὲν
749 2256 840 2291 μορφῇ

56 2300 134 2331 6:05,
167 2300 253 2334 ἡγουν
276 2301 304 2325 ὲν
330 2298 410 2335 οὗσέα
434 2300 502 2326 Θεοῦ
531 2301 673 2335 ὑπάρχων,
696 2301 767 2327 οὕτω
798 2302 846 2328 καὶ

57 2345 165 2381 μορφὴν
185 2344 280 2372 δούλου
306 2345 396 2371 λαεὶὼν
417 2345 467 2380 τὴν
491 2345 553 2372 καθ’
579 2347 663 2380 ἡμᾶς.
685 2347 788 2378 τέλειος
813 2347 845 2374 ἂν

57 2391 214 2418 πιστεύοιτο
234 2391 389 2426 ἄνθρωπος,
420 2392 450 2417 ἐν
479 2392 574 2426 μηδενὶ
598 2392 772 2427 λειπόμενος.
792 2393 848 2420 Καὶ

56 2446 72 2470 γ
95 2446 110 2472 ρ
128 2435 176 2464 οὖν
191 2438 238 2463 καὶ
255 2437 270 2471 ἡ
289 2437 350 2462 καθ’
366 2438 440 2472 ἡμᾶς
457 2438 616 2472 Ἐκκλησία,
633 2439 703 2464 κατὰ
722 2439 756 2464 τὰ
770 2439 845 2465 Osuu-

56 2483 108 2514 δὼς
122 2483 191 2518 ἡμῖν
203 2482 412 2518 παραδεδομένα
438 2483 470 2509 ἐκ
484 2491 513 2509 τε
528 2483 717 2510 ἀποστολικῶν
743 2492 846 2519 κηρυγ-

59 2530 150 2562 μάτων
186 2529 234 2554 καὶ
259 2529 399 2563 πατρικῶν
416 2529 598 2563 διδαγμάτων,
622 2529 774 2564 ἀτρέπτους
797 2531 844 2556 καὶ

57 2574 229 2609 ἀσυγχύτους
248 2574 296 2606 τὰς
312 2574 406 2608 φύσεις
432 2575 611 2609 ὁμολογοῦσα,
627 2575 675 2600 καὶ
696 2575 730 2601 τὰ
747 2575 843 2602 ἐκατέ-

59 2627 109 2653 ρας
132 2619 238 2646 τούτων
256 2619 403 2654 ἰδιώματα,
426 2620 499 2646 τοῦθ’
521 2620 590 2656 ὅπερ
619 2621 692 2646 ἐστὶν
710 2621 842 2656 ἑκάτερον

58 2663 208 2701 διαρρήδην
225 2665 467 2700 προανακέκραγε.
485 2664 583 2700 Μάτην
597 2661 643 2690 οὖν
654 2665 686 2699 τῇ
707 2665 771 2700 δόξῃ
793 2666 842 2700 τῆς

94 2786 199 2822 (ίὸ-Η)
220 2786 340 2822 Respicit
352 2784 518 2822 Nicophorus
536 2785 569 2812 ad
581 2784 661 2812 Hebr.
679 2784 751 2816 xu,l
771 2792 777 2809 :
792 2783 846 2819 Τὴν

60 2821 254 2858 εὖπερίστατον
268 2821 416 2856 ἁμαρτὶαν.

896 2256 984 2283 cuncti
1006 2263 1056 2283 nos
1079 2256 1241 2282 confitemur
1263 2254 1399 2281 Christum
1421 2253 1446 2278 in
1474 2252 1562 2278 forma
1578 2250 1634 2279 [Μ.
1659 2249 1684 2275 id

896 2306 937 2328 est
963 2302 989 2328 in
1016 2300 1166 2328 substantia
1195 2300 1253 2333 Dei,
1279 2299 1474 2327 exsistentetn;
1509 2297 1545 2322 ita
1574 2300 1601 2322 ct
1624 2302 1684 2321 cum

897 2346 979 2380 servi,
1010 2347 1035 2373 id
1059 2351 1100 2373 est
1126 2350 1217 2373 nostra
1236 2365 1243 2376 ,
1265 2349 1391 2378 Susccpta
1422 2343 1521 2374 forma,
1549 2340 1687 2376 petfectus

898 2392 1048 2420 credendus
1062 2395 1104 2418 est.
1124 2391 1182 2418 sine
1206 2390 1259 2416 nilo
1289 2390 1395 2416 (li-fectu
1421 2390 1511 2415 homo.
1536 2387 1630 2420 Itaque
1659 2390 1687 2411 (ιι

900 2442 992 2464 n0stra
1013 2437 1143 2469 Ecclesia,
1160 2435 1236 2470 juxta
1255 2435 1327 2470 quod
1356 2435 1434 2460 uoltis
1449 2433 1576 2459 divinitus
1601 2432 1686 2458 tradi-

900 2489 955 2510 tum
974 2483 1028 2517 22
1041 2487 1083 2509 est
1098 2483 1130 2508 ab
1154 2481 1310 2516 apostolicis
1327 2479 1563 2514 prmdicationihus
1579 2482 1605 2503 et
1630 2477 1682 2503 Pa-

899 2533 970 2555 trum
987 2527 1162 2562 magisteriis,
1180 2525 1402 2553 incouvertibiles
1419 2531 1500 2559 atque
1527 2524 1685 2550 inconfusus

899 2579 1009 2601 naturas
1039 2573 1188 2606 confitens,
1222 2573 1316 2600 harum
1345 2572 1427 2599 etiam
1454 2570 1595 2604 utriusque
1626 2576 1686 2602 pto-

898 2621 1035 2654 prietates,
1054 2624 1133 2653 prout
1155 2626 1268 2653 qumque
1283 2626 1313 2645 se
1336 2618 1428 2647 habet.
1454 2617 1554 2643 diserte
1576 2615 1682 2650 procla-

898 2667 992 2692 mavit.
1009 2665 1118 2692 Frustra
1142 2665 1185 2692 hic
1205 2665 1285 2699 igitur
1301 2663 1487 2691 ecclesiastica
1502 2661 1636 2705 sententia
1655 2667 1685 2687 se

935 2783 992 2817 (15)
1010 2783 1089 2811 Deest
1101 2783 1152 2809 hoc
1168 2783 1260 2809 locoin
1278 2782 1371 2810 codice
1386 2781 1460 2816 pia",
1478 2776 1685 2812 tnticammiiter

898 2826 927 2845 ac
946 2818 1093 2853 p.19(col.
1111 2817 1163 2844 216
1180 2818 1199 2845 C
1214 2817 1254 2852 4).
