1951 3077
101 189 160 222 305

458 190 770 222 ANTIRRHETICUS
791 193 803 222 Ι
828 194 913 224 ADV.
940 195 1238 228 CONSTANTINUM
1257 198 1363 228 COPR.

1681 200 1734 232 306

103 253 184 280 μενος
201 244 340 280 πρόνοιαν.
359 244 429 271 Ἀλλ’
444 245 468 271 si
480 245 526 271 καὶ
539 244 609 280 μετά
626 245 777 280 ἀνθρώπων
794 255 892 282 κεχρη-

946 256 1037 276 curam
1050 251 1169 279 omnium
1181 251 1262 287 gerit.
1274 251 1488 280 Verumetiamsi
1503 260 1564 280 cum
1577 253 1733 283 hominibus

102 292 220 326 μάτικεν
245 292 283 323 ὡς
305 291 413 326 ἀληθῶς
435 291 588 326 ἄνθρωπος,
609 291 664 318 τῶν
685 293 829 328 πατρικῶν
846 293 896 320 οὐκ

100 337 267 364 ἀπελείπετο
291 337 410 370 κόλπων,
435 337 482 364 καὶ
499 337 512 363 ό
529 336 623 372 Πατὴρ
643 335 677 373 ἦν
699 339 728 364 ὲν
747 339 831 374 αὐτῷ,
847 341 895 366 καὶ

100 385 183 416 αὐτὸς
198 385 229 410 ὲν
245 383 284 418 τῷ
300 384 396 420 Πατρί.

137 431 167 456 ΕΞ
182 431 283 462 τοίνυν,
302 430 428 465 καθάπερ
439 431 453 457 ὁ
466 432 516 466 τῆς
531 431 660 467 ἀληθείας
673 432 810 467 ἐφοδεύων
826 441 895 468 συμ-

101 477 227 511 περαίνει
251 477 342 510 λόγος,
360 477 388 503 ἐν
411 477 450 512 τῷ
471 477 528 513 ἰδίῳ
551 479 582 505 οὑ
601 479 823 514 περιγέγραπται
840 478 895 505 σώ-

103 531 180 557 ματι,
200 522 282 553 ποίας
298 523 401 554 ἀνοίας
414 523 460 549 καὶ
475 523 588 557 ἀλογίας
603 525 644 551 ἔτι
665 525 713 551 καὶ
733 525 894 557 δυτσεῦείας

100 570 150 603 οὐχ
164 569 306 604 ὑπεροίσει
330 569 440 604 μέτρον,
462 569 492 596 τὸ
508 570 598 603 λέξειν
616 571 894 606 συμπεριγράφεσθαι

101 615 340 649 περιγραφομένῳ
360 615 407 641 τὸν
431 615 519 650 Λόγον
535 616 575 651 τῷ
593 616 721 652 σώματι,
738 618 893 652 ἀπεριγρά-

100 668 170 686 mou
186 660 216 686 δὲ
234 659 283 686 τοῦ
301 660 374 687 Θείου
391 661 468 693 ὄντος
483 662 570 695 Λόγου
585 671 592 695 ;
617 662 894 698 Συμπαραληφθῆναι

100 706 155 740 γὰρ
171 705 213 732 δεῖ
232 705 282 732 καὶ
301 706 355 732 τῶν
375 707 551 741 ζητουμένων
571 707 602 733 τὸ
624 707 776 743 σύστοιχον·
796 709 843 734 καὶ
864 710 894 736 ἐν

101 752 188 778 ἅπασι
203 752 348 786 παρόντος,
360 752 410 787 τῆς
429 753 552 787 μείζονος
565 753 598 779 ἂν
612 753 654 789 εἴη
670 754 771 788 μανίας
782 755 828 780 καὶ
843 755 894 790 τῆς

100 797 223 832 ἐσχάτης
243 797 460 834 παραφροσύνης
476 799 506 825 τὺ
527 799 653 833 φράζειν,
670 799 834 834 χωρίζεσθαι
847 800 894 827 τὸν

99 844 189 877 Λόγον
200 843 247 870 τοῦ
263 843 401 878 σώματος,
413 844 495 879 ἡνίκα
509 845 698 880 περιγραπτδν
707 845 892 881 ὡμολόγηται.

100 891 133 916 Εἰ
146 890 202 924 γὰρ
218 890 326 922 οὐδενὸς
345 890 444 917 ἄπεστι
454 911 461 921 ,
479 892 526 917 καὶ
541 891 692 926 οὐδαμόθεν
705 892 894 927 ἀπολιμπάνε-

100 944 159 967 ται,
176 936 253 971 πόσῳ
267 936 356 970 λέγειν
371 936 564 972 ἀληθέστερον,
580 937 622 964 ὅτι
635 938 664 963 ἐν
681 937 721 973 τῷ
733 938 840 973 σώματι
854 938 893 974 τῷ

100 981 196 1013 οἰχεεῳ
210 981 259 1007 καὶ
274 981 336 1008 καθ’
357 982 507 1008 ὑπόστασιν
522 982 596 1017 αὺτῷ
614 983 765 1019 ἡνωμὲνῳ,
781 983 829 1010 καὶ
845 992 896 1010 πε-

102 1026 250 1060 ριγραπτῷ
267 1035 298 1059 γε
313 1026 381 1059 ὄντι,
398 1027 441 1053 ᾰεί
466 1027 610 1062 πάρεστιν,
627 1028 661 1054 ἵν’
682 1028 741 1063 ἅμα
757 1029 804 1055 καὶ
823 1030 894 1057 κατὰ

100 1071 200 1098 ταύτόν
218 1073 233 1106 ἡ
254 1073 296 1098 ἐπ’
313 1073 415 1107 ἀμιροίν
430 1073 484 1099 τῶν
504 1073 610 1100 ἀσεϐῶν
627 1073 728 1106 ἄτοπος
743 1075 790 1102 καὶ
805 1076 895 1111 παρὰ·

100 1117 180 1150 λόγος
194 1116 369 1152 δ;ελέγχηται
391 1118 562 1151 φιλονεικίας
584 1119 614 1145 Εἰ
633 1119 684 1154 μὲν
698 1120 754 1155 γὰρ
769 1121 786 1155 ἡ
806 1121 894 1153 κτίσις

100 1164 118 1196 ἡ
135 1163 270 1198 σύμπασα
322 1163 454 1199 πάρεστιν
469 1164 507 1196 ὡς
526 1165 593 1196 Θεὸς
608 1165 843 1202 ἀπεριγράπτως,
860 1165 895 1204 ἦν

101 1211 332 1245 ἁπερίγραπτος,
349 1211 463 1246 ἐξήνυεν
476 1211 509 1238 ἄν
531 1220 557 1238 τι
578 1212 644 1243 ἴσως
664 1214 678 1239 ό
701 1213 781 1247 λόγος
807 1214 894 1249 αὐτῷ.

101 1256 134 1282 Εἰ
153 1255 183 1282 δὲ
201 1256 290 1282 πάντα
306 1257 486 1292 περιγραπτά
500 1259 569 1291 ἐστι,
586 1258 658 1290 τίνος
674 1259 797 1294 ’ἐνεκενή
816 1260 895 1287 ἀνού-

102 1310 203 1333 στατος
217 1301 287 1338 αὕτη
304 1303 352 1328 καὶ
367 1303 460 1338 ψυχρᾶ
475 1303 615 1337 ἔνστασις,
632 1304 678 1330 τοῦ
697 1305 798 1332 οἰκείου
815 1306 895 1340 μόνον

101 1348 290 1384 ὑπερορίσοαι
314 1349 360 1376 τὸν
389 1350 476 1383 Λόγον
510 1349 660 1383 σώματοςς
688 1350 793 1382 Ὄντως
822 1352 895 1378 ίστδν

101 1395 229 1430 ἀράχνης
254 1395 413 1430 ὑφαίνουσιν
438 1396 464 1422 οἱ
487 1395 574 1422 ταῦτα
597 1395 761 1431 φρονοῦντες
783 1397 829 1424 καὶ
849 1398 895 1424 λέ-

101 1449 209 1474 γοντες.

139 1486 195 1520 μβ’.
217 1486 327 1514 Τούτων
346 1487 374 1514 δὲ
396 1487 482 1519 οὕτως
506 1488 672 1524 εἰρημένων,
693 1488 740 1515 ἐπὶ
756 1491 790 1517 τὰ
813 1489 896 1517 λοιπὰ

99 1531 246 1564 τοῦλόγου
269 1532 445 1567 τρεψώμεθα.
468 1534 497 1560 Ei
515 1534 548 1560 ὲκ
565 1534 724 1570 διπλότητος
746 1535 895 1570 πρεσϐεύει

946 301 995 320 ceu
1011 302 1090 322 verus
1105 296 1184 323 homo
1200 296 1369 328 versabalur,
1384 302 1526 331 paternum
1553 305 1606 325 non
1620 299 1732 327 descre-

946 341 993 368 bat
1001 341 1090 368 sinum
1102 350 1109 374 ;
1120 341 1256 378 Paterque
1265 344 1361 371 eratin
1377 343 1446 379 ipso,
1457 348 1485 372 et
1502 344 1559 379 ipse
1571 345 1598 372 in
1608 345 1732 373 Patre".

983 430 1011 458 Si
1030 438 1106 466 ergo,
1121 436 1150 459 ut
1166 432 1289 460 veritatis
1306 433 1453 461 decurrens
1476 441 1565 461 sermo
1584 435 1734 466 concludit,

947 476 973 504 in
999 478 1109 512 proprio
1132 486 1185 505 non
1213 478 1447 506 circumscribitur
1469 487 1583 514 corpore
1601 500 1608 512 ,
1635 481 1729 515 quidni

945 530 1053 550 omnem
1061 524 1193 557 stultitiae,
1203 524 1347 552 dementia:
1362 525 1564 560 impietatisque
1575 534 1733 554 mensuram

946 568 1070 600 excedet,
1092 568 1114 595 si
1132 569 1195 603 quis
1218 569 1292 596 dicat
1317 569 1504 597 circumscribi
1525 577 1587 597 cum
1611 571 1732 598 circum-

945 615 1049 649 scripto
1073 622 1188 649 corpore
1214 614 1344 648 Verbum,
1370 622 1432 642 cum
1459 623 1555 650 reapse
1584 617 1735 644 incircum-

946 659 1078 694 scriptum
1103 659 1220 687 Verbum
1237 659 1291 687 sit?
1313 659 1379 686 Nam
1408 659 1489 687 simul
1515 665 1624 695 sumpta
1650 659 1734 688 fuisse

945 709 1052 740 oportet
1066 705 1148 732 etiam
1175 706 1316 741 coniugata
1337 713 1431 733 eorum
1450 714 1509 740 quae
1520 711 1584 734 sunt
1607 707 1633 734 in
1656 714 1733 742 qua:-

945 752 1044 778 stionc.
1057 751 1178 786 Cumque
1191 752 1318 779 omnibus
1331 752 1411 779 rebus
1424 752 1458 780 sit
1474 759 1606 786 praesens,
1616 745 1729 788 majoris

946 797 1092 824 dementiae
1107 797 1190 824 fuerit
1202 799 1374 833 extremique
1389 799 1477 827 delirii
1489 801 1591 833 dicere,
1611 801 1733 836 separari

945 850 959 869 a
977 850 1091 878 corpore
1105 842 1235 876 Verbum.
1249 844 1271 872 si
1285 845 1521 881 circumscriptum
1534 846 1655 883 (corpus)
1668 854 1730 875 csse

945 887 1104 915 aiﬁrmctur.
1130 887 1197 916 Nam
1219 889 1275 917 sia
1303 890 1375 917 nulla
1399 898 1428 918 re
1442 893 1530 924 abest,
1543 896 1572 919 et
1598 900 1732 927 nusquam

946 934 1034 967 deost.
1049 935 1146 969 quidni
1172 936 1264 963 verius
1280 936 1398 968 dicatur.
1413 937 1477 964 illud
1492 937 1519 965 in
1537 945 1652 972 corpore
1668 946 1732 972 pro-

946 980 1006 1014 prio
1020 980 1189 1015 hypostatice
1203 981 1255 1008 sibi
1267 981 1344 1008 unito
1356 985 1385 1008 et
1396 981 1605 1016 circumscripto
1619 989 1732 1016 semper

945 1024 1061 1052 adesse?
1085 1029 1114 1051 ut
1130 1025 1221 1058 simul,
1246 1030 1272 1052 et
1297 1026 1446 1053 secundum
1473 1026 1557 1059 idem,
1584 1026 1730 1061 impiorum

946 1070 1092 1105 utrubique
1104 1070 1224 1098 absurda
1239 1075 1267 1098 et
1281 1071 1375 1098 insana
1389 1077 1553 1106 coarguatur
1565 1072 1730 1107 pertinacia.

945 1115 1012 1142 Nam
1037 1116 1061 1143 si
1087 1116 1215 1143 universa
1231 1122 1369 1150 creatura,
1386 1119 1429 1144 cui
1444 1125 1565 1152 praesens
1587 1122 1630 1145 est
1648 1118 1732 1145 incir-

944 1163 1111 1196 cumscripte
1127 1162 1213 1194 Deus.
1233 1163 1469 1196 incircumscripta
1485 1167 1571 1195 esset,
1588 1163 1692 1190 valeret
1705 1163 1730 1190 ei

945 1208 1059 1236 fortasse
1071 1208 1173 1242 aliquid
1185 1208 1386 1243 argumentatio
1396 1216 1456 1237 sua.
1468 1208 1516 1236 Sin
1528 1215 1622 1236 contra
1636 1209 1729 1247 omnia

944 1256 1152 1290 circumscripta
1166 1260 1240 1289 sunt,
1259 1263 1307 1282 cur
1324 1256 1381 1283 haec
1393 1255 1573 1284 insulsissima
1586 1261 1614 1283 et
1630 1255 1728 1290 frigida

944 1301 1084 1328 contentio
1101 1300 1140 1332 ﬁt,
1157 1308 1217 1335 quae
1232 1308 1247 1327 a
1264 1299 1377 1335 proprio
1396 1304 1502 1327 tantum
1519 1308 1636 1336 corpore
1661 1301 1729 1328 Vcr-

945 1347 1008 1374 bum
1022 1347 1205 1374 exterminat?
1221 1346 1289 1374 \‘ere
1305 1346 1385 1374 telam
1403 1347 1496 1374 aranei
1517 1351 1669 1374 contexunt
1683 1347 1730 1382 qui

946 1393 996 1421 ista
1013 1394 1122 1428 sapiunt
1135 1398 1162 1421 et
1175 1393 1285 1421 dicunt!

980 1487 1026 1514 42.
1053 1486 1101 1515 His
1118 1487 1154 1514 ita
1178 1487 1334 1522 disputatis,
1348 1487 1468 1522 reliquas
1483 1486 1623 1515 'sermonis
1640 1487 1726 1516 nostri

945 1537 1036 1566 partes
1049 1539 1255 1567 persequamur.
1282 1532 1415 1566 Quoniam
1441 1539 1473 1559 ex
1490 1531 1648 1567 duplicitate
1663 1539 1729 1560 con-

100 1575 173 1605 εἷναι
201 1578 248 1604 τὸν
271 1578 399 1614 Χριστὸν,
423 1580 447 1606 εἰ
472 1579 598 1606 ἐϐούλετο
626 1580 761 1607 σεσῶσθαι
778 1581 852 1617 αὐτῷ
879 1582 892 1609 δ

945 1577 1037 1604 ﬂatum
1056 1577 1194 1604 Mamonas
1208 1577 1347 1605 Christum
1359 1576 1485 1611 afﬁrmat,
1501 1578 1523 1604 si
1538 1581 1613 1605 certe
1626 1578 1650 1604 ei
1663 1584 1729 1605 con-

99 1623 280 1659 περοθρυλλεί
292 1623 417 1659 εὔφημον
445 1626 493 1651 καὶ
520 1625 626 1660 κομψὸν
655 1625 706 1660 τῆς
734 1626 895 1662 διπλότητος

99 1669 189 1703 ὄνομα
202 1688 210 1700 ,
237 1669 429 1704 περιγραπτδν
444 1670 515 1697 κατὰ
535 1670 584 1705 τὴν
599 1670 697 1705 ἑτέραν
716 1671 771 1697 τῶν
786 1671 895 1706 φύσεων

99 1714 246 1749 ὁμολογεῖν
269 1715 315 1741 τὸν
334 1715 452 1750 Χριστὸν
477 1715 541 1743 ἔδει.
575 1716 685 1752 Ἐπειδὴ
710 1716 739 1743 δὲ
763 1717 843 1744 τοῦτο
862 1718 893 1744 οὐ

99 1759 219 1793 δίδωσιν,
230 1759 386 1795 ὲξήπλωται
401 1760 478 1795 αὐτῷ
492 1760 521 1787 τὸ
533 1761 753 1795 συνεπτυγμένον
767 1763 813 1789 καὶ
828 1763 895 1790 0:10-

101 1806 206 1839 μαστὸν
221 1806 273 1840 τῆς
286 1805 461 1841 διαιτλότητος⁸
479 1807 526 1833 καὶ
543 1807 721 1842 γεγύμνωται
734 1807 785 1843 τῆς
801 1809 894 1836 διπλό-

98 1860 181 1885 τητος
200 1851 249 1878 τοῦ
265 1852 368 1887 τρόπου
392 1853 440 1878 καὶ
459 1852 514 1879 τῶν
531 1853 694 1889 πανούργων
713 1854 796 1881 αὐτοῦ
812 1863 891 1890 σοφι-

100 1898 226 1931 σμάτων.
251 1898 368 1933 Τοιαύτη
392 1898 420 1925 δὲ
446 1899 462 1933 ἠ
476 1899 623 1931 ἀλαζονεία
636 1900 683 1926 καὶ
695 1900 842 1935 φιλαυτία,
859 1902 894 1929 τὰ

99 1944 173 1979 πέρα
189 1944 237 1972 τοῦ
254 1945 355 1980 μέτρου
381 1947 592 1982 κενιμῦατοῦσα
609 1948 782 1983 περιαθρείν·
805 1945 842 1975 ὤν
861 1949 891 1976 δὲ

99 1990 207 2024 ἐξεῖται
220 1991 465 2027 διατεκμαίρεσθαι
482 1993 530 2019 καὶ
545 1992 763 2026 διασκοπεῖσθαι,
780 1994 894 2029 διαμαρ⁴

98 2038 190 2064 τάνειν
209 2038 378 2073 περιφανῶς.
398 2039 498 2075 Ἐχρῆν
511 2039 566 2075 γὰρ
581 2040 612 2072 ἐξ
623 2037 662 2068 ὧν
682 2040 763 2072 αὐτὸς
781 2041 890 2076 προῆγε

98 2082 198 2116 λόγων,
212 2085 455 2119 προαισθέσθαιγε
466 2086 513 2112 καὶ
525 2086 658 2119 συνιέναι,
673 2086 715 2113 ὅτι
724 2086 806 2122 αὐτῷ
821 2088 893 2113 έκεῖ-

98 2128 145 2154 θεν
159 2129 322 2163 ὲκδήσεται.
341 2129 390 2156 Ἐκ
401 2130 561 2166 ὃιπλότητος
573 2131 681 2164 δοξάζει
693 2131 740 2158 τὸν
753 2133 872 2167 Χριστόν
883 2141 890 2164 ς

99 2173 194 2210 Ταύτῃ
211 2175 280 2208 γοῦν
299 2176 346 2202 καὶ
362 2176 490 2209 σύνθετος
507 2177 585 2204 ἔσται
604 2178 725 2209 πάντως.
742 2179 774 2204 Et
789 2179 844 2214 γὰρ
861 2179 891 2205 τὸ

98 2220 205 2247 ἁπλοῦν
226 2221 384 2253 ἀσύνθετον,
407 2223 438 2248 τὸ
460 2223 492 2249 ὲκ
510 2222 671 2257 διπλότητος
696 2224 836 2251 σύνθετον.
857 2225 890 2251 Τί

97 2263 145 2292 οὖν
162 2265 194 2291 τὸ
218 2267 448 2301 περιιστάμενονς
469 2268 500 2294 Εἰ
517 2268 728 2302 ἁπερίγραπτον
747 2269 777 2295 τὸ
799 2269 889 2302 Θεῖον,

97 2310 164 2337 διότι
184 2311 290 2338 ἁπλοῦν
307 2313 353 2338 καὶ
373 2312 531 2345 ἀσύνθετον,
555 2313 587 2340 τὸ
611 2315 643 2340 ὲκ
659 2314 819 2349 διπλότητος
842 2316 890 2343 καὶ

98 2357 240 2389 σύνθετον,
257 2359 285 2384 τί
300 2359 394 2392 Eam;
412 2360 533 2395 Ἐφησεν
546 2359 579 2386 ἂν
595 2361 704 2392 πάντως
715 2362 763 2388 καὶ
779 2361 817 2397 μὴ
829 2361 891 2397 βου-

97 2402 213 2437 λόμενος
229 2405 421 2440 περιγραπτόν
433 2413 441 2420 ’
457 2405 545 2437 ἄλλως
560 2414 590 2432 τε
602 2406 630 2432 δὲ
645 2407 715 2442 αὺτὴ
731 2408 747 2442 ἡ
763 2407 812 2443 τῆς
827 2416 891 2435 συν.

98 2448 200 2479 Θέσεως
213 2449 315 2481 ἔννοια,
327 2450 377 2485 τὴν
391 2451 568 2486 περιγραφὴν
580 2453 646 2487 ήμῖν
657 2453 690 2479 ὲκ
705 2453 806 2485 παντὸς
822 2454 890 2480 ὑπο-

96 2493 215 2520 τίθεται.
242 2493 336 2525 Οὕτως
360 2495 499 2530 πανταχοῦ
521 2496 569 2522 καὶ
592 2496 632 2530 τῷ
657 2496 731 2531 ὀρθῷ
755 2496 826 2532 λόγῳ
843 2497 891 2523 καὶ

97 2538 186 2573 ἑαυτῷ
199 2539 414 2574 ἀπομαχόμενος
428 2541 577 2567 δείκνυται.
592 2541 648 2567 Καὶ
659 2541 745 2568 ταῦτα
760 2543 809 2576 μὲν
821 2542 890 2577 πρὸς

97 2583 160 2614 τοὺς
181 2584 289 2610 ἐκείνου
313 2585 410 2618 λόγους
428 2586 557 2621 λελέχθω.
586 2587 665 2613 Δοκεῖ
688 2587 741 2622 γὰρ
761 2588 889 2622 κατειλη-

98 2628 178 2661 φέναι
197 2629 229 2655 τὸ
256 2630 376 2665 Χριστοῦ
409 2633 573 2667 μυστήριον.
598 2624 667 2667 μηδὲ
691 2633 726 2658 τὰ
751 2633 780 2660 ἐν
806 2634 888 2660 ποσὶν

97 2673 206 2711 εἰδὼς-ἢ
225 2675 343 2710 βλέπων.
362 2678 496 2711 Καθάπαξ
516 2678 570 2713 γὰρ
588 2679 638 2713 τῆς
651 2678 760 2711 εὐθείας
772 2680 819 2706 καὶ
840 2680 889 2715 βπ-

97 2720 208 2756 σιλικῆς
222 2723 412 2756 ἁπονενευκὼς
435 2725 530 2759 τρίϐου
543 2745 550 2756 ,
566 2725 612 2751 ἐπὶ
634 2726 698 2757 τοὺς
713 2726 755 2761 ἐφ’
770 2727 890 2764 ἑκάτερά

96 2775 156 2799 τως
169 2769 391 2802 ἀποκεκλικᾶτας
405 2771 546 2806 κρημνοὺς
562 2772 642 2798 ἵεται.

135 2836 158 2852 ⁵⁸
177 2835 257 2864 Joan.
274 2846 302 2869 x,
329 2837 375 2864 58.
404 2840 409 2846 ‘

945 1629 1056 1649 servare
1078 1622 1133 1649 vult
1156 1629 1238 1657 quam
1261 1623 1387 1650 buccinat
1406 1622 1532 1658 inclytam
1547 1628 1575 1649 et
1588 1623 1725 1658 egregiam

944 1667 1114 1702 duplicitatis
1157 1667 1385 1703 appellationem,
1426 1669 1663 1703 circumscriptum
1703 1669 1730 1696 in

944 1713 1076 1740 alterutra
1089 1720 1120 1740 ex
1137 1713 1180 1741 his
1197 1713 1303 1747 naturis
1313 1713 1435 1740 conﬁteri
1449 1713 1590 1741 Christum
1607 1714 1729 1741 deberet.

944 1759 1014 1793 Quia
1031 1767 1095 1787 vero
1112 1760 1138 1787 id
1166 1767 1219 1786 non
1234 1759 1370 1792 concedit,
1391 1759 1550 1787 dissolvitur
1569 1759 1595 1786 ei
1618 1766 1730 1794 compa-

944 1811 1017 1832 ctum
1043 1806 1094 1833 hoc
1120 1810 1149 1833 et
1187 1805 1332 1833 miriﬁcum
1357 1806 1526 1841 duplicitatis
1552 1806 1729 1838 vocabulum,

943 1849 1056 1884 ipsoque
1086 1850 1251 1884 duplicitalis
1278 1851 1396 1879 artiﬁcio
1419 1851 1580 1886 callidisque
1595 1851 1653 1878 suis
1685 1857 1730 1878 so-

943 1895 1124 1930 phismatibus
1137 1898 1300 1924 denudatur.
1316 1897 1363 1924 Est
1375 1902 1466 1925 autem
1479 1898 1588 1932 superbi
1606 1897 1724 1925 hominis

943 1942 1051 1977 sibique
1066 1942 1305 1978 nimisplaceutis
1329 1943 1461 1977 ofﬁcium,
1486 1951 1530 1971 res
1544 1944 1614 1971 ultra
1639 1948 1732 1979 {equos

944 1987 1014 2015 ﬁnes
1033 1988 1135 2022 positas
1154 1994 1234 2015 aereo
1258 1987 1342 2014 veluti
1360 1995 1442 2016 cursu
1470 1989 1676 2024 pervestigare;
1695 1989 1729 2016 ab

944 2033 977 2060 iis
1002 2037 1092 2061 autem
1107 2040 1175 2068 quas
1193 2032 1217 2060 ei
1243 2033 1378 2068 dispicere
1403 2041 1435 2061 ac
1457 2034 1590 2069 Speculari
1622 2034 1727 2065 liceret.

943 2078 1086 2106 Inauii'esle
1113 2079 1252 2107 aberrare.
1279 2079 1428 2114 Oportebat
1452 2080 1524 2107 enim
1549 2088 1583 2108 ex
1611 2081 1644 2108 iis
1669 2088 1732 2115 qua:

943 2130 1022 2152 antea
1039 2125 1116 2157 dixit,
1134 2126 1293 2159 praesentire
1310 2130 1390 2160 atque
1411 2126 1572 2162 intelligere,
1588 2127 1654 2162 quid
1675 2128 1727 2155 sibi

943 2170 1064 2198 indidem
1080 2170 1150 2198 foret
1162 2171 1356 2198 obventurutn.
1372 2170 1413 2197 Ex
1429 2171 1586 2206 tluplicitate
1601 2177 1728 2200 constare

943 2217 1081 2244 Christutn
1096 2215 1211 2244 censet?
1227 2216 1374 2251 Propterea
1399 2217 1482 2252 igitur
1508 2222 1536 2246 et
1563 2220 1728 2253 compositus

906 2260 928 2287 Ι)
943 2264 1057 2292 omnino
1073 2263 1135 2291 erit.
1150 2263 1217 2290 Nam
1235 2263 1258 2291 si
1272 2271 1316 2291 res
1329 2263 1446 2298 simplex
1472 2269 1513 2292 est
1530 2265 1709 2300 incomposita
1724 2274 1730 2298 ;

943 2311 1015 2346 quod
1042 2320 1074 2338 ex
1107 2303 1266 2346 duplicitate
1292 2311 1444 2346 consurgit,
1469 2313 1651 2347 compositum
1676 2318 1728 2340 est.

943 2357 1012 2390 Quid
1022 2364 1087 2392 ergo
1101 2357 1244 2391 sequitur?
1268 2357 1295 2384 Si
1315 2357 1549 2392 incircumscripta
1570 2364 1612 2384 est
1629 2358 1728 2390 deilas,

943 2404 1006 2439 quia
1028 2403 1144 2438 simplex
1159 2408 1188 2430 et
1206 2404 1400 2438 incomposita;
1415 2403 1486 2438 quod
1510 2411 1543 2430 ex
1572 2404 1729 2437 duplicitate

943 2449 1123 2484 compositum
1147 2455 1206 2481 est,
1231 2449 1295 2483 quid
1329 2449 1445 2476 demum.
1469 2449 1522 2484 57
1553 2450 1628 2477 erit?
1651 2450 1729 2478 Dicet

944 2497 1054 2524 omnino
1065 2495 1106 2524 vel
1121 2495 1235 2529 invitus,
1252 2495 1279 2523 id
1304 2503 1364 2523 esse
1383 2496 1633 2531 circumscriptum.
1660 2497 1732 2525 Alio-

945 2544 1010 2577 quin
1027 2543 1084 2577 ipsa
1112 2542 1195 2569 etiam
1221 2542 1429 2577 compositionis
1453 2542 1530 2570 notio
1553 2543 1729 2570 circumscri-

943 2589 1061 2624 ptionem
1083 2588 1160 2616 nobis
1175 2595 1286 2621 prorsus
1306 2592 1494 2622 repraesentat.
1515 2589 1560 2616 Sic
1572 2596 1726 2624 usquequa-

945 2643 998 2670 que
1010 2640 1037 2663 et
1050 2640 1131 2662 recta:
1141 2635 1272 2662 doctrina:
1283 2640 1308 2662 et
1321 2635 1370 2669 ipsi
1390 2635 1443 2663 sibi
1459 2642 1609 2671 repugnare
1624 2642 1724 2669 cogno-

944 2681 1039 2708 scitur.
1062 2680 1150 2714 Atque
1165 2680 1221 2706 haec
1235 2680 1364 2706 adversus
1390 2680 1474 2714 ipsius
1501 2687 1640 2708 sermones
1658 2681 1730 2708 dicta

944 2731 1024 2754 sunto
1047 2726 1114 2761 (5'1).
1136 2724 1249 2752 Videtur
1273 2726 1346 2753 enim
1381 2727 1404 2753 is
1426 2726 1529 2754 Christi
1570 2726 1729 2761 mysterium

943 2773 1051 2809 assequi
1070 2776 1162 2800 mente
1184 2780 1322 2807 sperasse,
1342 2773 1388 2807 qui
1414 2780 1446 2800 ne
1471 2772 1514 2799 illa
1537 2772 1645 2807 quidem
1669 2779 1730 2807 quae

137 2892 191 2928 (57)
208 2893 245 2920 Dc
257 2894 465 2930 circumscripto
478 2901 504 2923 et
546 2896 780 2932 incircumscripto
799 2899 842 2926 diu
862 2899 980 2935 loquitur
996 2900 1075 2928 ctiam
1092 2900 1251 2928 Theudotus
1285 2900 1391 2928 Studita
1421 2900 1446 2928 in
1474 2901 1530 2935 pati
1545 2907 1627 2935 opere
1653 2900 1727 2927 edito
