1951 3077
113 181 165 213 30’3

471 179 784 210 ANTIRRHETICUS
811 180 823 208 Ι
844 180 927 210 ADV.
947 178 1242 209 CONSTANTINUM
1271 177 1377 207 COPR.

1699 171 1752 203 319

113 239 174 264 οὒῦὲ
189 238 336 263 σέσωσται.
360 237 396 262 Ti.
415 237 470 272 γὰρ
486 236 691 271 ἁπρόσληπτον,
704 235 903 272 ἀθεράπευτον,

963 240 1059 261 vatum.
1077 233 1216 268 Siquidem
1235 233 1306 267 qnol
1329 229 1424 264 nequit
1450 229 1575 260 assumi,
1594 227 1748 255 insanabile

113 282 196 316 φασιν
209 283 233 309 οἱ
251 282 380 316 θεολόγοι.
400 280 465 308 Εἶτα
485 281 611 316 ἐπιφέρει
626 281 748 307 τοιαῦτα.

153 387 210 418 μγ’.
230 393 239 409 ί
256 384 337 417 Λέγει
349 383 378 410 δὲ
391 385 405 410 ὁ
426 383 542 418 ποιήσας
560 383 609 418 τὴν
625 383 717 410 εἰκόνα
730 384 850 419 ἐκείνην,
869 385 909 411 ὅτι

115 429 200 455 εἰκὼν
226 429 274 456 τοῦ
301 429 421 464 Χριστοῦ
447 430 515 456 ὲστι.
542 430 597 455 Καὶ
628 430 657 455 τὸ
677 430 804 463 Χριστός
820 429 908 463 ὄνομα

116 475 304 509 γινώσκεται,
325 475 366 501 ὅτι
392 475 423 501 οὐ
445 475 527 509 μόνον
552 474 700 510 ἄνθρωπον
725 475 816 510 δηλοῖ,
841 475 911 502 ἀλλὰ

116 521 163 547 καὶ
192 520 270 547 Θεόν.
303 530 311 546 ι
341 521 414 547 Ἔδει
440 521 523 548 αὐτὸν
547 521 598 547 xiv
617 521 682 554 γοῦν
704 522 768 552 τοὺς
791 522 910 553 οἰκείους

115 566 318 600 δυσωπηθέντα
346 566 458 601 λόγους,
495 566 690 593 συναισοέσυαι
716 567 766 601 τῆς
792 567 910 598 ἀτοπίας

115 612 170 638 τῶν
185 612 253 648 παρ’
269 613 354 639 αὑτοῦ
371 612 581 648 προαγομένων.
603 612 673 639 Ἀλλ’
687 612 804 648 ἔοικεν-ὴ
821 613 910 648 πλάνη

116 659 164 685 καὶ
188 659 220 685 τὸ
234 659 334 693 ψεῦδος
357 659 405 685 καὶ
422 658 511 693 ἑαυτῷ
531 659 578 685 καὶ
597 660 631 694 τῇ
651 658 767 694 ἀληθείᾳ
783 659 911 686 ἀνθίστα-

116 703 190 731 σθαι.
218 704 249 730 El
268 705 316 744 μξν
331 706 387 740 γὰρ
403 704 431 731 ἓν
448 702 482 740 ἦν
498 704 529 730 τὸ
551 705 583 730 ἐκ
598 703 646 731 τοῦ
664 704 797 740 ὀνόματος
813 705 910 740 δηλού-

118 758 212 783 μενον,
231 750 282 781 τὰς
303 750 366 785 περὶ
380 750 410 777 τὸ
429 750 458 776 ἓν
480 749 695 785 ζυγομαχούσας
710 750 764 777 τῶν
780 751 911 777 ἐναντίων

115 794 213 827 δόξας,
240 796 254 822 ὁ
275 795 418 831 βραὸεύων
438 796 469 822 τὸ
490 796 612 830 ἀσφαλὲς
634 795 720 823 ἐπιὼν
740 796 836 830 λόγος,
864 797 912 823 καὶ

116 842 236 876 γνωμῶν
257 842 430 869 ταλαντεύων
458 843 489 869 τὸ
513 843 707 879 ἁμφίρροπον,
735 842 852 870 δέδωκεν
878 844 911 871 ἂν

114 888 165 922 τὴν
189 888 311 914 νικῶσαν
326 889 366 923 τῷ
384 889 541 924 κρείττονι·
563 889 579 924 ἢ
604 889 696 915 τέλεον
719 889 910 925 περιγραπτὸν
925 908 947 934 Β

113 933 280 966 ἀποφαίνων
303 933 333 960 τὸ
359 934 406 965 ἓν,
430 934 446 969 ἥ
467 933 560 964 τέλεον
580 933 800 969 ἁπερίγραπτον.
834 935 911 962 Ἐπεὶ

112 979 141 1005 δὲ
158 979 218 1005 τῶν
243 979 290 1006 δύο
314 980 424 1014 φύσεων
450 980 568 1015 ὑπάρχει
589 980 812 1015 παραστατικὸν,
839 981 910 1008 καθά

113 1025 161 1050 καὶ
182 1025 266 1056 αὐτὸς
290 1025 392 1060 ἔφησε,
414 1026 456 1057 τίς
480 1026 494 1052 ὁ
513 1025 644 1052 κωλύσων
661 1026 760 1060 λόγος,
780 1026 817 1062 μὴ
843 1027 910 1053 ἐκα-

112 1069 182 1104 τέρᾳ
192 1069 297 1095 τούτων
306 1069 341 1095 τὰ
355 1071 444 1095 οἰκεῖα
457 1070 505 1096 καὶ
520 1069 698 1105 προσήκοντα.
712 1070 889 1098 ἀποδίδοσθαι
900 1081 908 1105 ;

111 1113 184 1139 ὣστε
201 1114 250 1140 καὶ
264 1113 388 1148 ἡνῶσθαι
405 1114 547 1150 ἀλλήλαις,
564 1115 613 1141 καὶ
630 1115 784 1151 μηδετέραν
799 1116 910 1152 ἐξεστη-

112 1159 192 1185 κὲναι
211 1159 268 1185 τῶν
285 1159 423 1191 οὐσιωδῶς
447 1160 477 1187 ὲν
499 1160 596 1192 αὐταῖς
620 1160 835 1196 θεωρουμένων,
863 1162 910 1189 καὶ

111 1206 257 1241 ἀτρέπτως
274 1206 491 1242 ἐνυπαρχουσῶν
514 1207 639 1242 φυσικῶν
662 1207 825 1243 ἱδιοτήτων,
847 1209 909 1244 μηδ’

111 1249 145 1277 αὖ
168 1251 334 1286 διαιρεῖσθαι
350 1251 390 1287 τῷ
405 1251 446 1282 είς
466 1251 588 1287 ἀλλήλας
603 1251 769 1287 ἁσυγχύτως
789 1261 910 1288 περιχω-

113 1298 180 1332 ρεῖν.
206 1297 238 1324 Et
265 1298 320 1332 γὰρ
346 1298 411 1333 περὶ
437 1297 536 1324 ταυτὸν
559 1297 659 1334 ἄμφω,
685 1298 744 1324 ἀλλ’
762 1298 811 1325 οὐκ
826 1298 910 1334 ἄμφω

111 1342 213 1376 ταῦτα,
229 1342 324 1378 ὥσπερ
343 1342 404 1369 οὐδὲ
418 1343 492 1379 ψυχὴ
511 1344 558 1370 καὶ
578 1343 668 1379 σῶμα.
691 1344 730 1371 Οὐ
753 1344 809 1380 γὰρ
825 1345 851 1371 εἴ
867 1353 910 1376 τις

110 1387 170 1423 δοίη
194 1387 240 1414 τὸν
263 1388 344 1416 αὐτὸν
365 1389 515 1424 χρυσοχόον
536 1388 606 1417 εἶναι
634 1391 681 1417 καὶ
699 1391 820 1423 λιθοξὸον
833 1411 841 1424 ,
859 1392 909 1427 ήδη

110 1433 162 1468 τὴν
193 1434 377 1470 χρυσοχοῖκὴν
399 1436 441 1467 είς
464 1436 512 1471 τὴν
547 1435 702 1472 λιθοξοῖκὴν
732 1437 908 1473 περιαγάγοι.

118 1479 201 1506 Ἀλλὰ
221 1479 268 1506 τὸν
298 1480 416 1515 ἀριθμὸν
445 1482 494 1515 τῆς
522 1481 634 1514 δυάδος,
663 1483 705 1514 είς
723 1483 835 1517 μέθοδον
860 1484 910 1519 τῆς

111 1525 211 1552 ἑαυτοῦ
243 1524 414 1562 δυστροπίας
446 1528 673 1564 προχειρίξεται,
707 1529 755 1555 καὶ
789 1534 910 1564 κακουρ-

112 1574 156 1606 γεῖ
179 1573 247 1607 περὶ
274 1573 325 1604 τὰς
348 1573 466 1606 φύσεις¹
490 1574 536 1600 ἵνα
556 1575 605 1601 καὶ
622 1575 652 1601 τὸ
673 1574 721 1601 ἀπ’
737 1575 828 1602 αὐτῶν
845 1584 909 1602 συν-

112 1618 191 1644 τεθὲν
218 1618 384 1652 πρόσωπον,
415 1619 508 1649 τέλεον
538 1621 774 1656 παραγράψηται,
803 1622 851 1648 καὶ
876 1622 910 1657 ἢν

112 1664 180 1700 περὶ
197 1665 266 1691 αὐτῇ
289 1666 370 1699 δόξαν
392 1665 472 1701 ἔσχεν
496 1666 646 1702 ἀποπλήσῃ
673 1667 783 1702 ῥᾳδίως.
811 1667 840 1694 '0
863 1665 909 1695 οὖν

113 1710 200 1736 ποιῶν
221 1711 270 1745 τὴν
293 1711 386 1738 εἰκόνα
401 1712 528 1746 ἐκείνην,
553 1713 600 1738 καὶ
621 1712 708 1746 λέγων
723 1713 765 1739 ὅτι
788 1713 908 1748 Χριστοῦ

113 1755 204 1787 ἔστιν,
223 1753 279 1782 οἵδε
308 1756 357 1791 μὲν
376 1757 424 1783 καὶ
447 1758 484 1783 τὰ
507 1757 562 1784 ἀπὸ
587 1758 637 1784 τοῦ
658 1759 792 1794 ὀνόματος
810 1760 909 1795 δηλού-

115 1807 202 1834 μενα·
224 1798 279 1827 οἶδε
294 1801 322 1827 δὲ
340 1801 387 1828 καὶ
410 1801 443 1828 τὰ
460 1802 514 1828 ἀπὸ
535 1802 582 1829 τοῦ
601 1805 750 1839 προσώπου
775 1805 910 1840 γνωριζό-

114 1854 185 1880 μενα
199 1854 206 1860 ·
229 1846 279 1873 οὐκ
302 1847 398 1881 ἀγνοεῖ
416 1847 459 1879 δὲ,
476 1849 516 1875 ὅτι
535 1849 581 1875 καὶ
597 1850 707 1876 ἐναντία
730 1850 854 1885 ἀλλήλοις
875 1851 910 1878 τὰ

113 1891 300 1924 συνελθόντα,
327 1890 364 1919 ὧν
393 1894 441 1929 μία
469 1895 485 1928 ἡ
510 1895 667 1930 ἐπιστήμη,
695 1895 767 1922 καθὰ
788 1896 908 1930 λέγεται.

113 1936 200 1968 Εἰδὼς
217 1937 307 1964 τοίνυν
326 1938 367 1964 ὅτι
383 1937 415 1964 τδ
438 1937 488 1973 μὲν
501 1938 606 1965 τούτων
623 1939 738 1974 ἀόρατον
754 1941 801 1966 καὶ
820 1941 909 1976 πάντη

112 1982 237 2017 ἄληπτον
250 2002 258 2014 ,
283 1984 330 2010 καὶ
351 1983 396 2010 διὰ
412 1984 492 2011 τοῦτο
515 1985 661 2020 ’ἄγραπτον
686 1986 734 2012 καὶ
753 1986 909 2022 ἀπερίγρα-

112 2036 200 2062 πτον,
226 2029 328 2056 εἵσεται
346 2030 393 2057 καὶ
410 2029 524 2066 Θάτερον
544 2031 585 2057 ὅτι
608 2031 706 2066 ὁρατὸν
729 2032 776 2058 καὶ
791 2033 910 2068 καταλη-

112 2075 197 2101 πτόνο
215 2075 287 2102 ὥστε
301 2077 349 2102 καὶ
365 2076 554 2111 περιγραπτδν
571 2077 601 2109 ἐξ
624 2076 749 2112 ἀνάγκης
773 2079 820 2104 καὶ
838 2087 909 2114 γρα-

111 2120 181 2146 πτὸν
192 2140 199 2152 ,
216 2121 263 2147 διὰ
278 2119 329 2156 τὴν
343 2121 398 2148 τῶν
415 2122 547 2149 ἐναντίων
564 2122 712 2149 ἀντίθεσιν.
737 2123 774 2149 Οὐ
797 2124 865 2159 πρὸς
880 2125 910 2151 τὸ

110 2166 173 2193 ὅλον
188 2165 236 2193 οὖν
253 2167 283 2193 ἒν
300 2167 338 2199 ὡς
356 2168 418 2195 ὅλον
432 2169 616 2200 ἀποϐλέπων,
633 2169 664 2195 τὸ
684 2169 713 2202 ἐξ
728 2170 830 2205 ἀμφοῖν
853 2172 909 2198 τοῖν

113 2215 209 2249 μεροῖν
224 2213 407 2249 συγκείμενον
418 2223 424 2228 ·
443 2214 459 2250 ἢ
476 2215 531 2249 γὰρ
550 2216 582 2242 ἂν
597 2214 663 2246 ἴσως
678 2216 725 2242 καί
745 2224 806 2242 τινα
822 2216 907 2252 ἀφορ-

113 2261 167 2294 μῆν
183 2258 258 2294 εἶχεν
270 2261 284 2286 ὁ
297 2259 377 2294 λόγος
386 2280 393 2291 ,
410 2260 477 2287 ἀλλὰ
490 2260 520 2287 τὸ
532 2259 672 2296 ὁρώμενον
688 2261 769 2297 μόνον
786 2263 908 2289 ἁναθεω-
920 2287 924 2292 ,

111 2306 187 2341 ρῶν,
203 2306 293 2342 ταύτῃ
316 2308 398 2333 ποιεῖ.
431 2306 590 2334 Ἐπίσταται
608 2308 636 2334 δὲ
656 2308 697 2334 ὅτι
717 2309 749 2335 ἐκ
766 2309 814 2336 τοῢ
839 2310 906 2345 γρά-

111 2360 185 2386 φειν,
201 2351 266 2378 οὔτε
279 2352 579 2388 συμπεριγραφὴσεται
594 2353 641 2378 καὶ
654 2353 768 2388 Θάτερον
779 2354 809 2387 ἐξ
823 2356 907 2390 ἀναγ-

110 2407 181 2433 κης,
204 2397 269 2425 οὒτε
294 2396 327 2425 αὖ
341 2399 375 2424 λεδ
393 2399 422 2425 ἒν
435 2398 495 2425 ὅλον
514 2398 724 2434 μερισοήσεται.
743 2401 838 2432 Οὐδεὶς
854 2401 908 2436 γὰρ

109 2444 190 2478 λόγος
203 2443 331 2480 ὸδρᾶσαι
354 2444 435 2470 τοῦτο
458 2444 618 2479 δυνάμενος.
646 2444 689 2476 Ὠς
710 2446 764 2481 γὰρ
782 2447 811 2472 οὐ
833 2447 908 2482 παρὰ

110 2490 141 2516 τὸ
153 2490 257 2516 ειδέναι
272 2489 318 2516 τδν
331 2489 485 2524 γράιροντα,
500 2490 534 2516 τὰ
547 2489 702 2526 δηλούμενα
719 2491 906 2527 διαστήσεται,

109 2535 200 2568 οὓτως
211 2536 274 2562 οὐδὲ
291 2536 368 2570 παρὰ
381 2536 412 2562 τὸ
429 2536 547 2572 γράφειν
561 2537 591 2562 τὸ
608 2536 713 2570 ἓτερον,
731 2538 779 2564 καὶ
794 2537 908 2574 θάτερον

111 2582 347 2618 συγγεγράψεται.
375 2582 444 2618 Ἤδη
464 2582 545 2609 τοῦτο
574 2583 621 2609 καὶ
637 2583 685 2610 ὲπ).
699 2583 746 2609 τοῦ
771 2585 841 2611 κατὰ
863 2585 907 2610 τὸν

109 2627 260 2663 ἄνθρωπον
274 2627 499 2664 παραδείγματος
520 2628 631 2664 εἴρηται
645 2637 650 2644 ·
667 2628 697 2654 τὸ
716 2629 823 2657 τοιοῦτο
839 2630 861 2657 δ’
874 2631 907 2658 ἂν

110 2674 159 2701 καὶ
180 2674 211 2699 ὲν
229 2673 320 2705 ἀλλοις
347 2674 447 2709 ῥαδίως
463 2674 538 2710 εὖροι
557 2683 600 2706 τις
616 2675 660 2702 ἄν.
678 2675 709 2702 Ει
727 2676 782 2712 γάρ
793 2686 836 2709 τις
851 2675 906 2704 οἶδε

110 2719 278 2755 πράγματός
299 2727 372 2748 τινος
388 2720 505 2755 διάφορα
525 2721 560 2748 τὰ
584 2721 748 2757 δηλούμενα,
772 2723 858 2750 ἕλοιτο
877 2723 906 2750 δὲ

148 2820 205 2857 (60)
223 2820 260 2847 De
275 2821 422 2857 vocabulis
442 2823 606 2856 περιχωρεῖν
629 2825 657 2848 et
672 2820 859 2857 περιχώρησις
878 2821 903 2848 in

114 2864 163 2883 nsu
183 2856 310 2891 loquendi
326 2856 490 2887 theologica,
508 2857 551 2883 diu
568 2864 600 2883 ac
612 2857 749 2891 sapienter
775 2856 904 2884 Petavius

113 2890 233 2925 disserit,
252 2890 289 2918 De
303 2891 399 2918 Trim'l.
417 2891 462 2917 lib.
481 2899 517 2924 ιν,
535 2891 577 2923 Id,
596 2890 675 2926 quem
695 2892 717 2918 si
736 2891 823 2919 ϐιτουί
838 2893 903 2919 lesi-

960 286 1001 308 est
1014 302 1020 313 ,
1038 285 1067 307 nt
1084 280 1162 306 aiunt.
1185 278 1312 313 theologi.
1334 276 1437 305 Deinde
1453 275 1593 303 Mamonas
1609 275 1667 301 haec
1689 273 1754 301 θυι»

958 326 1028 360 jicil.

998 383 1052 419 58
1071 384 1116 410 45,
1137 392 1145 407 ι
1165 382 1214 414 Qui
1243 381 1305 408 fecit
1323 381 1426 407 iconem
1446 380 1532 408 illam.
1551 377 1628 417 ιΠι-ῖι¹
1645 377 1752 403 ironem

961 437 1022 456 esse
1045 428 1158 456 Christi.
1180 427 1261 462 Atqui
1278 433 1376 453 nomen
1392 425 1495 453 Christi
1513 425 1615 451 scimus
1630 431 1682 450 non
1704 423 1754 448 h0-

962 476 1062 502 tninem
1078 478 1182 501 tantum
1199 474 1337 504 denotare,
1355 472 1402 498 sed
1422 471 1504 498 etiam
1522 470 1619 497 Deum.
1639 479 1648 494 ι
1665 468 1753 502 Opor-

964 526 1052 548 tnerat
1072 521 1153 551 hunc,
1170 520 1190 546 si
1208 526 1318 546 suorum
1331 522 1407 544 certe
1421 524 1575 544 sermOnnm
1598 519 1751 549 respectum

962 567 1079 601 aliquem
1092 566 1241 596 habuisset,
1254 564 1470 591 animadvertere
1479 562 1586 589 illorum
1602 568 1660 595 quae
1672 565 1751 587 antea

962 613 1069 640 dixerat
1088 612 1295 640 absurtlilatem.
1324 610 1377 638 Sed
1401 617 1460 636 mos
1481 613 1524 636 est
1550 607 1652 634 erroris
1671 611 1753 640 atque

963 659 1112 691 mendacii,
1139 664 1168 685 ut
1189 658 1239 685 sibi
1264 657 1366 692 pariter
1386 663 1417 683 ac
1439 654 1547 682 veritati
1573 651 1753 681 contradicat.

962 702 1030 730 Nam
1046 704 1068 730 si
1086 712 1167 730 unum
1190 703 1215 730 id
1232 707 1304 730 esset
1319 701 1390 736 quod
1409 708 1442 727 ex
1468 699 1578 726 nomine
1594 699 1749 728 denotatur,

962 754 1137 778 contumaces
1154 750 1262 784 quidem
1281 749 1499 776 adversariorum
1517 747 1551 774 de
1570 754 1624 774 uno
1642 745 1752 780 opinio-

963 803 1022 826 nes.
1049 795 1170 823 veritatis
1193 799 1314 822 assertor
1333 801 1424 822 sermo
1447 798 1540 821 noster
1564 793 1700 823 lustrans,
1727 795 1755 818 et

962 841 1158 868 sententiarum
1185 841 1388 876 ambiguitatem
1407 840 1527 872 librans,
1545 839 1686 866 victoriam
1705 846 1754 872 ρυ‹

965 886 1026 914 tiori
1041 887 1216 919 decerneret;
1230 894 1328 921 nempe
1340 886 1381 913 vel
1392 885 1503 913 omnino
1516 884 1752 918 circmnscriptum

962 940 1044 959 unum
1066 933 1169 960 diceret
1181 953 1188 966 ,
1205 932 1247 960 vel
1263 933 1328 960 item
1345 930 1753 964 omnino.incircumscriptum.

963 978 1016 1005 Sed
1033 979 1095 1013 quia
1111 979 1234 1006 Christus
1256 979 1322 1005 duas
1342 985 1397 1013 prta
1414 985 1443 1004 se
1461 977 1513 1004 l'ert
1528 981 1640 1003 naturas
1651 996 1658 1008 ,
1684 975 1755 1002 sicut

961 1025 1042 1052 etiam
1059 1024 1197 1052 lliamonas
1211 1025 1260 1058 ait,
1275 1024 1335 1059 quis
1350 1024 1475 1059 prohibet
1491 1021 1639 1058 quominus
1656 1022 1753 1049 harum

961 1073 1070 1105 utrique
1085 1072 1193 1106 propria
1210 1076 1238 1099 et
1254 1071 1442 1098 convenientia
1460 1068 1589 1097 attributa
1609 1068 1755 1102 assignent-

961 1115 1025 1143 tur?
1041 1120 1070 1142 ut
1094 1120 1121 1142 ct
1146 1121 1238 1143 mutuo
1255 1115 1381 1142 adunata:
1396 1115 1466 1147 sint,
1489 1118 1516 1141 et
1540 1118 1628 1140 tamen
1659 1117 1755 1139 neutra

961 1161 1119 1188 discesserit
1139 1169 1153 1188 a
1172 1159 1397 1188 subslantialibns
1422 1160 1478 1187 suis
1495 1158 1702 1194 praerogativis;
1725 1162 1753 1184 ut

962 1206 1206 1233 inconvertibiliter
1216 1205 1386 1233 manentibus
1397 1205 1515 1240 physicis
1526 1203 1751 1238 proprietatibus.

961 1259 1014 1278 non
1033 1255 1123 1278 tamen
1143 1255 1246 1278 naturae
1262 1256 1433 1285 separentur,
1451 1249 1578 1285 quoniam
1601 1248 1751 1276 ineoul‘nsa:

962 1297 1077 1324 invicem
1105 1297 1331 1325 circnmiusident
1354 1297 1423 1331 (60).
1445 1297 1607 1331 Quanquam
1633 1295 1705 1322 enim
1728 1295 1753 1321 in

961 1348 1016 1370 uno
1026 1343 1136 1371 Christo
1152 1344 1210 1371 dure.
1225 1351 1268 1371 res
1280 1349 1353 1377 sunt,
1371 1344 1442 1371 haud
1456 1343 1520 1370 hinc
1534 1347 1624 1370 tamen
1643 1341 1755 1376 subjecti

962 1389 1077 1415 tlualitas
1097 1388 1191 1421 conﬁt,
1210 1390 1281 1417 sicut
1302 1398 1334 1416 ne
1357 1389 1455 1416 anima:
1469 1388 1579 1423 quidem
1599 1392 1626 1415 et
1649 1387 1754 1421 corpori

964 1433 1099 1460 usuvenil.
1116 1432 1209 1467 Neque
1226 1434 1247 1460 si
1266 1434 1325 1468 quis
1346 1437 1450 1460 annuat
1472 1433 1598 1460 eumdem
1618 1431 1755 1459 hominem

962 1477 1042 1505 simul
1057 1485 1119 1505 esse
1133 1479 1273 1506 auriﬁcem
1289 1483 1316 1506 et
1334 1480 1515 1511 statuarimn,
1534 1477 1639 1506 idcirco
1656 1485 1688 1504 ex
1705 1485 1755 1504 au-

961 1525 1034 1552 raria
1050 1530 1077 1552 et
1088 1525 1222 1552 statuaria
1236 1526 1317 1552 unam
1333 1531 1419 1553 artem
1435 1522 1541 1552 eliiciet.
1558 1524 1699 1551 Mamonas
1716 1528 1755 1550 ta-

963 1579 1025 1598 men
1044 1571 1182 1600 dualitatis
1200 1580 1342 1599 numerum
1368 1579 1416 1598 cett
1443 1571 1553 1598 malitia:
1578 1568 1634 1597 suae
1655 1569 1756 1596 instru-

965 1623 1085 1644 mentum
1098 1617 1227 1652 objectat,
1241 1618 1303 1644 etin
1319 1617 1422 1644 naturis
1439 1625 1582 1652 perperam
1599 1615 1752 1647 cavillaturI

965 1667 994 1690 ut
1019 1664 1199 1698 compositam
1223 1671 1331 1698 quoque
1357 1671 1390 1690 et
1417 1663 1459 1690 his
1486 1669 1630 1696 personam
1649 1661 1756 1688 demmn

964 1709 1103 1742 destruat,
1122 1717 1254 1744 suamque
1278 1710 1311 1737 de
1328 1709 1379 1736 hac
1406 1717 1434 1736 re
1458 1709 1621 1736 sententiam
1651 1707 1758 1734 facilius

964 1758 1147 1782 Consummet.
1161 1756 1232 1790 Ergo
1244 1757 1289 1790 qui
1307 1755 1379 1782 illam
1397 1755 1461 1782 facit
1475 1753 1632 1789 imaginem,
1643 1753 1758 1781 Christi-

965 1802 1016 1836 que
1031 1809 1090 1829 esse
1107 1802 1185 1836 dicit,
1205 1802 1290 1837 probe
1301 1803 1351 1829 scit
1363 1809 1394 1829 ea
1411 1801 1493 1828 etiam
1506 1809 1566 1835 quae
1579 1800 1631 1827 hoc
1646 1799 1756 1826 nomine

965 1849 1165 1884 signiﬁcantur,
1184 1858 1301 1885 qumque
1317 1851 1380 1878 item
1397 1857 1411 1876 a
1430 1856 1544 1884 persona
1567 1849 1731 1876 denotantur
1748 1857 1754 1874 :

964 1902 1053 1930 neque
1075 1895 1136 1922 item
1153 1895 1239 1922 nescit
1265 1894 1322 1921 hanc
1340 1895 1454 1921 invicem
1472 1901 1532 1921 esse
1554 1894 1679 1928 opposita
1695 1900 1754 1927 qua:

965 1941 1164 1973 coadunanlur,
1189 1947 1304 1975 quorum
1319 1944 1360 1967 est
1378 1948 1430 1966 una
1446 1939 1490 1975 (id
1507 1943 1550 1966 est
1575 1938 1757 1971 simultanea)

965 1986 1101 2020 cognitio.
1128 1991 1156 2012 ut
1174 1986 1320 2020 loquimur.
1343 1985 1438 2012 Sciens
1457 1984 1540 2019 igitur
1560 1983 1656 2010 horum
1674 1991 1756 2009 unttm

965 2039 1024 2059 esse
1041 2032 1178 2059 invisibile
1194 2037 1222 2059 et
1239 2030 1528 2066 incomprehensibile,
1546 2030 1661 2064 ideoque
1679 2029 1755 2056 inde-

965 2077 1093 2104 lineabile
1119 2082 1147 2104 et
1171 2077 1454 2112 incircumscriptum,
1483 2080 1631 2111 cognoscet
1655 2075 1758 2110 pariter

963 2117 1043 2150 etiam
1061 2123 1193 2156 alterum,
1217 2123 1313 2157 nempe
1329 2123 1399 2158 quod
1417 2123 1452 2150 sit
1468 2122 1574 2150 visibile
1589 2128 1616 2148 et
1634 2128 1757 2155 compre-

964 2168 1115 2203 hcnsihile;
1141 2170 1177 2196 ita
1199 2173 1227 2196 ut
1250 2169 1404 2196 necessario
1420 2173 1448 2196 et
1465 2168 1702 2203 circumscriptum
1719 2167 1754 2194 sit

963 2221 991 2243 et
1019 2214 1192 2249 delineabile,
1219 2221 1331 2251 propter
1356 2215 1557 2243 contrariorum
1583 2215 1753 2242 antithesim.

963 2260 1022 2289 Non
1038 2269 1102 2296 ergo
1119 2262 1152 2289 ad
1171 2268 1256 2290 totmn
1273 2270 1373 2295 unum,
1391 2267 1520 2297 tanquam
1544 2266 1630 2289 totum
1643 2282 1650 2294 ,
1670 2262 1755 2295 respi-

963 2307 1040 2336 ciens
1056 2309 1127 2343 quod
1140 2316 1172 2336 ex
1188 2308 1292 2336 duabus
1309 2309 1431 2343 partibus
1447 2309 1637 2343 componitur;
1653 2308 1752 2344 alioqui

963 2350 1078 2381 fortasse
1096 2354 1149 2381 vim
1168 2355 1284 2390 aliquam
1300 2361 1491 2389 argumentum
1508 2354 1637 2387 haberet;
1651 2354 1699 2381 sed
1717 2354 1758 2380 vi—

963 2401 1040 2428 sibile
1059 2405 1164 2428 tantum
1190 2406 1334 2436 spectans,
1360 2401 1396 2428 ita
1419 2409 1449 2428 se
1471 2401 1552 2436 gerit.
1580 2399 1639 2427 Scit
1663 2405 1753 2428 autem

962 2447 1032 2481 quod
1051 2447 1163 2482 picturae
1179 2455 1272 2480 causa,
1287 2448 1358 2474 haud
1374 2447 1529 2475 necessario
1542 2447 1658 2474 alterum
1675 2447 1754 2474 simul

962 2493 1213 2526 circumserihetur,
1235 2501 1322 2528 neque
1343 2493 1407 2521 item
1423 2502 1505 2521 unum
1525 2498 1610 2521 totum
1628 2493 1694 2520 illud
1714 2493 1754 2520 di—

962 2538 1079 2564 videtur.
1100 2536 1260 2565 Nullatenus
1274 2539 1346 2565 enim
1360 2539 1385 2566 id
1399 2537 1458 2566 ﬁeri
1474 2543 1574 2574 potest.
1590 2538 1658 2566 Nam
1671 2538 1751 2569 sicut,

963 2584 1024 2618 quia
1042 2589 1068 2610 tu
1084 2585 1239 2619 pingentem
1257 2585 1365 2619 videas,
1383 2584 1454 2612 haud
1473 2590 1618 2620 propterea
1636 2592 1680 2612 res
1697 2584 1750 2611 visa

962 2630 989 2656 in
1006 2635 1097 2664 partes
1113 2631 1179 2664 ibit;
1196 2630 1233 2657 ita
1248 2638 1282 2658 ne
1299 2630 1334 2658 ob
1351 2631 1516 2658 delineatum
1532 2631 1642 2665 quidem
1658 2637 1750 2659 unum,

961 2675 1075 2703 alterum
1091 2677 1173 2704 simul
1188 2677 1439 2705 circumscribetur.
1455 2676 1571 2712 Jamque
1586 2675 1685 2703 hocab
1701 2676 1750 2701 ho-

961 2723 1043 2750 minis
1055 2724 1136 2750 ctiam
1155 2725 1278 2758 exemplo
1291 2723 1538 2751 demonstravimus
1571 2727 1596 2751 ct
1611 2722 1672 2749 aliis
1683 2729 1749 2756 quo-

962 2824 1089 2857 cographi
1117 2823 1330 2856 consuluissent,
1358 2823 1468 2850 meliora
1502 2827 1527 2848 cl
1551 2820 1748 2849 almttdautiorn

961 2859 1065 2884 lratlt-n-
1083 2864 1220 2892 poterant.
