1951 3077
200 163 250 196 311

713 169 741 198 S.
761 170 970 201 NICEPHORI
991 171 1243 202 PATHIARCHE
1263 171 1317 202 ει).

1771 169 1825 202 312

198 226 253 252 que
272 226 296 245 ιιι
314 218 392 245 rebus
409 217 480 246 idem
495 217 573 246 facile
585 220 775 255 comperietur.
790 221 857 249 Nam
881 223 903 250 si
924 223 983 258 quis

1036 224 1139 251 τούτων
1153 223 1184 250 τὸ
1198 224 1290 259 ἕτερον
1303 244 1310 257 ,
1327 222 1381 258 ἄρα
1399 224 1446 250 καὶ
1463 223 1500 258 τῷ
1515 222 1600 258 λοιπῷ
1623 224 1826 259 συγχρήσοιτο;

198 264 305 291 duabus
319 262 506 292 diﬂ‘erentibus
523 266 680 293 monstratis
694 266 786 300 rebus,
807 267 919 294 alteram
936 268 986 294 ha-

199 318 259 336 rum
276 309 375 344 eligat,
392 317 456 336 num
479 314 506 337 et
525 309 610 338 altera
631 312 711 339 simul
736 313 844 340 utetur?
863 313 985 348 Exempli

199 362 281 381 causa
304 363 311 381 :
331 354 417 389 ignem
434 354 538 382 scimus
553 356 686 391 duplicent
709 357 810 385 habere
828 365 860 386 ex
876 365 905 385 se
922 366 985 392 pro-

199 402 324 426 deuntem
339 400 410 433 vim,
423 400 536 428 alteram
550 401 736 435 illuminandi,
750 404 845 431 ureudi
861 404 984 431 alteram.

199 445 227 471 Si
244 445 306 480 quis
327 453 392 481 ergo
407 446 467 475 luce
482 454 516 474 ex
541 449 603 483 igne
618 449 753 483 indigeat,
777 458 841 477 num
857 450 927 478 idem
945 451 986 478 vel

199 491 299 518 invitus
311 497 423 526 cogetur
439 494 658 522 combustionc
673 503 780 530 quoque
800 496 918 524 indidem
939 504 986 523 ex-

198 537 296 571 periri?
312 536 361 566 Vel
378 539 401 565 si
427 540 490 574 quis
507 540 541 567 ad
562 541 684 568 sordium
707 542 895 577 purgationem
916 549 985 576 aqua

198 582 286 610 calida
304 588 408 617 utatur,
430 593 494 612 num
510 586 573 614 inde
587 587 670 614 etiam
687 587 903 621 refrigerahitur,
918 595 986 622 quo-

199 629 271 655 niam
291 636 360 663 aqua
383 631 466 658 simul
491 631 573 658 habet
596 633 729 667 purgandi
753 641 785 660 ac
806 633 986 668 refrigerandi

199 673 374 702 facultatem?
394 675 477 703 Nemo
493 683 566 704 certe
581 685 664 706 sanus
683 678 725 706 his
743 679 920 706 assentictur.
939 679 986 707 Sic

199 718 291 752 itaque
306 719 446 758 Mamenas
461 721 545 749 veluti
561 730 643 750 unum
667 724 731 758 quid
744 743 751 755 ,
769 729 855 751 totum
879 724 941 756 hoc,
959 724 985 751 id

199 768 241 790 est
255 763 414 800 Christum,
430 768 616 802 contemplans
627 789 634 801 ,
650 769 729 796 vellet
748 770 791 797 illa
808 770 891 797 etiam
915 770 986 798 unde

199 808 270 836 idem
293 816 417 843 constat.
443 817 570 847 tanquam
596 814 621 840 in
646 815 729 842 totius
747 815 883 843 mentione
904 815 986 842 simul

198 854 328 890 adunare,
341 857 461 892 nihilque
472 858 568 886 horum
583 867 630 894 per
645 867 675 888 se
686 861 774 895 ipsum
790 865 915 895 spectare
928 861 984 900 Lita
997 875 1000 877 ν

1038 268 1100 296 Οἷον
1119 269 1145 296 τί
1158 269 1246 303 λέγω·
1263 270 1342 305 ῐσμεν
1357 268 1394 302 ὡς
1410 269 1440 296 τὸ
1457 269 1512 303 πῦρ
1528 269 1619 304 διττὴν
1638 269 1696 304 Elei
1713 270 1762 305 τὴν
1776 271 1826 297 ἀπ’

1036 315 1120 342 αὑτοῦ
1136 315 1287 350 προϊοῦσαν
1311 315 1474 351 ἐνέργειαν,
1493 315 1542 350 τὴν
1562 315 1612 349 μὲν
1637 315 1826 351 φωτιστικὴν,

1036 361 1085 397 τὴν
1101 362 1130 388 δὲ
1148 362 1308 397 καυστικὴν.
1325 362 1412 396 Εἴπερ
1426 359 1473 388 οὖν
1491 369 1534 392 τις
1553 361 1600 388 τοῦ
1617 360 1758 396 eumeum?
1777 362 1826 388 τοῦ

1036 405 1091 432 ἀπὸ
1111 406 1158 432 τοῦ
1175 406 1262 442 πυρὸς
1285 407 1462 442 προσδέοιτο,
1490 406 1668 442 βιασθήσεται
1689 408 1757 442 ἄρα,
1778 407 1826 433 καὶ

1036 452 1084 486 οὐχ
1110 451 1181 478 ἑκὼν
1193 472 1200 484 ,
1227 452 1274 479 καὶ
1292 451 1342 487 τῆς
1366 452 1472 478 ἐκεῖθεν
1489 451 1652 487 φλογώσεως
1673 453 1712 484 είς
1728 453 1826 487 πεῖραν

1038 498 1116 525 ἰέναι.
1145 498 1181 524 ’Ἡ
1210 498 1258 525 ἐάν
1286 507 1327 530 τις
1356 498 1424 533 πρὸς
1453 497 1587 533 κάθαρσιν
1611 499 1716 534 ῥύπου,
1745 499 1824 525 ὕδατι

1037 544 1131 580 θερμῷ
1149 545 1349 580 προσχρήσοιτο
1361 564 1369 577 ,
1387 544 1434 570 καὶ
1448 544 1614 579 ψυχθήσεται
1640 545 1750 576 πάντως
1775 545 1825 570 ἀπ’

1036 591 1135 622 αὑτοῦ,
1155 590 1223 617 διότι
1247 589 1382 625 ρυπτικὴν
1405 589 1452 616 καὶ
1470 589 1607 625 ψυκτικὴν
1624 590 1755 624 κέκτηται
1773 589 1825 624 τὴν

1037 637 1188 672 ἐνέργειαν.
1211 635 1281 662 Ἀλλ’
1299 635 1385 666 οὐδεὶς
1402 635 1435 662 ἂν
1454 635 1509 662 τῶν
1525 635 1586 661 νοῦν
1602 635 1717 671 ἑχόντων
1737 634 1826 662 ταῦτα

1037 683 1215 718 συμφήσειεν.
1237 682 1313 709 Ἐπεὶ
1323 680 1368 708 οὖν
1383 682 1449 716 πρὸς
1465 682 1493 707 ἓν
1508 682 1610 712 ἐκεῖνος
1624 682 1654 707 τὸ
1671 681 1732 708 ὅλον
1745 682 1826 708 τοῦτο

1035 728 1081 754 τὸν
1107 727 1225 763 Χριστὸν
1253 727 1428 760 διασκοπῶν,
1456 726 1581 754 ἐϐούλετο
1611 727 1656 753 καὶ
1681 726 1715 753 τὰ
1731 725 1761 760 ἐξ
1786 723 1826 753 ὧν

1036 773 1132 805 αὐτὸς,
1155 773 1193 805 ὼς
1213 773 1242 799 ὲν
1268 774 1301 809 τῇ
1326 772 1373 799 τοῦ
1389 772 1449 799 ὅλου
1476 772 1587 807 μνήμῃ,
1611 772 1824 806 συνεισάγεσθαι

1036 819 1121 854 ὁμοῦ,
1138 818 1184 845 καὶ
1203 818 1285 854 μηδὲν
1299 818 1402 845 τούτων
1416 818 1476 845 καθ’
1491 817 1573 844 ἑαυτὸ
1589 817 1768 853 θεωρεῖσθαι·
1785 818 1825 848 ὡς

1035 864 1070 891 τὰ
1083 864 1169 899 ἑτέρῳ
1184 864 1378 900 συμϐαίνοντα,
1395 864 1504 895 πάντως⁴
1514 863 1561 890 καὶ
1576 863 1684 899 θατέρῳ
1700 863 1729 896 ἐξ
1742 863 1826 898 ἀνάγ-

199 906 227 928 ut
244 908 303 936 qua:
319 903 363 930 uni
376 904 514 937 accidunt,
528 912 641 940 prorsus
656 912 682 934 et
694 906 739 934 alii
750 906 859 934 evenire
874 913 983 934 necesse

1036 918 1086 944 κης
1104 909 1235 945 ὑπάρξαι.

198 946 244 973 sit.

234 1002 288 1038 59
300 1003 343 1031 44.
367 1004 423 1040 Age
439 1013 503 1034 vero
525 1007 548 1034 si
566 1007 675 1042 quando
694 1015 708 1034 ιι
731 1008 814 1036 Paulo
837 1009 955 1036 audierit
977 1019 983 1036 :

199 1046 256 1074 Nos
272 1054 358 1076 autem
369 1050 546 1084 prwdicanzus
559 1051 694 1080 Christum
706 1055 862 1089 cruciﬁxum
872 1056 906 1091 In;
920 1057 985 1092 quid

197 1097 222 1123 ei
236 1101 298 1123 tunc
313 1096 396 1123 menti
412 1097 551 1124 occurrit?
565 1097 697 1132 Quoniam
710 1107 853 1129 commune
869 1107 910 1130 est
926 1111 984 1130 am—

198 1142 285 1169 babus
301 1142 461 1170 coadunatis
484 1144 592 1171 naturis
613 1152 710 1173 nontcn
729 1146 843 1179 Christi,
862 1156 927 1176 sane
943 1150 985 1177 vel

197 1188 298 1215 invitus
311 1193 424 1215 coactus
438 1187 521 1216 fuerit
534 1190 684 1218 secundum
696 1199 760 1220 suas
773 1194 984 1227 propositiones,

198 1234 326 1269 quoniam
351 1233 424 1262 Deus
447 1243 557 1270 quoque
574 1236 625 1263 hoc
648 1239 757 1264 nomine
780 1239 933 1272 denotatur,
951 1248 985 1268 ne

197 1279 268 1315 quod
284 1284 326 1307 est
344 1287 426 1306 unutn
447 1280 562 1312 dividat,
578 1280 665 1315 ipsum
685 1282 802 1313 Verbum
827 1283 854 1311 in
873 1285 984 1320 propria

197 1333 260 1353 vere
272 1330 367 1352 natura
380 1325 540 1353 cruciﬁxum
552 1327 654 1360 dicere,
667 1328 840 1364 divinantun
855 1337 985 1359 arcanam

196 1372 377 1399 substantiam
393 1380 454 1399 cum
476 1373 592 1400 humana
616 1382 678 1402 esse
702 1383 884 1409 compassam.
907 1377 940 1403 Et
961 1378 983 1406 si

197 1417 258 1452 quis
273 1417 296 1445 ei
312 1419 495 1446 venerandum
514 1426 621 1455 quoque
637 1425 665 1448 et
681 1420 983 1457 viviﬁcutnsepulcrum

197 1462 348 1489 ostenderit
366 1463 468 1497 (utjam
482 1463 716 1492 circumcisionem
730 1471 756 1491 et
767 1466 906 1500 passiones
917 1466 984 1494 alias

196 1508 386 1542 omittamus).
408 1508 532 1543 profecto
554 1509 654 1536 dixerit
677 1515 810 1537 mortuum
836 1518 896 1538 esse
914 1510 982 1538 Ver-

197 1554 272 1585 bum,
292 1553 465 1588 divinamque
478 1558 505 1581 et
521 1554 701 1582 immortalem
718 1560 842 1583 naturam
855 1564 916 1583 cum
932 1557 983 1584 hu-

198 1607 276 1625 mana
293 1607 325 1626 ac
342 1599 448 1626 mortali
461 1601 657 1634 coasepultam.
672 1601 733 1628 Haec
747 1602 818 1629 enim
836 1604 904 1637 apud
920 1610 981 1630 eum
996 1588 1018 1616 δ

198 1646 276 1678 t‘tnnt,
293 1650 321 1672 ut
335 1645 480 1680 quominus
491 1646 644 1674 dividantur
658 1653 769 1680 naturae,
785 1648 808 1675 si
821 1648 885 1683 quid
901 1648 984 1676 alter-

198 1697 258 1717 utra
278 1691 406 1726 patiatur,
434 1691 460 1718 in
476 1691 546 1719 idem
560 1692 662 1727 pariter
678 1693 879 1721 incommodum
898 1694 981 1721 etiam

196 1737 309 1764 alteram
321 1738 470 1772 pet-trahat.
480 1737 549 1771 Quid
562 1746 643 1773 porro
652 1738 675 1765 ei
685 1739 870 1767 demonstrant
883 1739 963 1767 verba
974 1748 981 1767 :

200 1781 282 1810 Nobis
302 1783 403 1818 quidem
419 1791 487 1810 unus
504 1783 573 1810 Deus
586 1788 610 1810 et
625 1783 715 1816 Pater,
731 1792 763 1811 ea:
776 1792 826 1818 quo
843 1784 942 1818 omnia,
958 1789 982 1811 et

197 1837 242 1854 nos
258 1829 285 1855 in
303 1829 378 1862 ipso;
393 1834 417 1856 et
435 1829 564 1856 Dominus
583 1829 662 1856 Iesus
687 1829 827 1864 Christus,
841 1839 887 1865 per
907 1839 982 1866 quem

197 1874 296 1907 omnia,
311 1879 334 1901 el
350 1883 396 1901 nas
408 1883 454 1910 per
468 1875 554 1909 ipsum
569 1875 611 1901 "‘3
626 1875 706 1903 Certe
721 1884 736 1903 e
754 1877 893 1903 contrario
907 1876 982 1911 paria

197 1919 236 1946 illi
247 1919 391 1948 obvenieut
402 1920 529 1948 absurda.
545 1920 611 1948 Nam
626 1921 689 1956 quia
701 1921 728 1948 in
743 1929 825 1948 unum
837 1921 983 1949 conferun-

195 1972 242 1994 tur
254 1966 357 1999 omnia,
371 1966 508 1994 videbitur
522 1967 694 1995 concreatrix
709 1975 769 1994 cum
786 1966 875 1994 Verbo
891 1971 982 1994 nostra

194 2018 303 2045 quoque
317 2016 412 2038 natura
429 2012 454 2039 in
472 2020 562 2039 rerum
578 2013 699 2039 outnittnt
711 2011 900 2046 productione,
915 2012 982 2039 erit-

194 2064 247 2091 que
263 2057 344 2084 homo
360 2058 400 2085 sui
416 2058 501 2091 ipsius
518 2062 636 2085 creator.
655 2057 776 2092 Itemque
793 2057 900 2085 dicente
920 2057 981 2085 divo

194 2103 275 2131 Petro
291 2112 297 2130 :
316 2104 352 2130 Tu
371 2112 397 2131 es
409 2103 527 2131 Clarium
544 2103 592 2130 Dei
608 2102 695 2130 Filius
704 2104 737 2136 ³⁸,
753 2104 900 2131 secundum
909 2103 982 2139 ejus-

194 2151 266 2177 modi
284 2151 496 2186 propositionem
507 2170 515 2183 ,
529 2158 594 2178 caro
607 2151 689 2178 etiam
705 2150 897 2186 eomperietur,
917 2158 982 2186 pro-

194 2201 254 2231 pter
279 2196 339 2224 Filii
361 2196 537 2229 relationetn,
559 2195 677 2224 Deitatis
701 2197 861 2224 naturaliter
879 2197 981 2224 habere

1073 1013 1124 1050 μδ¹.
1142 1014 1174 1040 El
1186 1021 1251 1039 ποτε
1270 1011 1375 1039 Παύλου
1391 1011 1527 1047 ἀκήκοεν·
1547 1009 1646 1044 Ἡμεῖς
1660 1009 1694 1037 δὲ
1708 1009 1825 1043 κηρύσ-

1035 1069 1131 1096 σομεν
1147 1059 1277 1095 Χριστὸν
1293 1057 1539 1093 ἐσταυρωμένον,
1561 1057 1588 1083 τί
1607 1056 1682 1092 αὐτῷ
1699 1055 1826 1083 ἐντεῦθεν

1036 1108 1164 1142 ἁπήντα;
1188 1106 1297 1142 Ἐπειδὴ
1316 1105 1404 1132 κοινὸν
1424 1105 1526 1139 ἀμφοῖν
1541 1104 1595 1130 τῶν
1610 1102 1824 1138 συνδραμουσῶν

1036 1153 1143 1188 φύσεων
1163 1152 1249 1187 ὄνομα
1266 1151 1384 1186 Χριστός
1396 1159 1402 1165 ·
1419 1150 1533 1185 ἐϐιάσθη
1547 1149 1581 1176 ἂν
1595 1149 1642 1175 καὶ
1656 1149 1706 1174 οὒκ
1722 1147 1824 1174 ἐθέλων

1036 1199 1106 1225 κατὰ
1131 1198 1166 1224 τὰ
1192 1197 1246 1224 [δια
1271 1197 1472 1233 προὸλήματα,
1494 1195 1588 1230 ἐπειδὴ
1614 1194 1661 1220 καὶ
1685 1193 1751 1224 Θεὸς
1776 1193 1824 1227 δη-

1036 1243 1129 1271 λοῦται
1146 1243 1192 1269 διὰ
1207 1241 1253 1268 τοῦ
1265 1242 1398 1276 ὀνόματος
1408 1261 1416 1273 ,
1432 1241 1469 1272 ὼς
1483 1240 1516 1267 ἂν
1534 1240 1573 1274 μὴ
1592 1239 1706 1266 διέλοιτο
1718 1237 1757 1268 ἓν,
1775 1237 1826 1264 καὶ

1035 1289 1081 1316 τὸν
1099 1288 1186 1323 Λόγον
1207 1287 1289 1314 αὑτὸν
1315 1286 1396 1321 φύσει
1420 1284 1659 1320 συνεσταυρῶσθαι
1673 1284 1733 1314 ταῖς
1756 1283 1823 1318 ἀληο

1036 1334 1122 1365 θείαις
1139 1333 1245 1368 λέγειν,
1265 1332 1311 1359 καὶ
1326 1332 1376 1367 τὴν
1399 1331 1475 1358 θείαν
1492 1331 1539 1356 καὶ
1552 1330 1710 1365 ἀπόρρητον
1729 1328 1824 1355 οὐσίαν

1035 1381 1067 1415 τῇ
1082 1379 1241 1415 ἀνθρωπίνῃ
1259 1376 1487 1413 συμπεπονθέναι.
1511 1376 1564 1402 Καὶ
1585 1376 1611 1402 st
1627 1383 1669 1406 τις
1684 1373 1759 1409 αὐτῷ
1774 1374 1824 1400 καὶ

1034 1425 1080 1451 τὸν
1105 1424 1175 1451 Θεῖον
1204 1424 1251 1451 καὶ
1273 1423 1404 1456 ζωοποιδν
1432 1422 1516 1457 τάφον
1535 1421 1690 1453 ὑπέδειξεν,
1713 1420 1756 1446 ἵνα
1772 1419 1823 1454 τὴν

1035 1469 1185 1506 περιτομὴν
1201 1470 1246 1496 καὶ
1261 1469 1294 1496 τὰ
1310 1468 1376 1496 ἄλλα
1393 1468 1467 1503 πάθη
1484 1467 1532 1493 νῦν
1549 1467 1727 1502 παρήσωμεν,
1745 1462 1826 1492 εἶπεν

1035 1515 1068 1543 ἂν
1083 1515 1244 1550 τεθνηκέναι
1263 1515 1310 1541 τὸν
1329 1514 1431 1548 Λόγον,
1454 1514 1503 1540 καὶ
1529 1514 1579 1548 τὴν
1596 1512 1671 1538 θείαν
1690 1511 1736 1538 καὶ.
1752 1509 1822 1537 ἀθά-

1035 1569 1114 1588 νατον
1129 1560 1211 1595 φύσιν
1234 1561 1268 1595 τῇ
1287 1558 1447 1595 ἀνθρωπίνῃ
1461 1558 1509 1584 καὶ
1523 1557 1606 1593 θνητῇ
1625 1557 1733 1587 πάντως
1753 1563 1822 1589 συγ-

1034 1605 1254 1642 κατορωρύχθαι.
1276 1605 1368 1632 Ταῦτα.
1391 1604 1445 1640 γὰρ
1472 1603 1545 1638 αὐτῷ
1568 1602 1709 1638 βούλεται,
1731 1601 1769 1632 ὡς
1787 1601 1823 1628 ἂν

1035 1652 1073 1687 μὴ
1090 1651 1250 1686 διαιρεθεῖεν
1264 1651 1291 1678 αἱ
1308 1650 1420 1684 φύσεις,
1437 1649 1475 1684 τῷ
1495 1650 1545 1684 τὴν
1565 1648 1629 1684 μίαν
1644 1647 1764 1679 τούτων,
1781 1646 1823 1677 εἰς

1033 1698 1068 1725 τὰ
1082 1699 1111 1725 ἐν
1128 1694 1168 1729 οἷς
1194 1696 1294 1728 πάθοι.
1319 1696 1366 1723 καὶ
1383 1696 1433 1731 τὴν
1458 1695 1556 1730 ἑτέραν
1584 1693 1688 1730 δηλαδὴ
1712 1701 1816 1731 συνεπί-

1035 1743 1150 1778 ἁγεσθαι
1166 1743 1333 1777 πάσχουσαν.
1349 1742 1381 1768 Τί
1396 1741 1423 1768 δὲ
1439 1741 1515 1775 αὐτῷ
1535 1740 1631 1775 ὲδήλου
1647 1739 1687 1766 τό·
1697 1738 1779 1773 Ἡμῖν
1787 1737 1823 1765 δὲ

1033 1787 1078 1823 εις
1095 1789 1184 1823 Θεὸς,
1203 1790 1219 1816 ό
1240 1788 1353 1822 Πατὴρ,
1373 1787 1408 1819 ἐξ
1424 1785 1460 1815 οὗ
1478 1787 1513 1814 τὰ
1527 1786 1640 1817 πάντα,
1662 1785 1713 1812 καὶ
1736 1783 1823 1819 ἡμεῖς

1033 1838 1076 1869 εἰς
1087 1836 1196 1863 αὐτόν’
1216 1835 1264 1861 καὶ
1281 1835 1297 1861 ὀ
1317 1834 1426 1868 Κύριος
1445 1832 1564 1867 Ἰησοῦς
1585 1831 1766 1866 Χριστὸς.δι’
1784 1827 1822 1858 οὖ

1033 1883 1070 1909 τὰ
1082 1881 1190 1914 πάντα,
1207 1880 1256 1908 καὶ
1274 1879 1360 1915 ἡμεῖς
1373 1879 1410 1906 δι’
1427 1879 1539 1911 αὑτοῦ;
1559 1877 1607 1904 Ἐκ
1619 1877 1672 1913 γὰρ
1683 1877 1730 1903 τοῦ
1745 1877 1823 1903 ὲναν-

1033 1928 1092 1954 τίον
1117 1927 1152 1954 τὰ
1167 1927 1248 1962 ὅμοια
1273 1925 1350 1960 αὐτῷ
1373 1924 1559 1959 ἀπαντήσεται
1583 1923 1682 1950 ἄτοπα.
1711 1920 1824 1956 Ἐπειδὴ

1033 1973 1103 2008 πρὸς
1116 1972 1155 2008 τῷ
1171 1972 1211 1998 ἐνί
1225 1973 1282 1998 ἐστι
1299 1971 1334 1998 τὰ
1344 1970 1498 2006 δηλούμενα
1508 1990 1516 2002 ,
1531 1969 1659 2004 ἐφαίνετο
1674 1966 1748 2002 αὒτῴ
1766 1966 1823 2002 ἄρα

1034 2017 1248 2054 συνδημιουργὸς
1272 2017 1311 2053 τῷ
1338 2016 1432 2052 Λόγῳ,
1464 2015 1512 2042 καὶ
1527 2016 1544 2051 ή
1567 2014 1629 2041 καθ’
1646 2014 1720 2049 ἡμᾶς
1740 2012 1822 2046 φύσις

1032 2063 1080 2090 ἐπὶ
1095 2065 1128 2099 τῇ
1144 2063 1199 2090 τῶν
1217 2062 1285 2089 ὅλων
1303 2062 1457 2096 παραγωγῇ
1470 2081 1477 2092 ,
1495 2060 1543 2086 καὶ
1562 2059 1639 2086 ἔσται
1651 2059 1666 2085 ὸ
1678 2057 1822 2092 ἄνθρωπος

1032 2108 1115 2139 αὐτὸς
1130 2106 1228 2134 ἑαυτοῦ
1246 2106 1422 2142 δημιουργός,
1437 2105 1494 2132 Καὶ
1510 2104 1589 2132 πάλιν
1607 2104 1655 2130 τοῦ
1679 2103 1751 2130 θείου
1767 2102 1823 2130 Πέ-

1032 2161 1097 2189 τρου
1114 2153 1248 2187 λέγοντος·
1264 2152 1306 2179 Σὺ
1326 2150 1356 2179 εἷ
1367 2153 1383 2179 ὸ
1398 2150 1524 2186 Χριστὸς
1541 2151 1558 2177 ὁ
1580 2150 1647 2182 Υἱὸς
1665 2148 1718 2176 τοῦ
1735 2147 1822 2180 Θεοῦ,

1032 2200 1076 2226 διὰ
1100 2199 1130 2226 τδ
1144 2198 1210 2226 αὐτὸ
1225 2198 1373 2234 πρόὸλημα
1399 2197 1578 2232 εὑρεθήσεται
1595 2197 1641 2223 καὶ
1661 2196 1677 2230 ή
1700 2194 1768 2230 σὰρξ
1790 2194 1823 2221 τὸ

193 2243 362 2276 dignitatem.
381 2242 445 2270 llaec
462 2247 489 2270 et
505 2243 580 2277 plura
597 2242 708 2276 similia,
729 2242 852 2270 delibans
867 2243 982 2279 quilibet

1034 2248 1081 2282 τῆς
1095 2245 1220 2281 θεότητος
1233 2244 1277 2271 διὰ
1298 2245 1348 2280 τῆς
1365 2243 1457 2278 υἱικῆς
1479 2242 1616 2278 σχέσεως,
1639 2240 1719 2275 φύσει
1738 2249 1822 2275 φερο-

190 2289 298 2316 divinas
307 2288 474 2323 Seripturas,
488 2289 609 2316 inveniet
621 2297 681 2324 quae
693 2289 771 2316 istius
782 2289 976 2324 blasphemiam

193 2334 443 2369 absurditatemque
458 2333 650 2368 oltjurgabunt.
666 2334 741 2361 Talia
760 2334 860 2370 quippe
876 2334 976 2362 Mamo-

193 2389 256 2408 nam
272 2381 394 2415 cogitare
412 2385 439 2407 et
454 2380 572 2415 opinari,
587 2388 742 2408 sermonum
759 2380 818 2416 ejus
833 2381 976 2416 prothmia,

191 2434 269 2454 vanae
285 2427 451 2461 fallacesque
472 2426 653 2460 qtmstioues,
680 2427 757 2454 nobis
779 2427 976 2454 demonstrant.

191 2473 225 2499 Et
248 2473 305 2500 haec
326 2473 434 2508 quidem
461 2473 507 2500 ille
529 2472 741 2501 inartiﬁcialiter
764 2473 979 2508 simpliciterque

192 2520 316 2552 dogmata
343 2519 441 2551 tradit,
469 2527 522 2546 non
537 2525 626 2546 autem
652 2519 732 2547 tnodo
763 2519 853 2554 aliquo
879 2527 979 2554 appro-

192 2564 334 2598 priatiOnis
359 2570 404 2591 aut
429 2566 633 2600 permutationis
659 2565 733 2600 (61),
757 2571 836 2600 prout
859 2573 917 2592 mos
939 2570 981 2593 est

194 2611 342 2645 magisterii
367 2612 511 2645 catholici;
542 2613 656 2647 qua‘de
690 2620 718 2639 re
742 2613 821 2647 paulo
851 2618 909 2647 post
939 2613 979 2639 di-

192 2661 279 2683 ('CIUI‘.

1032 2291 1101 2328 μένη
1122 2290 1241 2326 ἀξίωμα.
1261 2285 1309 2320 Οἷς
1334 2287 1516 2323 παραπλήσια
1535 2286 1583 2313 καὶ
1605 2285 1688 2320 ἔτερα
1707 2283 1822 2310 πλείονα

1030 2337 1229 2373 ἁναλεγόμενός
1242 2345 1284 2367 τις
1299 2335 1376 2372 παρὰ.
1386 2335 1440 2362 τῶν
1454 2334 1534 2361 θείων
1548 2332 1666 2368 Γραφῶν
1680 2331 1755 2366 εὖροι
1774 2330 1821 2363 ὃν,

1021 2386 1048 2419 ,ἃ
1068 2386 1118 2420 τὴν
1135 2382 1310 2420 βλασφημίαν
1327 2381 1375 2418 τήν
1396 2381 1503 2408 ἐκείνου
1523 2378 1659 2413 ἐξελέγξει
1685 2378 1732 2405 καὶ
1758 2377 1823 2404 ἀτο-

1030 2431 1105 2459 πίαν.
1130 2429 1249 2457 Τοιαῦτα
1272 2428 1300 2456 δὲ
1322 2428 1369 2455 καὶ
1385 2428 1455 2454 νοεῖν
1477 2425 1559 2453 αὑτὸν
1582 2425 1630 2452 καὶ
1654 2425 1774 2460 φρονεῖν,
1792 2423 1821 2449 at

1029 2475 1084 2502 τῶν
1101 2474 1210 2502 οἰκείων
1231 2474 1319 2508 λόγων
1334 2472 1433 2508 ἀρχαὶ,
1451 2471 1498 2498 καὶ
1516 2471 1659 2507 περίεργοι
1685 2470 1732 2496 καὶ
1752 2477 1822 2503 σφας

1029 2522 1109 2558 λεραὶ
1127 2521 1274 2556 ζητήσεις,
1290 2521 1356 2555 ἡμῖν
1382 2518 1566 2546 ὑποτίθενται.
1584 2517 1639 2544 Καὶ
1654 2516 1742 2543 ταῦτα
1755 2515 1822 2542 ἁτέ-

1029 2576 1100 2602 χνως
1115 2564 1167 2594 ’καὶ
1185 2567 1289 2598 ἁπλῶς,
1304 2566 1335 2592 οὐ
1347 2565 1440 2601 τρόπῳ
1458 2565 1512 2591 τινὶ
1524 2563 1687 2594 οίκειώσεως
1702 2562 1718 2596 ἢ
1745 2562 1822 2588 ἀντι-

1030 2613 1130 2644 δόσεως
1155 2611 1374 2648 δογματίξοντα,
1394 2609 1467 2638 κατὰ
1490 2610 1536 2637 τὸν
1555 2607 1748 2636 διδασκαλικὸν
1769 2607 1822 2641 τῆς

1032 2658 1182 2694 καθολικῆς
1205 2657 1366 2694 Ἑκκλησίας
1383 2656 1474 2691 λόγον,
1493 2655 1556 2692 περὶ
1571 2652 1608 2683 ὦν
1630 2653 1701 2690 μετὰ
1720 2651 1821 2689 μικρὸν

1031 2705 1181 2741 εἰρήσεται.

227 2798 250 2814 ⁸⁵
266 2796 275 2824 1
291 2799 354 2826 Cor.
380 2808 400 2832 ι,
421 2800 466 2826 25.
505 2799 529 2814 ³³
548 2799 634 2827 lCor.
650 2807 710 2832 vnt,
730 2799 757 2828 6.
796 2800 818 2816 ⁸⁸
835 2799 928 2826 Matth.
947 2807 1002 2832 xvt,
1020 2800 1063 2827 l6.

229 2877 288 2914 (6t)
299 2876 374 2906 lianc
390 2878 503 2914 theologi
522 2870 608 2908 nostri
620 2879 712 2908 dicunt
726 2878 885 2908 idiomatum
900 2879 1183 2908 communicationem.
