1951 3077
108 161 164 195 313

469 171 783 204 ANTIRRHETICUS
797 175 815 204 εἰ
834 176 921 208 ADV.
940 178 1236 210 CONSTANTINUM
1264 180 1370 215 COPR.

1688 181 1744 216 314

148 224 200 254 με’.
238 221 314 248 Ἐπεὶ
343 222 371 249 δὲ
397 223 588 261 ἀδολεσχοῦντι
613 229 662 255 καὶ
686 230 893 266 ταυτοεποῦντι,

167 265 219 275 η.»
294 268 305 275 ,
392 269 435 275 .,.
477 271 487 275 -
553 274 562 275 κ
594 274 598 275 ν

986 235 1031 262 45.
1049 234 1103 262 Sed
1126 236 1189 270 quia
1211 236 1263 264 hoc
1283 240 1402 272 nugante
1423 243 1451 265 et
1466 238 1614 273 tautol'ogo.
1640 241 1738 275 nugari

110 265 319 312 συναδολεσχείν
334 269 510 305 προύθέμεθα
522 274 578 304 τοῖς
592 274 802 310 ἐπιφερομένοις
815 277 901 312 αὐτῷ,

108 310 157 336 καὶ
169 310 203 336 τὰ
218 310 290 337 αὐτὰ
305 314 371 348 περὶ
392 314 446 341 τῶν
460 316 550 344 αὐτῶν
566 318 708 352 διεξιόντι,
729 321 801 348 οὕτω
820 310 902 350 πάλιν

113 358 402 392 προσαπαντήσωμεν·
428 360 486 395 ἔχει
511 363 566 398 γάρ
583 361 646 390 ὧδε·
672 375 681 391 ε
709 367 764 393 Καὶ
777 367 837 400 πῶς
854 370 901 396 τοῦ

107 400 177 449 Θερῡ
187 402 237 449 καὶ
250 403 396 439 ἀνθρώπου
413 406 509 443 ὖνομα,
526 409 575 444 τὴν
587 409 661 439 θείαν
673 411 754 446 φύσιν
770 416 902 449 σημαῖνον

107 446 157 495 καὶ
181 447 376 485 ἀνθρωπίνην,
402 452 449 479 ἐπὶ
468 455 501 489 τῇ
525 455 610 483 εξκόνι
623 458 716 494 ἐκείνῃ
732 446 831 495 ἔχομεν
852 469 901 487 κα-

107 491 204 525 λέσαι,
226 495 259 529 τῇ
275 495 397 529 δυνατῶς
424 498 522 535 ἐχούσῃ
549 491 794 539 ἀνθρώπου-μόνου
818 506 900 540 φύσιν

106 540 342 586 χαρακτηρίζειν,
373 543 419 570 καὶ
452 545 501 580 τὴν
528 546 604 574 θείαν
633 549 680 575 καὶ
706 550 899 586 ἀκατάληπτον

107 583 194 631 φύσιν
203 586 260 631 tui;
285 596 295 612 ι
318 587 354 613 Τὸ
370 588 444 631 πῶς,
461 590 504 617 ἵνα
520 591 558 623 ὡς
575 594 691 628 παρόντι
705 595 838 631 διαλεχθῶ
850 617 857 629 ,
875 598 902 624 εἴ

108 636 150 676 σοι
165 629 202 656 τὰ
278 631 367 667 ψυχῆς
379 630 436 660 ὦτα
448 637 485 671 μὴ
500 637 660 671 κεκώφωτο,
676 639 703 665 al
715 649 757 666 σοι
816 642 899 676 νοητὰ

106 673 221 722 liga-itam
237 675 274 710 μὴ
296 676 478 713 ἐπεπήρωτο,
498 681 525 707 εἴ
541 690 581 708 σοι
603 683 638 709 τὰ
656 683 711 710 τῶν
727 686 834 719 φρενῶν
856 673 897 722 μὴ

103 719 317 766 ἡξλοὲωτορκαὶ
333 723 367 749 τὰ
384 722 594 761 τῶνῚογισμῶν
614 728 651 763 μὴ
670 719 895 766 παρετέτραπτο,

103 763 131 789 εἴ
140 772 181 790 σοι
195 765 244 799 τῆς
256 764 414 799 θεοσεϐείας
429 769 454 794 ot
466 770 524 804 ὅροι
537 770 655 806 ἄτρωτοι
670 763 894 807 διενφυλάσσοντο,

103 809 150 835 καὶ
171 810 224 844 τῆς
249 810 398 848 καθολικῆς
428 813 592 850 Ἐκκλησίας
617 818 634 852 ή
662 819 812 853 παράδοσις
834 828 896 846 συν-

100 855 254 890 ετετήρητο
269 856 421 892 Maban-mg,
437 861 461 886 εί
476 862 611 897 σπινθῆρα
622 863 687 897 γοῦν
703 873 764 891 τινα
779 865 897 898 πίστεως

101 899 132 924 ἐν
151 901 184 934 τῇ
208 901 323 928 σεαυτοῦ
347 903 476 939 συνέσχες
497 906 610 941 καρδίᾳ,
628 908 695 935 ἀλλὰ
719 910 756 945 μὴ
779 910 893 942 ὲλύττας
911 909 931 935 Β

100 946 175 970 κατὰ
189 945 239 980 τῆς
256 947 410 983 ἀμωμήτου
428 951 474 977 καὶ
490 951 628 985 ἀπλανοῦς
641 954 720 989 ἡμῶν
735 955 891 990 ὁμολογίας,

100 992 159 1022 τοῖς
182 991 281 1026 ἄγουσί
308 1002 337 1020 σε
355 995 401 1021 ἐπὶ
418 997 464 1022 τὸν
489 999 612 1033 κρημνὸν
630 1002 679 1036 τῆς
695 1001 826 1034 ἀπιστίας
846 1003 894 1029 καὶ

99 1036 243 1069 ἀπωλεέας
266 1039 443 1075 πειθόμενος,
470 1042 579 1078 ἐδείχθη
598 1045 630 1072 ἄν
653 1055 695 1073 σοι
712 1048 760 1074 καὶ
783 1048 894 1084 ἐκδηλό-

99 1091 172 1109 τατα
193 1084 224 1110 τὸ
246 1084 414 1121 ζητούμενον
432 1108 439 1118 ,
461 1088 540 1124 εἴπερ
563 1089 731 1127 ζητούμενον
754 1091 804 1128 ἦν,
827 1094 894 1121 ἀλλὰ

102 1128 142 1164 μὴ
158 1128 254 1166 ὥσπερ
269 1131 365 1168 ἐνέδρα
380 1141 421 1165 τις
434 1133 451 1170 ἢ
470 1137 632 1170 πανουργία,
647 1138 857 1173 ταμιευόμενον.

141 1290 198 1317 Καὶ
221 1292 264 1318 ἴνα
286 1293 322 1319 τὰ
340 1294 410 1321 αὐτὰ
435 1295 500 1330 περὶ
523 1295 579 1322 τῶν
601 1297 693 1324 αὐτῶν
715 1299 895 1332 ἀναλαϐόντες

102 1337 239 1372 ἐπωμεν,
254 1337 349 1375 ὥσπερ
363 1341 379 1374 ή
397 1341 550 1376 σταύρωσις
567 1344 614 1369 καὶ
631 1343 666 1370 τὰ
678 1344 762 1379 πάθη,
777 1346 894 1380 Χριστοῦ

103 1382 233 1417 λέγεται,
257 1384 294 1416 ὡς
314 1386 329 1411 ὁ
350 1386 453 1420 τάφος,
481 1389 528 1414 καὶ
550 1389 586 1415 τὰ
607 1389 705 1422 λοιπὰ,
732 1391 776 1417 ἵνα
795 1392 832 1427 μὴ
849 1392 896 1418 ἐπὶ

104 1428 198 1454 πλεῖον
214 1430 259 1456 ἀεὶ
273 1429 412 1465 λέγωμεν,
428 1433 459 1458 τὸ
475 1433 585 1469 μέτριον
601 1436 816 1471 ὐπερτρέχοντες
827 1458 834 1470 ,
849 1438 895 1464 καὶ

103 1473 159 1499 τῶν
183 1476 376 1510 προσεχόντων
395 1477 445 1509 τὰς
459 1479 541 1510 ἀκοὰς
565 1480 775 1516 ἁποκναίωμεν,
802 1483 848 1510 καὶ
865 1484 895 1509 οὐ

101 1518 135 1553 δή
152 1519 204 1545 πού
222 1528 314 1554 φαμεν
326 1522 397 1549 κατὰ
411 1523 452 1555 σὲ,
472 1523 516 1551 διὰ
528 1525 577 1560 τὴν
592 1525 624 1552 ὲκ
642 1527 689 1552 τοῦ
704 1527 836 1562 ὀνόματος
847 1529 894 1555 τοῦ

953 279 1032 307 simul
1050 277 1243 309 constituimus
1265 289 1324 309 cum
1343 282 1422 310 dictis
1445 283 1523 317 ejus;
1543 284 1605 312 huic
1618 305 1626 318 ,
1644 286 1739 313 eadem

953 325 1016 353 licet
1033 326 1132 354 dicenti
1148 327 1180 354 de
1196 327 1292 354 iisdem
1316 327 1396 355 rebus
1408 349 1415 360 ,
1440 336 1534 356 rursus
1550 337 1738 358 occurramus.

951 371 989 399 lta
1006 379 1068 399 vero
1085 372 1107 399 is
1120 372 1222 400 habet:
1239 382 1248 398 ι
1266 372 1298 399 Et
1312 374 1447 408 quomodo
1459 374 1505 402 Dei
1520 379 1546 402 et
1557 375 1675 403 hominis
1688 384 1738 404 no-

952 425 1012 444 men
1038 416 1186 453 (Christus)
1211 417 1329 445 divinam
1359 424 1483 446 naturam
1507 420 1638 448 denotans
1658 425 1740 456 atque

951 463 1108 495 humanam,
1122 465 1155 490 de
1169 463 1214 490 illa
1231 463 1310 491 icone
1326 465 1499 498 pronuntiari
1514 473 1528 492 a
1546 466 1622 493 nobis
1637 459 1736 501 pote'st,

951 516 1011 543 qum
1031 508 1154 536 humanae
1172 510 1358 536 tantummodo
1382 515 1487 537 naturae
1509 513 1735 546 repraesentanda

950 556 1003 582 vim
1026 555 1117 586 habet,
1134 555 1233 582 divina:
1255 563 1318 583 vero
1340 556 1621 590 incomprehensibilis
1646 559 1734 586 haud-

949 603 1105 636 quaquam?
1121 612 1130 628 ι
1146 602 1202 629 Iloc
1212 603 1322 630 verbum
1335 604 1475 638 quomodo,
1493 608 1521 630 ut
1531 605 1606 638 quasi
1621 612 1737 639 prasen-

950 652 1002 674 tetn
1025 652 1051 675 te
1071 648 1204 682 alloquar.
1226 649 1248 675 si
1267 649 1314 675 tibi
1333 649 1430 676 anima:
1455 657 1535 676 aures
1561 657 1616 677 non
1638 651 1736 678 obsur-

949 693 1088 726 tlnissent,
1105 694 1127 720 si
1145 694 1191 721 tibi
1209 694 1360 721 intellectus
1376 695 1445 721 oculi
1461 703 1512 722 non
1537 701 1628 723 essent
1647 704 1735 723 exem-

947 739 1013 770 cati.
1034 740 1055 766 si
1073 739 1120 766 tibi
1145 747 1220 767 mens
1246 747 1298 766 nan
1314 745 1388 767 esset
1412 740 1528 767 alienata
1553 746 1576 768 et
1598 740 1732 769 ratiocinii

948 793 1012 812 usus
1036 785 1193 817 subversus,
1216 785 1238 812 si
1266 785 1314 812 tibi
1340 785 1478 820 religionis
1502 787 1610 813 termini
1629 787 1734 814 immoti

948 835 1100 862 manerent,
1113 836 1138 857 et
1149 830 1288 858 catholica:
1303 831 1431 858 Ecclesia:
1447 832 1557 859 traditio
1569 838 1730 859 conservata

948 881 1021 903 esset
1041 875 1194 908 incolumis,
1211 876 1233 902 si
1250 876 1367 910 aliquam
1384 877 1480 914 siluam
1504 876 1565 903 ﬁdei
1587 877 1730 904 scintillam

945 921 1025 949 corde
1047 927 1092 949 tuo
1120 921 1269 954 retineres,
1292 930 1379 956 neque
1403 921 1483 949 furiis
1507 923 1639 950 adversus
1659 923 1729 950 irre-

945 966 1153 1001 prehensibiletn
1183 967 1407 1002 infallibilemqne
1442 968 1640 996 confessionem
1682 976 1733 996 no-

945 1016 1028 1038 stram
1046 1012 1189 1046 agitarere,
1203 1011 1318 1038 ducibus
1335 1013 1380 1046 qui
1399 1018 1424 1039 te
1437 1013 1470 1039 ad
1487 1013 1654 1041 infidelitatis
1667 1022 1732 1048 per-

945 1057 1109 1091 ditionisque
1120 1057 1297 1092 praecipitium
1312 1058 1438 1089 trahunt;
1456 1059 1516 1091 hoc,
1534 1059 1655 1093 inquam,
1666 1067 1733 1092 quo-

945 1103 1021 1129 modo
1038 1110 1053 1130 a
1071 1107 1096 1129 te
1117 1103 1272 1136 quzrsitum,
1287 1104 1490 1131 evitlentissime
1509 1110 1603 1139 patens
1619 1105 1731 1139 fuisset;

945 1149 967 1175 si
997 1156 1089 1183 reapse
1112 1149 1274 1182 quaesitum,
1292 1153 1319 1175 et
1342 1157 1394 1176 non
1420 1151 1511 1183 potius
1530 1158 1579 1177 ceu
1606 1151 1729 1184 decipula

945 1195 1069 1227 quiantlam
1087 1199 1114 1220 ct
1128 1193 1223 1220 callida
1247 1194 1416 1229 improbitas.
1438 1196 1507 1230 apud
1533 1201 1559 1222 te
1582 1198 1730 1230 repositum

945 1245 1014 1268 eral.

980 1311 1069 1343 Atque
1091 1312 1119 1335 ut
1134 1309 1226 1335 cadent
1244 1308 1276 1334 de
1291 1308 1385 1335 iisdem
1403 1307 1484 1334 rebus
1500 1311 1669 1335 resumentes
1687 1306 1730 1334 di-

946 1362 1048 1385 camus,
1071 1353 1142 1380 sicut
1161 1353 1301 1380 cruciﬁxio
1321 1356 1347 1379 et
1367 1353 1458 1386 passio
1482 1353 1583 1380 Christi
1617 1352 1729 1383 dicitur.

947 1398 1065 1432 itemque
1083 1397 1222 1432 sepultura
1239 1402 1266 1424 et
1285 1398 1403 1432 reliqua,
1431 1405 1465 1424 ne
1492 1398 1623 1432 prolixius
1649 1398 1729 1425 verba

947 1443 1088 1475 faciamus,
1107 1443 1244 1469 modulum
1262 1443 1435 1475 excedentes,
1452 1447 1479 1469 et
1497 1444 1664 1470 audientium
1683 1451 1731 1470 au-

947 1489 1021 1516 ribus
1038 1488 1190 1515 molestiam
1207 1495 1344 1520 creantes,
1368 1495 1457 1522 neque
1471 1488 1527 1521 jam
1544 1489 1643 1516 diutius
1654 1496 1730 1523 aeque

947 1543 978 1562 ac
998 1539 1024 1561 tn
1045 1534 1212 1567 fabulentur;
1230 1535 1292 1570 quia
1318 1534 1422 1561 Chriin
1445 1542 1544 1561 nomen
1571 1539 1730 1561 naturarum

104 1565 226 1600 Χριστοῦ
250 1567 300 1601 τῆς
325 1567 422 1600 δυάδος
443 1570 498 1596 τῶν
515 1571 623 1604 φύσεων
650 1572 782 1608 δήλωσιν,
806 1574 841 1600 τὰ
861 1576 893 1610 τῇ

946 1581 1104 1608 tlnalitatem
1129 1574 1332 1614 complectitur.
1359 1588 1389 1607 ea
1410 1588 1470 1615 qua:
1495 1581 1539 1607 uni
1562 1580 1730 1611 tribuuntur,

104 1611 157 1646 μ.ιᾷ
181 1613 403 1649 προσνεμ6μενα,
422 1615 469 1641 καὶ
485 1617 517 1650 τῇ
544 1617 625 1652 ἑτέρᾳ
642 1618 752 1649 πάντως
775 1619 897 1655 ἀπαντή-

102 1657 212 1685 σεσθαι.
239 1659 270 1686 ’0
285 1661 403 1695 σταυρὸς
415 1661 469 1697 γὰρ
481 1662 600 1694 δυνατῶς
615 1663 671 1698 ἔχει
684 1664 733 1700 τὴν
750 1665 895 1701 ἀνθρώπου

102 1704 186 1735 φύσιν
205 1703 290 1739 μόνην
307 1705 443 1738 κολάζειν,
462 1707 531 1734 ἀλλὰ
547 1708 667 1744 Χριστοῦ
685 1710 801 1745 σταυρὸς
818 1711 894 1745 λέγε-

100 1756 158 1775 ται.
174 1749 230 1775 Καὶ
244 1750 362 1778 πειθέτω
376 1760 405 1778 σε
421 1753 435 1778 ὀ
449 1752 548 1786 λέγων’
573 1754 651 1787 Ἐμοὶ
669 1754 703 1781 δὲ
717 1755 760 1790 μὴ
780 1755 895 1790 γένοιτο

101 1794 293 1829 καυχᾶσθαι,
323 1797 350 1823 εί
376 1796 420 1831 μὴ
444 1797 480 1823 ἐν
500 1797 540 1830 τῷ
567 1799 688 1833 σταυρῷ
708 1799 761 1826 τοῦ
783 1801 894 1835 Κυρίου

101 1839 189 1874 ἡμῶν
207 1841 312 1874 Ἰησοῦ
329 1843 469 1876 Χριστοῦ.
490 1844 524 1870 Ἦ
539 1845 674 1881 περιτομὴ
686 1846 735 1880 τὴν
750 1846 894 1882 ἀνθρώπου

102 1884 194 1920 σάρκα
211 1886 328 1920 διαιρεῖν
344 1886 473 1914 δύναται·
491 1890 538 1916 καὶ
554 1890 568 1915 ὁ
583 1890 668 1924 τάφος
688 1890 791 1926 ταύτην
805 1893 894 1926 ἐμπε-

103 1932 252 1966 ρεγράςθειν
269 1933 316 1959 καὶ
345 1935 513 1969 περικλείειν
529 1937 577 1963 καὶ
597 1937 787 1973 ἀποκρύπτειν
812 1938 892 1967 οἶδεν.

107 1976 189 2003 Ἀλλὰ
208 1977 297 2004 ταῦτα
318 1979 422 2010 πάντα,
439 1980 558 2015 Χριστοῦ
580 1981 629 2015 μὲν
643 1981 773 2016 λέγεται·
791 1983 820 2010 οὺ
840 1984 893 2018 μὴν

99 2022 132 2048 δὲ
147 2023 252 2049 τούτων
269 2031 296 2049 τι
318 2025 365 2051 καὶ
389 2025 460 2052 κατὰ
477 2026 526 2061 τῆς
544 2026 618 2058 θείας
636 2027 683 2054 καὶ
703 2028 892 2064 ἀνεκφράστου

101 2068 223 2102 φύσεως,
244 2069 348 2104 κυρίως
365 2071 413 2097 καὶ
434 2071 571 2104 οὺσιωδῶς
584 2074 735 2108 εἰρήσεται,
752 2075 892 2110 ἀκηράτου

101 2121 134 2146 γε
151 2113 238 2148 οῦσης
256 2114 305 2140 καὶ
320 2115 452 2148 ἀπαθοῦς,
471 2117 517 2142 καὶ
531 2118 581 2152 τῆς
595 2118 668 2145 κατά
683 2127 710 2144 τι
723 2119 788 2153 γοῦν
801 2120 893 2146 τοιαύ-

101 2167 152 2195 της
177 2159 300 2193 ἑννοίας,
326 2161 541 2197 ἀπηλλαγμένης
567 2163 751 2191 παντάπασιν.
782 2166 814 2192 Εἰ
839 2166 894 2202 γάρ

99 2212 153 2230 που
172 2205 295 2231 τοιοῦτόν
320 2214 347 2232 τι
371 2207 467 2242 ὀφθείη
485 2208 650 2244 λεγόμενον,
668 2210 705 2245 τῷ
721 2211 771 2246 τῆς
790 2212 893 2238 ἀντιδό-

946 1626 1024 1653 alteri
1038 1633 1146 1661 quoque
1163 1626 1302 1653 accedent.
1317 1625 1397 1653 Certe
1412 1633 1476 1653 crux
1495 1626 1601 1653 nonnisi
1614 1625 1732 1653 hominis

947 1678 1070 1699 naturam
1095 1671 1150 1707 ϐο
1168 1672 1292 1698 cruciare
1314 1676 1411 1706 potest,
1432 1671 1607 1699 nihilominus
1629 1672 1729 1698 Chriin

946 1724 1011 1743 crux
1028 1717 1138 1743 dicitur.
1157 1715 1249 1743 Fidem
1266 1717 1312 1743 tibi
1331 1716 1411 1743 faciat
1428 1717 1472 1750 qui
1485 1717 1522 1742 ait
1539 1725 1546 1743 :
1564 1715 1730 1742 Miltiauis":

945 1763 1011 1790 absit
1035 1763 1163 1798 gloriari,
1191 1763 1242 1789 nisi
1269 1763 1296 1789 in
1324 1771 1399 1790 cruce
1424 1762 1530 1789 Domini
1554 1762 1636 1789 nostri
1666 1761 1730 1788 Iesu

946 1809 1046 1837 Christi
1061 1809 1094 1836 ".
1111 1808 1290 1835 Circumcisio
1306 1808 1426 1836 hominis
1443 1816 1551 1835 carnem
1568 1807 1729 1835 abscindere

945 1861 1043 1890 potest,
1062 1860 1089 1882 et
1104 1855 1257 1890 sepulcrum
1274 1855 1344 1881 hanc
1360 1855 1429 1881 intra
1450 1861 1478 1881 se
1493 1853 1727 1884 circumscribere,

944 1900 1106 1927 concludere
1133 1907 1166 1926 ac
1193 1900 1282 1926 celare
1309 1899 1391 1928 valet.
1427 1899 1489 1926 Haec
1519 1903 1609 1926 taincn
1638 1897 1728 1924 omnia

945 1945 1044 1972 Christi
1058 1944 1185 1971 dicuntur
1200 1953 1207 1970 :
1226 1952 1380 1979 quanquam
1396 1944 1462 1971 nihil
1477 1945 1574 1971 horum
1589 1944 1622 1970 de
1637 1943 1727 1970 divina

945 1989 1073 2017 ineffabili
1092 1995 1189 2016 natura
1207 1990 1316 2023 proprie
1329 1997 1361 2016 ac
1381 1988 1597 2016 subStantialiter
1610 1987 1729 2018 dicetur,

944 2034 1006 2069 quia
1020 2040 1062 2061 est
1076 2034 1133 2061 haec
1148 2033 1310 2062 inviolabilis
1323 2039 1350 2062 et
1366 2033 1552 2068 impassibilis,
1565 2038 1592 2060 et
1606 2033 1640 2059 ab
1654 2032 1727 2058 omni

944 2081 1002 2115 ejus
1015 2081 1123 2116 generis
1136 2088 1175 2113 re,
1190 2087 1249 2114 quae
1265 2080 1377 2115 cogitari
1392 2079 1488 2114 possit,
1504 2086 1615 2113 prorsus
1629 2078 1728 2104 aliena.

945 2123 1010 2151 Nam
1025 2125 1047 2151 si
1065 2125 1129 2159 quid
1142 2124 1295 2158 hujusmodi
1309 2124 1410 2151 dictum
1427 2124 1561 2154 videatur,
1577 2123 1601 2149 id
1617 2129 1728 2156 permu-

944 2169 1055 2196 tationis
1070 2173 1098 2196 et
1113 2169 1343 2203 appropriationis
1358 2169 1437 2194 modo
1448 2168 1558 2199 dicitur,
1573 2167 1644 2202 quod
1659 2172 1686 2193 tu
1703 2167 1729 2192 in

944 2215 1069 2249 praesenti
1083 2223 1135 2242 non
1150 2214 1228 2246 facis,
1243 2215 1306 2249 quia
1321 2214 1442 2241 funditus
1455 2214 1479 2240 id
1495 2214 1615 2249 ignoras.
1630 2213 1731 2241 Passus

101 2258 170 2282 σεως
198 2251 215 2286 ἦ
233 2251 400 2284 οἱκειὼσεως
421 2254 516 2289 τρόπῳ
542 2255 665 2289 λέγεται,
688 2256 758 2292 ὅπερ
782 2265 822 2283 σοι
844 2257 892 2284 νῦν

946 2241 1033 2287 autem
1042 2260 1167 2288 Christus
1179 2260 1278 2287 dicitur
1289 2267 1340 2287 non
1353 2267 1405 2294 qua
1419 2260 1498 2291 Deus,
1513 2260 1559 2287 sed
1572 2268 1623 2292 qua
1637 2261 1729 2292 homo,

99 2297 129 2323 οὗ
156 2297 279 2330 δέδοται,
295 2298 451 2334 ὀλοτρόπως
472 2301 651 2336 ἠγνοημένον.
674 2302 843 2330 Πεπονθέναι
863 2303 892 2330 δὲ

99 2343 219 2377 Χριστὸς
237 2343 365 2377 λέγεται,
391 2345 441 2379 οὐχ
505 2346 586 2378 Θεὸς,
605 2346 662 2373 ἀλλ’
729 2347 891 2383 ἄνθρωπος·

99 2388 192 2415 καίτοι
212 2386 254 2420 εἷς
279 2389 327 2415 καὶ
354 2391 368 2415 ὁ
390 2389 472 2421 αὐτὸς
492 2391 638 2427 ὑπάρχων,
669 2393 809 2428 ἡνωμένος
829 2394 892 2420 καθ’

100 2433 263 2460 ὑπόστασιν.
295 2433 372 2460 Ἐπεὶ
398 2433 445 2461 οὖν
464 2435 510 2462 καὶ
531 2436 561 2462 τὸ
576 2437 666 2472 σῶμα,
684 2438 753 2474 ὅπερ
767 2438 797 2471 ἐξ
815 2439 893 2474 ἡμῶν

99 2480 247 2514 ἀνείληφε,
270 2480 390 2515 Χριστοῦ
416 2482 497 2517 σῶμα
513 2483 636 2517 λέγεται,
654 2485 682 2510 ὲν
699 2482 721 2519 ᾦ
737 2486 785 2512 καὶ
802 2486 890 2513 πάντα

99 2525 267 2552 πεπονθέναι
285 2526 461 2558 πιστεύεται,
488 2528 567 2555 τοῦτο
588 2529 616 2555 δὲ
643 2529 674 2556 τὸ
701 2530 780 2565 σῶμα
800 2531 890 2566 πάντη

99 2572 145 2598 καὶ
159 2573 272 2604 πάντως
286 2574 451 2609 χαρακτῆρα
466 2572 554 2609 εἶχεν,
572 2575 602 2601 οὐ
617 2575 669 2611 γὰρ
682 2574 716 2611 ἦν
733 2577 890 2612 ἀχαρακτή-

101 2626 191 2652 ριστον
202 2639 209 2650 ,
226 2618 289 2644 ἐπεὶ
304 2619 366 2645 οὐδὲ
381 2619 472 2654 σῶμα,
491 2621 595 2655 ἀνάγκη
610 2622 657 2647 καὶ
674 2621 719 2648 τὸν
731 2621 778 2648 τοῦ
797 2622 890 2656 σώμα-

99 2671 145 2695 τος
165 2664 333 2700 χαρακτῆρα
359 2665 406 2691 καὶ
425 2665 475 2700 τὴν
498 2665 641 2698 ὁμοίωσιν,
670 2667 790 2702 Χριστοῦ
813 2667 890 2702 λέγε-

101 2709 173 2736 σθαι.
198 2709 243 2740 Ὦς
269 2710 324 2744 γὰρ
339 2711 427 2744 ὲκεζνο
443 2711 543 2738 οἰκεῖον
567 2713 705 2747 Χριστοῦ,
731 2713 818 2745 οὕτως
842 2715 889 2741 καὶ

99 2753 179 2780 τοῦτο
192 2755 223 2781 οὐ
237 2755 306 2790 πρὸς
325 2756 374 2791 τὴν
387 2756 434 2783 τοῦ
449 2757 535 2792 Λόγου
552 2759 633 2793 φύσιν
648 2758 696 2794 τὴν
709 2759 802 2794 σχέσιν
814 2760 886 2796 ἔχον,

137 2864 158 2880 "
173 2864 262 2892 Galat.
280 2873 316 2898 γι,
337 2867 374 2893 Η.

940 2305 990 2333 etsi
1013 2314 1082 2332 unus
1104 2305 1229 2340 idemque
1246 2310 1287 2332 est
1306 2305 1475 2341 hypostatice
1496 2305 1643 2332 adunatns.
1658 2304 1727 2338 Quia

942 2351 1022 2385 igitur
1037 2356 1064 2377 et
1077 2358 1175 2384 corpus
1186 2351 1257 2385 quod
1275 2358 1290 2377 a
1310 2351 1389 2377 nobis
1407 2351 1534 2384 sumpsit,
1549 2350 1649 2377 Christi
1667 2358 1729 2377 cor-

942 2404 990 2430 pus
1006 2396 1115 2428 dicitur,
1135 2396 1161 2423 in
1178 2403 1231 2430 quo
1255 2395 1338 2423 etiam
1362 2396 1452 2423 omnia
1469 2403 1569 2429 passus
1595 2396 1727 2429 creditur,

942 2442 993 2469 hoc
1009 2447 1100 2470 autem
1117 2449 1216 2475 corpus
1235 2442 1347 2468 omnino
1367 2442 1552 2468 characterem
1576 2441 1689 2474 habuit;
1705 2442 1728 2469 si

944 2487 1016 2514 enim
1029 2487 1079 2513 hoc
1093 2487 1237 2518 caruisset,
1254 2494 1287 2513 ne
1304 2494 1403 2521 corpus
1419 2486 1528 2521 quidem
1549 2485 1665 2518 fuisset:
1683 2495 1730 2515 ne-

944 2539 1022 2559 cesse
1041 2536 1082 2559 est
1098 2532 1180 2558 etiam
1200 2531 1323 2566 corporis
1342 2532 1530 2559 characterem
1547 2540 1579 2560 ac
1595 2534 1729 2567 speciem,

944 2577 1045 2604 Christi
1057 2577 1121 2605 dici.
1133 2575 1200 2603 Nam
1212 2577 1283 2604 sicut
1295 2584 1395 2611 corpus
1410 2577 1548 2612 proprium
1561 2577 1662 2606 Christi
1676 2583 1727 2610 est,

945 2623 985 2650 sic
997 2628 1024 2650 et
1039 2624 1181 2650 character
1195 2623 1264 2649 haud
1283 2623 1440 2650 referendus
1455 2625 1487 2651 ad
1507 2629 1630 2652 naturam
1650 2624 1729 2651 Verbi

944 2675 985 2697 est
1004 2671 1075 2704 quod
1090 2669 1175 2696 forma
1197 2674 1282 2701 caret.
1297 2674 1324 2697 et
1339 2670 1508 2698 indeﬁnitum
1523 2675 1563 2698 est
1576 2692 1583 2702 ,
1602 2670 1729 2705 nullaque

944 2716 1028 2750 iigura
1044 2716 1204 2750 praaiitum;
1218 2715 1265 2743 sed
1277 2715 1310 2742 ad
1324 2715 1404 2743 Verbi
1416 2724 1515 2751 corpus
1527 2717 1730 2749 humanamque

943 2765 1066 2790 naturam
1082 2761 1200 2797 pertinet
1212 2761 1325 2797 ejusque
1343 2761 1469 2795 fortnam,
1489 2769 1521 2790 ex
1537 2763 1635 2797 quibus
1649 2761 1731 2789 Chri-
